{"host":"avslt7aiq2nxuk8h","time":1614423987,"event":{"mods":["AchievementEnabler","BaseMod","Better Match","Better Skull","Colored Map","Colored Powertips","Downfall","GifTheSpireLib","Minty Spire (QoL Compilation)","Quick Restart","Random Character Button","Rare Cards Sparkle","Relic Stats","StSLib","SuperFastMode"],"gold_per_floor":[99,116,116,51,51,67,146,146,596,596,623,623,22,42,54,152,152,152,165,182,182,198,198,198,2,14,119,129,162,162,177,197,300,300,300,320,330,349,368,287,287,304,304,304,319,349,349,378,278,278],"floor_reached":51,"language":"ENG","playtime":2636,"items_purged":["Guardian:Strike_Guardian","Guardian:Strike_Guardian"],"score":904,"play_id":"57b4ef80-50b0-4160-973c-0da694eabe04","local_time":"20210227060627","is_ascension_mode":false,"campfire_choices":[{"data":"Guardian:TwinSlam","floor":1,"key":"SMITH"},{"data":"Guardian:ChargeCore","floor":8,"key":"SMITH"},{"data":"Guardian:CurlUp","floor":10,"key":"SMITH"},{"data":"Guardian:BodySlam","floor":12,"key":"SMITH"},{"data":"Guardian:FloatingOrbs","floor":18,"key":"SMITH"},{"data":"Guardian:WalkerClaw","floor":23,"key":"SMITH"},{"data":"Guardian:RevengeProtocol","floor":30,"key":"SMITH"},{"data":"Guardian:SpikerProtocol","floor":35,"key":"SMITH"},{"data":"Guardian:RevengeProtocol","floor":43,"key":"SMITH"},{"data":"Guardian:BodySlam","floor":47,"key":"SMITH"},{"data":"Guardian:FloatingOrbs","floor":49,"key":"SMITH"}],"circlet_count":0,"master_deck":["Guardian:Strike_Guardian","Guardian:Strike_Guardian","Guardian:Defend_Guardian","Guardian:Defend_Guardian","Guardian:Defend_Guardian","Guardian:Defend_Guardian","Guardian:CurlUp+1","Guardian:TwinSlam+1","Guardian:PiercingHide","Guardian:BodySlam+1","Guardian:ChargeCore+1","Guardian:WalkerClaw+1","downfall:Icky","downfall:Icky","downfall:Icky","Guardian:RollAttack","Guardian:FloatingOrbs+1","Guardian:BronzeArmor+1","Guardian:VentSteam+1","Guardian:RevengeProtocol+1","Guardian:PiercingHide+1","Guardian:TemporalShield+1","Guardian:Harden+1","Guardian:Recover+1","Guardian:RevengeProtocol+1","Guardian:Harden+1","Guardian:Recover+1","Apotheosis+1","Guardian:SpikerProtocol+1","Guardian:TemporalStrike","Guardian:Orbwalk","Guardian:Emergency+1","Guardian:BodySlam+1","Guardian:RollAttack","Guardian:FloatingOrbs+1"],"relics":["Guardian:ModeShifterPlus","Du-Vu Doll","Mercury Hourglass","Bag of Marbles","Toxic Egg 2","Sling","Blood Vial","Thread and Needle","Velvet Choker","Lizard Tail","Pen Nib","Sundial","Singing Bowl","downfall:HeartBlessingGreen"],"acts_visited":["Exordium","TheCity","TheBeyond"],"potions_floor_usage":[48,50,50,50],"damage_taken":[{"damage":1,"enemies":"Cultist","floor":2,"turns":3},{"damage":0,"enemies":"downfall:FleeingMerchant","floor":4,"turns":4},{"damage":1,"enemies":"Small Slimes","floor":6,"turns":3},{"damage":11,"enemies":"Lagavulin","floor":11,"turns":6},{"damage":10,"enemies":"downfall:FleeingMerchant","floor":13,"turns":4},{"damage":1,"enemies":"Jaw Worm","floor":14,"turns":3},{"damage":0,"enemies":"2 Fungi Beasts","floor":15,"turns":2},{"damage":12,"enemies":"WA_ARCHETYPE_RETAIN","floor":16,"turns":5},{"damage":2,"enemies":"Shell Parasite","floor":19,"turns":3},{"damage":3,"enemies":"downfall:LooterAlt2","floor":20,"turns":4},{"damage":0,"enemies":"Centurion and Healer","floor":22,"turns":4},{"damage":0,"enemies":"downfall:FleeingMerchant","floor":25,"turns":4},{"damage":4,"enemies":"Snake Plant","floor":26,"turns":1},{"damage":0,"enemies":"downfall:FleeingMerchant","floor":27,"turns":2},{"damage":0,"enemies":"Snecko","floor":28,"turns":4},{"damage":0,"enemies":"Slavers","floor":29,"turns":4},{"damage":0,"enemies":"Chosen and Byrds","floor":31,"turns":3},{"damage":0,"enemies":"Snake Plant","floor":32,"turns":3},{"damage":23,"enemies":"IC_MUSHROOM_ARCHETYPE","floor":33,"turns":9},{"damage":0,"enemies":"3 Darklings","floor":36,"turns":4},{"damage":0,"enemies":"Orb Walker","floor":37,"turns":3},{"damage":0,"enemies":"4 Shapes","floor":38,"turns":3},{"damage":0,"enemies":"3 Darklings","floor":39,"turns":3},{"damage":0,"enemies":"Transient","floor":42,"turns":5},{"damage":0,"enemies":"Maw","floor":45,"turns":6},{"damage":0,"enemies":"Giant Head","floor":46,"turns":6},{"damage":30,"enemies":"Reptomancer","floor":48,"turns":4},{"damage":13,"enemies":"SI_POISON_ARCHETYPE","floor":50,"turns":6}],"seed_played":"6334875129018970806","potions_obtained":[{"floor":2,"key":"SkillPotion"},{"floor":14,"key":"Strength Potion"},{"floor":19,"key":"LiquidMemories"},{"floor":48,"key":"Weak Potion"}],"is_trial":false,"path_per_floor":["R","M","?","$","T","M","T","R","?","R","E","R","$","M","M","B",null,"R","M","M","?","M","R","T","$","M","$","M","E","R","M","M","B",null,"R","M","M","M","M","$","T","M","R","?","M","E","R","E","R","B",null],"character_chosen":"GUARDIAN","items_purchased":["Guardian:ChargeCore","Guardian:FloatingOrbs","Toxic Egg 2","Sling","FearPotion","Guardian:Harden+1","Apotheosis+1","Guardian:SpikerProtocol","Guardian:BodySlam"],"campfire_rested":0,"item_purchase_floors":[4,13,13,13,13,25,27,27,40],"current_hp_per_floor":[80,79,90,90,90,89,89,89,89,89,78,78,68,67,67,55,90,90,88,85,85,85,85,85,87,85,87,89,90,90,90,90,67,90,90,90,90,90,90,90,90,90,90,90,90,90,90,62,62,51],"gold":278,"neow_bonus":"ONE_RANDOM_RARE_CARD","is_daily":false,"chose_seed":false,"campfire_upgraded":11,"win_rate":0.0,"timestamp":1614423987,"path_taken":["R","M","?","$","?","M","T","R","?","R","E","R","$","M","M","BOSS","R","M","M","?","M","R","T","$","M","$","M","E","R","M","M","BOSS","R","M","M","M","M","$","T","M","R","?","M","E","R","E","R","BOSS"],"items_purchased_type":["Card","Card","Relic","Relic","Potion","Card","Card","Card","Card"],"build_version":"2020-12-22","purchased_purges":2,"victory":true,"max_hp_per_floor":[80,80,90,90,90,90,90,90,90,90,90,90,90,90,90,90,90,90,90,90,90,90,90,90,90,90,90,90,90,90,90,90,90,90,90,90,90,90,90,90,90,90,90,90,90,90,90,92,92,92],"relic_stats":{"Blood Vial":11,"Lizard Tail":0,"Singing Bowl":2,"counters":[28,110],"Sundial":[0],"Pen Nib":[2],"obtain_stats":[{"Guardian:ModeShifterPlus":17,"Singing Bowl":48,"Guardian:ModeShifter":0,"Velvet Choker":34,"Thread and Needle":29,"downfall:HeartBlessingGreen":49,"Pen Nib":44,"Sling":13,"Mercury Hourglass":7,"Du-Vu Doll":5,"Blood Vial":24,"Lizard Tail":41,"Sundial":46,"Bag of Marbles":11,"Toxic Egg 2":13},{"Guardian:ModeShifterPlus":8,"Singing Bowl":27,"Guardian:ModeShifter":0,"Velvet Choker":19,"Thread and Needle":16,"downfall:HeartBlessingGreen":27,"Pen Nib":24,"Sling":5,"Mercury Hourglass":3,"Du-Vu Doll":2,"Blood Vial":11,"Lizard Tail":23,"Sundial":26,"Bag of Marbles":4,"Toxic Egg 2":5},{"Guardian:ModeShifterPlus":29,"Singing Bowl":104,"Guardian:ModeShifter":0,"Velvet Choker":70,"Thread and Needle":55,"downfall:HeartBlessingGreen":104,"Pen Nib":88,"Sling":20,"Mercury Hourglass":10,"Du-Vu Doll":7,"Blood Vial":40,"Lizard Tail":83,"Sundial":100,"Bag of Marbles":16,"Toxic Egg 2":20}],"Mercury Hourglass":[357]},"card_choices":[{"not_picked":["Guardian:Suspension","Guardian:Gem_Cyan"],"picked":"Guardian:PiercingHide","floor":2},{"not_picked":["Guardian:Gem_Lightblue","Guardian:CrystalBeam"],"picked":"Guardian:BodySlam","floor":4},{"not_picked":["Guardian:CrystalBeam","Guardian:Gem_Purple"],"picked":"Guardian:WalkerClaw","floor":6},{"not_picked":["Guardian:Gem_Green","Guardian:BronzeOrb"],"picked":"Guardian:Gem_Synthetic","floor":11},{"not_picked":["Guardian:Recover","Guardian:ChargeCore"],"picked":"Guardian:RollAttack","floor":13},{"not_picked":["Guardian:Emergency+1","Guardian:Recover+1"],"picked":"Guardian:BronzeArmor+1","floor":14},{"not_picked":["Guardian:TimeCapacitor","Guardian:ShieldCharger+1"],"picked":"Guardian:VentSteam+1","floor":15},{"not_picked":["Guardian:GemFinder","Guardian:BaubleBeam"],"picked":"Guardian:RevengeProtocol","floor":16},{"not_picked":["Guardian:Gem_Yellow","Guardian:Gem_Lightblue"],"picked":"Guardian:PiercingHide+1","floor":19},{"not_picked":["Guardian:Incinerate","Guardian:FuturePlans"],"picked":"Guardian:TemporalShield+1","floor":20},{"not_picked":["Guardian:Gem_Fragmented","Guardian:Gem_Yellow"],"picked":"Guardian:Recover+1","floor":22},{"not_picked":["Guardian:Gem_Green","Guardian:ChargeCore"],"picked":"Guardian:RevengeProtocol","floor":25},{"not_picked":["Guardian:WalkerClaw","Guardian:PiercingHide+1"],"picked":"Guardian:Recover+1","floor":26},{"not_picked":["Guardian:PrismaticBeam","Guardian:VentSteam+1","Guardian:DonusPower+1"],"picked":"SKIP","floor":27},{"not_picked":["Guardian:SpikerProtocol","Guardian:PrismaticBarrier+1","Guardian:VentSteam+1"],"picked":"SKIP","floor":28},{"not_picked":["Guardian:PrismaticBarrier+1","Guardian:RollAttack"],"picked":"Guardian:Gem_Cyan","floor":29},{"not_picked":["Guardian:Repulse","Guardian:CrystalBeam"],"picked":"Guardian:Gem_Lightblue","floor":31},{"not_picked":["Guardian:Gem_Lightblue","Guardian:Gem_Cyan"],"picked":"Guardian:TemporalStrike","floor":32},{"not_picked":["Guardian:StasisEngine","Guardian:RevengeProtocol"],"picked":"Guardian:Gem_Orange","floor":33},{"not_picked":["Guardian:PolyBeam","Guardian:Gem_Lightblue"],"picked":"Guardian:Gem_Green","floor":36},{"not_picked":["Guardian:TimeCapacitor","Guardian:RollAttack+1"],"picked":"Guardian:Orbwalk","floor":37},{"not_picked":["Guardian:ShieldCharger+1","Guardian:Gem_Purple","Guardian:Recover+1"],"picked":"SKIP","floor":38},{"not_picked":["Guardian:Gem_Green","Guardian:TemporalShield+1"],"picked":"Guardian:Emergency+1","floor":39},{"not_picked":["Guardian:CrystalBeam","Guardian:PrimingBeam"],"picked":"Guardian:RollAttack","floor":42},{"not_picked":["Guardian:Gem_Blue","Guardian:Planning+1"],"picked":"Guardian:FloatingOrbs","floor":45},{"not_picked":["Guardian:PrimingBeam","Guardian:Emergency+1","Guardian:Gem_Yellow"],"picked":"SKIP","floor":46},{"not_picked":["Guardian:Gem_Blue","Guardian:ChargeCore+1","Guardian:Planning+1"],"picked":"Singing Bowl","floor":48}],"player_experience":597322,"relics_obtained":[{"floor":5,"key":"Du-Vu Doll"},{"floor":7,"key":"Mercury Hourglass"},{"floor":11,"key":"Bag of Marbles"},{"floor":24,"key":"Blood Vial"},{"floor":29,"key":"Thread and Needle"},{"floor":41,"key":"Lizard Tail"},{"floor":44,"key":"Pen Nib"},{"floor":46,"key":"Sundial"},{"floor":48,"key":"Singing Bowl"}],"event_choices":[{"cards_removed":["Guardian:FastForward"],"damage_healed":1,"gold_gain":0,"player_choice":"Offered Rare","damage_taken":0,"max_hp_gain":10,"max_hp_loss":0,"event_name":"Bonfire Elementals","floor":3,"gold_loss":0},{"damage_healed":0,"gold_gain":0,"player_choice":"Read","damage_taken":0,"max_hp_gain":0,"max_hp_loss":0,"event_name":"The Library","floor":21,"gold_loss":0,"cards_obtained":["Guardian:Harden"]}],"is_beta":false,"boss_relics":[{"not_picked":["Calling Bell","Guardian:StasisSlotReductionRelic"],"picked":"Guardian:ModeShifterPlus"},{"not_picked":["Snecko Eye","Philosopher\u0027s Stone"],"picked":"Velvet Choker"}],"items_purged_floors":[13,25],"is_endless":false,"potions_floor_spawned":[2,14,19,26,28,29,31,36,39,42,48],"ascension_level":0}}