{"host":"00olc56ucl6mk3pv","time":1614437087,"event":{"mods":["AchievementEnabler","BaseMod","Keyboard Shortcuts","Minty Spire (QoL Compilation)","Quick Restart","SuperFastMode"],"gold_per_floor":[118,130,14,31,31,31,64,64,64,64,84,102,116,149,149,149,149],"floor_reached":16,"language":"KOR","playtime":1556,"items_purged":["Strike_R"],"score":224,"play_id":"95dc723e-0c7a-4f8f-bd9b-72d95f296592","local_time":"20210227234447","is_ascension_mode":true,"campfire_choices":[{"data":"Armaments","floor":6.0,"key":"SMITH"},{"data":"Shockwave","floor":8.0,"key":"SMITH"},{"data":"Rage","floor":10.0,"key":"SMITH"},{"data":"Body Slam","floor":15,"key":"SMITH"}],"circlet_count":0,"master_deck":["AscendersBane","Strike_R","Strike_R","Strike_R","Strike_R","Defend_R","Defend_R","Defend_R","Defend_R","Bash","Rage+1","Wild Strike","Armaments+1","Shockwave+1","Shrug It Off","True Grit","Body Slam+1","Disarm","Feed"],"relics":["Burning Blood","Omamori","Orichalcum","Calipers","Meat on the Bone"],"acts_visited":["Exordium"],"potions_floor_usage":[16],"damage_taken":[{"damage":4.0,"enemies":"Cultist","floor":1.0,"turns":4.0},{"damage":4.0,"enemies":"2 Louse","floor":2.0,"turns":3.0},{"damage":9.0,"enemies":"Small Slimes","floor":4.0,"turns":5.0},{"damage":43.0,"enemies":"3 Sentries","floor":7.0,"turns":12.0},{"damage":5.0,"enemies":"Exordium Thugs","floor":11.0,"turns":6.0},{"damage":5.0,"enemies":"Looter","floor":12.0,"turns":5.0},{"damage":3.0,"enemies":"Exordium Wildlife","floor":13.0,"turns":4.0},{"damage":31,"enemies":"Gremlin Nob","floor":14,"turns":5},{"damage":46,"enemies":"Slime Boss","floor":16,"turns":9}],"seed_played":"2383401997861474138","potions_obtained":[{"floor":1.0,"key":"Regen Potion"},{"floor":2.0,"key":"Explosive Potion"},{"floor":13.0,"key":"BloodPotion"}],"is_trial":false,"path_per_floor":["M","M","$","M","T","R","E","R","T","R","M","M","M","E","R","B"],"character_chosen":"IRONCLAD","items_purchased":["Shockwave"],"campfire_rested":0,"item_purchase_floors":[3],"current_hp_per_floor":[70,72,72,69,69,69,44,44,44,44,45,46,49,24,24,0,0],"gold":149,"neow_bonus":"THREE_CARDS","is_daily":false,"chose_seed":false,"campfire_upgraded":4,"win_rate":0.0,"timestamp":1614437087,"path_taken":["M","M","$","M","?","R","E","R","T","R","M","M","M","E","R","BOSS"],"items_purchased_type":["Card"],"build_version":"2020-12-22","purchased_purges":1,"victory":false,"max_hp_per_floor":[75,75,75,75,75,75,75,75,75,75,75,75,75,75,75,75,75],"card_choices":[{"not_picked":["Metallicize","Bloodletting"],"picked":"Rage","floor":0.0},{"not_picked":["Dropkick","Heavy Blade"],"picked":"Wild Strike","floor":1.0},{"not_picked":["Shrug It Off","Cleave"],"picked":"Armaments","floor":2.0},{"not_picked":["Hemokinesis","Second Wind"],"picked":"Shrug It Off","floor":4.0},{"not_picked":["Flex","Clothesline","Limit Break"],"picked":"SKIP","floor":7.0},{"not_picked":["Sword Boomerang","Sentinel"],"picked":"True Grit","floor":11.0},{"not_picked":["Wild Strike","Spot Weakness"],"picked":"Body Slam","floor":12.0},{"not_picked":["Dropkick","Anger"],"picked":"Disarm","floor":13.0},{"not_picked":["Combust","Twin Strike"],"picked":"Feed","floor":14}],"player_experience":623680,"relics_obtained":[{"floor":5.0,"key":"Omamori"},{"floor":7.0,"key":"Orichalcum"},{"floor":9.0,"key":"Calipers"},{"floor":14,"key":"Meat on the Bone"}],"event_choices":[],"is_beta":false,"boss_relics":[],"items_purged_floors":[3],"is_endless":false,"potions_floor_spawned":[1,2,4,13],"killed_by":"Slime Boss","ascension_level":20}}