{"host":"nomlpa5ttaaqphus","time":1614450580,"event":{"mods":["100% Spire Juice","AchievementEnabler","BaseMod","Better Debug","Colored Powertips","Minty Spire (QoL Compilation)","SpireExporter+","StSLib","Wide Potions"],"gold_per_floor":[112,128,102,118,118,144,144,35,60,60,60,60,60,80,80,80,80],"floor_reached":16,"language":"ENG","playtime":493,"items_purged":[],"score":125,"play_id":"11d65c40-493d-468f-9705-052327a1b6a4","local_time":"20210227142940","daily_mods":["Specialized","Vintage"],"is_ascension_mode":false,"campfire_choices":[{"floor":11,"key":"REST"},{"floor":13,"key":"REST"},{"floor":15,"key":"REST"}],"circlet_count":0,"master_deck":["Moonworks:Strike","Moonworks:Strike","Moonworks:Strike","Moonworks:Strike","Moonworks:Defend","Moonworks:Defend","Moonworks:Defend","Moonworks:Defend","Moonworks:Ambush","Moonworks:LongDistanceShot","Moonworks:WhiteChristsmasher","Moonworks:WhiteChristsmasher","Moonworks:WhiteChristsmasher","Moonworks:WhiteChristsmasher","Moonworks:WhiteChristsmasher","Moonworks:BlueCrowTheSecond","Moonworks:x16BigRocket"],"relics":["Moonworks:BrokenBomb","Moonworks:Homemark","Oddly Smooth Stone","Moonworks:HomePanel","Nunchaku","Ancient Tea Set","Meat on the Bone","Anchor","Turnip","Juzu Bracelet"],"acts_visited":["Exordium"],"potions_floor_usage":[16],"damage_taken":[{"damage":5,"enemies":"2 Louse","floor":1,"turns":2},{"damage":0,"enemies":"Small Slimes","floor":2,"turns":2},{"damage":2,"enemies":"Jaw Worm","floor":4,"turns":2},{"damage":30,"enemies":"3 Sentries","floor":6,"turns":8},{"damage":10,"enemies":"Gremlin Gang","floor":8,"turns":4},{"damage":0,"enemies":"Large Slime","floor":14,"turns":4},{"damage":62,"enemies":"Hexaghost","floor":16,"turns":9}],"seed_played":"6711730722918365141","potions_obtained":[{"floor":6,"key":"Moonworks:RefundPotion"},{"floor":14,"key":"FearPotion"}],"is_trial":true,"path_per_floor":["M","M","$","M","$","E","?","M","T","?","R","?","R","M","R","B"],"character_chosen":"THE_STARBREAKER","items_purchased":["Moonworks:BlueCrowTheSecond"],"campfire_rested":3,"item_purchase_floors":[3],"current_hp_per_floor":[55,55,55,53,53,23,23,13,13,6,24,24,42,42,60,0,0],"gold":80,"neow_bonus":"","is_daily":false,"chose_seed":false,"campfire_upgraded":0,"win_rate":0.0,"timestamp":1614450580,"path_taken":["M","M","$","M","$","E","?","M","T","?","R","?","R","M","R","BOSS"],"items_purchased_type":["Card"],"build_version":"2020-12-22","purchased_purges":0,"victory":false,"max_hp_per_floor":[60,60,60,60,60,60,60,60,60,60,60,60,60,60,60,60,60],"card_choices":[{"not_picked":["Moonworks:LulusLuckyEgg","Moonworks:HolyNight"],"picked":"Moonworks:x16BigRocket","floor":6}],"player_experience":145389,"relics_obtained":[{"floor":1,"key":"Oddly Smooth Stone"},{"floor":2,"key":"Moonworks:HomePanel"},{"floor":4,"key":"Nunchaku"},{"floor":6,"key":"Ancient Tea Set"},{"floor":8,"key":"Meat on the Bone"},{"floor":9,"key":"Anchor"},{"floor":14,"key":"Juzu Bracelet"}],"event_choices":[{"damage_healed":0,"gold_gain":0,"player_choice":"Ignored","damage_taken":0,"max_hp_gain":0,"max_hp_loss":0,"event_name":"Liars Game","floor":7,"gold_loss":0},{"damage_healed":0,"gold_gain":0,"player_choice":"Success","damage_taken":7,"relics_obtained":["Turnip"],"max_hp_gain":0,"max_hp_loss":0,"event_name":"Scrap Ooze","floor":10,"gold_loss":0},{"damage_healed":0,"gold_gain":0,"player_choice":"Ignored","damage_taken":0,"max_hp_gain":0,"max_hp_loss":0,"event_name":"Shining Light","floor":12,"gold_loss":0}],"is_beta":false,"boss_relics":[],"items_purged_floors":[],"is_endless":false,"potions_floor_spawned":[6,8,14],"killed_by":"Hexaghost","ascension_level":0}}