{"host":"mnljlkge2zm8bbif","time":1614450676,"event":{"mods":["Aspiration","BaseMod","Beaked The Cultist","Better Third Choice","BetterRewards","CCEM2","Challenge The Spire","Displayed Cursed Tome","Gremlin Mod","Hubris","Minty Spire (QoL Compilation)","Relic Stats","Replay The Spire","Robot Space Explorer","Shop Mod","Spicy Shops","StSLib","The Marked"],"gold_per_floor":[111,123,123,123,39,39,57,90,90,117,117,133,133,147,147,249,249,266,266,17,34,48,48,61,12,82,82,82],"floor_reached":27,"language":"ENG","playtime":1597,"items_purged":[],"score":357,"play_id":"0afdf8a6-ecf8-4458-aab4-1c7d2bb26390","local_time":"20210227133116","is_ascension_mode":true,"campfire_choices":[{"floor":6,"key":"REST"},{"floor":11,"key":"REST"},{"data":"Noxious Fumes","floor":13,"key":"SMITH"},{"floor":15,"key":"RECALL"},{"floor":23,"key":"REST"}],"circlet_count":0,"master_deck":["AscendersBane","Strike_G","Strike_G","Strike_G","Strike_G","Strike_G","Defend_G","Defend_G+1","Defend_G+1","Defend_G","Defend_G","Survivor+1","Neutralize","Deadly Poison","Deadly Poison+1","Noxious Fumes+1","Flying Knee","Unload","Skewer","After Image","Blade Dance","Expertise","Fluid Movement","Atom Bomb"],"relics":["Ring of the Snake","BranchBurnRelic","hubris:TenFootPole","Bronze Scales","CCEMRelics:DefectiveTurbocharger","CCEMRelics:SpiritsEdge","CCEMRelics:IronFruit"],"acts_visited":["Exordium","TheCity"],"potions_floor_usage":[8,10,16,24,27],"damage_taken":[{"damage":2,"enemies":"2 Louse","floor":1,"turns":4},{"damage":0,"enemies":"Cultist","floor":2,"turns":4},{"damage":4,"enemies":"Jaw Worm","floor":7,"turns":3},{"damage":20,"enemies":"Gremlin Nob","floor":8,"turns":5},{"damage":24,"enemies":"3 Sentries","floor":10,"turns":6},{"damage":3,"enemies":"Blue Slaver","floor":12,"turns":3},{"damage":2,"enemies":"Gremlin Gang","floor":14,"turns":4},{"damage":35,"enemies":"Hexaghost","floor":16,"turns":8},{"damage":17,"enemies":"Shell Parasite","floor":18,"turns":5},{"damage":24,"enemies":"Spheric Guardian","floor":21,"turns":6},{"damage":19,"enemies":"Snecko","floor":22,"turns":5},{"damage":40,"enemies":"Centurion and Healer","floor":24,"turns":6},{"damage":25,"enemies":"Shelled Parasite and Fungi","floor":27,"turns":2}],"seed_played":"972763661540344779","potions_obtained":[{"floor":1,"key":"Block Potion"},{"floor":2,"key":"Elixir"},{"floor":8,"key":"DuplicationPotion"},{"floor":12,"key":"CultistPotion"},{"floor":22,"key":"ColorlessPotion"}],"is_trial":false,"path_per_floor":["M","M","?","?","$","R","M","E","T","E","R","M","R","M","R","B",null,"M","?","$","M","M","R","M","$","T","M"],"character_chosen":"THE_SILENT","items_purchased":["Dead Branch","CCEMRelics:SpiritsEdge","Fluid Movement","Fire Potion"],"campfire_rested":3,"item_purchase_floors":[5,20,20,25],"current_hp_per_floor":[68,68,53,53,53,76,77,57,57,33,56,65,65,75,75,48,70,53,53,53,29,10,33,8,8,13,0,0],"gold":82,"neow_bonus":"TEN_PERCENT_HP_BONUS","is_daily":false,"chose_seed":false,"campfire_upgraded":1,"win_rate":0.0,"timestamp":1614450676,"path_taken":["M","M","?","?","$","R","?","E","T","E","R","M","R","M","R","BOSS","M","?","?","M","M","R","M","$","T","M"],"items_purchased_type":["Relic","Relic","Card","Potion"],"build_version":"2020-12-22","purchased_purges":0,"victory":false,"max_hp_per_floor":[77,77,77,77,77,77,77,77,77,77,77,77,77,77,77,77,77,77,77,77,77,77,77,77,77,82,82,82],"relic_stats":{"counters":[13,61],"Bronze Scales":[99],"obtain_stats":[{"CCEMRelics:IronFruit":26,"BranchBurnRelic":6,"Dead Branch":5,"Bronze Scales":10,"CCEMRelics:DefectiveTurbocharger":17,"hubris:TenFootPole":8,"Ring of the Snake":0,"CCEMRelics:SpiritsEdge":20},{"CCEMRelics:IronFruit":12,"BranchBurnRelic":2,"Dead Branch":2,"Bronze Scales":5,"CCEMRelics:DefectiveTurbocharger":8,"hubris:TenFootPole":4,"Ring of the Snake":0,"CCEMRelics:SpiritsEdge":9},{"CCEMRelics:IronFruit":59,"BranchBurnRelic":8,"Dead Branch":8,"Bronze Scales":22,"CCEMRelics:DefectiveTurbocharger":37,"hubris:TenFootPole":16,"Ring of the Snake":0,"CCEMRelics:SpiritsEdge":42}],"Ring of the Snake":[26]},"card_choices":[{"not_picked":["Terror","Underhanded Strike"],"picked":"Deadly Poison","floor":1},{"not_picked":["Dagger Spray","Sucker Punch"],"picked":"Deadly Poison","floor":2},{"not_picked":["Cloak And Dagger","hubris:Sniper"],"picked":"Noxious Fumes","floor":7},{"not_picked":["Expertise","ReplayTheSpireMod:Scrap Shanks"],"picked":"Flying Knee","floor":8},{"not_picked":["ReplayTheSpireMod:Speed Training","Flying Knee"],"picked":"Unload","floor":10},{"not_picked":["Sucker Punch","Outmaneuver"],"picked":"Skewer","floor":12},{"not_picked":["Tactician","Dagger Spray","ReplayTheSpireMod:Exploit Weakness"],"picked":"SKIP","floor":14},{"not_picked":["Phantasmal Killer","aspiration:Lunge"],"picked":"After Image","floor":16},{"not_picked":["Blade Dance","Flying Knee","Reflex+1"],"picked":"SKIP","floor":18},{"not_picked":["Flying Knee","Reflex+1"],"picked":"Blade Dance","floor":18},{"not_picked":["Sucker Punch+1","Dagger Throw","Caltrops"],"picked":"SKIP","floor":21},{"not_picked":["Blade Dance","Sucker Punch","Slice"],"picked":"SKIP","floor":22},{"not_picked":["Flying Knee","Dodge and Roll"],"picked":"Atom Bomb","floor":24}],"player_experience":505996,"relics_obtained":[{"floor":8,"key":"hubris:TenFootPole"},{"floor":10,"key":"Bronze Scales"},{"floor":26,"key":"CCEMRelics:IronFruit"}],"event_choices":[{"damage_healed":68,"gold_gain":0,"player_choice":"Upgrade","damage_taken":15,"max_hp_gain":0,"max_hp_loss":77,"event_name":"betterThird:BetterShining","floor":3,"gold_loss":0,"cards_upgraded":["Survivor","Defend_G"]},{"damage_healed":0,"gold_gain":0,"player_choice":"Forge","damage_taken":0,"max_hp_gain":0,"max_hp_loss":0,"event_name":"Accursed Blacksmith","floor":4,"gold_loss":0,"cards_upgraded":["Deadly Poison"]},{"damage_healed":0,"gold_gain":0,"player_choice":"1 cards matched","damage_taken":0,"max_hp_gain":0,"max_hp_loss":0,"event_name":"Match and Keep!","floor":19,"gold_loss":0,"cards_obtained":["Expertise"]}],"is_beta":false,"boss_relics":[{"not_picked":["Tiny House","Honey Jar"],"picked":"CCEMRelics:DefectiveTurbocharger"}],"items_purged_floors":[],"is_endless":false,"potions_floor_spawned":[1,2,7,8,12,22],"killed_by":"Shelled Parasite and Fungi","ascension_level":12}}