{"host":"9qgbal69wq5palas","time":1614433200,"event":{"mods":["2.2 Compatiblity","Abigail Mod","AchievementEnabler","Act Like it!","Aspiration","Astrologer","Bartender","BaseMod","Better Altar","Better Note","Better Skull","Better Third Choice","Colored Powertips","Hallownest","Hermit","Highlight Path","Hubris","Infinite Spire","Jorbs\u0027s Wanderer Trilogy","Koishi","Lobotomy","Minty Spire (QoL Compilation)","Potionbrewer","Quick Restart","Random Character Button","Replay The Spire","Shade Mod","Shop Mod","Spicy Shops","StSLib","The Animator","The Bug Knight","The Cursed","The Disciple","The Exalted","The Hierophant","The Necromancer","The Servant 0.9.4","Wandering Minibosses"],"gold_per_floor":[115,131,27,43,63,96,96,129,129,158,158,189,36,53,53,157,257,275,300,215,226,242,242,242],"floor_reached":23,"language":"ENG","playtime":1313,"items_purged":["Looming Evil"],"score":243,"play_id":"483dc5bc-1a32-4de7-92d6-34c172d45471","local_time":"20210227144000","is_ascension_mode":true,"campfire_choices":[{"data":"hermit:GoldenBullet","floor":7.0,"key":"SMITH"},{"floor":11.0,"key":"REST"},{"floor":15.0,"key":"REST"}],"circlet_count":0,"master_deck":["hermit:Strike_Hermit","hermit:Strike_Hermit","hermit:Strike_Hermit","hermit:Strike_Hermit","hermit:Defend_Hermit","hermit:Defend_Hermit","hermit:Defend_Hermit","hermit:Defend_Hermit","hermit:Snapshot","hermit:Covet","hermit:HeroicBravado","hermit:Vantage","hermit:Malice","hermit:Snipe","hermit:GoldenBullet+1","hermit:LoneWolf","hermit:BigShot","hermit:GhostlyPresence","hermit:Headshot","hermit:Deadeye","hermit:FinalCanter","hermit:Vantage","hermit:WideOpen+1","hermit:FlashPowder+1"],"relics":["hermit:Momento","Art of War","hubris:OldNail","infinitespire:WardingShard","infinitespire:PuzzleCube","Bronze Scales","Lantern","Replay:Wanted Poster","Red Mask","aspiration:TomeofQuesting"],"acts_visited":["Exordium","TheCity"],"potions_floor_usage":[16,18,19,23],"damage_taken":[{"damage":1.0,"enemies":"2 Louse","floor":1.0,"turns":3.0},{"damage":0.0,"enemies":"Small Slimes","floor":2.0,"turns":3.0},{"damage":0.0,"enemies":"Cultist","floor":4.0,"turns":3.0},{"damage":12.0,"enemies":"Lots of Slimes","floor":5.0,"turns":3.0},{"damage":14.0,"enemies":"3 Sentries","floor":6.0,"turns":6.0},{"damage":1.0,"enemies":"Replay:BlueRogue","floor":8.0,"turns":5.0},{"damage":32.0,"enemies":"Gremlin Nob","floor":10.0,"turns":5.0},{"damage":15.0,"enemies":"3 Sentries","floor":12.0,"turns":9.0},{"damage":8.0,"enemies":"Blue Slaver","floor":14.0,"turns":1.0},{"damage":31,"enemies":"The Guardian","floor":16,"turns":12},{"damage":17,"enemies":"Chosen","floor":18,"turns":4},{"damage":21,"enemies":"Masked Bandits","floor":19,"turns":5},{"damage":14,"enemies":"2 Thieves","floor":21,"turns":4},{"damage":21,"enemies":"Shelled Parasite and Fungi","floor":22,"turns":6},{"damage":2,"enemies":"Gremlin Leader","floor":23,"turns":3}],"seed_played":"-201072994653391325","potions_obtained":[{"floor":1.0,"key":"SpeedPotion"},{"floor":2.0,"key":"potionbrewer:DiscountPotion"},{"floor":5.0,"key":"Explosive Potion"},{"floor":14.0,"key":"potionbrewer:CleansingPotion"},{"floor":16,"key":"SneckoOil"},{"floor":21,"key":"BlessingOfTheForge"},{"floor":22,"key":"Dexterity Potion"}],"is_trial":false,"path_per_floor":["M","M","$","M","M","E","R","E","T","E","R","E","$","M","R","B",null,"M","?","?","M","M","E"],"character_chosen":"HERMIT","items_purchased":["hermit:Snipe","Lantern"],"campfire_rested":2,"item_purchase_floors":[3,13],"current_hp_per_floor":[74,74,74,74,62,48,48,47,47,15,37,22,22,14,36,5,75,58,37,37,23,2,0,0],"gold":242,"neow_bonus":"THREE_RARE_CARDS","is_daily":false,"chose_seed":false,"campfire_upgraded":1,"win_rate":0.0,"timestamp":1614433200,"path_taken":["M","M","$","M","M","E","R","E","T","E","R","E","$","M","R","BOSS","M","?","?","M","M","E"],"items_purchased_type":["Card","Card"],"build_version":"2020-12-22","purchased_purges":1,"victory":false,"max_hp_per_floor":[75,75,75,75,75,75,75,75,75,75,75,75,75,75,75,75,75,75,75,75,75,75,75,75],"card_choices":[{"not_picked":["hermit:Magnum","hermit:BlackWind"],"picked":"hermit:HeroicBravado","floor":0.0},{"not_picked":["hermit:Maintenance","hermit:WideOpen"],"picked":"hermit:Vantage","floor":1.0},{"not_picked":["hermit:FullyLoaded","hermit:WideOpen"],"picked":"hermit:Malice","floor":2.0},{"not_picked":["hermit:LoneWolf","hermit:Manifest"],"picked":"hermit:GoldenBullet","floor":4.0},{"not_picked":["hermit:Ricochet","hermit:TakeAim"],"picked":"hermit:LoneWolf","floor":5.0},{"not_picked":["hermit:DeadMansHand","hermit:Snipe"],"picked":"hermit:BigShot","floor":6.0},{"not_picked":["hermit:LowProfile","hermit:Combo","hermit:Shortfuse"],"picked":"SKIP","floor":8.0},{"not_picked":["hermit:LoneWolf","hermit:SprayPray"],"picked":"hermit:GhostlyPresence","floor":10.0},{"not_picked":["hermit:EyeOfTheStorm","hermit:HighCaliber"],"picked":"hermit:Headshot","floor":12.0},{"not_picked":["hermit:LowProfile","hermit:SprayPray"],"picked":"hermit:Deadeye","floor":14.0},{"not_picked":["hermit:Magnum","hermit:Purgatory"],"picked":"hermit:FinalCanter","floor":16},{"not_picked":["hermit:Brawl","hermit:TrackingShot"],"picked":"hermit:Vantage","floor":18},{"not_picked":["hermit:Malice","hermit:LuckOfTheDraw"],"picked":"hermit:WideOpen+1","floor":19},{"not_picked":["hermit:Glare+1","hermit:SprayPray"],"picked":"hermit:FlashPowder+1","floor":21},{"not_picked":["hermit:Purgatory","hermit:Dive","hermit:Desperado"],"picked":"SKIP","floor":22}],"player_experience":2823624,"relics_obtained":[{"floor":6.0,"key":"Art of War"},{"floor":8.0,"key":"hubris:OldNail"},{"floor":9.0,"key":"infinitespire:WardingShard"},{"floor":10.0,"key":"infinitespire:PuzzleCube"},{"floor":12.0,"key":"Bronze Scales"},{"floor":19,"key":"Red Mask"}],"event_choices":[{"damage_healed":0,"gold_gain":0,"player_choice":"Fought Bandits","damage_taken":0,"max_hp_gain":0,"max_hp_loss":0,"event_name":"Masked Bandits","floor":19,"gold_loss":0},{"damage_healed":0,"gold_gain":0,"player_choice":"Obtained Relic","damage_taken":0,"relics_obtained":["aspiration:TomeofQuesting"],"max_hp_gain":0,"max_hp_loss":0,"event_name":"Addict","floor":20,"gold_loss":85}],"is_beta":false,"boss_relics":[{"not_picked":["aspiration:WatcherSkillbook","ChewingGum"],"picked":"Replay:Wanted Poster"}],"items_purged_floors":[3],"is_endless":false,"potions_floor_spawned":[1,2,5,14,16,21,22],"killed_by":"Gremlin Leader","ascension_level":2}}