{"host":"z39atn33tyek63fd","time":1614395397,"event":{"mods":["BaseMod","Minty Spire (QoL Compilation)","everything is the same but u backflip on backflip"],"gold_per_floor":[114,114,133,16,16,48,65,77,77,103,103,103,132,150,150,150,150],"floor_reached":16,"language":"ENG","playtime":498,"items_purged":[],"score":247,"play_id":"08015008-46ec-4b41-9902-4d674c7ddfdc","local_time":"20210226210957","is_ascension_mode":true,"campfire_choices":[{"data":"Thunder Strike","floor":11.0,"key":"SMITH"},{"floor":15.0,"key":"REST"}],"circlet_count":0,"master_deck":["AscendersBane","Strike_B","Strike_B","Strike_B","Defend_B","Defend_B","Defend_B","Defend_B","Zap","Dualcast","Ball Lightning","BootSequence","Ball Lightning","Capacitor","Sunder","Reinforced Body","Skim","Thunder Strike+1","Sweeping Beam","Ball Lightning"],"relics":["Cracked Core","NeowsBlessing","Smiling Mask","Anchor","InkBottle","Bronze Scales"],"acts_visited":["Exordium"],"potions_floor_usage":[16,16],"damage_taken":[{"damage":0.0,"enemies":"Jaw Worm","floor":1.0,"turns":1.0},{"damage":0.0,"enemies":"Small Slimes","floor":3.0,"turns":1.0},{"damage":0.0,"enemies":"Lagavulin","floor":6.0,"turns":1.0},{"damage":1.0,"enemies":"Cultist","floor":7.0,"turns":3.0},{"damage":9.0,"enemies":"Red Slaver","floor":8.0,"turns":3.0},{"damage":15.0,"enemies":"3 Sentries","floor":10.0,"turns":6.0},{"damage":25.0,"enemies":"Gremlin Nob","floor":13.0,"turns":4.0},{"damage":7.0,"enemies":"Exordium Wildlife","floor":14.0,"turns":3.0},{"damage":33,"enemies":"Slime Boss","floor":16,"turns":3}],"seed_played":"-2793798938357576145","potions_obtained":[{"floor":6.0,"key":"Weak Potion"},{"floor":7.0,"key":"Explosive Potion"},{"floor":10.0,"key":"GamblersBrew"},{"floor":13.0,"key":"ColorlessPotion"}],"is_trial":false,"path_per_floor":["M","?","M","$","?","E","M","M","T","E","R","?","E","M","R","B"],"character_chosen":"DEFECT","items_purchased":["Ball Lightning","Capacitor"],"campfire_rested":1,"item_purchase_floors":[4,4],"current_hp_per_floor":[64,64,64,64,64,64,63,54,54,39,39,39,14,7,28,0,0],"gold":150,"neow_bonus":"THREE_ENEMY_KILL","is_daily":false,"chose_seed":false,"campfire_upgraded":1,"win_rate":0.0,"timestamp":1614395397,"path_taken":["M","?","M","$","?","E","M","M","T","E","R","?","E","M","R","BOSS"],"items_purchased_type":["Card","Card"],"build_version":"2020-12-22","purchased_purges":0,"victory":false,"max_hp_per_floor":[71,71,71,71,71,71,71,71,71,71,71,71,71,71,71,71,71],"card_choices":[{"not_picked":["Gash","Compile Driver"],"picked":"Ball Lightning","floor":1.0},{"not_picked":["Steam","Rebound"],"picked":"BootSequence","floor":3.0},{"not_picked":["BootSequence","Gash"],"picked":"Sunder","floor":6.0},{"not_picked":["Turbo","Leap"],"picked":"Reinforced Body","floor":7.0},{"not_picked":["BootSequence","Redo"],"picked":"Skim","floor":8.0},{"not_picked":["Loop","Creative AI"],"picked":"Thunder Strike","floor":10.0},{"not_picked":["Sunder","Melter"],"picked":"Sweeping Beam","floor":13.0},{"not_picked":["Hologram","Recycle"],"picked":"Ball Lightning","floor":14.0}],"player_experience":829070,"relics_obtained":[{"floor":6.0,"key":"Smiling Mask"},{"floor":9.0,"key":"Anchor"},{"floor":10.0,"key":"InkBottle"},{"floor":13.0,"key":"Bronze Scales"}],"event_choices":[{"damage_healed":0.0,"max_hp_gain":0.0,"max_hp_loss":0.0,"gold_gain":0.0,"event_name":"Shining Light","player_choice":"Ignored","floor":2.0,"gold_loss":0.0,"damage_taken":0.0},{"damage_healed":0.0,"max_hp_gain":0.0,"max_hp_loss":0.0,"gold_gain":0.0,"event_name":"Liars Game","player_choice":"Ignored","floor":5.0,"gold_loss":0.0,"damage_taken":0.0},{"cards_removed":["Strike_B"],"damage_healed":0.0,"max_hp_gain":0.0,"max_hp_loss":0.0,"gold_gain":0.0,"event_name":"Bonfire Elementals","player_choice":"Offered Basic","floor":12.0,"gold_loss":0.0,"damage_taken":0.0}],"is_beta":false,"boss_relics":[],"items_purged_floors":[],"is_endless":false,"potions_floor_spawned":[6,7,10,13,14],"killed_by":"Slime Boss","ascension_level":14}}