{"host":"q9qwbotttpvtd6fn","time":1614448741,"event":{"mods":["BaseMod","Colored Map","Colored Powertips","Highlight Path","Minty Spire (QoL Compilation)","Relic Stats","StSLib"],"gold_per_floor":[117,129,143,143,143,143,183,35,35,59,102,102,117,135,135,261,261,279,279,302,0,16,16,57,57,80,80,80,80],"floor_reached":28,"language":"ENG","playtime":1395,"items_purged":[],"score":384,"play_id":"af01b041-aa15-49ba-a277-a0e779d2c8d9","local_time":"20210227125901","is_ascension_mode":true,"campfire_choices":[{"data":"Go for the Eyes","floor":6,"key":"SMITH"},{"floor":12,"key":"REST"},{"data":"Fusion","floor":15,"key":"SMITH"},{"floor":23,"key":"REST"}],"circlet_count":0,"master_deck":["AscendersBane","Zap","Dualcast","Coolheaded","Undo","Go for the Eyes+1","Static Discharge","Defragment","Sunder","Beam Cell","Hyperbeam","Cold Snap","Fusion+1","Creative AI","Conserve Battery","Blizzard","Scrape","Doom and Gloom","Self Repair","Double Energy+1","Ball Lightning","Glacier+1","Capacitor","Defragment"],"relics":["Cracked Core","NeowsBlessing","Golden Idol","StrikeDummy","FossilizedHelix","Turnip","Pandora\u0027s Box","Lantern","Toolbox","White Beast Statue","TungstenRod","Dream Catcher"],"acts_visited":["Exordium","TheCity"],"potions_floor_usage":[10,13,16,24],"damage_taken":[{"damage":0,"enemies":"Cultist","floor":1,"turns":1},{"damage":0,"enemies":"Small Slimes","floor":2,"turns":1},{"damage":0,"enemies":"Jaw Worm","floor":3,"turns":1},{"damage":32,"enemies":"Gremlin Nob","floor":7,"turns":6},{"damage":0,"enemies":"Looter","floor":10,"turns":2},{"damage":9,"enemies":"Lagavulin","floor":11,"turns":7},{"damage":0,"enemies":"Gremlin Gang","floor":13,"turns":3},{"damage":0,"enemies":"Large Slime","floor":14,"turns":4},{"damage":34,"enemies":"The Guardian","floor":16,"turns":10},{"damage":15,"enemies":"3 Byrds","floor":18,"turns":4},{"damage":12,"enemies":"Chosen","floor":20,"turns":7},{"damage":26,"enemies":"Centurion and Healer","floor":22,"turns":6},{"damage":33,"enemies":"Gremlin Leader","floor":24,"turns":6},{"damage":36,"enemies":"Book of Stabbing","floor":28,"turns":5}],"seed_played":"2781409314547349394","potions_obtained":[{"floor":3,"key":"SteroidPotion"},{"floor":10,"key":"SteroidPotion"},{"floor":11,"key":"Fruit Juice"},{"floor":13,"key":"FearPotion"},{"floor":18,"key":"PowerPotion"}],"is_trial":false,"path_per_floor":["M","M","M","?","?","R","E","$","T","M","E","R","M","M","R","B",null,"M","?","M","$","M","R","E","?","T","?","E"],"character_chosen":"DEFECT","items_purchased":["Defragment","Sunder","Lantern","Toolbox"],"campfire_rested":2,"item_purchase_floors":[8,8,21,21],"current_hp_per_floor":[68,68,68,73,53,53,21,21,21,21,12,36,41,41,41,7,66,58,58,46,46,27,52,33,33,33,33,0,0],"gold":80,"neow_bonus":"THREE_ENEMY_KILL","is_daily":false,"chose_seed":false,"campfire_upgraded":2,"win_rate":0.0,"timestamp":1614448741,"path_taken":["M","M","?","?","?","R","E","$","T","M","E","R","M","M","R","BOSS","M","?","?","$","M","R","E","?","T","?","E"],"items_purchased_type":["Card","Card","Relic","Relic"],"build_version":"2020-12-22","purchased_purges":0,"victory":false,"max_hp_per_floor":[75,75,75,80,80,80,80,80,80,80,80,80,85,85,85,85,85,85,85,85,85,85,85,85,85,85,85,85,85],"relic_stats":{"Dream Catcher":0,"counters":[14,63],"Golden Idol":74,"Pandora\u0027s Box":["Multi-Cast","Meteor Strike","Conserve Battery","Blizzard","Scrape","Doom and Gloom","Meteor Strike","Self Repair"],"Turnip":[6],"obtain_stats":[{"Lantern":21,"Dream Catcher":26,"NeowsBlessing":0,"Golden Idol":5,"Toolbox":21,"Pandora\u0027s Box":17,"Turnip":11,"Cracked Core":0,"StrikeDummy":7,"FossilizedHelix":9,"White Beast Statue":24,"TungstenRod":25},{"Lantern":11,"Dream Catcher":13,"NeowsBlessing":0,"Golden Idol":3,"Toolbox":11,"Pandora\u0027s Box":9,"Turnip":6,"Cracked Core":0,"StrikeDummy":4,"FossilizedHelix":4,"White Beast Statue":13,"TungstenRod":13},{"Lantern":46,"Dream Catcher":58,"NeowsBlessing":0,"Golden Idol":3,"Toolbox":46,"Pandora\u0027s Box":35,"Turnip":18,"Cracked Core":0,"StrikeDummy":9,"FossilizedHelix":9,"White Beast Statue":58,"TungstenRod":58}],"TungstenRod":5},"card_choices":[{"not_picked":["Streamline","Blizzard"],"picked":"Coolheaded","floor":1},{"not_picked":["Recycle","Steam Power"],"picked":"Undo","floor":2},{"not_picked":["Barrage","Force Field"],"picked":"Go for the Eyes","floor":3},{"not_picked":["Auto Shields","Barrage"],"picked":"Static Discharge","floor":7},{"not_picked":["Undo","Static Discharge"],"picked":"Beam Cell","floor":10},{"not_picked":["Leap","Stack"],"picked":"Hyperbeam","floor":11},{"not_picked":["Beam Cell","Hologram"],"picked":"Cold Snap","floor":13},{"not_picked":["Conserve Battery","Rip and Tear"],"picked":"Fusion","floor":14},{"not_picked":["Amplify","Thunder Strike"],"picked":"Creative AI","floor":16},{"not_picked":["Stack","Doom and Gloom"],"picked":"Double Energy+1","floor":18},{"not_picked":["Redo","Blizzard+1","Steam"],"picked":"SKIP","floor":20},{"not_picked":["Sweeping Beam","Hologram"],"picked":"Glacier+1","floor":22},{"not_picked":["Melter","Ball Lightning","Rainbow"],"picked":"SKIP","floor":24}],"player_experience":516541,"relics_obtained":[{"floor":7,"key":"StrikeDummy"},{"floor":9,"key":"FossilizedHelix"},{"floor":11,"key":"Turnip"},{"floor":24,"key":"White Beast Statue"},{"floor":26,"key":"Dream Catcher"}],"event_choices":[{"damage_healed":0,"gold_gain":0,"player_choice":"Donut","damage_taken":0,"max_hp_gain":5,"max_hp_loss":0,"event_name":"Big Fish","floor":4,"gold_loss":0},{"damage_healed":0,"gold_gain":0,"player_choice":"Take Damage","damage_taken":20,"relics_obtained":["Golden Idol"],"max_hp_gain":0,"max_hp_loss":0,"event_name":"Golden Idol","floor":5,"gold_loss":0},{"damage_healed":0,"gold_gain":0,"cards_transformed":["Meteor Strike"],"player_choice":"Transformed","damage_taken":0,"max_hp_gain":0,"max_hp_loss":0,"event_name":"Transmorgrifier","floor":19,"gold_loss":0,"cards_obtained":["Ball Lightning"]},{"damage_healed":0,"gold_gain":0,"player_choice":"Opened","damage_taken":0,"relics_obtained":["TungstenRod"],"max_hp_gain":0,"max_hp_loss":0,"event_name":"The Mausoleum","floor":25,"gold_loss":0},{"damage_healed":0,"gold_gain":0,"cards_transformed":["Meteor Strike","Multi-Cast"],"player_choice":"Became Test Subject","damage_taken":0,"max_hp_gain":0,"max_hp_loss":0,"event_name":"Drug Dealer","floor":27,"gold_loss":0,"cards_obtained":["Capacitor","Defragment"]}],"is_beta":false,"boss_relics":[{"not_picked":["Empty Cage","Velvet Choker"],"picked":"Pandora\u0027s Box"}],"items_purged_floors":[],"is_endless":false,"potions_floor_spawned":[3,10,11,13,18,20],"killed_by":"Book of Stabbing","ascension_level":11}}