{"host":"gcjbq24aew6ut89u","time":1614409601,"event":{"mods":["BaseMod","Colored Powertips","Highlight Path","Hubris","KomeijiMod","Marisa£®ÏF”Í°°ƒß¿Ì…≥£©","Minty Spire (QoL Compilation)","Replay The Spire","Shop Mod","StSLib","The Animator","The Jungle","Waifu the Spire"],"gold_per_floor":[112,112,37,37,37,70,89,118,144,175,194,258,258,268,268,368,368,385,25,25,25,42,71,71,106,152,178,192,206,206,224,224,326,326,343,358,373,385,260,260,294,294,294,308,333,333,353,398,398,398,398,398,84,118,118],"floor_reached":56,"language":"ZHS","playtime":3091,"items_purged":["Strike_R","Strike_R","Strike_R+1"],"score":1491,"play_id":"eded3272-a0f1-4a85-b774-548fe9e18590","local_time":"20210227150641","is_ascension_mode":true,"campfire_choices":[{"floor":13.0,"key":"REST"},{"data":"Armaments","floor":15.0,"key":"SMITH"},{"floor":30.0,"key":"REST"},{"floor":40.0,"key":"RECALL"},{"data":"Wild Strike+1","floor":42.0,"key":"PURGE"},{"data":"Defend_R+1","floor":49.0,"key":"PURGE"},{"data":"Strike_R+1","floor":52.0,"key":"PURGE"}],"circlet_count":0,"master_deck":["Defend_R+1","Defend_R+1","Bash+1","Pommel Strike","Run Through+1","Inflame","Heavy Blade+1","Rage","ReplayTheSpireMod:LeadingStrike+1","Flex+1","Armaments+1","Limit Break+1","Power Through+1","Pommel Strike+1","Reaper+1","Evolve","Double Tap+1","Feel No Pain+1","Fire Breathing+1","Finesse+1"],"relics":["Burning Blood","NeowsBlessing","hubris:MysteriousPyramids","Molten Egg 2","Ancient Tea Set","Replay:Bottled Flurry","MealTicket","Black Star","Sundial","Toxic Egg 2","Akabeko","MutagenicStrength","War Paint","Pantograph","Whetstone","hubris:FunFungus","Replay:Mystery Machine","Sozu","Peace Pipe","Question Card","Replay:Ringing Soul","Frozen Egg 2","hubris:Towel","KyoryuNoHagoromo","Replay:Baseball","ReplayTheSpireMod:TigerMarble","Pen Nib"],"acts_visited":["Exordium","TheCity","TheBeyond","TheEnding"],"potions_floor_usage":[55,55],"damage_taken":[{"damage":0.0,"enemies":"2 Louse","floor":1.0,"turns":1.0},{"damage":0.0,"enemies":"Lagavulin","floor":6.0,"turns":1.0},{"damage":0.0,"enemies":"Small Slimes","floor":7.0,"turns":1.0},{"damage":28.0,"enemies":"Gremlin Nob","floor":8.0,"turns":4.0},{"damage":31.0,"enemies":"Lagavulin","floor":10.0,"turns":6.0},{"damage":6.0,"enemies":"Cultist","floor":11.0,"turns":3.0},{"damage":2.0,"enemies":"Large Slime","floor":14.0,"turns":4.0},{"damage":0.0,"enemies":"Slime Boss","floor":16.0,"turns":6.0},{"damage":38.0,"enemies":"2 Thieves","floor":18.0,"turns":5.0},{"damage":10.0,"enemies":"Spheric Guardian","floor":22.0,"turns":4.0},{"damage":47.0,"enemies":"Replay:Snechameleon","floor":23.0,"turns":6.0},{"damage":22.0,"enemies":"Slavers","floor":25.0,"turns":6.0},{"damage":6.0,"enemies":"Replay:Snechameleon","floor":27.0,"turns":4.0},{"damage":6.0,"enemies":"Cultist and Chosen","floor":28.0,"turns":4.0},{"damage":15.0,"enemies":"Snake Plant","floor":29.0,"turns":3.0},{"damage":20.0,"enemies":"Shelled Parasite and Fungi","floor":31.0,"turns":5.0},{"damage":68.0,"enemies":"Collector","floor":33.0,"turns":8.0},{"damage":24.0,"enemies":"3 Darklings","floor":35.0,"turns":5.0},{"damage":0.0,"enemies":"Orb Walker","floor":36.0,"turns":2.0},{"damage":37.0,"enemies":"Jaw Worm Horde","floor":37.0,"turns":5.0},{"damage":24.0,"enemies":"Sphere and 2 Shapes","floor":38.0,"turns":4.0},{"damage":30.0,"enemies":"R_Hoarder","floor":41.0,"turns":9.0},{"damage":26.0,"enemies":"Spire Growth","floor":44.0,"turns":5.0},{"damage":24.0,"enemies":"Nemesis","floor":45.0,"turns":7.0},{"damage":27.0,"enemies":"3 Darklings","floor":47.0,"turns":5.0},{"damage":29.0,"enemies":"2 Orb Walkers","floor":48.0,"turns":3.0},{"damage":95.0,"enemies":"Donu and Deca","floor":50.0,"turns":9.0},{"damage":62.0,"enemies":"Shield and Spear","floor":54.0,"turns":6.0},{"damage":68,"enemies":"The Heart","floor":55,"turns":9}],"seed_played":"2869284216816044975","potions_obtained":[{"floor":1.0,"key":"EntropicBrew"},{"floor":7.0,"key":"Block Potion"},{"floor":8.0,"key":"FearPotion"},{"floor":12.0,"key":"ExcitationPotion"},{"floor":25.0,"key":"Milkshake"},{"floor":27.0,"key":"Explosive Potion"},{"floor":28.0,"key":"ColorlessPotion"}],"is_trial":false,"path_per_floor":["M","?","$","?","?","E","M","E","T","E","M","?","R","M","R","B",null,"M","$","?","?","M","E","?","E","T","E","M","M","R","M","R","B",null,"M","M","M","M","$","R","E","R","T","M","E","?","M","?","R","B",null,"R","$","E","B",null],"character_chosen":"IRONCLAD","items_purchased":["Sundial","Replay:Baseball","Fire Breathing+1","Finesse+1"],"campfire_rested":2,"item_purchase_floors":[19,53,53,53],"current_hp_per_floor":[80,80,80,80,80,80,80,58,58,33,33,13,37,41,41,47,80,48,63,63,63,59,18,18,18,18,18,18,10,34,22,22,9,80,62,78,66,53,68,68,51,51,51,39,46,46,63,60,60,20,83,83,86,34,43],"gold":118,"neow_bonus":"THREE_ENEMY_KILL","is_daily":false,"chose_seed":false,"campfire_upgraded":1,"win_rate":0.0,"timestamp":1614409601,"path_taken":["M","?","$","?","?","E","?","E","T","E","M","?","R","M","R","BOSS","M","$","?","?","M","E","?","E","T","E","M","?","R","M","R","BOSS","M","M","M","M","$","R","E","R","T","M","E","?","M","?","R","BOSS","R","$","E","BOSS"],"items_purchased_type":["Relic","Relic","Card","Card"],"build_version":"2020-12-22","purchased_purges":3,"victory":true,"max_hp_per_floor":[80,80,80,80,80,80,80,80,80,80,80,80,80,80,80,80,80,80,80,80,80,80,80,80,80,80,80,80,80,80,80,80,80,80,80,80,80,80,80,80,80,80,80,80,80,80,80,83,83,83,83,83,86,86,86],"card_choices":[{"not_picked":["ReplayTheSpireMod:Limb From Limb","Clash","Shockwave"],"picked":"SKIP","floor":1.0},{"not_picked":["Power Through","Body Slam"],"picked":"Run Through","floor":6.0},{"not_picked":["True Grit","Warcry","Iron Wave"],"picked":"SKIP","floor":7.0},{"not_picked":["Run Through+1","Twin Strike+1"],"picked":"Inflame","floor":8.0},{"not_picked":["Replay:Undeath\u0027s Touch+1","ReplayTheSpireMod:Corrosion Curse"],"picked":"Heavy Blade+1","floor":10.0},{"not_picked":["Exhume","Perfected Strike+1"],"picked":"Rage","floor":11.0},{"not_picked":["Abandon","Cleave+1"],"picked":"ReplayTheSpireMod:LeadingStrike+1","floor":12.0},{"not_picked":["Pommel Strike+1","Metallicize"],"picked":"Flex","floor":12.0},{"not_picked":["Anger+1","Headbutt+1"],"picked":"Armaments","floor":14.0},{"not_picked":["Demon Form","Bludgeon+1"],"picked":"Limit Break","floor":16.0},{"not_picked":["ReplayTheSpireMod:Limb From Limb+1","Thunderclap+1"],"picked":"Power Through+1","floor":18.0},{"not_picked":["Replay:Undeath\u0027s Touch+1","Blood for Blood+1"],"picked":"Pommel Strike+1","floor":22.0},{"not_picked":["Body Slam+1","Twin Strike+1","Havoc+1"],"picked":"SKIP","floor":23.0},{"not_picked":["Heavy Blade+1","Clash+1","Armaments+1"],"picked":"SKIP","floor":25.0},{"not_picked":["Pommel Strike+1","ReplayTheSpireMod:Stacked+1"],"picked":"Wild Strike+1","floor":27.0},{"not_picked":["Body Slam+1","ReplayTheSpireMod:LeadingStrike+1","Havoc+1"],"picked":"SKIP","floor":28.0},{"not_picked":["Perfected Strike+1","Whirlwind+1"],"picked":"Reaper+1","floor":29.0},{"not_picked":["Headbutt+1","Rupture+1","hubris:CleavingFinish+1"],"picked":"SKIP","floor":31.0},{"not_picked":["Bludgeon+1","Reaper+1"],"picked":"Double Tap+1","floor":33.0},{"not_picked":["Sever Soul+1","Cleave+1","Pommel Strike+1"],"picked":"SKIP","floor":35.0},{"not_picked":["Dropkick+1","Shrug It Off+1","Sword Boomerang+1"],"picked":"SKIP","floor":36.0},{"not_picked":["Headbutt+1","Havoc+1","ReplayTheSpireMod:Strike From Hell+1"],"picked":"SKIP","floor":37.0},{"not_picked":["Headbutt+1","Seeing Red+1","Havoc+1"],"picked":"SKIP","floor":38.0},{"not_picked":["Seeing Red+1","Anger+1","Berserk"],"picked":"SKIP","floor":41.0},{"not_picked":["Seeing Red+1","Perfected Strike+1","Havoc+1","Hemokinesis+1"],"picked":"SKIP","floor":44.0},{"not_picked":["Rampage+1","Heavy Blade+1","Searing Blow+2","Flex+1"],"picked":"SKIP","floor":45.0},{"not_picked":["Headbutt+1","Warcry+1","Pommel Strike+1","Havoc+1"],"picked":"SKIP","floor":47.0},{"not_picked":["Warcry+1","Clash+1","Sentinel+1"],"picked":"Feel No Pain+1","floor":48.0},{"not_picked":["Disarm+1","Flex+1","Body Slam+1","Shockwave+1"],"picked":"SKIP","floor":54.0}],"player_experience":81524,"relics_obtained":[{"floor":6.0,"key":"hubris:MysteriousPyramids"},{"floor":8.0,"key":"Molten Egg 2"},{"floor":9.0,"key":"Ancient Tea Set"},{"floor":10.0,"key":"Replay:Bottled Flurry"},{"floor":12.0,"key":"MealTicket"},{"floor":23.0,"key":"Toxic Egg 2"},{"floor":23.0,"key":"Akabeko"},{"floor":25.0,"key":"War Paint"},{"floor":25.0,"key":"Pantograph"},{"floor":26.0,"key":"Whetstone"},{"floor":27.0,"key":"hubris:FunFungus"},{"floor":27.0,"key":"Replay:Mystery Machine"},{"floor":41.0,"key":"Peace Pipe"},{"floor":41.0,"key":"Question Card"},{"floor":45.0,"key":"Replay:Ringing Soul"},{"floor":45.0,"key":"Frozen Egg 2"},{"floor":48.0,"key":"KyoryuNoHagoromo"},{"floor":54.0,"key":"ReplayTheSpireMod:TigerMarble"},{"floor":54.0,"key":"Pen Nib"}],"event_choices":[{"damage_healed":0.0,"max_hp_gain":0.0,"max_hp_loss":0.0,"gold_gain":0.0,"cards_transformed":["Strike_R"],"event_name":"Living Wall","player_choice":"Change","floor":4.0,"gold_loss":0.0,"damage_taken":0.0,"cards_obtained":["Pommel Strike"]},{"cards_removed":["Defend_R"],"damage_healed":0.0,"max_hp_gain":0.0,"max_hp_loss":0.0,"gold_gain":0.0,"event_name":"Bonfire Elementals","player_choice":"Offered Basic","floor":5.0,"gold_loss":0.0,"damage_taken":0.0},{"damage_healed":0.0,"max_hp_gain":0.0,"max_hp_loss":0.0,"gold_gain":0.0,"event_name":"Back to Basics","player_choice":"Simplicity","floor":21.0,"gold_loss":0.0,"damage_taken":0.0,"cards_upgraded":["Strike_R","Strike_R","Defend_R","Defend_R","Defend_R"]},{"damage_healed":0.0,"max_hp_gain":0.0,"max_hp_loss":0.0,"gold_gain":0.0,"event_name":"Drug Dealer","player_choice":"Inject Mutagens","floor":24.0,"gold_loss":0.0,"damage_taken":0.0,"relics_obtained":["MutagenicStrength"]},{"damage_healed":0.0,"max_hp_gain":0.0,"max_hp_loss":0.0,"gold_gain":0.0,"event_name":"Mysterious Sphere","player_choice":"Fight","floor":48.0,"gold_loss":0.0,"damage_taken":0.0}],"is_beta":false,"boss_relics":[{"not_picked":["Pandora\u0027s Box","Snecko Eye"],"picked":"Black Star"},{"not_picked":["hubris:BlackHole","Replay:Drink Me"],"picked":"Sozu"}],"items_purged_floors":[3,19,39],"is_endless":false,"potions_floor_spawned":[1,7,8,16,18,25,27,28,36,44,47],"ascension_level":2}}