{"host":"2qv44oxt58ptq59r","time":1614447183,"event":{"mods":["AchievementEnabler","BaseMod","Colored Powertips","Highlight Path","Minty Spire (QoL Compilation)","Permanent Neow","StSLib"],"gold_per_floor":[119,52,67,80,5,37,56,56,104,114,149,149,174,174,174,275,275,291,291,309,320,335,335,335],"floor_reached":23,"language":"ENG","playtime":4683,"items_purged":["Strike_G"],"score":288,"play_id":"66157381-ab8e-4894-a935-73485b1a0451","local_time":"20210227173303","is_ascension_mode":true,"campfire_choices":[{"floor":8.0,"key":"REST"},{"floor":12.0,"key":"REST"},{"floor":15.0,"key":"REST"}],"circlet_count":0,"master_deck":["Strike_G","Strike_G","Strike_G","Strike_G","Defend_G","Defend_G","Defend_G","Defend_G","Defend_G","Survivor","Neutralize+1","Setup","Footwork","Blade Dance","Leg Sweep","Skewer","Poisoned Stab","Infinite Blades+1","Blade Dance","Quick Slash+1","Corpse Explosion","PiercingWail","Bane+1","Skewer+1","Noxious Fumes+1"],"relics":["Ring of the Snake","Frozen Egg 2","Regal Pillow","Happy Flower","Molten Egg 2","Black Star"],"acts_visited":["Exordium","TheCity"],"potions_floor_usage":[23],"damage_taken":[{"damage":0.0,"enemies":"Cultist","floor":1.0,"turns":5.0},{"damage":2.0,"enemies":"Jaw Worm","floor":3.0,"turns":7.0},{"damage":0.0,"enemies":"2 Louse","floor":4.0,"turns":3.0},{"damage":32.0,"enemies":"Gremlin Nob","floor":6.0,"turns":7.0},{"damage":13.0,"enemies":"Lots of Slimes","floor":7.0,"turns":5.0},{"damage":9.0,"enemies":"Gremlin Gang","floor":10.0,"turns":8.0},{"damage":25.0,"enemies":"3 Sentries","floor":11.0,"turns":10.0},{"damage":30.0,"enemies":"Gremlin Nob","floor":13.0,"turns":4.0},{"damage":49.0,"enemies":"The Guardian","floor":16.0,"turns":15.0},{"damage":24.0,"enemies":"Shell Parasite","floor":18.0,"turns":10.0},{"damage":3.0,"enemies":"2 Thieves","floor":20.0,"turns":3.0},{"damage":16.0,"enemies":"Cultist and Chosen","floor":21.0,"turns":8.0},{"damage":9.0,"enemies":"Centurion and Healer","floor":22.0,"turns":7.0},{"damage":32,"enemies":"Book of Stabbing","floor":23,"turns":5}],"seed_played":"1565901211146065962","potions_obtained":[{"floor":0.0,"key":"Weak Potion"},{"floor":0.0,"key":"Energy Potion"},{"floor":0.0,"key":"PowerPotion"},{"floor":3.0,"key":"Block Potion"},{"floor":10.0,"key":"Regen Potion"},{"floor":16.0,"key":"Regen Potion"},{"floor":19.0,"key":"LiquidMemories"},{"floor":19.0,"key":"Regen Potion"},{"floor":19.0,"key":"Dexterity Potion"},{"floor":22.0,"key":"Poison Potion"}],"is_trial":false,"path_per_floor":["M","$","M","M","$","E","M","R","T","M","E","R","E","?","R","B",null,"M","?","M","M","M","E"],"character_chosen":"THE_SILENT","items_purchased":["Footwork"],"campfire_rested":3,"item_purchase_floors":[2],"current_hp_per_floor":[63,63,61,61,61,29,16,37,37,28,18,54,24,24,60,11,55,46,46,55,39,30,0,0],"gold":335,"neow_bonus":"THREE_SMALL_POTIONS","is_daily":false,"chose_seed":false,"campfire_upgraded":0,"win_rate":0.0,"timestamp":1614447183,"path_taken":["M","$","M","M","$","E","M","R","T","?","E","R","E","?","R","BOSS","M","?","M","?","?","E"],"items_purchased_type":["Card"],"build_version":"2020-12-22","purchased_purges":1,"victory":false,"max_hp_per_floor":[70,70,70,70,70,70,70,70,70,70,70,70,70,70,70,70,70,70,70,70,70,70,70,70],"card_choices":[{"not_picked":["Slice","Masterful Stab"],"picked":"Setup","floor":1.0},{"not_picked":["Cloak And Dagger","Distraction"],"picked":"Blade Dance","floor":3.0},{"not_picked":["Dagger Throw","All Out Attack"],"picked":"Leg Sweep","floor":4.0},{"not_picked":["Expertise","Dodge and Roll"],"picked":"Skewer","floor":6.0},{"not_picked":["Slice","Backstab"],"picked":"Poisoned Stab","floor":7.0},{"not_picked":["Tools of the Trade+1","Poisoned Stab"],"picked":"Infinite Blades+1","floor":10.0},{"not_picked":["Underhanded Strike","Storm of Steel"],"picked":"Blade Dance","floor":11.0},{"not_picked":["Slice+1","Backflip"],"picked":"Quick Slash+1","floor":13.0},{"not_picked":["Doppelganger","Glass Knife+1"],"picked":"Corpse Explosion","floor":16.0},{"not_picked":["Sucker Punch+1","Deadly Poison"],"picked":"PiercingWail","floor":18.0},{"not_picked":["Outmaneuver","Prepared+1"],"picked":"Bane+1","floor":20.0},{"not_picked":["Cloak And Dagger","Reflex"],"picked":"Skewer+1","floor":21.0},{"not_picked":["Prepared","Heel Hook+1"],"picked":"Noxious Fumes+1","floor":22.0}],"player_experience":5872843,"relics_obtained":[{"floor":6.0,"key":"Frozen Egg 2"},{"floor":9.0,"key":"Regal Pillow"},{"floor":11.0,"key":"Happy Flower"},{"floor":13.0,"key":"Molten Egg 2"}],"event_choices":[{"damage_healed":0.0,"max_hp_gain":0.0,"max_hp_loss":0.0,"gold_gain":0.0,"event_name":"Living Wall","player_choice":"Grow","floor":14.0,"gold_loss":0.0,"damage_taken":0.0,"cards_upgraded":["Neutralize"]},{"damage_healed":0.0,"max_hp_gain":0.0,"max_hp_loss":0.0,"gold_gain":0.0,"event_name":"Lab","player_choice":"Got Potions","floor":19.0,"gold_loss":0.0,"damage_taken":0.0}],"is_beta":false,"boss_relics":[{"not_picked":["Sozu","Philosopher\u0027s Stone"],"picked":"Black Star"}],"items_purged_floors":[5],"is_endless":false,"potions_floor_spawned":[3,4,10,16,22],"killed_by":"Book of Stabbing","ascension_level":7}}