{"host":"3y9j540ftq0by6cq","time":1614409607,"event":{"mods":["BaseMod","CapriCore","Library of Ruina","Library of Ruina Extra","Minty Spire (QoL Compilation)","StSLib"],"gold_per_floor":[111,126,126,48,60,89,12,40,91,91,91,130,130,95,95,223,223,239,262,287,212,172,206,206,222,222,238,238,238,252,34,34,129,179,192,207,42,60,75,75,100,100,100,100,100,100],"floor_reached":45,"language":"ZHS","playtime":2572,"items_purged":[],"score":556,"play_id":"0eb57b8a-b898-48b2-a448-f992e50e0aa3","local_time":"20210227150647","is_ascension_mode":false,"campfire_choices":[{"data":"SnakesPrey","floor":10,"key":"SMITH"},{"data":"SpearedSweep","floor":13,"key":"SMITH"},{"data":"Guardian_lor","floor":15,"key":"SMITH"},{"floor":24,"key":"REST"},{"floor":28,"key":"REST"},{"floor":32,"key":"REST"},{"data":"DarkCloud","floor":40,"key":"SMITH"},{"data":"FaintMemories","floor":42,"key":"SMITH"}],"circlet_count":0,"master_deck":["LightDefense","LightAttack","LightAttack","LightDefense","LightDefense","LightDefense+1","ChargeAndCover","FocusedStrikes","SnakesPrey+1","InnerArdor","AsThePrescriptOrders","Deflect_lor+1","Unlock1","Guardian_lor+1","Guardian_lor+1","DesperateStruggle","SpearedSweep+1","SavageMode","FrontalAssault+1","FrontalAssault","FaintMemories+1","GoinFirst","GrazeTheGrass","Feast","Parry2","DefenseOrder+1","HandleRequest","FrontalAssault","SilentMist","WillOfThePrescript","Diversion+1","Deflect_lor","WillBeTasty+1","GuardingStance","DarkCloud+1","DarkCloud","AlloutWar","Faith+1","TheRedNotes","Madness","Madness"],"relics":["PageOfLibrarian","PageOfSpiderBud","InkBottle","War Paint","Dream Catcher","Bloody Idol","PageOfWrath","Black Star","PageOfTheQueenOfHatred","Bag of Marbles","PageOfTheKnightOfDespair","Tiny House","PageOfBloodbath","PageOfGreed","Nunchaku","PageOfQueenBee"],"acts_visited":["Exordium","TheCity","TheBeyond"],"potions_floor_usage":[8,8,8,20,30,33,33,33,34,45,45],"damage_taken":[{"damage":3.0,"enemies":"Jaw Worm","floor":1.0,"turns":5.0},{"damage":0.0,"enemies":"Cultist","floor":2.0,"turns":3.0},{"damage":1.0,"enemies":"2 Louse","floor":5.0,"turns":4.0},{"damage":6.0,"enemies":"Lagavulin","floor":6.0,"turns":5.0},{"damage":27,"enemies":"3 Sentries","floor":8,"turns":7},{"damage":9,"enemies":"Lagavulin","floor":12,"turns":5},{"damage":17,"enemies":"Hexaghost","floor":16,"turns":3},{"damage":11,"enemies":"Shell Parasite","floor":18,"turns":3},{"damage":2,"enemies":"Spheric Guardian","floor":19,"turns":2},{"damage":39,"enemies":"Shelled Parasite and Fungi","floor":20,"turns":3},{"damage":29,"enemies":"Book of Stabbing","floor":23,"turns":4},{"damage":23,"enemies":"Snake Plant","floor":25,"turns":2},{"damage":0,"enemies":"3 Cultists","floor":27,"turns":3},{"damage":15,"enemies":"Chosen and Byrds","floor":30,"turns":4},{"damage":16,"enemies":"KingOfGreed","floor":33,"turns":5},{"damage":29,"enemies":"3 Shapes","floor":35,"turns":3},{"damage":12,"enemies":"Orb Walker","floor":36,"turns":3},{"damage":23,"enemies":"Maw","floor":38,"turns":5},{"damage":11,"enemies":"Spire Growth","floor":39,"turns":3},{"damage":9,"enemies":"Giant Head","floor":41,"turns":5},{"damage":102,"enemies":"Jaw Worm Horde","floor":45,"turns":5}],"seed_played":"7257448354163419520","potions_obtained":[{"floor":2.0,"key":"Explosive Potion"},{"floor":5.0,"key":"Dexterity Potion"},{"floor":6,"key":"Ancient Potion"},{"floor":12,"key":"GamblersBrew"},{"floor":18,"key":"LiquidBronze"},{"floor":25,"key":"PowerPotion"},{"floor":30,"key":"Fire Potion"},{"floor":34,"key":"Fruit Juice"},{"floor":35,"key":"Explosive Potion"},{"floor":41,"key":"Regen Potion"}],"is_trial":false,"path_per_floor":["M","M","?","$","M","E","$","E","T","R","?","E","R","?","R","B",null,"M","M","M","?","?","E","R","M","T","M","R","?","M","$","R","B",null,"M","M","$","M","M","R","E","R","T","?","M"],"character_chosen":"Librarian","items_purchased":["Deflect_lor","Guardian_lor","FrontalAssault","SilentMist","WillOfThePrescript","DuplicationPotion","PageOfBloodbath","DarkCloud"],"campfire_rested":3,"item_purchase_floors":[4,7,31,31,31,31,37,37],"current_hp_per_floor":[60,63,63,63,68,65,65,47,47,47,30,24,24,41,41,27,70,62,63,30,30,30,4,25,7,7,24,45,45,49,49,70,69,80,70,69,69,66,67,67,78,78,78,68,0,0],"gold":100,"neow_bonus":"RANDOM_COMMON_RELIC","is_daily":false,"chose_seed":false,"campfire_upgraded":5,"win_rate":0.0,"timestamp":1614409607,"path_taken":["M","M","?","$","?","E","$","E","T","R","?","E","R","?","R","BOSS","M","M","M","?","?","E","R","M","T","?","R","?","M","$","R","BOSS","M","M","$","M","M","R","E","R","T","?","M"],"items_purchased_type":["Card","Card","Card","Card","Card","Potion","Relic","Card"],"build_version":"2020-12-22","purchased_purges":0,"victory":false,"max_hp_per_floor":[70,70,70,70,70,70,70,70,70,70,70,70,70,70,70,70,70,70,70,70,70,70,70,70,70,70,70,70,70,70,70,70,70,80,80,80,80,80,80,80,80,80,80,80,80,80],"card_choices":[{"not_picked":["EnergyStrike","SunsetBlade","Preparation","BlowItUp","DefenseOrder","PinpointShot","ExtractFuel","GuardingStance"],"picked":"SnakesPrey","floor":1.0},{"not_picked":["StructuralAnalysis","BiXi","Rewind","EnergyShield","PinpointShot","WaitUp","SerpentineBarrier","FieryDragonSlash"],"picked":"InnerArdor","floor":2.0},{"not_picked":["UpbeatPerformance","TendonChords","Outburst","SunsetBlade","PinpointShot","DarkCloud","Faith","ElectricShock"],"picked":"Unlock1","floor":5.0},{"not_picked":["Tttonst","Faith","HandleRequest","RulesOfTheBackstreets","HiddenBlade","EnergyStrike","Bvapour","UndertakePrescript"],"picked":"Guardian_lor","floor":6},{"not_picked":["UpbeatPerformance","FierceCharge","SinglePointStab","BiAn","ElectricShock","BindingChains","TrimTheIngredients","StrikeDown"],"picked":"DesperateStruggle","floor":8},{"not_picked":["BiAn","HighSpeedStabbing","UnavoidableGaze","BlazingStrike","RatsGuideToSurvival","FieryDragonSlash","PreemptiveStrike","SharpSwipe"],"picked":"SpearedSweep","floor":12},{"not_picked":["DistortedBlade","FlamingDragonFist"],"picked":"SavageMode","floor":16},{"not_picked":["BiAn","ToOvercomeCrisis","RushDown","Tailoring","BlowItUp+1","FleetFootsteps","QuickAttack","RulesOfTheBackstreets"],"picked":"FrontalAssault","floor":18},{"not_picked":["Gigigig+1","Zzzzzap","Unlock1","HandleRequest","FlashingStrike","CrackOfDawn","HiddenBlade","SnakesPrey"],"picked":"FrontalAssault","floor":19},{"not_picked":["Eliminate","RushDown","ElectricShock","HighKick","Parry2","StructuralAnalysis","Struggle+1","Quickness+1"],"picked":"FaintMemories","floor":20},{"not_picked":["DesperateStruggle+1","ShockingBlow","SwordOfVolition","Thrust+1","HeavyPeaks","BindingChains","Pound","ToWhereThePrescriptPoints+1"],"picked":"GoinFirst","floor":23},{"not_picked":["SnakeSlit","SunsetBlade+1","MultiHit+1","Parry","GuardingStance+1","BackAttack","Gamble","Fence"],"picked":"GrazeTheGrass","floor":24},{"not_picked":["SavageMode","HiddenBlade","UndertakePrescript+1","Parry","Pound","BackAttack","Rewind","HighKick"],"picked":"Feast","floor":25},{"not_picked":["StartinOutLightly","ClassAndRespect","HandleRequest","DestructiveImpact","TimeForALittleTest","UndertakePrescript+1","ConcentratedFire","GuidanceOfTheGears"],"picked":"Parry2","floor":27},{"not_picked":["HiddenBlade","UnavoidableGaze","EnergyCycle","FleetEdge","SparkingSpear","EndlessBattle","RepressedFlesh","ForcefulGesture"],"picked":"DefenseOrder+1","floor":28},{"not_picked":["ExtremeEdge","StartinOutLightly","RhinoRam","FocusFire+1","BindingChains+1","BlindFaith","EnergyStrike+1","BlazingStrike"],"picked":"HandleRequest","floor":30},{"not_picked":["PreemptiveStrike","SomberProcuration","Crush","FaintMemories","Concentration","TheWillOfTheCity+1","StayCalm","AsThePrescriptOrders"],"picked":"Diversion+1","floor":32},{"not_picked":["ScratchThat","GroundSmash"],"picked":"Deflect_lor","floor":33},{"not_picked":["GuardingStance","GuidanceOfTheGears","TheWillOfTheCity","OminousPower","BackAttack","TendonChords","BindingArms","FrontalAssault"],"picked":"WillBeTasty+1","floor":34},{"not_picked":["MultiBlock","ShockRound+1","IllEndYou","ScratchThat","JiaoTu","GuidanceOfTheGears","FlashingStrike","ViolentFlame+1"],"picked":"GuardingStance","floor":35},{"not_picked":["FocusFire","Tttonst","CoordinatedAssault","Gamble","BackstreetsDash","HandleRequest","DirtyBlow","Leap_lor"],"picked":"DarkCloud","floor":36},{"not_picked":["LossOfSenses+1","Lock","OminousPower+1","CumulusWall","ViolentFlame+1","TendonChords","Reload+1","RhinoRam"],"picked":"AlloutWar","floor":38},{"not_picked":["Track","FlashOfSunup","CookingPrep+1","InhaleSmoke","Collision+1","Outburst+1","WillOfThePrescript","GoinFirst"],"picked":"Faith+1","floor":39},{"not_picked":["GuidanceOfTheGears","FeatherShield+1","TheWillOfTheCity","FlamingDragonFist","PreemptiveStrike+1","Multislash+1","YoureAHindrance","CoordinatedAssault"],"picked":"TheRedNotes","floor":41}],"player_experience":94711,"relics_obtained":[{"floor":6,"key":"InkBottle"},{"floor":8,"key":"War Paint"},{"floor":9,"key":"Dream Catcher"},{"floor":12,"key":"PageOfWrath"},{"floor":23,"key":"PageOfTheQueenOfHatred"},{"floor":23,"key":"Bag of Marbles"},{"floor":26,"key":"PageOfTheKnightOfDespair"},{"floor":41,"key":"PageOfGreed"},{"floor":41,"key":"Nunchaku"},{"floor":43,"key":"PageOfQueenBee"}],"event_choices":[{"damage_healed":0.0,"max_hp_gain":0.0,"max_hp_loss":0.0,"gold_gain":0.0,"cards_transformed":["LightAttack"],"event_name":"Transmorgrifier","player_choice":"Transformed","floor":3.0,"gold_loss":0.0,"damage_taken":0.0,"cards_obtained":["AsThePrescriptOrders"]},{"damage_healed":0,"gold_gain":0,"player_choice":"Take Damage","damage_taken":17,"relics_obtained":["Golden Idol"],"max_hp_gain":0,"max_hp_loss":0,"event_name":"Golden Idol","floor":11,"gold_loss":0},{"damage_healed":17,"gold_gain":0,"player_choice":"Healed","damage_taken":0,"max_hp_gain":0,"max_hp_loss":0,"event_name":"The Cleric","floor":14,"gold_loss":35},{"cards_removed":["Dodge"],"damage_healed":0,"gold_gain":0,"player_choice":"Gave Gold","damage_taken":0,"max_hp_gain":0,"max_hp_loss":0,"event_name":"Beggar","floor":21,"gold_loss":75},{"damage_healed":0,"gold_gain":0,"player_choice":"Upgrade","damage_taken":0,"max_hp_gain":0,"max_hp_loss":0,"event_name":"Designer","floor":22,"gold_loss":40,"cards_upgraded":["FrontalAssault"]},{"damage_healed":0,"gold_gain":0,"player_choice":"Gave Idol","damage_taken":0,"relics_obtained":["Bloody Idol"],"max_hp_gain":0,"max_hp_loss":0,"event_name":"Forgotten Altar","floor":29,"relics_lost":["Golden Idol"],"gold_loss":0},{"damage_healed":0,"gold_gain":0,"player_choice":"Embrace Madness","damage_taken":10,"max_hp_gain":0,"max_hp_loss":0,"event_name":"Winding Halls","floor":44,"gold_loss":0,"cards_obtained":["Madness","Madness"]}],"is_beta":false,"boss_relics":[{"not_picked":["Fusion Hammer","Velvet Choker"],"picked":"Black Star"},{"not_picked":["Runic Pyramid","SacredBark"],"picked":"Tiny House"}],"items_purged_floors":[],"is_endless":false,"potions_floor_spawned":[2,5,6,12,18,25,30,35,41],"killed_by":"Jaw Worm Horde","ascension_level":0}}