{"host":"7vsti54a9aip3o1e","time":1614441732,"event":{"mods":["AchievementEnabler","BaseMod","Colored Map","Colored Powertips","Highlight Path","Minty Spire (QoL Compilation)","Quick Restart","Rare Cards Sparkle","SuperFastMode"],"gold_per_floor":[115,130,130,130,149,149,192,192,192,231,31,31,31,51,51,51,51],"floor_reached":16,"language":"ENG","playtime":590,"items_purged":[],"score":194,"play_id":"f9002440-3edf-4207-a226-7643393eb7ab","local_time":"20210227110212","is_ascension_mode":true,"campfire_choices":[{"data":"Redo","floor":6,"key":"SMITH"},{"floor":12,"key":"REST"},{"floor":15,"key":"REST"}],"circlet_count":0,"master_deck":["AscendersBane","Strike_B","Strike_B","Strike_B","Defend_B","Defend_B","Defend_B","Defend_B","Zap","Dualcast","Redo+1","Sweeping Beam","Rebound","Seek","Leap","Metamorphosis"],"relics":["Cracked Core","NeowsBlessing","Golden Idol","Pocketwatch","Kunai","Nunchaku","Anchor"],"acts_visited":["Exordium"],"potions_floor_usage":[10,16],"damage_taken":[{"damage":0,"enemies":"2 Louse","floor":1,"turns":1},{"damage":0,"enemies":"Cultist","floor":2,"turns":1},{"damage":0,"enemies":"Small Slimes","floor":5,"turns":1},{"damage":25,"enemies":"Lagavulin","floor":7,"turns":6},{"damage":13,"enemies":"Gremlin Nob","floor":10,"turns":3},{"damage":2,"enemies":"Looter","floor":14,"turns":3},{"damage":38,"enemies":"Slime Boss","floor":16,"turns":6}],"seed_played":"344849224917256356","potions_obtained":[{"floor":1,"key":"EssenceOfSteel"},{"floor":5,"key":"ColorlessPotion"}],"is_trial":false,"path_per_floor":["M","M","?","?","M","R","E","?","T","E","$","R","?","M","R","B"],"character_chosen":"DEFECT","items_purchased":["Metamorphosis"],"campfire_rested":2,"item_purchase_floors":[11],"current_hp_per_floor":[64,64,40,40,40,40,15,15,15,2,2,23,18,16,37,0,0],"gold":51,"neow_bonus":"THREE_ENEMY_KILL","is_daily":false,"chose_seed":false,"campfire_upgraded":1,"win_rate":0.0,"timestamp":1614441732,"path_taken":["M","M","?","?","?","R","E","?","T","E","$","R","?","M","R","BOSS"],"items_purchased_type":["Card"],"build_version":"2020-12-22","purchased_purges":0,"victory":false,"max_hp_per_floor":[71,71,71,71,71,71,71,71,71,71,71,71,71,71,71,71,71],"card_choices":[{"not_picked":["Self Repair","Doom and Gloom"],"picked":"Redo","floor":1},{"not_picked":["Ball Lightning","Undo"],"picked":"Sweeping Beam","floor":2},{"not_picked":["Hologram","Gash"],"picked":"Rebound","floor":5},{"not_picked":["Turbo","Stack"],"picked":"Seek","floor":7},{"not_picked":["Steam Power","Redo"],"picked":"Leap","floor":10},{"not_picked":["Undo","Sweeping Beam","Loop"],"picked":"SKIP","floor":14}],"player_experience":576047,"relics_obtained":[{"floor":7,"key":"Pocketwatch"},{"floor":9,"key":"Kunai"},{"floor":10,"key":"Nunchaku"}],"event_choices":[{"damage_healed":0,"gold_gain":0,"player_choice":"Take Damage","damage_taken":24,"relics_obtained":["Golden Idol"],"max_hp_gain":0,"max_hp_loss":0,"event_name":"Golden Idol","floor":3,"gold_loss":0},{"cards_removed":["Strike_B"],"damage_healed":0,"gold_gain":0,"player_choice":"Purged","damage_taken":0,"max_hp_gain":0,"max_hp_loss":0,"event_name":"Purifier","floor":4,"gold_loss":0},{"damage_healed":0,"gold_gain":0,"player_choice":"Ignored","damage_taken":0,"max_hp_gain":0,"max_hp_loss":0,"event_name":"Shining Light","floor":8,"gold_loss":0},{"damage_healed":0,"gold_gain":0,"player_choice":"Success","damage_taken":5,"relics_obtained":["Anchor"],"max_hp_gain":0,"max_hp_loss":0,"event_name":"Scrap Ooze","floor":13,"gold_loss":0}],"is_beta":false,"boss_relics":[],"items_purged_floors":[],"is_endless":false,"potions_floor_spawned":[1,5,7],"killed_by":"Slime Boss","ascension_level":16}}