{"host":"jsd6g3c2vo13e69c","time":1614434959,"event":{"mods":["2.2 Compatiblity","Act Like it!","BaseMod","Better Altar","Better Match","Better Note","Better Sensory Stone","Better Third Choice","BetterRewards","Colored Map","Colored Powertips","Downfall","Friendly Minions","GifTheSpireLib","Googly Eyes","Gremlin Mod","Hermit","Hubris","Infinite Spire","Melee Mod","Minty Spire (QoL Compilation)","Permanent Neow","Quick Restart","Random Character Button","Replay The Spire","Shop Mod","Spire Arcade","StSLib","The Cursed","The Disciple","The Forsaken","thorton"],"gold_per_floor":[99,109,109,129,129,129,152,163,175,190,204,224,239,267,279,377,377,177,192,210,210,220,220,220,220,246,260,160,260,260,260,260],"floor_reached":30,"language":"ENG","playtime":1783,"items_purged":["hexamod:Strike"],"score":308,"play_id":"7c3ea985-e6fe-4c4d-95ab-3afda3e4c13b","local_time":"20210227090919","is_ascension_mode":false,"campfire_choices":[{"data":"hexamod:Defend","floor":1,"key":"PURGE"},{"data":"hexamod:Float","floor":6,"key":"SMITH"},{"floor":18,"key":"RECALL"},{"data":"ReplayTheSpireMod:Book of Names","floor":28,"key":"SMITH"}],"circlet_count":0,"master_deck":["hexamod:Strike","hexamod:Defend","hexamod:Defend","hexamod:Sear","hexamod:Float+1","hexamod:GhostOfSpirePast+1","hexamod:FirstSeal","hexamod:FastForward","hexamod:RetreatToShadows","hexamod:BurningTouch","hexamod:BurningTouch","ReplayTheSpireMod:Book of Names+1","hexamod:ThirdSeal","hexamod:PhantomFireball","hexamod:RainOfEmbers+1","hexamod:GhostOfSpirePast+1","hexamod:GhostOfSpirePast+1"],"relics":["hexamod:SpiritBrand","Replay:Bottled Eggs","infinitespire:PuzzleCube","thethorton:BottledFunds","downfall:HeartBlessingGreen","downfall:HeartBlessingBlue","Cauldron","Black Star","Eternal Feather","Replay:Mystery Machine","Replay:Bottled Steam","downfall:HeartBlessingRed","Shovel","Singing Bowl"],"acts_visited":["Exordium","TheCity"],"potions_floor_usage":[11,11,14,16,25,26,29],"damage_taken":[{"damage":1,"enemies":"Jaw Worm","floor":2,"turns":3},{"damage":0,"enemies":"Small Slimes","floor":4,"turns":3},{"damage":0,"enemies":"Cultist","floor":8,"turns":3},{"damage":0,"enemies":"downfall:LooterAlt","floor":9,"turns":3},{"damage":6,"enemies":"Lots of Slimes","floor":10,"turns":4},{"damage":5,"enemies":"Large Slime","floor":11,"turns":8},{"damage":0,"enemies":"downfall:LooterAlt","floor":12,"turns":4},{"damage":20,"enemies":"Exordium Thugs","floor":13,"turns":6},{"damage":25,"enemies":"Gremlin Nob","floor":14,"turns":5},{"damage":6,"enemies":"Large Slime","floor":15,"turns":3},{"damage":11,"enemies":"SI_SHIV_ARCHETYPE","floor":16,"turns":6},{"damage":20,"enemies":"downfall:LooterAlt2","floor":19,"turns":4},{"damage":20,"enemies":"Spheric Guardian","floor":20,"turns":4},{"damage":15,"enemies":"Cultist and Chosen","floor":22,"turns":4},{"damage":1,"enemies":"Centurion and Healer","floor":25,"turns":2},{"damage":19,"enemies":"Book of Stabbing","floor":26,"turns":3},{"damage":14,"enemies":"Snecko","floor":27,"turns":4},{"damage":6,"enemies":"IC_STATUS_ARCHETYPE","floor":29,"turns":5},{"damage":58,"enemies":"Nightmare","floor":30,"turns":6}],"seed_played":"-6051372121042510261","potions_obtained":[{"floor":2,"key":"hexamod:EctoCoolerPotion"},{"floor":9,"key":"sneckomod:MuddlingPotion"},{"floor":13,"key":"EssenceOfSteel"},{"floor":14,"key":"LiquidMemories"},{"floor":16,"key":"infinitespire:BlackPotion"},{"floor":19,"key":"SmokeBomb"},{"floor":21,"key":"infinitespire:BlackPotion"},{"floor":27,"key":"Milkshake"}],"is_trial":false,"path_per_floor":["R_BF","M","?","M","?","R","T","M","M","M","M","M","M","E","M","B",null,"R","M","M","AVR","M","?","T","M","E","M","R","?","NM"],"character_chosen":"THE_SPIRIT","items_purchased":[],"campfire_rested":0,"item_purchase_floors":[],"current_hp_per_floor":[49,48,45,45,45,45,45,45,45,39,41,48,35,17,18,14,70,80,67,54,54,46,46,46,52,47,40,49,52,0,0,0],"gold":260,"neow_bonus":"REMOVE_TWO","is_daily":false,"chose_seed":false,"campfire_upgraded":2,"win_rate":0.0,"timestamp":1614434959,"path_taken":["R_BF","M","?","M","?","R","T","M","?","M","M","M","M","E","M","BOSS","R","M","M","AVR","M","?","T","?","E","M","R","?","NM"],"items_purchased_type":[],"build_version":"2020-12-22","purchased_purges":1,"victory":false,"max_hp_per_floor":[70,70,70,70,70,70,70,70,70,70,70,70,70,70,70,70,70,80,80,80,80,80,80,80,80,80,80,80,82,82,82,82],"card_choices":[{"not_picked":["hexamod:SpectralSpark","hexamod:GhostShield"],"picked":"hexamod:GhostOfSpirePast","floor":2},{"not_picked":["hexamod:SpectersWail","hexamod:HeatShield","hexamod:FlamesFromBeyond"],"picked":"SKIP","floor":4},{"not_picked":["hexamod:CatchUp","hexamod:SpectersWail","hexamod:SuperheatedStrike"],"picked":"SKIP","floor":8},{"not_picked":["hexamod:Hexaguard","hexamod:HeatMetal","hexamod:NightmareGuise"],"picked":"SKIP","floor":9},{"not_picked":["hexamod:TimeOfNeed","hexamod:GhostflameBarrier"],"picked":"hexamod:FirstSeal","floor":10},{"not_picked":["hexamod:NightmareGuise","hexamod:ChargedBarrage"],"picked":"hexamod:FastForward","floor":11},{"not_picked":["hexamod:RainOfEmbers","hexamod:ShieldOfDarkness","hexamod:SwordOfDarkness"],"picked":"SKIP","floor":12},{"not_picked":["hexamod:Incineration","hexamod:GhostShield"],"picked":"hexamod:RetreatToShadows","floor":13},{"not_picked":["hexamod:Hexaguard","hexamod:HeatShield"],"picked":"hexamod:BurningTouch","floor":14},{"not_picked":["hexamod:Hexaguard","hexamod:RecurringNightmare"],"picked":"hexamod:BurningTouch","floor":15},{"not_picked":["hexamod:CatchUp","hexamod:SpectersWail","hexamod:HauntingEcho+1"],"picked":"SKIP","floor":19},{"not_picked":["hexamod:NightmareStrike","hexamod:Firestarter","hexamod:SpectralSpark+1"],"picked":"SKIP","floor":20},{"not_picked":["hexamod:CatchUp","hexamod:SuperheatedStrike+1"],"picked":"hexamod:ThirdSeal","floor":22},{"not_picked":["hexamod:SkipABeat","hexamod:BacktrackSmack"],"picked":"hexamod:PhantomFireball","floor":26},{"not_picked":["hexamod:HeatShield+1","hexamod:GhostOfSpireFuture+1"],"picked":"hexamod:RainOfEmbers+1","floor":26},{"not_picked":["hexamod:SuperheatedStrike","hexamod:AdvancingGuard","hexamod:SpectersWail"],"picked":"SKIP","floor":26},{"not_picked":["hexamod:RainOfEmbers+1","hexamod:Again+1"],"picked":"hexamod:GhostOfSpirePast","floor":27},{"not_picked":["hexamod:PhantomCloak","hexamod:SpectersWail+1","hexamod:ThirdSeal"],"picked":"SKIP","floor":27},{"not_picked":["hexamod:GhostShield","hexamod:NecessarySacrifice","hexamod:NightmareStrike"],"picked":"Singing Bowl","floor":29},{"not_picked":["hexamod:HauntingEcho","hexamod:BacktrackSmack"],"picked":"hexamod:GhostOfSpirePast","floor":29}],"player_experience":533769,"relics_obtained":[{"floor":14,"key":"infinitespire:PuzzleCube"},{"floor":24,"key":"Eternal Feather"},{"floor":26,"key":"Replay:Mystery Machine"},{"floor":26,"key":"Replay:Bottled Steam"},{"floor":29,"key":"Shovel"},{"floor":29,"key":"Singing Bowl"}],"event_choices":[{"damage_healed":0,"gold_gain":0,"player_choice":"Relic ","damage_taken":3,"max_hp_gain":0,"max_hp_loss":0,"event_name":"betterThird:BetterScrap","floor":3,"gold_loss":0,"cards_obtained":["Searing Blow"]},{"cards_removed":["hexamod:Strike"],"damage_healed":0,"gold_gain":0,"player_choice":"Offered Basic","damage_taken":0,"max_hp_gain":0,"max_hp_loss":0,"event_name":"Bonfire Elementals","floor":5,"gold_loss":0},{"damage_healed":0,"gold_gain":0,"player_choice":"Ignored","damage_taken":0,"max_hp_gain":0,"max_hp_loss":0,"event_name":"betterNote:BetterNote","floor":23,"gold_loss":0,"cards_obtained":["hexamod:TimeOfNeed"]}],"is_beta":false,"boss_relics":[{"not_picked":["hexamod:IceCube","thethorton:GreedFountain"],"picked":"thethorton:BottledFunds"}],"items_purged_floors":[21],"is_endless":false,"potions_floor_spawned":[2,9,13,14,16,19,22,27],"killed_by":"Nightmare","ascension_level":0}}