{"host":"dm5k5rdu7cxz3rox","time":1614441392,"event":{"mods":["AchievementEnabler","BaseMod","Colored Powertips","Highlight Path","Minty Spire (QoL Compilation)","Relic Stats"],"gold_per_floor":[116,126,139,156,8,19,30,64,90,119,119,154,154,167,167,267,267,287,287,287],"floor_reached":19,"language":"ENG","playtime":1077,"items_purged":["Strike_P"],"score":258,"play_id":"61d04543-8029-428d-bff2-18207a3817df","local_time":"20210227105632","is_ascension_mode":true,"campfire_choices":[{"data":"Weave","floor":11,"key":"SMITH"},{"data":"Wallop","floor":13,"key":"SMITH"},{"data":"WindmillStrike","floor":15,"key":"SMITH"}],"circlet_count":0,"master_deck":["Strike_P","Strike_P","Strike_P","Defend_P","Defend_P","Defend_P","Defend_P","Eruption","Vigilance","DeusExMachina","Weave+1","Crescendo","WindmillStrike+1","SashWhip","CutThroughFate","CarveReality","CutThroughFate","Evaluate","Wallop+1","Tantrum","EmptyBody","DevaForm","TalkToTheHand"],"relics":["PureWater","Tiny Chest","Regal Pillow","InkBottle","Bronze Scales","Snecko Eye"],"acts_visited":["Exordium","TheCity"],"potions_floor_usage":[10,10,14,19],"damage_taken":[{"damage":0,"enemies":"2 Louse","floor":1,"turns":2},{"damage":0,"enemies":"Cultist","floor":2,"turns":2},{"damage":6,"enemies":"Jaw Worm","floor":3,"turns":3},{"damage":4,"enemies":"Red Slaver","floor":4,"turns":3},{"damage":0,"enemies":"Blue Slaver","floor":6,"turns":2},{"damage":0,"enemies":"Exordium Wildlife","floor":7,"turns":3},{"damage":16,"enemies":"Gremlin Nob","floor":8,"turns":3},{"damage":4,"enemies":"3 Sentries","floor":10,"turns":4},{"damage":2,"enemies":"Gremlin Nob","floor":12,"turns":3},{"damage":0,"enemies":"Looter","floor":14,"turns":1},{"damage":14,"enemies":"Hexaghost","floor":16,"turns":6},{"damage":0,"enemies":"Spheric Guardian","floor":18,"turns":3},{"damage":10,"enemies":"Shell Parasite","floor":19,"turns":4}],"seed_played":"6374228301576805529","potions_obtained":[{"floor":2,"key":"Fire Potion"},{"floor":4,"key":"DistilledChaos"},{"floor":6,"key":"AttackPotion"},{"floor":18,"key":"GamblersBrew"}],"is_trial":false,"path_per_floor":["M","M","M","M","$","M","M","E","T","E","R","E","R","M","R","B",null,"M","M"],"character_chosen":"WATCHER","items_purchased":["CutThroughFate","Strength Potion"],"campfire_rested":0,"item_purchase_floors":[5,5],"current_hp_per_floor":[65,65,59,55,55,55,55,39,39,35,35,33,33,33,33,19,59,59,49,49],"gold":287,"neow_bonus":"ONE_RANDOM_RARE_CARD","is_daily":false,"chose_seed":false,"campfire_upgraded":3,"win_rate":0.0,"timestamp":1614441392,"path_taken":["M","M","M","M","$","M","M","E","T","E","R","E","R","M","R","BOSS","M","M"],"items_purchased_type":["Card","Potion"],"build_version":"2020-12-22","purchased_purges":1,"victory":false,"max_hp_per_floor":[72,72,72,72,72,72,72,72,72,72,72,72,72,72,72,72,72,72,72,72],"relic_stats":{"Regal Pillow":0,"counters":[13,39],"Bronze Scales":[45],"Snecko Eye":[6,14,22,14],"Tiny Chest":0,"obtain_stats":[{"Regal Pillow":9,"Bronze Scales":12,"Snecko Eye":17,"Tiny Chest":8,"PureWater":0,"InkBottle":10},{"Regal Pillow":7,"Bronze Scales":9,"Snecko Eye":11,"Tiny Chest":7,"PureWater":0,"InkBottle":8},{"Regal Pillow":18,"Bronze Scales":25,"Snecko Eye":32,"Tiny Chest":18,"PureWater":0,"InkBottle":22}],"InkBottle":[8]},"card_choices":[{"not_picked":["Prostrate","PathToVictory"],"picked":"Weave","floor":1},{"not_picked":["EmptyFist","ClearTheMind"],"picked":"Crescendo","floor":2},{"not_picked":["WaveOfTheHand","BowlingBash"],"picked":"WindmillStrike","floor":3},{"not_picked":["SignatureMove","WreathOfFlame"],"picked":"SashWhip","floor":4},{"not_picked":["SignatureMove","Pray"],"picked":"CarveReality","floor":6},{"not_picked":["Halt","Fasting2"],"picked":"CutThroughFate","floor":7},{"not_picked":["BowlingBash","WaveOfTheHand"],"picked":"Evaluate","floor":8},{"not_picked":["Collect","ClearTheMind"],"picked":"Wallop","floor":10},{"not_picked":["InnerPeace","ThirdEye"],"picked":"Tantrum","floor":12},{"not_picked":["Evaluate","FollowUp"],"picked":"EmptyBody","floor":14},{"not_picked":["Omniscience","ConjureBlade"],"picked":"DevaForm","floor":16},{"not_picked":["Sanctity+1","Study+1"],"picked":"TalkToTheHand","floor":18}],"player_experience":366010,"relics_obtained":[{"floor":8,"key":"Tiny Chest"},{"floor":9,"key":"Regal Pillow"},{"floor":10,"key":"InkBottle"},{"floor":12,"key":"Bronze Scales"}],"event_choices":[],"is_beta":false,"boss_relics":[{"not_picked":["Philosopher\u0027s Stone","Cursed Key"],"picked":"Snecko Eye"}],"items_purged_floors":[5],"is_endless":false,"potions_floor_spawned":[2,4,6,7,8,18],"killed_by":"Shell Parasite","ascension_level":7}}