{"host":"13crfpsgpirtz3r4","time":1614394715,"event":{"mods":["Act Like it!","Ascension Reborn","Aspiration","BaseMod","BetterRewards","CapriCore","Clockwork Mod","Colored Powertips","Downfall","Friendly Minions","Gold Saver","Hermit","Highlight Path","Hubris","Jorbs\u0027s Wanderer Trilogy","Minty Spire (QoL Compilation)","Rare Cards Sparkle","Replay The Spire","Shade Mod","Shop Mod","StSLib","The Animator","The Bug Knight","The Construct","The Cursed","The Disciple","The Forsaken","The Hierophant","The Immortal","The Marked","The Necromancer","The Runesmith","TheBandit","Wandering Minibosses","everything is the same but u backflip on backflip"],"gold_per_floor":[971,981,995,1006,719,731,731,751,751,776,795,808,827,847,847,948,948,958,362,376,376,37,37,55,2,2,29,29,29],"floor_reached":28,"language":"ENG","playtime":5423,"items_purged":[],"score":296,"play_id":"34b35d7b-19e7-4502-bd01-95911cb14820","local_time":"20210226185835","is_ascension_mode":false,"campfire_choices":[{"floor":7,"key":"RECALL"},{"floor":15,"key":"REST"}],"circlet_count":0,"master_deck":["Strike_B+1","Strike_B+1","Strike_B+1","Strike_B+1","Defend_B+1","Defend_B+1","Defend_B+1","Defend_B+1","Zap","Dualcast","animator:Defend_FullmetalAlchemist+1","animator:Strike_Overlord+1","Leap","White Noise","Leap","Echo Form+1","Barrage","Capacitor","Redo","Crystallizer","Loop","Stack","Leap","Hello World","Rainbow+1","Double Energy","Creative AI","Hologram+1","Aggregate","ReplayTheSpireMod:Calculation Training","Loop","ReplayTheSpireMod:Brewmster","Blind","BasicCrystalCard","Go for the Eyes+1","Conserve Battery","Gash"],"relics":["Cracked Core","aspiration:MysteriousAuxiliaryCore","Replay:Frozen Program","Replay:Arrowhead","aspiration:Stellarator","Guide Book","Bottled Tornado","hubris:GlazedTorus","Pen Nib","Prayer Wheel"],"acts_visited":["Exordium","TheCity"],"potions_floor_usage":[6,16,18,28,28],"damage_taken":[{"damage":2,"enemies":"2 Louse","floor":1,"turns":3},{"damage":0,"enemies":"Small Slimes","floor":2,"turns":3},{"damage":0,"enemies":"Jaw Worm","floor":3,"turns":3},{"damage":2,"enemies":"Exordium Thugs","floor":4,"turns":4},{"damage":8,"enemies":"Red Slaver","floor":6,"turns":4},{"damage":13,"enemies":"2 Fungi Beasts","floor":8,"turns":4},{"damage":0,"enemies":"Lagavulin","floor":10,"turns":8},{"damage":18,"enemies":"Exordium Wildlife","floor":11,"turns":7},{"damage":4,"enemies":"Red Slaver","floor":12,"turns":4},{"damage":6,"enemies":"Blue Slaver","floor":13,"turns":3},{"damage":4,"enemies":"Looter","floor":14,"turns":5},{"damage":19,"enemies":"Slime Boss","floor":16,"turns":10},{"damage":26,"enemies":"Shell Parasite","floor":18,"turns":9},{"damage":2,"enemies":"Centurion and Healer","floor":20,"turns":7},{"damage":4,"enemies":"Chosen and Byrds","floor":24,"turns":6},{"damage":30,"enemies":"Book of Stabbing","floor":27,"turns":7},{"damage":13,"enemies":"Cultist and Chosen","floor":28,"turns":5}],"seed_played":"7855974905263534790","potions_obtained":[{"floor":1,"key":"Fire Potion"},{"floor":3,"key":"Venom Potion"},{"floor":12,"key":"AttackPotion"},{"floor":14,"key":"SteroidPotion"},{"floor":16,"key":"LifebloodPotion"},{"floor":20,"key":"FocusPotion"}],"is_trial":false,"path_per_floor":["M","M","M","M","$","M","R","M","T","E","M","M","M","M","R","B",null,"M","$","M","?","$","?","M","$","T","E","M"],"character_chosen":"DEFECT","items_purchased":["Replay:Frozen Program","Barrage","Capacitor","Redo","Guide Book","Aggregate","ReplayTheSpireMod:Calculation Training","Loop","ReplayTheSpireMod:Brewmster","Blind","Bottled Tornado","Go for the Eyes+1","FocusPotion","Conserve Battery"],"campfire_rested":1,"item_purchase_floors":[5,5,5,5,19,19,19,19,19,19,22,22,22,25],"current_hp_per_floor":[73,73,73,71,71,63,63,50,50,50,32,28,22,18,40,21,75,49,49,47,47,47,47,43,43,43,13,0,0],"gold":29,"neow_bonus":"ONE_RARE_RELIC","is_daily":false,"chose_seed":false,"campfire_upgraded":0,"win_rate":0.0,"timestamp":1614394715,"path_taken":["M","M","M","M","$","M","R","M","T","E","M","M","M","M","R","BOSS","M","$","M","?","$","?","M","$","T","E","M"],"items_purchased_type":["Relic","Card","Card","Card","Relic","Card","Card","Card","Card","Card","Relic","Card","Potion","Card"],"build_version":"2020-12-22","purchased_purges":0,"victory":false,"max_hp_per_floor":[75,75,75,75,75,75,75,75,75,75,75,75,75,75,75,75,75,75,75,75,75,75,75,75,75,75,75,75,75],"card_choices":[{"not_picked":["Storm","hubris:Ukulele"],"picked":"Leap","floor":1},{"not_picked":["Conserve Battery","Heatsinks"],"picked":"White Noise","floor":2},{"not_picked":["Ball Lightning","Coolheaded"],"picked":"Leap","floor":3},{"not_picked":["FTL","Rebound"],"picked":"Echo Form","floor":4},{"not_picked":["Steam","BasicCrystalCard"],"picked":"Crystallizer","floor":6},{"not_picked":["Force Field","ReplaySolidLightProjector"],"picked":"Loop","floor":8},{"not_picked":["Leap","Heatsinks"],"picked":"Stack","floor":10},{"not_picked":["Darkness","Recycle"],"picked":"Leap","floor":11},{"not_picked":["Gash","Leap"],"picked":"Hello World","floor":12},{"not_picked":["Rebound","Heatsinks"],"picked":"Rainbow","floor":13},{"not_picked":["Steam","Melter"],"picked":"Double Energy","floor":14},{"not_picked":["Seek","hubris:SpecializedCircuitry"],"picked":"Creative AI","floor":16},{"not_picked":["Compile Driver","Stack"],"picked":"Hologram+1","floor":18},{"not_picked":["ReplayTheSpireMod:GoodbyeWorld+1","Turbo"],"picked":"BasicCrystalCard","floor":20},{"not_picked":["FIFO Queue","Steam"],"picked":"ReplayTheSpireMod:Fabricate Wheel","floor":24},{"not_picked":["Rebound+1","Tempest"],"picked":"Gash","floor":27}],"player_experience":190079,"relics_obtained":[{"floor":10,"key":"Replay:Arrowhead"},{"floor":26,"key":"hubris:GlazedTorus"},{"floor":27,"key":"Pen Nib"}],"event_choices":[{"damage_healed":0,"gold_gain":0,"player_choice":"Simplicity","damage_taken":0,"max_hp_gain":0,"max_hp_loss":0,"event_name":"Back to Basics","floor":23,"gold_loss":0,"cards_upgraded":["Strike_B","Strike_B","Strike_B","Strike_B","Defend_B","Defend_B","Defend_B","Defend_B","animator:Defend_FullmetalAlchemist","animator:Strike_Overlord"]}],"is_beta":false,"boss_relics":[{"not_picked":["Ring of Chaos","Fusion Hammer"],"picked":"aspiration:Stellarator"}],"items_purged_floors":[],"is_endless":false,"potions_floor_spawned":[1,3,12,14,16,20],"killed_by":"Cultist and Chosen","ascension_level":0}}