{"host":"338bkdl2yirdp2ct","time":1614391752,"event":{"mods":["AchievementEnabler","BaseMod","Colored Powertips","Highlight Path","Minty Spire (QoL Compilation)","Quick Restart","Relic Sorter","Unceasing Turn Reminder","slay the spire mod where everything is the same but ironclad has a cowboy hat"],"gold_per_floor":[114,125,73,99,26,26,201,216,216,216,277,287,287,287],"floor_reached":13,"language":"ENG","playtime":226,"items_purged":[],"score":73,"play_id":"6c3336b7-5118-45ee-b5c8-484fff95ee4d","local_time":"20210226180912","is_ascension_mode":false,"campfire_choices":[{"data":"Capacitor","floor":6,"key":"SMITH"},{"data":"Zap","floor":10,"key":"SMITH"}],"circlet_count":0,"master_deck":["Strike_B","Strike_B+1","Strike_B+1","Strike_B","Defend_B","Defend_B","Defend_B","Defend_B","Zap+1","Dualcast","Sweeping Beam","Steam","Capacitor+1","Doubt","Gash","Self Repair"],"relics":["Cracked Core","NeowsBlessing","Vajra","Question Card","Whetstone"],"acts_visited":["Exordium"],"potions_floor_usage":[13],"damage_taken":[{"damage":0,"enemies":"Cultist","floor":1,"turns":1},{"damage":0,"enemies":"Small Slimes","floor":2,"turns":1},{"damage":0,"enemies":"Jaw Worm","floor":8,"turns":1},{"damage":49,"enemies":"Gremlin Nob","floor":11,"turns":5},{"damage":7,"enemies":"Blue Slaver","floor":12,"turns":4},{"damage":29,"enemies":"Lagavulin","floor":13,"turns":6}],"seed_played":"-6356490370693598363","potions_obtained":[{"floor":12,"key":"Weak Potion"}],"is_trial":false,"path_per_floor":["M","M","$","T","$","R","?","M","T","R","?","M","E"],"character_chosen":"DEFECT","items_purchased":["Steam","Capacitor"],"campfire_rested":0,"item_purchase_floors":[3,5],"current_hp_per_floor":[75,75,75,75,75,75,75,75,75,75,26,19,0,0],"gold":287,"neow_bonus":"THREE_ENEMY_KILL","is_daily":false,"chose_seed":false,"campfire_upgraded":2,"win_rate":0.0,"timestamp":1614391752,"path_taken":["M","M","$","?","?","R","?","M","T","R","?","M","E"],"items_purchased_type":["Card","Card"],"build_version":"2020-12-22","purchased_purges":0,"victory":false,"max_hp_per_floor":[75,75,75,75,75,75,75,75,75,75,75,75,75,75],"card_choices":[{"not_picked":["Streamline","Recycle","Beam Cell"],"picked":"SKIP","floor":1},{"not_picked":["Conserve Battery","Go for the Eyes"],"picked":"Sweeping Beam","floor":2},{"not_picked":["Cold Snap","Reinforced Body","Rebound"],"picked":"SKIP","floor":8},{"not_picked":["Compile Driver","Redo","Go for the Eyes"],"picked":"Gash","floor":11},{"not_picked":["Redo","Go for the Eyes","Coolheaded"],"picked":"Self Repair","floor":12}],"player_experience":1172809,"relics_obtained":[{"floor":4,"key":"Vajra"},{"floor":9,"key":"Question Card"},{"floor":11,"key":"Whetstone"}],"event_choices":[{"damage_healed":0,"gold_gain":175,"player_choice":"AGREE","damage_taken":0,"max_hp_gain":0,"max_hp_loss":0,"event_name":"Liars Game","floor":7,"gold_loss":0,"cards_obtained":["Doubt"]},{"damage_healed":0,"gold_gain":0,"player_choice":"Searched \u00271\u0027 times","damage_taken":0,"max_hp_gain":0,"max_hp_loss":0,"event_name":"Dead Adventurer","floor":11,"gold_loss":0}],"is_beta":false,"boss_relics":[],"items_purged_floors":[],"is_endless":false,"potions_floor_spawned":[12],"killed_by":"Lagavulin","ascension_level":0}}