{"host":"ve9aztkoyqeblvav","time":1614430099,"event":{"mods":["Act Like it!","Aspiration","BaseMod","Colored Map","Colored Powertips","Highlight Path","Marked Mod","Minty Spire (QoL Compilation)","Pale of the Ancients","Quick Restart","Reorder Act Four","StSLib","The Hierophant","Waifu the Spire","[IsaacMod]ÒÔÈö¼âËþ"],"gold_per_floor":[114,76,76,87,6,34,45,71,83,127,139,168,210,174,174,248,257,278,193,228,237,251,276,348,388,458,458,475,503,503,585,585,659,659,690,690,690,699,706,706,732,805,805,823,841,931,931,931,931,962,962,1030,1039,1064,1064,1093,1125,1205,1205,1224,1224,1231,1300,1300,1330,1409,1409,1409,1454,1486,1504,1504,1504,1539,1572,1581,1581,1610,1610,1610,1617,1617,1653,1653,1687,1708],"floor_reached":57,"language":"ZHS","playtime":4204,"items_purged":["Strike_R","Strike_R","Strike_R","Bash+1","Strike_R+1","Uppercut+1","Uppercut+1","Reckless Charge+1","Armaments+1","Evolve+1","Demon Form+1","Rupture+1","Metallicize+1","Fire Breathing+1","Evolve+1","Evolve+1","Rupture+1","Feel No Pain+1","Metallicize+1"],"score":4510,"play_id":"1089a698-c71d-4d2b-a4b7-28162ccf27ea","local_time":"20210227204817","is_ascension_mode":true,"campfire_choices":[{"data":"Seeing Red","floor":11.0,"key":"SMITH"},{"data":"Shockwave","floor":15.0,"key":"SMITH"},{"floor":32.0,"key":"RECALL"},{"data":"1","floor":40.0,"key":"LIFT"},{"data":"2","floor":44.0,"key":"LIFT"},{"data":"3","floor":49.0,"key":"LIFT"},{"floor":49.0,"key":"REST"},{"floor":54.0,"key":"REST"}],"circlet_count":106,"master_deck":["AscendersBane","EpicFetus+1","Reaper","Seeing Red+1","Shockwave+1","Shrug It Off+1","Burning Pact+1","Power Through+1","Second Wind+1","Fiend Fire+1","Battle Trance+1","Warcry+1","Offering+1","Body Slam+1","Entrench+1","Burning Pact+1","Evolve+1","Berserk+1","Dark Embrace+1","Feel No Pain+1","Dark Embrace+1","Feel No Pain+1","Feel No Pain+1","Metallicize+1","Barricade+1"],"relics":["Burning Blood","HushsDoor","SteamSale","NeowsBlessing","Chemical X","Ornamental Fan","MawBank","Gremlin Horn","Girya","The Courier","Membership Card","TheBean","Boot","Self Forming Clay","Pear","MoneyPower","Happy Flower","Omamori","StrikeDummy","GnawedLeaf","Pantograph","Orichalcum","CeramicFish","Molten Egg 2","Strawberry","BookOfRevelations","aspiration:HiddenCompartment","aspiration:SeaSaltIceCream","Nunchaku","Runic Pyramid","TungstenRod","Bag of Preparation","Ginger","Frozen Egg 2","Regal Pillow","Toy Ornithopter","MealTicket","PillsDrop","Red Skull","TuHaoJin","Pocketwatch","Blood Vial","PreservedInsect","Lantern","Potion Belt","Meat on the Bone","BookofShadows","SalivaCoin","Whetstone","Dream Catcher","Bag of Marbles","Pen Nib","Anchor","Letter Opener","SatanicBible","StoneCalendar","SharpPlug","Akabeko","D6","Tiny Chest","aspiration:DSix","Void","WingedGreaves","Shuriken","War Paint","White Beast Statue","aspiration:ChemicalBlood","Oddly Smooth Stone","aspiration:Lifesprig","HowToJump","Paper Frog","Torii","TheBible","Kunai","Vajra","Matryoshka","Ancient Tea Set","Champion Belt","aspiration:ArtOfWarUpgrade","Bronze Scales","GuppysHead","Juzu Bracelet","Centennial Puzzle","aspiration:HummingbirdHeart","FossilizedHelix","BelialBook","aspiration:FrozenJewel","DoctorsRemote","Singing Bowl","DeathBook","HornCleat","Bottled Tornado","aspiration:StickyExplosives_weak","Darkstone Periapt","DeadEye","Bottled Lightning","CaptainsWheel","Brimstone","Blue Candle","Eternal Feather","Toxic Egg 2","Mummified Hand","aspiration:HatOfInfinitePower","Sundial","Shovel","Unceasing Top","Magic Flower","Lizard Tail","Turnip","Leech","BloodDonationMachine","Du-Vu Doll","Mercury Hourglass","Gambling Chip","Prayer Wheel","Thread and Needle","AnarchistCookbook","PunchingBag","Bird Faced Urn","Calipers","YumHeart","EdensBlessing","Mango","aspiration:AnachronicSnailShell","Incense Burner","Ice Cream","GuppysPaw","Charon\u0027s Ashes","D4","GuppysTail","PokeGo","Circlet","aspiration:RitualDagger","TheAbacus","Chaos","MagicMushroom","Astrolabe","NineVolt","BFFS","Medical Kit","Mark of Pain","OrangePellets","Pandora\u0027s Box","HoveringKite","SlaversCollar","MyShadow","Calling Bell","ChampionBelt","Philosopher\u0027s Stone","Inserter","Succubus","Tingsha","Tough Bandages","JudasShadow","Runic Cube","Sling","Ring of the Snake","Snake Skull","Black Blood"],"acts_visited":["Exordium","TheCity","TheBeyond","TheEnding"],"potions_floor_usage":[56,56],"damage_taken":[{"damage":0.0,"enemies":"Cultist","floor":1.0,"turns":1.0},{"damage":0.0,"enemies":"Jaw Worm","floor":4.0,"turns":1.0},{"damage":0.0,"enemies":"Gremlin Nob","floor":6.0,"turns":1.0},{"damage":23.0,"enemies":"Small Slimes","floor":7.0,"turns":7.0},{"damage":25.0,"enemies":"Lagavulin","floor":8.0,"turns":7.0},{"damage":5.0,"enemies":"3 Sentries","floor":10.0,"turns":2.0},{"damage":7.0,"enemies":"Red Slaver","floor":12.0,"turns":4.0},{"damage":27.0,"enemies":"Gremlin Nob","floor":13.0,"turns":4.0},{"damage":0.0,"enemies":"Slime Boss","floor":16.0,"turns":2.0},{"damage":0.0,"enemies":"Spheric Guardian","floor":18.0,"turns":1.0},{"damage":0.0,"enemies":"Chosen","floor":20.0,"turns":2.0},{"damage":0.0,"enemies":"Snake Plant","floor":22.0,"turns":1.0},{"damage":0.0,"enemies":"Book of Stabbing","floor":23.0,"turns":1.0},{"damage":0.0,"enemies":"Gremlin Leader","floor":25.0,"turns":1.0},{"damage":0.0,"enemies":"Centurion and Healer","floor":28.0,"turns":1.0},{"damage":0.0,"enemies":"Slavers","floor":29.0,"turns":1.0},{"damage":0.0,"enemies":"Automaton","floor":33.0,"turns":2.0},{"damage":0.0,"enemies":"Reptomancer","floor":35.0,"turns":1.0},{"damage":0.0,"enemies":"Nemesis","floor":41.0,"turns":1.0},{"damage":0.0,"enemies":"3 Shapes","floor":45.0,"turns":1.0},{"damage":0.0,"enemies":"Reptomancer","floor":35.0,"turns":1.0},{"damage":0.0,"enemies":"Mind Bloom Boss Battle","floor":39.0,"turns":1.0},{"damage":0.0,"enemies":"Giant Head","floor":41.0,"turns":1.0},{"damage":0.0,"enemies":"Reptomancer","floor":42.0,"turns":1.0},{"damage":0.0,"enemies":"3 Shapes","floor":45.0,"turns":1.0},{"damage":0.0,"enemies":"Giant Head","floor":35.0,"turns":1.0},{"damage":0.0,"enemies":"2 Orb Walkers","floor":39.0,"turns":1.0},{"damage":0.0,"enemies":"Nemesis","floor":40.0,"turns":1.0},{"damage":0.0,"enemies":"Reptomancer","floor":44.0,"turns":1.0},{"damage":0.0,"enemies":"Nemesis","floor":45.0,"turns":1.0},{"damage":0.0,"enemies":"Giant Head","floor":48.0,"turns":1.0},{"damage":0.0,"enemies":"Donu and Deca","floor":50.0,"turns":1.0},{"damage":0.0,"enemies":"Awakened One","floor":51.0,"turns":2.0},{"damage":0.0,"enemies":"Shield and Spear","floor":55.0,"turns":1.0},{"damage":0,"enemies":"The Heart","floor":56,"turns":4}],"seed_played":"2643811361589600939","potions_obtained":[{"floor":4.0,"key":"BloodPotion"},{"floor":6.0,"key":"Fruit Juice"},{"floor":7.0,"key":"BlessingOfTheForge"},{"floor":28.0,"key":"FairyPotion"},{"floor":33.0,"key":"EssenceOfSteel"},{"floor":41.0,"key":"BlessingOfTheForge"},{"floor":41.0,"key":"FairyPotion"}],"is_trial":false,"path_per_floor":["M","$","?","M","$","E","M","E","T","E","R","M","E","$","R","B",null,"M","?","M","$","M","E","$","E","T","?","M","E","$","T","R","B",null,"M","?","?","$","?","R","E","T","T","$","M","$","$","?","R","M","?","T","$","?","R","E","M","T","R","M","$","?","T","R","M","T","?","$","?","E","$","R","T","M","M","$","$","M","R","B","B",null,"$","R","E","B",null],"character_chosen":"IRONCLAD","items_purchased":["Chemical X","Membership Card","TheBean","Boot","Self Forming Clay","Pear","MoneyPower","Happy Flower","Omamori","StrikeDummy","GnawedLeaf","Pantograph","Orichalcum","CeramicFish","Molten Egg 2","Strawberry","BookOfRevelations","aspiration:HiddenCompartment","aspiration:SeaSaltIceCream","Nunchaku","TungstenRod","Bag of Preparation","Ginger","Frozen Egg 2","Regal Pillow","Toy Ornithopter","MealTicket","PillsDrop","Red Skull","TuHaoJin","Pocketwatch","Blood Vial","PreservedInsect","Lantern","Potion Belt","Meat on the Bone","BookofShadows","SalivaCoin","Whetstone","Dream Catcher","Bag of Marbles","Pen Nib","Anchor","Letter Opener","SatanicBible","StoneCalendar","SharpPlug","Akabeko","D6","Tiny Chest","aspiration:DSix","Void","WingedGreaves","Shuriken","War Paint","White Beast Statue","aspiration:ChemicalBlood","Oddly Smooth Stone","aspiration:Lifesprig","HowToJump","Paper Frog","Torii","TheBible","Kunai","Vajra","Matryoshka","Ancient Tea Set","Champion Belt","Art of War","Bronze Scales","GuppysHead","Juzu Bracelet","Centennial Puzzle","aspiration:HummingbirdHeart","FossilizedHelix","BelialBook","aspiration:FrozenJewel","DoctorsRemote","Singing Bowl","DeathBook","HornCleat","Bottled Tornado","aspiration:StickyExplosives_weak","Darkstone Periapt","DeadEye","Bottled Lightning","CaptainsWheel","LiquidMemories","Swift Potion","Energy Potion","Brimstone","Blue Candle","Eternal Feather","Toxic Egg 2","Mummified Hand","aspiration:HatOfInfinitePower","Sundial","Shovel","Unceasing Top","Magic Flower","Lizard Tail","Turnip","Leech","BloodDonationMachine","ForgetMeNow","Du-Vu Doll","Mercury Hourglass","Gambling Chip","Prayer Wheel","Thread and Needle","AnarchistCookbook","PunchingBag","Bird Faced Urn","Calipers","YumHeart","EdensBlessing","BlankCard","Mango","aspiration:AnachronicSnailShell","Incense Burner","Ice Cream","GuppysPaw","Charon\u0027s Ashes","Diplopia","D4","GuppysTail","PokeGo","Circlet","Shrug It Off+1","Armaments+1","Burning Pact+1","Second Wind+1","TheAbacus","Chaos","MagicMushroom","Astrolabe","NineVolt","BFFS","Medical Kit","Mark of Pain","OrangePellets","Battle Trance+1","Pandora\u0027s Box","HoveringKite","SlaversCollar","MyShadow","Calling Bell","Circlet","Circlet","Circlet","Circlet","Circlet","Circlet","Circlet","Circlet","Circlet","Circlet","Circlet","Circlet","Circlet","Circlet","Warcry+1","Offering+1","ChampionBelt","Circlet","Circlet","Circlet","Circlet","Circlet","Circlet","Circlet","Circlet","Circlet","Circlet","Circlet","Circlet","Circlet","Circlet","Circlet","Circlet","Circlet","Circlet","Circlet","Circlet","Circlet","Circlet","Circlet","Circlet","Circlet","Fruit Juice","Damocles","Inserter","Circlet","Entrench+1","Succubus","Burning Pact+1","Evolve+1","PowerPotion","Tingsha","Evolve+1","Metallicize+1","Rupture+1","Evolve+1","Inflame+1","Demon Form+1","Berserk+1","Fire Breathing+1","Dark Embrace+1","Feel No Pain+1","Circlet","Circlet","Circlet","Tough Bandages","JudasShadow","ChaosCard","Runic Cube","GamblersBrew","LiquidMemories","Sling","Rupture+1","Dark Embrace+1","Ring of the Snake","Feel No Pain+1","Snake Skull","Black Blood","Feel No Pain+1","Metallicize+1","Metallicize+1","Barricade+1","Circlet","Circlet","Circlet","Circlet","Circlet","Circlet","Circlet","Circlet","Circlet","Circlet","Circlet","Circlet","Circlet","Circlet","Circlet","Circlet","Circlet"],"campfire_rested":2,"item_purchase_floors":[5,14,14,14,14,14,14,14,14,14,14,14,14,14,14,14,14,14,14,14,14,14,14,14,14,14,14,14,14,14,14,14,14,14,14,14,14,14,14,14,14,14,14,14,14,14,14,14,14,14,14,14,14,14,14,14,14,14,14,14,14,14,14,14,14,14,14,14,14,14,14,14,14,14,14,14,14,14,14,14,14,14,14,14,14,14,14,14,14,14,14,14,14,14,14,14,14,14,14,14,14,14,14,14,14,14,14,14,14,14,14,14,14,14,14,14,14,14,14,14,14,14,14,14,14,14,14,14,14,14,17,21,21,24,24,24,24,24,24,24,24,24,24,24,24,24,24,24,24,24,24,24,24,24,24,24,24,24,24,24,24,24,24,30,30,30,30,30,30,30,30,30,30,30,30,30,30,30,30,30,30,30,30,30,30,30,30,30,30,30,34,38,38,38,44,44,44,44,46,46,46,46,46,46,46,46,46,46,46,46,46,46,47,38,38,46,46,46,38,41,41,46,46,47,53,53,53,53,53,53,53,53,53,53,53,53,53,53,53,53,53,53,53,53,53,53],"current_hp_per_floor":[74,74,51,57,57,63,55,36,36,49,49,48,33,69,78,118,111,113,113,115,115,119,126,148,153,158,158,162,169,169,179,179,186,169,181,181,181,181,155,164,191,196,201,203,212,212,212,201,201,213,213,218,218,230,230,242,254,259,259,268,268,265,270,279,291,296,281,281,293,305,305,305,310,322,334,334,334,346,348,348,348,348,348,350,360,1],"gold":1708,"neow_bonus":"THREE_ENEMY_KILL","is_daily":false,"chose_seed":false,"campfire_upgraded":2,"win_rate":0.0,"timestamp":1614430097,"path_taken":["M","?","?","M","$","E","M","E","T","E","R","?","E","?","R","BOSS","M","?","M","$","M","E","$","E","T","?","M","E","?","?","R","BOSS","M","?","?","$","?","R","E","?","T","?","M","$","$","?","R","M","?","?","$","?","R","E","M","T","R","M","$","?","?","R","M","?","?","$","?","E","?","R","T","M","M","$","$","M","R","BOSS","BOSS","$","R","E","BOSS"],"items_purchased_type":["Relic","Relic","Relic","Relic","Relic","Relic","Relic","Relic","Relic","Relic","Relic","Relic","Relic","Relic","Relic","Relic","Relic","Relic","Relic","Relic","Relic","Relic","Relic","Relic","Relic","Relic","Relic","Relic","Relic","Relic","Relic","Relic","Relic","Relic","Relic","Relic","Relic","Relic","Relic","Relic","Relic","Relic","Relic","Relic","Relic","Relic","Relic","Relic","Relic","Relic","Relic","Card","Relic","Relic","Relic","Relic","Relic","Relic","Relic","Relic","Relic","Relic","Relic","Relic","Relic","Relic","Relic","Relic","Relic","Relic","Relic","Relic","Relic","Relic","Relic","Relic","Relic","Relic","Relic","Relic","Relic","Relic","Relic","Relic","Relic","Relic","Relic","Potion","Potion","Potion","Relic","Relic","Relic","Relic","Relic","Relic","Relic","Relic","Relic","Relic","Relic","Relic","Relic","Relic","Relic","Relic","Relic","Relic","Relic","Relic","Relic","Relic","Relic","Relic","Relic","Relic","Relic","Relic","Relic","Relic","Relic","Relic","Relic","Relic","Relic","Relic","Relic","Undefined","Card","Card","Card","Card","Relic","Card","Relic","Relic","Relic","Relic","Relic","Relic","Relic","Card","Relic","Relic","Relic","Relic","Relic","Undefined","Undefined","Undefined","Undefined","Undefined","Undefined","Undefined","Undefined","Undefined","Undefined","Undefined","Undefined","Undefined","Undefined","Card","Card","Relic","Undefined","Undefined","Undefined","Undefined","Undefined","Undefined","Undefined","Undefined","Undefined","Undefined","Undefined","Undefined","Undefined","Undefined","Undefined","Undefined","Undefined","Undefined","Undefined","Undefined","Undefined","Undefined","Undefined","Undefined","Undefined","Potion","Relic","Relic","Undefined","Card","Relic","Card","Card","Potion","Relic","Card","Card","Card","Card","Card","Card","Card","Card","Card","Card","Undefined","Undefined","Undefined","Relic","Relic","Card","Relic","Potion","Potion","Relic","Card","Card","Relic","Card","Relic","Relic","Card","Card","Card","Card","Undefined","Undefined","Undefined","Undefined","Undefined","Undefined","Undefined","Undefined","Undefined","Undefined","Undefined","Undefined","Undefined","Undefined","Undefined","Undefined","Undefined"],"build_version":"2020-12-22","purchased_purges":19,"victory":true,"max_hp_per_floor":[75,75,75,75,75,75,80,80,80,80,80,80,80,116,116,118,111,113,113,115,115,119,126,148,153,158,158,162,169,169,179,179,186,169,181,181,181,181,181,181,193,198,203,203,212,212,212,201,201,213,213,218,218,230,230,242,254,259,259,268,268,274,279,279,291,296,281,281,293,305,305,305,310,322,334,334,334,346,348,348,348,348,348,350,360,1],"card_choices":[{"not_picked":[],"picked":"EpicFetus","floor":0.0},{"not_picked":["Carnage","Body Slam"],"picked":"Bomb","floor":1.0},{"not_picked":["Clothesline","Iron Wave"],"picked":"Bomb","floor":4.0},{"not_picked":["Wild Strike","Havoc"],"picked":"Reaper","floor":6.0},{"not_picked":["Infernal Blade","Havoc"],"picked":"Seeing Red","floor":7.0},{"not_picked":["Headbutt","Demon Form"],"picked":"Fire Breathing","floor":8.0},{"not_picked":["Twin Strike","Wild Strike"],"picked":"Shockwave","floor":10.0},{"not_picked":["Wild Strike","True Grit","Sentinel"],"picked":"SKIP","floor":12.0},{"not_picked":["Thunderclap","Fire Breathing","Dropkick"],"picked":"SKIP","floor":13.0},{"not_picked":["Reaper+1","Feed+1","Double Tap+1"],"picked":"Singing Bowl","floor":16.0},{"not_picked":["Sword Boomerang+1","Perfected Strike+1","Shockwave+1"],"picked":"Singing Bowl","floor":18.0},{"not_picked":["Infernal Blade+1","Pommel Strike+1"],"picked":"Power Through+1","floor":18.0},{"not_picked":["True Grit+1","Perfected Strike+1","Blood for Blood+1"],"picked":"Singing Bowl","floor":20.0},{"not_picked":["Iron Wave+1","Sword Boomerang+1"],"picked":"Feel No Pain+1","floor":20.0},{"not_picked":["Heavy Blade+1","Perfected Strike+1","Shrug It Off+1"],"picked":"Singing Bowl","floor":22.0},{"not_picked":["Shrug It Off+1","Havoc+1","Reaper+1"],"picked":"Singing Bowl","floor":22.0},{"not_picked":["Cleave+1","Twin Strike+1","Armaments+1"],"picked":"Singing Bowl","floor":23.0},{"not_picked":["Carnage+1","Entrench+1"],"picked":"Body Slam+1","floor":25.0},{"not_picked":["Wild Strike+1","Searing Blow+1","Bloodletting+1"],"picked":"Singing Bowl","floor":28.0},{"not_picked":["Armaments+1","Headbutt+1","Dual Wield+1"],"picked":"Singing Bowl","floor":28.0},{"not_picked":["Clash+1","Shockwave+1","Thunderclap+1"],"picked":"Singing Bowl","floor":29.0},{"not_picked":["Demon Form+1","Juggernaut+1","Double Tap+1"],"picked":"Singing Bowl","floor":33.0},{"not_picked":["Heavy Blade+1","Clothesline+1","Clash+1"],"picked":"Singing Bowl","floor":35.0},{"not_picked":["Clothesline+1","Cleave+1","Perfected Strike+1"],"picked":"Singing Bowl","floor":41.0},{"not_picked":["Iron Wave+1","Seeing Red+1","Sword Boomerang+1"],"picked":"Singing Bowl","floor":45.0},{"not_picked":["Double Tap+1","Sword Boomerang+1","Battle Trance+1"],"picked":"Singing Bowl","floor":45.0},{"not_picked":["Carnage+1","Limit Break+1","Flex+1"],"picked":"Singing Bowl","floor":35.0},{"not_picked":["Clothesline+1","Second Wind+1","Cleave+1"],"picked":"Singing Bowl","floor":39.0},{"not_picked":["Anger+1","Sentinel+1","Flex+1"],"picked":"Singing Bowl","floor":41.0},{"not_picked":["Feed+1","Anger+1","Clash+1"],"picked":"Singing Bowl","floor":42.0},{"not_picked":["Second Wind+1","Flame Barrier+1","Inflame+1"],"picked":"Singing Bowl","floor":45.0},{"not_picked":["Cleave+1","Blood for Blood+1","Second Wind+1"],"picked":"Singing Bowl","floor":45.0},{"not_picked":["Enlightenment+1","Forethought+1","Flash of Steel+1"],"picked":"Singing Bowl","floor":47.0},{"not_picked":["Swift Strike+1","Purity+1","Panacea+1"],"picked":"Singing Bowl","floor":47.0},{"not_picked":["BettingIsNotGood+1","Thinking Ahead+1","Violence+1"],"picked":"Singing Bowl","floor":47.0},{"not_picked":["Evolve+1","Iron Wave+1","Anger+1"],"picked":"Singing Bowl","floor":35.0},{"not_picked":["Uppercut+1","Ghostly Armor+1","Seeing Red+1"],"picked":"Singing Bowl","floor":39.0},{"not_picked":["Ghostly Armor+1","Fire Breathing+1","Cleave+1"],"picked":"Singing Bowl","floor":40.0},{"not_picked":["Twin Strike+1","Armaments+1","Heavy Blade+1"],"picked":"Singing Bowl","floor":44.0},{"not_picked":["Brutality+1","Second Wind+1","Metallicize+1"],"picked":"Singing Bowl","floor":45.0},{"not_picked":["Thunderclap+1","Dropkick+1","Fire Breathing+1"],"picked":"Singing Bowl","floor":48.0},{"not_picked":["Evolve+1","Armaments+1","Shrug It Off+1"],"picked":"Singing Bowl","floor":49.0},{"not_picked":["Cleave+1","Flex+1","Rampage+1"],"picked":"Singing Bowl","floor":54.0},{"not_picked":["Corruption+1","Dual Wield+1","Twin Strike+1"],"picked":"SKIP","floor":55.0}],"player_experience":1734754,"relics_obtained":[{"floor":6.0,"key":"Ornamental Fan"},{"floor":8.0,"key":"MawBank"},{"floor":9.0,"key":"Gremlin Horn"},{"floor":10.0,"key":"Girya"},{"floor":13.0,"key":"The Courier"},{"floor":23.0,"key":"Circlet"},{"floor":24.0,"key":"Circlet"},{"floor":24.0,"key":"Circlet"},{"floor":24.0,"key":"Circlet"},{"floor":25.0,"key":"Circlet"},{"floor":26.0,"key":"Circlet"},{"floor":29.0,"key":"Circlet"},{"floor":31.0,"key":"Circlet"},{"floor":31.0,"key":"Circlet"},{"floor":35.0,"key":"Circlet"},{"floor":35.0,"key":"Circlet"},{"floor":41.0,"key":"Circlet"},{"floor":41.0,"key":"Circlet"},{"floor":42.0,"key":"Circlet"},{"floor":43.0,"key":"Circlet"},{"floor":45.0,"key":"Circlet"},{"floor":35.0,"key":"Circlet"},{"floor":35.0,"key":"Circlet"},{"floor":37.0,"key":"Circlet"},{"floor":39.0,"key":"Circlet"},{"floor":39.0,"key":"Circlet"},{"floor":41.0,"key":"Circlet"},{"floor":41.0,"key":"Circlet"},{"floor":42.0,"key":"Circlet"},{"floor":42.0,"key":"Circlet"},{"floor":43.0,"key":"Circlet"},{"floor":45.0,"key":"Circlet"},{"floor":48.0,"key":"Circlet"},{"floor":35.0,"key":"Circlet"},{"floor":35.0,"key":"Circlet"},{"floor":36.0,"key":"Circlet"},{"floor":39.0,"key":"Circlet"},{"floor":39.0,"key":"Circlet"},{"floor":40.0,"key":"Circlet"},{"floor":40.0,"key":"Circlet"},{"floor":43.0,"key":"Circlet"},{"floor":44.0,"key":"Circlet"},{"floor":44.0,"key":"Circlet"},{"floor":45.0,"key":"Circlet"},{"floor":45.0,"key":"Circlet"},{"floor":48.0,"key":"Circlet"},{"floor":48.0,"key":"Circlet"},{"floor":55.0,"key":"Circlet"},{"floor":55.0,"key":"Circlet"}],"event_choices":[{"damage_healed":0.0,"max_hp_gain":0.0,"max_hp_loss":0.0,"gold_gain":0.0,"event_name":"Shining Light","player_choice":"Entered Light","floor":3.0,"gold_loss":0.0,"damage_taken":23.0,"cards_upgraded":["EpicFetus","Bash"]},{"damage_healed":0.0,"max_hp_gain":0.0,"max_hp_loss":0.0,"gold_gain":0.0,"event_name":"Addict","player_choice":"Obtained Relic","floor":19.0,"gold_loss":85.0,"damage_taken":0.0,"relics_obtained":["Circlet"]},{"damage_healed":0.0,"max_hp_gain":0.0,"max_hp_loss":0.0,"gold_gain":0.0,"event_name":"Wheel of Change","player_choice":"Cursed","floor":27.0,"gold_loss":0.0,"damage_taken":0.0,"cards_obtained":["Decay"]},{"cards_removed":["Fire Breathing"],"damage_healed":0.0,"max_hp_gain":0.0,"max_hp_loss":0.0,"gold_gain":0.0,"event_name":"Falling","player_choice":"Removed Power","floor":36.0,"gold_loss":0.0,"damage_taken":0.0},{"damage_healed":0.0,"max_hp_gain":0.0,"max_hp_loss":0.0,"gold_gain":0.0,"event_name":"Tomb of Lord Red Mask","player_choice":"Ignored","floor":37.0,"gold_loss":0.0,"damage_taken":0.0},{"damage_healed":0.0,"max_hp_gain":0.0,"max_hp_loss":0.0,"gold_gain":0.0,"event_name":"Wheel of Change","player_choice":"Damaged","floor":39.0,"gold_loss":0.0,"damage_taken":27.0},{"damage_healed":0.0,"max_hp_gain":0.0,"max_hp_loss":11.0,"gold_gain":0.0,"event_name":"Winding Halls","player_choice":"Max HP","floor":48.0,"gold_loss":0.0,"damage_taken":0.0},{"cards_removed":["Inflame"],"damage_healed":0.0,"max_hp_gain":0.0,"max_hp_loss":0.0,"gold_gain":0.0,"event_name":"Falling","player_choice":"Removed Power","floor":36.0,"gold_loss":0.0,"damage_taken":0.0},{"damage_healed":0.0,"max_hp_gain":0.0,"max_hp_loss":0.0,"gold_gain":0.0,"event_name":"MindBloom","player_choice":"Fight","floor":39.0,"gold_loss":0.0,"damage_taken":0.0},{"damage_healed":0.0,"max_hp_gain":0.0,"max_hp_loss":0.0,"gold_gain":0.0,"event_name":"SensoryStone","player_choice":"Memory 3","floor":47.0,"gold_loss":0.0,"damage_taken":10.0},{"damage_healed":0.0,"max_hp_gain":0.0,"max_hp_loss":15.0,"gold_gain":0.0,"event_name":"Winding Halls","player_choice":"Max HP","floor":37.0,"gold_loss":0.0,"damage_taken":0.0},{"damage_healed":0.0,"max_hp_gain":0.0,"max_hp_loss":0.0,"gold_gain":0.0,"event_name":"Mysterious Sphere","player_choice":"Fight","floor":39.0,"gold_loss":0.0,"damage_taken":0.0}],"is_beta":false,"boss_relics":[{"not_picked":["Tiny House","aspiration:PoetsPen_weak"],"picked":"aspiration:RitualDagger"},{"not_picked":[]},{"not_picked":["The Specimen","aspiration:RunicSpoon"],"picked":"Philosopher\u0027s Stone"},{"not_picked":[]}],"items_purged_floors":[2,14,14,17,21,24,30,34,38,44,46,47,38,46,38,41,46,47,53],"is_endless":false,"potions_floor_spawned":[4,6,7,16,18,20,22,23,25,28,29,33,35,41,45,35,39,41,42,45,35,39,40,44,45,48,55],"ascension_level":20}}