{"host":"cjzrmpdydqox2kf0","time":1614410060,"event":{"mods":["AchievementEnabler","BaseMod","Colored Map","Colored Powertips","Minty Spire (QoL Compilation)","Rare Cards Sparkle","Relic Stats","StSLib"],"gold_per_floor":[116,116,129,149,174,174,210,16,40,40,105,120,164,187,187,310,310,326,314,314,314,338,338,31,31,104,104,137,160,181,196,196,319,319,342,342,363,377,710,741,741,772,772,803,817,844,4,14,14,14],"floor_reached":51,"language":"ENG","playtime":7156,"items_purged":["Strike_B","Strike_B"],"score":1039,"play_id":"f6c58d4e-6889-4a08-a7d6-67001bdae616","local_time":"20210226231420","is_ascension_mode":true,"campfire_choices":[{"data":"Sunder","floor":6.0,"key":"SMITH"},{"data":"Streamline","floor":10.0,"key":"SMITH"},{"floor":15.0,"key":"REST"},{"data":"Defragment","floor":23.0,"key":"SMITH"},{"data":"Electrodynamics","floor":25.0,"key":"SMITH"},{"data":"Buffer","floor":27.0,"key":"SMITH"},{"floor":32.0,"key":"REST"},{"data":"Amplify","floor":41.0,"key":"SMITH"},{"data":"Fission","floor":49,"key":"SMITH"}],"circlet_count":0,"master_deck":["Defend_B","Defend_B","Defend_B","Defend_B","Zap","Dualcast","Sweeping Beam","Sunder+1","Cold Snap","Undo","Streamline+1","Glacier","Capacitor","Cold Snap","Defragment+1","Reinforced Body","Defragment","Capacitor","Fusion","Machine Learning","Steam Power+1","Rainbow","Buffer+1","Barrage","Electrodynamics+1","Stack+1","Force Field+1","Melter+1","Amplify+1","Defragment+1","Heatsinks+1","Skim+1","Compile Driver+1","Core Surge","Dark Shackles","Mayhem+1","Hologram","Fission+1","Loop+1"],"relics":["Runic Dome","Dream Catcher","Oddly Smooth Stone","Vajra","Lizard Tail","Snecko Eye","Pen Nib","Frozen Egg 2","Regal Pillow","SacredBark","Eternal Feather","The Courier","Happy Flower","Blood Vial","White Beast Statue","Bag of Marbles","InkBottle"],"acts_visited":["Exordium","TheCity","TheBeyond"],"potions_floor_usage":[50,50],"damage_taken":[{"damage":3.0,"enemies":"Jaw Worm","floor":1.0,"turns":4.0},{"damage":0.0,"enemies":"Small Slimes","floor":3.0,"turns":3.0},{"damage":8.0,"enemies":"2 Louse","floor":4.0,"turns":2.0},{"damage":0.0,"enemies":"Exordium Wildlife","floor":5.0,"turns":3.0},{"damage":10.0,"enemies":"3 Sentries","floor":7.0,"turns":8.0},{"damage":14.0,"enemies":"Lagavulin Event","floor":11.0,"turns":6.0},{"damage":2.0,"enemies":"Exordium Thugs","floor":12.0,"turns":5.0},{"damage":6.0,"enemies":"Lagavulin","floor":13.0,"turns":6.0},{"damage":5.0,"enemies":"Large Slime","floor":14.0,"turns":6.0},{"damage":3.0,"enemies":"The Guardian","floor":16.0,"turns":8.0},{"damage":6.0,"enemies":"Shell Parasite","floor":18.0,"turns":5.0},{"damage":14.0,"enemies":"2 Thieves","floor":19.0,"turns":4.0},{"damage":0.0,"enemies":"Snake Plant","floor":22.0,"turns":4.0},{"damage":12.0,"enemies":"Gremlin Leader","floor":28.0,"turns":5.0},{"damage":4.0,"enemies":"Centurion and Healer","floor":29.0,"turns":4.0},{"damage":0.0,"enemies":"Chosen and Byrds","floor":30.0,"turns":4.0},{"damage":0.0,"enemies":"Snecko","floor":31.0,"turns":3.0},{"damage":0.0,"enemies":"Collector","floor":33.0,"turns":9.0},{"damage":18.0,"enemies":"3 Shapes","floor":35.0,"turns":5.0},{"damage":2.0,"enemies":"Orb Walker","floor":37.0,"turns":4.0},{"damage":0.0,"enemies":"Sphere and 2 Shapes","floor":38.0,"turns":5.0},{"damage":0.0,"enemies":"Nemesis","floor":40.0,"turns":5.0},{"damage":4.0,"enemies":"Giant Head","floor":42.0,"turns":10.0},{"damage":5.0,"enemies":"Reptomancer","floor":44.0,"turns":6.0},{"damage":0.0,"enemies":"Transient","floor":45.0,"turns":5.0},{"damage":0.0,"enemies":"Giant Head","floor":46.0,"turns":9.0},{"damage":2,"enemies":"Maw","floor":48,"turns":8},{"damage":0,"enemies":"Donu and Deca","floor":50,"turns":5}],"seed_played":"4050663734885231282","potions_obtained":[{"floor":3.0,"key":"Weak Potion"},{"floor":5.0,"key":"Dexterity Potion"},{"floor":7.0,"key":"SneckoOil"},{"floor":11.0,"key":"EssenceOfDarkness"},{"floor":12.0,"key":"FearPotion"},{"floor":16.0,"key":"DistilledChaos"},{"floor":18.0,"key":"LiquidBronze"},{"floor":22.0,"key":"GamblersBrew"},{"floor":30.0,"key":"SteroidPotion"},{"floor":31.0,"key":"Fire Potion"},{"floor":35.0,"key":"Explosive Potion"},{"floor":38.0,"key":"DistilledChaos"},{"floor":42.0,"key":"Fire Potion"},{"floor":46.0,"key":"PowerPotion"}],"is_trial":false,"path_per_floor":["M","?","M","M","M","R","E","$","T","R","?","M","E","M","R","B",null,"M","M","?","?","M","R","$","R","T","R","E","M","M","M","R","B",null,"M","?","M","M","?","E","R","E","T","E","M","E","$","M","R","B",null],"character_chosen":"DEFECT","items_purchased":["Glacier","Capacitor","Cold Snap","Electrodynamics","Pen Nib","Bag of Marbles","Dark Shackles","InkBottle","Mayhem+1","Hologram","PotionOfCapacity","Fission"],"campfire_rested":2,"item_purchase_floors":[8,8,8,24,24,47,47,47,47,47,47,47],"current_hp_per_floor":[72,69,69,61,61,61,51,51,51,51,37,35,29,24,44,41,69,63,49,49,49,49,49,49,49,49,49,37,33,33,33,68,68,69,51,51,49,49,49,49,67,63,63,58,60,62,62,62,69,69],"gold":14,"neow_bonus":"BOSS_RELIC","is_daily":false,"chose_seed":false,"campfire_upgraded":7,"win_rate":0.0,"timestamp":1614410060,"path_taken":["M","?","M","M","M","R","E","$","T","R","?","M","E","M","R","BOSS","M","M","?","?","M","R","?","R","T","R","E","?","M","M","R","BOSS","M","?","M","M","?","E","R","E","T","E","M","E","$","M","R","BOSS"],"items_purchased_type":["Card","Card","Card","Card","Relic","Relic","Card","Relic","Card","Card","Potion","Card"],"build_version":"2020-12-22","purchased_purges":2,"victory":true,"max_hp_per_floor":[75,69,69,69,69,69,69,69,69,69,69,69,69,69,69,69,69,69,69,69,69,69,69,69,69,69,69,69,69,69,69,69,69,69,69,69,69,69,69,69,69,69,69,69,69,69,69,69,69,69],"relic_stats":{"Blood Vial":6,"Dream Catcher":2,"Lizard Tail":0,"Regal Pillow":15,"Happy Flower":[11],"counters":[28,151],"Snecko Eye":[205,197,226,185],"Eternal Feather":25,"Pen Nib":[10],"obtain_stats":[{"Regal Pillow":28,"Happy Flower":43,"Golden Idol":2,"SacredBark":34,"Oddly Smooth Stone":9,"Vajra":11,"Eternal Feather":40,"Pen Nib":24,"The Courier":42,"Frozen Egg 2":26,"White Beast Statue":46,"Blood Vial":44,"Runic Dome":0,"Dream Catcher":7,"Lizard Tail":13,"Snecko Eye":17,"Bag of Marbles":47,"Cracked Core":0,"InkBottle":47},{"Regal Pillow":14,"Happy Flower":23,"Golden Idol":1,"SacredBark":18,"Oddly Smooth Stone":5,"Vajra":5,"Eternal Feather":22,"Pen Nib":13,"The Courier":23,"Frozen Egg 2":13,"White Beast Statue":26,"Blood Vial":24,"Runic Dome":0,"Dream Catcher":5,"Lizard Tail":8,"Snecko Eye":10,"Bag of Marbles":26,"Cracked Core":0,"InkBottle":26},{"Regal Pillow":69,"Happy Flower":118,"Golden Idol":4,"SacredBark":89,"Oddly Smooth Stone":20,"Vajra":20,"Eternal Feather":108,"Pen Nib":64,"The Courier":118,"Frozen Egg 2":64,"White Beast Statue":138,"Blood Vial":124,"Runic Dome":0,"Dream Catcher":20,"Lizard Tail":37,"Snecko Eye":51,"Bag of Marbles":138,"Cracked Core":0,"InkBottle":138}],"InkBottle":[7]},"card_choices":[{"not_picked":["Turbo","Cold Snap"],"picked":"Sweeping Beam","floor":1.0},{"not_picked":["Conserve Battery","Rip and Tear"],"picked":"Sunder","floor":3.0},{"not_picked":["Steam","Seek"],"picked":"Cold Snap","floor":4.0},{"not_picked":["Lockon","Self Repair"],"picked":"Undo","floor":5.0},{"not_picked":["Coolheaded","Darkness"],"picked":"Streamline","floor":7.0},{"not_picked":["Hologram","Sunder"],"picked":"Defragment","floor":11.0},{"not_picked":["Leap","Redo"],"picked":"Reinforced Body","floor":12.0},{"not_picked":["Fusion","Self Repair"],"picked":"Defragment","floor":13.0},{"not_picked":["Compile Driver","Sweeping Beam"],"picked":"Capacitor","floor":14.0},{"not_picked":["Melter","Cold Snap"],"picked":"Fusion","floor":15.0},{"not_picked":["Meteor Strike","Seek"],"picked":"Machine Learning","floor":16.0},{"not_picked":["Ball Lightning+1","Steam","Turbo"],"picked":"SKIP","floor":18.0},{"not_picked":["Gash","Cold Snap"],"picked":"Steam Power+1","floor":19.0},{"not_picked":["Sweeping Beam","Darkness"],"picked":"Barrage","floor":22.0},{"not_picked":["Multi-Cast","Ball Lightning"],"picked":"Stack+1","floor":28.0},{"not_picked":["Sweeping Beam+1","Streamline","Darkness"],"picked":"SKIP","floor":29.0},{"not_picked":["Hologram","Beam Cell"],"picked":"Force Field+1","floor":30.0},{"not_picked":["Rebound+1","Darkness"],"picked":"Melter+1","floor":31.0},{"not_picked":["Electrodynamics+1","Machine Learning+1"],"picked":"Amplify","floor":33.0},{"not_picked":["Redo+1","Reprogram","Steam+1"],"picked":"SKIP","floor":35.0},{"not_picked":["Go for the Eyes+1","Rebound","Chaos"],"picked":"SKIP","floor":37.0},{"not_picked":["FTL+1","Aggregate+1"],"picked":"Defragment+1","floor":38.0},{"not_picked":["Gash+1","Beam Cell"],"picked":"Heatsinks+1","floor":40.0},{"not_picked":["Doom and Gloom","Defragment+1"],"picked":"Skim+1","floor":42.0},{"not_picked":["Rip and Tear+1","Rebound+1"],"picked":"Compile Driver+1","floor":44.0},{"not_picked":["Beam Cell+1","Streamline","Gash+1"],"picked":"SKIP","floor":45.0},{"not_picked":["Melter","Lockon+1"],"picked":"Core Surge","floor":46.0},{"not_picked":["Streamline","BootSequence+1"],"picked":"Loop+1","floor":48}],"player_experience":1778930,"relics_obtained":[{"floor":7.0,"key":"Dream Catcher"},{"floor":9.0,"key":"Oddly Smooth Stone"},{"floor":13.0,"key":"Lizard Tail"},{"floor":26.0,"key":"Frozen Egg 2"},{"floor":28.0,"key":"Regal Pillow"},{"floor":40.0,"key":"Eternal Feather"},{"floor":42.0,"key":"The Courier"},{"floor":43.0,"key":"Happy Flower"},{"floor":44.0,"key":"Blood Vial"},{"floor":46.0,"key":"White Beast Statue"}],"event_choices":[{"damage_healed":0.0,"max_hp_gain":0.0,"max_hp_loss":6.0,"gold_gain":0.0,"event_name":"Golden Idol","player_choice":"Lose Max HP","floor":2.0,"gold_loss":0.0,"damage_taken":0.0,"relics_obtained":["Golden Idol"]},{"damage_healed":0.0,"max_hp_gain":0.0,"max_hp_loss":0.0,"gold_gain":30.0,"event_name":"Dead Adventurer","player_choice":"Searched \u00273\u0027 times","floor":11.0,"gold_loss":0.0,"damage_taken":0.0,"relics_obtained":["Vajra"]},{"damage_healed":0.0,"max_hp_gain":0.0,"max_hp_loss":0.0,"gold_gain":0.0,"event_name":"Ghosts","player_choice":"Ignored","floor":20.0,"gold_loss":0.0,"damage_taken":0.0},{"damage_healed":0.0,"max_hp_gain":0.0,"max_hp_loss":0.0,"gold_gain":0.0,"cards_transformed":["Strike_B","Strike_B"],"event_name":"Drug Dealer","player_choice":"Became Test Subject","floor":21.0,"gold_loss":0.0,"damage_taken":0.0,"cards_obtained":["Rainbow","Buffer"]},{"damage_healed":0.0,"max_hp_gain":0.0,"max_hp_loss":0.0,"gold_gain":0.0,"event_name":"Tomb of Lord Red Mask","player_choice":"Ignored","floor":36.0,"gold_loss":0.0,"damage_taken":0.0},{"damage_healed":0.0,"max_hp_gain":0.0,"max_hp_loss":0.0,"gold_gain":333.0,"event_name":"The Moai Head","player_choice":"Gave Idol","floor":39.0,"relics_lost":["Golden Idol"],"gold_loss":0.0,"damage_taken":0.0}],"is_beta":false,"boss_relics":[{"not_picked":["Fusion Hammer","Empty Cage"],"picked":"Snecko Eye"},{"not_picked":["Coffee Dripper","Astrolabe"],"picked":"SacredBark"}],"items_purged_floors":[24,47],"is_endless":false,"potions_floor_spawned":[3,5,7,11,12,16,18,22,30,31,35,38,42,46,48],"ascension_level":2}}