{"host":"vrsxkkch9ccrec7k","time":1614445638,"event":{"mods":["Act Like it!","BaseMod","Bestiary","Better Altar","Better Match","Better Note","Better Sensory Stone","Better Skull","Better Third Choice","Better Vampires","Downfall","Minty Spire (QoL Compilation)","Permanent Neow","Relic Stats","Replay The Spire","Spicy Shops","StSLib"],"gold_per_floor":[199,215,215,15,30,47,100,130,230,230,230,230],"floor_reached":10,"language":"ENG","playtime":623,"items_purged":["Pain"],"score":119,"play_id":"2089ecf8-693f-46ac-87ae-1fa569a3109c","local_time":"20210227120718","is_ascension_mode":true,"campfire_choices":[{"data":"champ:Taunt","floor":1,"key":"SMITH"}],"circlet_count":0,"master_deck":["AscendersBane","champ:Strike","champ:Strike","champ:Strike","champ:Strike","champ:Defend","champ:Defend","champ:Defend","champ:Defend","champ:Execute","champ:Taunt+1","champ:BerserkerStyle","champ:CrookedStrike","champ:CalledShot+1","champ:Shatter","champ:EndlessRage","champ:StanceDance","champ:FanOfKnives","downfall:Icky"],"relics":["champ:ChampionCrown","WarpedTongs","Art of War","Bronze Scales"],"acts_visited":["Exordium"],"potions_floor_usage":[8],"damage_taken":[{"damage":13,"enemies":"2 Louse","floor":2,"turns":3},{"damage":22,"enemies":"downfall:FleeingMerchant","floor":4,"turns":4},{"damage":10,"enemies":"Cultist","floor":5,"turns":4},{"damage":7,"enemies":"Jaw Worm","floor":6,"turns":4},{"damage":52,"enemies":"3 Sentries","floor":8,"turns":9},{"damage":51,"enemies":"Lagavulin","floor":10,"turns":8}],"seed_played":"4101113657536398967","potions_obtained":[{"floor":2,"key":"SteroidPotion"},{"floor":6,"key":"hexamod:SoulburnPotion"}],"is_trial":false,"path_per_floor":["R","M","?","$","M","M","T","E","?","E"],"character_chosen":"THE_CHAMP","items_purchased":["champ:CalledShot+1","champ:Shatter"],"campfire_rested":0,"item_purchase_floors":[4,4],"current_hp_per_floor":[73,70,70,68,68,68,68,33,33,0,0,0],"gold":230,"neow_bonus":"HUNDRED_GOLD","is_daily":false,"chose_seed":false,"campfire_upgraded":1,"win_rate":0.0,"timestamp":1614445638,"path_taken":["R","M","?","?","M","?","T","E","?","E"],"items_purchased_type":["Card","Card"],"build_version":"2020-12-22","purchased_purges":1,"victory":false,"max_hp_per_floor":[81,81,81,81,81,81,81,81,81,81,81,81],"relic_stats":{"counters":[6,32],"Bronze Scales":[9],"Art of War":[4],"obtain_stats":[{"Bronze Scales":8,"champ:ChampionCrown":0,"Art of War":7,"WarpedTongs":3},{"Bronze Scales":5,"champ:ChampionCrown":0,"Art of War":4,"WarpedTongs":1},{"Bronze Scales":24,"champ:ChampionCrown":0,"Art of War":15,"WarpedTongs":3}],"WarpedTongs":[29]},"card_choices":[{"not_picked":["champ:BladeFlurry","champ:AdrenalArmor"],"picked":"champ:BerserkerStyle","floor":2},{"not_picked":["champ:EnGarde","champ:FlashCut"],"picked":"champ:CrookedStrike","floor":4},{"not_picked":["champ:Circumvent","champ:FlashCut"],"picked":"champ:EndlessRage","floor":5},{"not_picked":["champ:DefensiveShout","champ:CrownThrow"],"picked":"champ:StanceDance","floor":6},{"not_picked":["champ:FlashCut","champ:FalseCounter"],"picked":"champ:FanOfKnives","floor":8}],"player_experience":2062300,"relics_obtained":[{"floor":7,"key":"Art of War"},{"floor":8,"key":"Bronze Scales"}],"event_choices":[{"damage_healed":0,"gold_gain":0,"player_choice":"Rummage","damage_taken":0,"relics_obtained":["WarpedTongs"],"max_hp_gain":0,"max_hp_loss":0,"event_name":"Accursed Blacksmith","floor":3,"gold_loss":0,"cards_obtained":["Pain"]}],"is_beta":false,"boss_relics":[],"items_purged_floors":[4],"is_endless":false,"potions_floor_spawned":[2,6],"killed_by":"Lagavulin","ascension_level":16}}