{"host":"9gxprskaw0c5jpbt","time":1614391514,"event":{"mods":["AchievementEnabler","BaseMod","Colored Map","Highlight Path","KOR Keyword Fix","Minty Spire (QoL Compilation)","Rare Cards Sparkle","StSLib","SuperFastMode","everything is the same but u backflip on backflip"],"gold_per_floor":[114,114,114,134,59,97,117,42,68,68,88,102,126,145,145,243,243,262,242,263,283,283,283,333,347,347,56,56,71,71,71,71],"floor_reached":31,"language":"KOR","playtime":547,"items_purged":["Strike_R","Strike_R"],"score":528,"play_id":"78a8eae8-66e9-4caa-8094-9e603d104182","local_time":"20210227110514","is_ascension_mode":true,"campfire_choices":[{"data":"Fire Breathing","floor":10.0,"key":"SMITH"},{"data":"Dual Wield","floor":15.0,"key":"SMITH"},{"data":"Reckless Charge","floor":23.0,"key":"SMITH"},{"data":"Apotheosis","floor":28,"key":"SMITH"}],"circlet_count":0,"master_deck":["AscendersBane","Strike_R","Strike_R","Strike_R","Defend_R","Defend_R","Defend_R","Defend_R","Bash","Thunderclap","Fire Breathing+1","Reckless Charge+1","Wild Strike","Dual Wield+1","Disarm","Intimidate","Offering","Pommel Strike","Ghostly Armor","Writhe","Apotheosis+1"],"relics":["Burning Blood","NeowsBlessing","Nunchaku","Golden Idol","Singing Bowl","Oddly Smooth Stone","Cursed Key","MutagenicStrength","StrikeDummy"],"acts_visited":["Exordium","TheCity"],"potions_floor_usage":[25,29],"damage_taken":[{"damage":0.0,"enemies":"2 Louse","floor":1.0,"turns":1.0},{"damage":0.0,"enemies":"Small Slimes","floor":4.0,"turns":1.0},{"damage":0.0,"enemies":"3 Sentries","floor":6.0,"turns":1.0},{"damage":7.0,"enemies":"Jaw Worm","floor":7.0,"turns":3.0},{"damage":10.0,"enemies":"2 Fungi Beasts","floor":11.0,"turns":4.0},{"damage":14.0,"enemies":"Gremlin Gang","floor":12.0,"turns":4.0},{"damage":0.0,"enemies":"Large Slime","floor":13.0,"turns":3.0},{"damage":7.0,"enemies":"3 Louse","floor":14.0,"turns":3.0},{"damage":62.0,"enemies":"The Guardian","floor":16.0,"turns":14.0},{"damage":27.0,"enemies":"Shell Parasite","floor":18.0,"turns":4.0},{"damage":17.0,"enemies":"Spheric Guardian","floor":20.0,"turns":3.0},{"damage":16.0,"enemies":"Snecko","floor":21.0,"turns":6.0},{"damage":6,"enemies":"Chosen and Byrds","floor":25,"turns":3},{"damage":15,"enemies":"Cultist and Chosen","floor":29,"turns":3},{"damage":0,"enemies":"Colosseum Slavers","floor":31,"turns":1}],"seed_played":"-8945541025643930045","potions_obtained":[{"floor":6.0,"key":"BloodPotion"},{"floor":7.0,"key":"SpeedPotion"},{"floor":12.0,"key":"Energy Potion"},{"floor":16.0,"key":"DistilledChaos"},{"floor":19.0,"key":"LiquidBronze"},{"floor":25,"key":"Ancient Potion"}],"is_trial":false,"path_per_floor":["M","?","?","M","?","E","M","$","T","R","M","M","M","M","R","B",null,"M","?","M","M","?","R","?","M","T","$","R","M","?","?"],"character_chosen":"IRONCLAD","items_purchased":["Apotheosis"],"campfire_rested":0,"item_purchase_floors":[27],"current_hp_per_floor":[74,74,48,54,54,60,61,61,61,61,57,49,55,54,54,13,61,40,40,29,21,21,21,14,16,16,16,16,9,9,9,9],"gold":71,"neow_bonus":"THREE_ENEMY_KILL","is_daily":false,"chose_seed":false,"campfire_upgraded":4,"win_rate":0.0,"timestamp":1614391514,"path_taken":["M","?","?","M","?","E","M","?","T","R","M","M","M","M","R","BOSS","M","?","?","M","?","R","?","M","T","$","R","?","?","?"],"items_purchased_type":["Card"],"build_version":"2020-12-22","purchased_purges":2,"victory":false,"max_hp_per_floor":[75,75,75,75,75,75,77,77,77,77,77,77,77,77,77,77,77,77,77,77,79,79,79,79,81,81,81,81,83,83,83,83],"card_choices":[{"not_picked":["Clash","Ghostly Armor"],"picked":"Thunderclap","floor":1.0},{"not_picked":["Anger","Clash"],"picked":"Fire Breathing","floor":4.0},{"not_picked":["Body Slam","Inflame"],"picked":"Reckless Charge","floor":6.0},{"not_picked":["Clash","Pommel Strike","Iron Wave"],"picked":"Singing Bowl","floor":7.0},{"not_picked":["Armaments","Clothesline"],"picked":"Wild Strike","floor":11.0},{"not_picked":["Havoc","Thunderclap"],"picked":"Dual Wield","floor":12.0},{"not_picked":["Twin Strike","Brutality"],"picked":"Disarm","floor":13.0},{"not_picked":["Cleave","Battle Trance"],"picked":"Intimidate","floor":14.0},{"not_picked":["Demon Form","Berserk"],"picked":"Offering","floor":16.0},{"not_picked":["True Grit","Uppercut"],"picked":"Pommel Strike","floor":18.0},{"not_picked":["Clothesline","Searing Blow"],"picked":"Ghostly Armor","floor":20.0},{"not_picked":["Shrug It Off","Wild Strike","Burning Pact"],"picked":"Singing Bowl","floor":21.0},{"not_picked":["Shrug It Off","Headbutt","Pommel Strike"],"picked":"Singing Bowl","floor":25},{"not_picked":["True Grit","Feel No Pain","Hemokinesis"],"picked":"Singing Bowl","floor":29}],"player_experience":1004396,"relics_obtained":[{"floor":6.0,"key":"Singing Bowl"},{"floor":9.0,"key":"Oddly Smooth Stone"},{"floor":26,"key":"StrikeDummy"}],"event_choices":[{"damage_healed":0.0,"max_hp_gain":0.0,"max_hp_loss":0.0,"gold_gain":0.0,"event_name":"Big Fish","player_choice":"Box","floor":2.0,"gold_loss":0.0,"damage_taken":0.0,"relics_obtained":["Nunchaku"],"cards_obtained":["Regret"]},{"damage_healed":0.0,"max_hp_gain":0.0,"max_hp_loss":0.0,"gold_gain":0.0,"event_name":"Golden Idol","player_choice":"Take Damage","floor":3.0,"gold_loss":0.0,"damage_taken":26.0,"relics_obtained":["Golden Idol"]},{"cards_removed":["Regret"],"damage_healed":0.0,"max_hp_gain":0.0,"max_hp_loss":0.0,"gold_gain":0.0,"event_name":"The Cleric","player_choice":"Card Removal","floor":5.0,"gold_loss":75.0,"damage_taken":0.0},{"damage_healed":0.0,"max_hp_gain":0.0,"max_hp_loss":0.0,"gold_gain":0.0,"event_name":"The Woman in Blue","player_choice":"Bought 1 Potion","floor":19.0,"gold_loss":0.0,"damage_taken":0.0},{"damage_healed":0.0,"max_hp_gain":0.0,"max_hp_loss":0.0,"gold_gain":0.0,"event_name":"Drug Dealer","player_choice":"Inject Mutagens","floor":22.0,"gold_loss":0.0,"damage_taken":0.0,"relics_obtained":["MutagenicStrength"]},{"damage_healed":0.0,"max_hp_gain":0.0,"max_hp_loss":0.0,"gold_gain":50.0,"event_name":"FaceTrader","player_choice":"Touch","floor":24.0,"gold_loss":0.0,"damage_taken":7.0},{"damage_healed":0,"gold_gain":0,"player_choice":"Ignored","damage_taken":0,"max_hp_gain":0,"max_hp_loss":0,"event_name":"Ghosts","floor":30,"gold_loss":0},{"damage_healed":0,"gold_gain":0,"player_choice":"Fight","damage_taken":0,"max_hp_gain":0,"max_hp_loss":0,"event_name":"Colosseum","floor":31,"gold_loss":0}],"is_beta":false,"boss_relics":[{"not_picked":["Tiny House","Empty Cage"],"picked":"Cursed Key"}],"items_purged_floors":[8,27],"is_endless":false,"potions_floor_spawned":[6,7,12,14,16,25],"killed_by":"Colosseum Slavers","ascension_level":20}}