{"host":"bavnrlhi49015oee","time":1614434712,"event":{"mods":["BaseMod","Library of Ruina","Library of Ruina Extra","Lobotomy","LobotomyExtend","Minty Spire (QoL Compilation)","Uncapped"],"gold_per_floor":[120,132,152,152,166,182,182,30,30,61,61,93,103,134,134,238,238,253,266,7,25,25,25,60,60,84,84,84,84,84,102,102,207,207,220,235,235,255,255,255,289,289,289,289,214,248,299,313,313,313],"floor_reached":51,"language":"ZHS","playtime":1680,"items_purged":["StructuralAnalysis"],"score":1018,"play_id":"a795ced7-ea40-4960-9a8e-8b314be1997c","local_time":"20210227220512","is_ascension_mode":false,"campfire_choices":[{"data":"DegradedFairy","floor":7,"key":"SMITH"},{"data":"DegradedFairy","floor":11,"key":"SMITH"},{"data":"DegradedChain","floor":15,"key":"SMITH"},{"floor":23,"key":"REST"},{"data":"DegradedChain","floor":25,"key":"SMITH"},{"floor":32,"key":"REST"},{"data":"DegradedLock","floor":40,"key":"SMITH"},{"data":"DegradedPillar","floor":42,"key":"SMITH"},{"data":"DegradedShockwave","floor":44,"key":"SMITH"},{"data":"Unlock1","floor":49,"key":"SMITH"}],"circlet_count":0,"master_deck":["CENSORED","BlueStar","DegradedFairy+1","DegradedFairy+1","DegradedFairy+1","DegradedChain+1","DegradedChain+1","DegradedLock+1","DegradedPillar+1","DegradedShockwave+1","CrumblingArmor","Unlock1+1","Unlock1","BlackArmy","Panacea","Unlock1+1","Mind Blast","NothingThere","Unlock1+1"],"relics":["PageOfLibrarian","CogitoBucket","LetterFromLob","Boot","PageOfThreeBirds","PageOfQueenBee","PageOfTheKnightOfDespair","AdjustmentMirror","PageOfTheQueenOfHatred","Sozu","PageOfAlriune","SoundOfStar_r","BehaviorAdjustment","Potion Belt","PageOfGreed","PageOfWrath","PageOfNihil","Empty Cage","CENSORED_r","LuminousBracelet","Strawberry","Dream Catcher","PageOfBloodbath","Du-Vu Doll"],"acts_visited":["Exordium","TheCity","TheBeyond"],"potions_floor_usage":[36],"damage_taken":[{"damage":0,"enemies":"2 Louse","floor":1,"turns":1},{"damage":0,"enemies":"Cultist","floor":2,"turns":1},{"damage":0,"enemies":"Jaw Worm","floor":3,"turns":1},{"damage":0,"enemies":"3 Louse","floor":5,"turns":2},{"damage":0,"enemies":"Large Slime","floor":6,"turns":1},{"damage":0,"enemies":"Gremlin Nob","floor":10,"turns":2},{"damage":3,"enemies":"3 Sentries","floor":12,"turns":2},{"damage":0,"enemies":"Looter","floor":13,"turns":2},{"damage":0,"enemies":"Lagavulin","floor":14,"turns":2},{"damage":0,"enemies":"Hexaghost","floor":16,"turns":3},{"damage":0,"enemies":"Spheric Guardian","floor":18,"turns":1},{"damage":0,"enemies":"3 Byrds","floor":19,"turns":3},{"damage":28,"enemies":"Centurion and Healer","floor":21,"turns":7},{"damage":0,"enemies":"Gremlin Leader","floor":24,"turns":2},{"damage":18,"enemies":"Snake Plant","floor":31,"turns":6},{"damage":0,"enemies":"Automaton","floor":33,"turns":3},{"damage":28,"enemies":"3 Darklings","floor":35,"turns":1},{"damage":0,"enemies":"Orb Walker","floor":36,"turns":5},{"damage":13,"enemies":"Transient","floor":38,"turns":5},{"damage":34,"enemies":"Reptomancer","floor":41,"turns":3},{"damage":3,"enemies":"Nemesis","floor":46,"turns":3},{"damage":0,"enemies":"2 Orb Walkers","floor":47,"turns":1},{"damage":0,"enemies":"Writhing Mass","floor":48,"turns":1},{"damage":359,"enemies":"FixerMidnight","floor":50,"turns":6}],"seed_played":"858160619221625674","potions_obtained":[{"floor":2,"key":"Energy Potion"},{"floor":6,"key":"DuplicationPotion"},{"floor":12,"key":"Energy Potion"}],"is_trial":false,"path_per_floor":["M","M","M","?","M","M","R","$","T","E","R","E","M","E","R","B",null,"M","M","$","M","?","R","E","R","T","?","$","?","$","M","R","B",null,"M","M","?","M","?","R","E","R","T","R","$","E","?","M","R","B",null],"character_chosen":"Librarian","items_purchased":["Boot","PageOfAlriune"],"campfire_rested":2,"item_purchase_floors":[8,20],"current_hp_per_floor":[60,60,60,60,60,60,60,60,60,60,60,57,57,57,57,60,60,61,64,64,41,41,68,71,71,71,71,71,53,53,43,71,74,95,68,89,89,89,89,89,76,76,76,76,76,77,78,100,100,62],"gold":313,"neow_bonus":"","is_daily":false,"chose_seed":false,"campfire_upgraded":8,"win_rate":0.0,"timestamp":1614434712,"path_taken":["M","M","M","?","M","M","R","$","T","E","R","E","?","E","R","BOSS","M","M","$","M","?","R","E","R","T","?","$","?","$","M","R","BOSS","M","M","?","?","?","R","E","R","T","R","$","E","?","M","R","BOSS"],"items_purchased_type":["Relic","Relic"],"build_version":"2020-12-22","purchased_purges":1,"victory":true,"max_hp_per_floor":[90,90,90,90,90,90,90,90,90,90,90,90,90,90,90,90,90,90,90,90,90,90,90,90,90,90,90,90,95,95,95,95,95,95,95,110,110,110,110,110,117,117,117,117,117,117,117,117,117,117],"card_choices":[{"not_picked":["Wellcheers","WallGazer"],"picked":"CrumblingArmor","floor":1},{"not_picked":["Standoff","Ripple","FieryWaltz","QuickAttack","FleetEdge","Reload","Rewind","Deflect_lor"],"picked":"Unlock1","floor":1},{"not_picked":["Murderer","MeltingLove"],"picked":"OSAHOGD","floor":2},{"not_picked":["DarkCloud","CutIn","Diversion","HighKick","EnergyCycle","DefenseOrder","SomberProcuration","FeelinGood","Reload"],"picked":"SKIP","floor":2},{"not_picked":["DarkCloud","CutIn","Diversion","HighKick","EnergyCycle","DefenseOrder","SomberProcuration","FeelinGood","Reload"],"picked":"SKIP","floor":2},{"not_picked":["Murderer","CherryBlossoms","Bloodbath"],"picked":"Singing Bowl","floor":3},{"not_picked":["TendonChords","SmokingPipe","Diversion","SinglePointStab","EnergyCycle","SharpenedBlade","TheWillOfTheCity","YoureAHindrance","EndlessBattle"],"picked":"SKIP","floor":3},{"not_picked":["Scorched","WallGazer","Mercenary"],"picked":"Singing Bowl","floor":5},{"not_picked":["FrontalAssault","HighKick","Parry","Multislash","Parry2","SenseQuarry","PinpointShot","CombatPreparation","CutIn"],"picked":"SKIP","floor":5},{"not_picked":["NakedNest","BigBadWolf"],"picked":"BlueStar","floor":6},{"not_picked":["RagingStormLove","Thirst","Execute_lor","NightInTheBackstreets","EnergyShield","Parry2","EnergyCycle","Collision","FeelinGood"],"picked":"SKIP","floor":6},{"not_picked":["VoidDream","Variant","CherryBlossoms"],"picked":"Singing Bowl","floor":10},{"not_picked":["Track","CutIn","DarkCloud","YourShield","EndlessBattle","Preparation","LawAndOrder","Quickness","Execute_lor"],"picked":"SKIP","floor":10},{"not_picked":["Murderer","SnowQueen","FairyFestival"],"picked":"Singing Bowl","floor":12},{"not_picked":["RhinoRam","EnergyShield","SharpSwipe","HandleRequest","RapidGashes","BoundaryOfDeath","Rewind","Standoff","Pound"],"picked":"SKIP","floor":12},{"not_picked":["LittleHelper","Bloodbath","MeatLantern"],"picked":"Singing Bowl","floor":13},{"not_picked":["InhaleSmoke","ProselytesBlade","WaitUp","Preparation","ShockingBlow","SwordOfVolition","EnergyCycle","StrikeDown"],"picked":"Unlock1","floor":13},{"not_picked":["UniverseFragment","Variant","GalaxyChild"],"picked":"Singing Bowl","floor":14},{"not_picked":["DesperateStruggle","FleetEdge","Leap_lor","TheWillOfTheCity","Thrust","YourShield","GreatSerpentsImpact","Pound","FlyingSword"],"picked":"SKIP","floor":14},{"not_picked":["ShyLook","UniverseFragment","SpiderBud"],"picked":"Singing Bowl","floor":16},{"not_picked":["Wellcheers","BlackSwan"],"picked":"WhiteNight","floor":16},{"not_picked":["GreedKing","Murderer","Porccubus"],"picked":"Singing Bowl","floor":18},{"not_picked":["Standoff","DimensionalRift","HighKick","Thirst","ConcentratedFire+1","VenomousFangs","StrongStrike","Pound","SmokingPipe+1"],"picked":"SKIP","floor":18},{"not_picked":["QueenBee","Wellcheers","FairyFestival"],"picked":"Singing Bowl","floor":19},{"not_picked":["SharpenedBlade","Faith","DaringDecision","EndlessBattle","Diversion","Outburst","StrikeDown","TendonChords","RapidGashes"],"picked":"SKIP","floor":19},{"not_picked":["SingingMachine","WallGazer","OldLady"],"picked":"Singing Bowl","floor":21},{"not_picked":["YoureTooSlow","CoordinatedAssault","SerpentSwordTechnique","RepressedFlesh","LawAndOrder","HardRehearsal","BlowItUp","PuppetBlockade","HandleRequest"],"picked":"SKIP","floor":21},{"not_picked":["Bloodbath","UniverseFragment","NakedNest"],"picked":"Singing Bowl","floor":24},{"not_picked":["OminousPower+1","Rampage_lor","FierceCharge","Decapitation","Pound","Eject+1","BurningFlash","SetFire","Concentration"],"picked":"SKIP","floor":24},{"not_picked":["BeautyBeast","Rudolta","LittlePrince"],"picked":"Singing Bowl","floor":31},{"not_picked":["ToWhereThePrescriptPoints","ViolentFlame","ClassAndRespect+1","MultiHit","SearingSword","CumulusWall","MindCrush","IdentifyWeakpoint","PinpointShot"],"picked":"SKIP","floor":31},{"not_picked":["QueenOfHatred","FieryBird","FairyFestival"],"picked":"Singing Bowl","floor":33},{"not_picked":["ShyLook","MeltingLove"],"picked":"CENSORED","floor":33},{"not_picked":["Freischutz","SnowQueen","SpiderBud"],"picked":"Singing Bowl","floor":35},{"not_picked":["BackAttack","AbsorbImpact+1","BiAn","NightInTheBackstreets","QuickAttack","Feast+1","BiXi","SomberProcuration","SnakesPrey+1"],"picked":"SKIP","floor":35},{"not_picked":["Woodsman","GreedKing"],"picked":"BlackArmy","floor":36},{"not_picked":["NightInTheBackstreets","Slice_lor","Reload","AssaultOrder+1","AbsorbImpact+1","PuppetBlockade","GuidanceOfTheGears+1","FierceCharge","HandleRequest+1"],"picked":"SKIP","floor":36},{"not_picked":["QueenBee","SnowQueen","BlackSwan"],"picked":"Singing Bowl","floor":38},{"not_picked":["PreemptiveStrike","SinglePointStab+1","Outburst+1","Reload+1","BackAttack","GuidanceOfTheGears+1","CoordinatedAssault","Leap_lor"],"picked":"Unlock1+1","floor":38},{"not_picked":["Mayhem","Dramatic Entrance","Metamorphosis","Secret Technique","Violence","Sadistic Nature","Dark Shackles","Flash of Steel"],"picked":"Mind Blast","floor":39},{"not_picked":["BigBadWolf","BlackSwan","SilentOrchestra"],"picked":"Singing Bowl","floor":41},{"not_picked":["SkyClearingCut+1","ReadyUp","LoosenUp","PinpointShot","GuardingStance","SunsetBlade+1","ProselytesBlade","ChargeUp","BizarreAttack"],"picked":"SKIP","floor":41},{"not_picked":["NakedNest","Scorched","Scarecrow"],"picked":"Singing Bowl","floor":46},{"not_picked":["Diversion","SkyClearingCut","JiaoTu","Parry2","UnforgettableMelody","StrongStrike","Concentration+1","Riposte+1","ScatteringSlash+1"],"picked":"SKIP","floor":46},{"not_picked":["Porccubus","Wellcheers","MeltingLove"],"picked":"Singing Bowl","floor":47},{"not_picked":["BigBadWolf","DreamingCurrent"],"picked":"NothingThere","floor":47},{"not_picked":["Porccubus","Scarecrow","Funeral"],"picked":"Singing Bowl","floor":48},{"not_picked":["TrashDisposal","SharpSwipe+1","BackAttack+1","Bvapour","StructuralAnalysis","BizarreAttack+1","EnergyCycle","Wallop_lor"],"picked":"Unlock1+1","floor":48}],"player_experience":163028,"relics_obtained":[{"floor":1,"key":"LetterFromLob"},{"floor":9,"key":"PageOfThreeBirds"},{"floor":10,"key":"PageOfQueenBee"},{"floor":12,"key":"PageOfTheKnightOfDespair"},{"floor":14,"key":"PageOfTheQueenOfHatred"},{"floor":24,"key":"PageOfGreed"},{"floor":26,"key":"PageOfWrath"},{"floor":31,"key":"PageOfNihil"},{"floor":41,"key":"Strawberry"},{"floor":43,"key":"Dream Catcher"},{"floor":46,"key":"PageOfBloodbath"},{"floor":47,"key":"Du-Vu Doll"}],"event_choices":[{"damage_healed":0,"gold_gain":0,"player_choice":"Upgraded","damage_taken":0,"max_hp_gain":0,"max_hp_loss":0,"event_name":"Upgrade Shrine","floor":4,"gold_loss":0,"cards_upgraded":["DegradedFairy"]},{"damage_healed":0,"gold_gain":0,"player_choice":"Opened","damage_taken":0,"relics_obtained":["Potion Belt"],"max_hp_gain":0,"max_hp_loss":0,"event_name":"The Mausoleum","floor":22,"gold_loss":0},{"damage_healed":0,"gold_gain":0,"player_choice":"Shed Blood","damage_taken":23,"max_hp_gain":5,"max_hp_loss":0,"event_name":"Forgotten Altar","floor":29,"gold_loss":0},{"damage_healed":0,"gold_gain":0,"player_choice":"2 cards matched","damage_taken":0,"max_hp_gain":0,"max_hp_loss":0,"event_name":"Match and Keep!","floor":37,"gold_loss":0,"cards_obtained":["StructuralAnalysis","Panacea"]},{"damage_healed":0,"gold_gain":0,"player_choice":"Memory 1","damage_taken":0,"max_hp_gain":0,"max_hp_loss":0,"event_name":"SensoryStone","floor":39,"gold_loss":0},{"damage_healed":0,"gold_gain":0,"player_choice":"Fight","damage_taken":0,"max_hp_gain":0,"max_hp_loss":0,"event_name":"Mysterious Sphere","floor":47,"gold_loss":0}],"is_beta":false,"boss_relics":[{"not_picked":["Calling Bell","SacredBark"],"picked":"Sozu"},{"not_picked":["Astrolabe","Runic Dome"],"picked":"Empty Cage"}],"items_purged_floors":[45],"is_endless":false,"potions_floor_spawned":[1,2,6,12,18,31,33,35,38,47],"ascension_level":0}}