{"host":"ekdm9k8smkjw8x9v","time":1614447262,"event":{"mods":["BaseMod","Hermit","Minty Spire (QoL Compilation)","Relic Stats","StSLib"],"gold_per_floor":[113,2,21,0,20,20,40,40,40,55,87,99,99,110,110,110,110],"floor_reached":16,"language":"RUS","playtime":5824,"items_purged":[],"score":104,"play_id":"da8a9cff-47dc-4064-9ba1-4c12ada2a48d","local_time":"20210228003422","is_ascension_mode":false,"campfire_choices":[{"data":"hermit:PistolWhip","floor":6,"key":"SMITH"},{"floor":13,"key":"REST"},{"floor":15,"key":"REST"}],"circlet_count":0,"master_deck":["hermit:Strike_Hermit","hermit:Strike_Hermit","hermit:Strike_Hermit","hermit:Strike_Hermit","hermit:Defend_Hermit","hermit:Defend_Hermit","hermit:Defend_Hermit","hermit:Defend_Hermit","hermit:Snapshot","hermit:Covet","hermit:ItchyTrigger","hermit:Horror","hermit:PistolWhip+1","hermit:TakeAim","hermit:HoleUp","hermit:Coalescence","hermit:FatalDesire","hermit:NoHoldsBarred","hermit:Strike_Hermit","hermit:Manifest","hermit:FinalCanter","hermit:Midnight","hermit:BigShot"],"relics":["hermit:Momento","Du-Vu Doll","Bird Faced Urn"],"acts_visited":["Exordium"],"potions_floor_usage":[16,16,16],"damage_taken":[{"damage":0,"enemies":"2 Louse","floor":1,"turns":3},{"damage":0,"enemies":"Cultist","floor":3,"turns":2},{"damage":0,"enemies":"Small Slimes","floor":5,"turns":4},{"damage":0,"enemies":"3 Louse","floor":7,"turns":3},{"damage":19,"enemies":"Blue Slaver","floor":10,"turns":3},{"damage":32,"enemies":"3 Sentries","floor":11,"turns":8},{"damage":0,"enemies":"Lots of Slimes","floor":12,"turns":1},{"damage":11,"enemies":"Exordium Wildlife","floor":14,"turns":3},{"damage":68,"enemies":"Slime Boss","floor":16,"turns":9}],"seed_played":"7826323418934566055","potions_obtained":[{"floor":5,"key":"Weak Potion"},{"floor":11,"key":"Block Potion"},{"floor":14,"key":"LiquidMemories"}],"is_trial":false,"path_per_floor":["M","$","M","?","M","R","M","?","T","M","E","M","R","M","R","B"],"character_chosen":"HERMIT","items_purchased":["hermit:Horror","hermit:PistolWhip"],"campfire_rested":2,"item_purchase_floors":[2,2],"current_hp_per_floor":[68,68,68,68,68,68,68,68,68,49,17,17,43,34,60,0,0],"gold":110,"neow_bonus":"TWENTY_PERCENT_HP_BONUS","is_daily":false,"chose_seed":false,"campfire_upgraded":1,"win_rate":0.0,"timestamp":1614447262,"path_taken":["M","$","M","?","M","R","M","?","T","M","E","?","R","M","R","BOSS"],"items_purchased_type":["Card","Card"],"build_version":"2020-12-22","purchased_purges":0,"victory":false,"max_hp_per_floor":[89,89,89,89,89,89,89,89,89,89,89,89,89,89,89,89,89],"relic_stats":{"counters":[9,36],"Bird Faced Urn":[8],"obtain_stats":[{"Du-Vu Doll":9,"Bird Faced Urn":11,"hermit:Momento":0},{"Du-Vu Doll":4,"Bird Faced Urn":6,"hermit:Momento":0},{"Du-Vu Doll":12,"Bird Faced Urn":23,"hermit:Momento":0}]},"card_choices":[{"not_picked":["hermit:NoHoldsBarred","hermit:BodyArmor"],"picked":"hermit:ItchyTrigger","floor":1},{"not_picked":["hermit:Horror","hermit:CalledShot"],"picked":"hermit:TakeAim","floor":3},{"not_picked":["hermit:LuckOfTheDraw","hermit:TakeCover"],"picked":"hermit:HoleUp","floor":5},{"not_picked":["hermit:Feint","hermit:CalledShot"],"picked":"hermit:Coalescence","floor":7},{"not_picked":["hermit:ItchyTrigger","hermit:Coalescence"],"picked":"hermit:Manifest","floor":10},{"not_picked":["hermit:LowProfile","hermit:Malice"],"picked":"hermit:FinalCanter","floor":11},{"not_picked":["hermit:Showdown","hermit:LowProfile"],"picked":"hermit:Midnight","floor":12},{"not_picked":["hermit:HoleUp","hermit:Desperado"],"picked":"hermit:BigShot","floor":14}],"player_experience":252213,"relics_obtained":[{"floor":9,"key":"Du-Vu Doll"},{"floor":11,"key":"Bird Faced Urn"}],"event_choices":[{"damage_healed":0,"gold_gain":0,"player_choice":"Left Gold","damage_taken":0,"max_hp_gain":0,"max_hp_loss":0,"event_name":"World of Goop","floor":4,"gold_loss":21},{"damage_healed":0,"gold_gain":0,"player_choice":"3 cards matched","damage_taken":0,"max_hp_gain":0,"max_hp_loss":0,"event_name":"Match and Keep!","floor":8,"gold_loss":0,"cards_obtained":["hermit:FatalDesire","hermit:NoHoldsBarred","hermit:Strike_Hermit"]}],"is_beta":false,"boss_relics":[],"items_purged_floors":[],"is_endless":false,"potions_floor_spawned":[5,11,14],"killed_by":"Slime Boss","ascension_level":0}}