{"host":"0v07cr0k93jhgkpm","time":1614442860,"event":{"mods":["BaseMod","Colored Map","DeckTracker","Minty Spire (QoL Compilation)","Quick Restart","SuperFastMode"],"gold_per_floor":[109,109,52,52,52,91,91,129,129,129,152,77,77,100,100,189,189,213,234,234,250,250,250],"floor_reached":22,"language":"KOR","playtime":581,"items_purged":[],"score":484,"play_id":"9bf71c15-f9b6-491b-803b-3a6dc4853b38","local_time":"20210228012100","is_ascension_mode":true,"campfire_choices":[{"data":"Reflex","floor":10,"key":"SMITH"},{"data":"Dagger Spray","floor":13,"key":"SMITH"},{"data":"Deadly Poison","floor":15,"key":"SMITH"}],"circlet_count":0,"master_deck":["AscendersBane","Strike_G","Strike_G","Strike_G","Strike_G","Defend_G","Defend_G","Defend_G","Defend_G","Survivor","Neutralize","Deadly Poison+1","Backflip","Tactician","Reflex+1","Dagger Spray+1","Deadly Poison+1","Envenom","Dagger Throw"],"relics":["Ring of the Snake","NeowsBlessing","Golden Idol","Matryoshka","Ice Cream","Meat on the Bone","Bottled Lightning","SlaversCollar","SsserpentHead"],"acts_visited":["Exordium","TheCity"],"potions_floor_usage":[11,16,18,18,21,22],"damage_taken":[{"damage":0.0,"enemies":"Small Slimes","floor":1.0,"turns":1.0},{"damage":0,"enemies":"3 Sentries","floor":6,"turns":1},{"damage":0,"enemies":"Gremlin Nob","floor":8,"turns":1},{"damage":0,"enemies":"Jaw Worm","floor":11,"turns":3},{"damage":1,"enemies":"Cultist","floor":14,"turns":3},{"damage":10,"enemies":"Hexaghost","floor":16,"turns":8},{"damage":36,"enemies":"Spheric Guardian","floor":18,"turns":6},{"damage":13,"enemies":"Chosen","floor":19,"turns":5},{"damage":33,"enemies":"Centurion and Healer","floor":21,"turns":10},{"damage":26,"enemies":"Chosen and Byrds","floor":22,"turns":3}],"seed_played":"-5834149618675379999","potions_obtained":[{"floor":6,"key":"DistilledChaos"},{"floor":11,"key":"EntropicBrew"},{"floor":14,"key":"BlessingOfTheForge"},{"floor":19,"key":"Weak Potion"}],"is_trial":false,"path_per_floor":["M","?","$","$","?","E","?","E","T","R","M","?","R","M","R","B",null,"M","M","?","M","M"],"character_chosen":"THE_SILENT","items_purchased":["Backflip"],"campfire_rested":0,"item_purchase_floors":[3],"current_hp_per_floor":[59,36,36,36,36,36,29,29,29,29,41,41,41,40,40,42,60,36,35,35,14,0,0],"gold":250,"neow_bonus":"THREE_ENEMY_KILL","is_daily":false,"chose_seed":false,"campfire_upgraded":3,"win_rate":0.0,"timestamp":1614442860,"path_taken":["M","?","?","$","?","E","?","E","T","R","M","?","R","M","R","BOSS","M","M","?","M","M"],"items_purchased_type":["Card"],"build_version":"2020-12-22","purchased_purges":0,"victory":false,"max_hp_per_floor":[66,66,66,66,66,66,66,66,66,66,66,66,66,66,66,66,66,66,66,66,66,66,66],"card_choices":[{"not_picked":["Underhanded Strike","Prepared"],"picked":"Deadly Poison","floor":1},{"not_picked":["Sucker Punch","Poisoned Stab"],"picked":"Tactician","floor":6},{"not_picked":["Well Laid Plans","Riddle With Holes"],"picked":"Reflex","floor":8},{"not_picked":["Finisher","PiercingWail"],"picked":"Dagger Spray","floor":11},{"not_picked":["Dodge and Roll","Distraction"],"picked":"Deadly Poison","floor":14},{"not_picked":["Wraith Form v2","Doppelganger"],"picked":"Envenom","floor":16},{"not_picked":["Bane","Terror","Heel Hook"],"picked":"SKIP","floor":18},{"not_picked":["Deflect","Underhanded Strike","Dagger Spray"],"picked":"SKIP","floor":19},{"not_picked":["Dodge and Roll+1","Phantasmal Killer"],"picked":"Dagger Throw","floor":21}],"player_experience":2523573,"relics_obtained":[{"floor":6,"key":"Matryoshka"},{"floor":8,"key":"Ice Cream"},{"floor":9,"key":"Meat on the Bone"},{"floor":9,"key":"Bottled Lightning"}],"event_choices":[{"damage_healed":0,"gold_gain":0,"player_choice":"Take Damage","damage_taken":23,"relics_obtained":["Golden Idol"],"max_hp_gain":0,"max_hp_loss":0,"event_name":"Golden Idol","floor":2,"gold_loss":0},{"damage_healed":0,"gold_gain":0,"player_choice":"Grow","damage_taken":0,"max_hp_gain":0,"max_hp_loss":0,"event_name":"Living Wall","floor":5,"gold_loss":0,"cards_upgraded":["Deadly Poison"]},{"cards_removed":["Strike_G"],"damage_healed":0,"gold_gain":0,"player_choice":"Card Removal","damage_taken":7,"max_hp_gain":0,"max_hp_loss":0,"event_name":"Golden Wing","floor":7,"gold_loss":0},{"cards_removed":["Defend_G"],"damage_healed":0,"gold_gain":0,"player_choice":"Card Removal","damage_taken":0,"max_hp_gain":0,"max_hp_loss":0,"event_name":"The Cleric","floor":12,"gold_loss":75},{"damage_healed":0,"gold_gain":0,"player_choice":"Trade","damage_taken":0,"relics_obtained":["SsserpentHead"],"max_hp_gain":0,"max_hp_loss":0,"event_name":"FaceTrader","floor":20,"gold_loss":0}],"is_beta":false,"boss_relics":[{"not_picked":["Astrolabe","Runic Dome"],"picked":"SlaversCollar"}],"items_purged_floors":[],"is_endless":false,"potions_floor_spawned":[6,11,14,19],"killed_by":"Chosen and Byrds","ascension_level":20}}