{"host":"0mk07bycsqo1qk03","time":1614421999,"event":{"mods":["BaseMod","Downfall","Hermit","Hubris","Minty Spire (QoL Compilation)","Reliquary","Replay The Spire","Spicy Shops","Spire Arcade","StSLib","The Hierophant"],"gold_per_floor":[113,113,123,5,5,5,19,47,95,95,95,127,127,127],"floor_reached":13,"language":"ENG","playtime":288,"items_purged":[],"score":150,"play_id":"3e44157a-4144-4a77-a3db-f648f63b759a","local_time":"20210227113319","is_ascension_mode":true,"campfire_choices":[{"data":"Poisoned Stab","floor":6,"key":"SMITH"}],"circlet_count":0,"master_deck":["AscendersBane","Strike_G","Strike_G","Strike_G+1","Strike_G+1","Defend_G","Defend_G","Defend_G","Defend_G","Defend_G","Survivor","Neutralize","Bane","Crippling Poison+1","Poisoned Stab+1","Deadly Poison","Deadly Poison","Burst"],"relics":["Ring of the Snake","Anchor","hubris:TenFootPole","Whetstone","Snake Skull","Byrd Skull"],"acts_visited":["Exordium"],"potions_floor_usage":[13],"damage_taken":[{"damage":7,"enemies":"Cultist","floor":1,"turns":5},{"damage":2,"enemies":"Small Slimes","floor":3,"turns":5},{"damage":0,"enemies":"Jaw Worm","floor":7,"turns":3},{"damage":12,"enemies":"Lagavulin","floor":8,"turns":5},{"damage":19,"enemies":"3 Sentries","floor":13,"turns":8}],"seed_played":"-946982006627283222","potions_obtained":[{"floor":3,"key":"SmokeBomb"},{"floor":5,"key":"DuplicationPotion"},{"floor":8,"key":"Doom Potion"},{"floor":12,"key":"LiquidMemories"}],"is_trial":false,"path_per_floor":["M","?","M","$","?","R","M","E","T","?","?","?","E"],"character_chosen":"THE_SILENT","items_purchased":["Crippling Poison+1","Poisoned Stab"],"campfire_rested":0,"item_purchase_floors":[4,4],"current_hp_per_floor":[52,52,50,50,50,50,50,38,38,30,30,17,0,0],"gold":127,"neow_bonus":"RANDOM_COMMON_RELIC","is_daily":false,"chose_seed":false,"campfire_upgraded":1,"win_rate":0.0,"timestamp":1614421999,"path_taken":["M","?","?","?","?","R","?","E","T","?","?","?","E"],"items_purchased_type":["Card","Card"],"build_version":"2020-12-22","purchased_purges":0,"victory":false,"max_hp_per_floor":[66,66,66,66,66,66,66,66,66,66,66,66,66,66],"card_choices":[{"not_picked":["Quick Slash","Acrobatics"],"picked":"Dagger Spray","floor":1},{"not_picked":["hubris:SlightOfHand","Backflip"],"picked":"Bane","floor":3},{"not_picked":["Crippling Poison","Underhanded Strike"],"picked":"Deadly Poison","floor":7},{"not_picked":["Dagger Spray","hubris:SlightOfHand"],"picked":"Deadly Poison","floor":8},{"not_picked":["Sucker Punch","Poisoned Stab"],"picked":"Burst","floor":12}],"player_experience":1077691,"relics_obtained":[{"floor":8,"key":"Whetstone"},{"floor":9,"key":"Snake Skull"}],"event_choices":[{"cards_removed":["Dagger Spray"],"damage_healed":0,"gold_gain":0,"player_choice":"Gave Card","damage_taken":0,"relics_obtained":["hubris:TenFootPole"],"max_hp_gain":0,"max_hp_loss":0,"event_name":"WeMeetAgain","floor":2,"gold_loss":0},{"damage_healed":0,"gold_gain":0,"player_choice":"Got Potions","damage_taken":0,"max_hp_gain":0,"max_hp_loss":0,"event_name":"Lab","floor":5,"gold_loss":0},{"damage_healed":0,"gold_gain":0,"player_choice":"Success","damage_taken":18,"relics_obtained":["Byrd Skull"],"max_hp_gain":0,"max_hp_loss":0,"event_name":"Scrap Ooze","floor":10,"gold_loss":0},{"cards_removed":["Strike_G"],"damage_healed":0,"gold_gain":0,"player_choice":"Forget","damage_taken":0,"max_hp_gain":0,"max_hp_loss":0,"event_name":"Living Wall","floor":11,"gold_loss":0}],"is_beta":false,"boss_relics":[],"items_purged_floors":[],"is_endless":false,"potions_floor_spawned":[3,8],"killed_by":"3 Sentries","ascension_level":17}}