{"host":"ez9lh5a3k31ytd04","time":1614392817,"event":{"mods":["Act Like it!","Arknights","Aspiration","BaseMod","Conspire","Downfall","Energized Spire","Jedi Mod","Minty Spire (QoL Compilation)","Quarter Circle Forward PUNCH!","Quick Restart","Relic Filter Mod","Reliquary","Replay The Spire","Spicy Shops","StSLib","TestMod","noobMod","¡¾ÒÅÎï¿¨ÅÆ¡¿REMEMod"],"gold_per_floor":[116,133,13,25,36,36,68,68,91,91,104,132,132,93,93,193,193,208,225,237,237,8,8],"floor_reached":22,"language":"ZHS","playtime":2239,"items_purged":["Defend_R"],"score":304,"play_id":"bef97106-d48d-4a92-8d62-e3145bdb4e05","local_time":"20210227102657","is_ascension_mode":true,"campfire_choices":[{"data":"Searing Blow","floor":6,"key":"SMITH"},{"data":"Searing Blow+1","floor":8,"key":"SMITH"},{"data":"Searing Blow+2","floor":10,"key":"SMITH"},{"data":"Searing Blow+4","floor":15,"key":"SMITH"}],"circlet_count":0,"master_deck":["AscendersBane","Strike_R","Strike_R","Strike_R","Strike_R","Strike_R","Defend_R","Defend_R","Bash","Armaments","Perfected Strike","Rage","Flex","Shrug It Off","Pommel Strike","Twin Strike","Searing Blow+5","Thunderclap","Reckless Charge","Inflame","Seeing Red","jedi:fear","jedi:fear","Limit Break","Shrug It Off","Flex","REME_Scribble","Clash","Replay:Undeath\u0027s Touch","Discovery"],"relics":["Burning Blood","testmod-TestBox","REME_ComplimentaryCards","ice","testmod-ThousandKnives","Prayer Wheel","reliquary:IridiumChain","reliquary:GummyVitamins","testmod-TimeTraveler","jedi:fakemustache"],"acts_visited":["Exordium","TheCity"],"potions_floor_usage":[5,7,11,16,18],"damage_taken":[{"damage":20,"enemies":"Cultist","floor":1,"turns":5},{"damage":8,"enemies":"ats:Genji","floor":2,"turns":3},{"damage":0,"enemies":"2 Louse","floor":4,"turns":2},{"damage":0,"enemies":"Red Slaver","floor":5,"turns":2},{"damage":32,"enemies":"Replay:BlueRogue","floor":7,"turns":8},{"damage":9,"enemies":"Lots of Slimes","floor":11,"turns":4},{"damage":7,"enemies":"Gremlin Nob","floor":12,"turns":3},{"damage":31,"enemies":"Hexaghost","floor":16,"turns":11},{"damage":17,"enemies":"conspire:FuzzyDice","floor":18,"turns":4},{"damage":0,"enemies":"Spheric Guardian","floor":19,"turns":3},{"damage":23,"enemies":"conspire:HollyBat","floor":20,"turns":9}],"seed_played":"4380621959210688751","potions_obtained":[{"floor":1,"key":"Swift Potion"},{"floor":2,"key":"SteroidPotion"},{"floor":7,"key":"Fire Potion"},{"floor":11,"key":"Languid Potion"},{"floor":16,"key":"champ:CounterPotion"},{"floor":19,"key":"SteroidPotion"}],"is_trial":false,"path_per_floor":["M","M","$","M","M","R","E","R","T","R","M","E","?","$","R","B",null,"M","M","M","?","$"],"character_chosen":"IRONCLAD","items_purchased":["Shrug It Off","jedi:fear","jedi:fakemustache","Discovery"],"campfire_rested":0,"item_purchase_floors":[3,14,22,22],"current_hp_per_floor":[66,64,64,70,76,76,50,50,50,50,47,46,46,46,46,21,71,60,66,51,51,66,66],"gold":8,"neow_bonus":"TEN_PERCENT_HP_BONUS","is_daily":false,"chose_seed":false,"campfire_upgraded":4,"win_rate":0.0,"timestamp":1614392817,"path_taken":["M","?","$","M","M","R","E","R","T","R","M","E","?","$","R","BOSS","M","?","?","?","$"],"items_purchased_type":["Card","Card","Relic","Card"],"build_version":"2020-12-22","purchased_purges":1,"victory":false,"max_hp_per_floor":[88,88,88,88,88,88,88,88,88,88,88,88,88,88,88,88,88,88,88,90,90,90,90],"card_choices":[{"not_picked":["Run Through","Wild Strike"],"picked":"Armaments","floor":1},{"not_picked":["Abandon","ReplayReversal"],"picked":"Perfected Strike","floor":1},{"not_picked":["Combust","REME_Cut"],"picked":"Rage","floor":2},{"not_picked":["REME_FearOfPain","Corruption"],"picked":"Flex","floor":2},{"not_picked":["True Grit","Iron Wave"],"picked":"Pommel Strike","floor":4},{"not_picked":["Inflame","Havoc"],"picked":"Twin Strike","floor":4},{"not_picked":["Hemokinesis","Defy Death"],"picked":"Searing Blow","floor":5},{"not_picked":["Havoc","Warcry"],"picked":"Thunderclap","floor":5},{"not_picked":["Flame Barrier","Massacre","Sever Soul"],"picked":"SKIP","floor":7},{"not_picked":["REME_Fury","Wild Strike"],"picked":"Reckless Charge","floor":11},{"not_picked":["Havoc","Combust"],"picked":"Inflame","floor":11},{"not_picked":["Intimidate","Twin Strike"],"picked":"Seeing Red","floor":12},{"not_picked":["Berserk","Bludgeon"],"picked":"Limit Break","floor":16},{"not_picked":["Seeing Red","Heavy Blade"],"picked":"Shrug It Off","floor":18},{"not_picked":["Warcry","Sword Boomerang+1","True Grit"],"picked":"SKIP","floor":18},{"not_picked":["Burning Pact","jedi:collectorstrike"],"picked":"Flex","floor":19},{"not_picked":["conspire:ExplosiveBarrier","jedi:controlledanger"],"picked":"REME_Scribble","floor":19},{"not_picked":["jedi:hate+1","Flex+1"],"picked":"Clash","floor":20},{"not_picked":["Cleave","Clothesline"],"picked":"Replay:Undeath\u0027s Touch","floor":20}],"player_experience":85082,"relics_obtained":[{"floor":7,"key":"reliquary:IridiumChain"},{"floor":12,"key":"reliquary:GummyVitamins"}],"event_choices":[{"damage_healed":0,"gold_gain":0,"player_choice":"Forge","damage_taken":0,"max_hp_gain":0,"max_hp_loss":0,"event_name":"Accursed Blacksmith","floor":13,"gold_loss":0,"cards_upgraded":["Searing Blow"]},{"cards_removed":["Defend_R"],"damage_healed":0,"gold_gain":0,"player_choice":"Card Removal","damage_taken":0,"max_hp_gain":0,"max_hp_loss":0,"event_name":"Wheel of Change","floor":21,"gold_loss":0}],"is_beta":false,"boss_relics":[{"not_picked":["energizedSpire:CursedPentagram","conspire:RoyalGoblet"],"picked":"testmod-TimeTraveler"}],"items_purged_floors":[3],"is_endless":false,"potions_floor_spawned":[1,2,7,11,16,19],"ascension_level":11}}