{"host":"fbdlh90rovbiajun","time":1614448358,"event":{"mods":["AchievementEnabler","BaseMod","Colored Map","Keyboard Shortcuts","Minty Spire (QoL Compilation)","SuperFastMode"],"gold_per_floor":[111,111,186,206,206,206,239,256,279,309,309,309,322,341,341,436,436,449,130,147,163,63,90,108,108,408,408,433,464,464,481,481,586,586,602,512,512,734,11,11,11,11,38,38,64,64,88,107,107,107],"floor_reached":51,"language":"KOR","playtime":1268,"items_purged":["Strike_P","Defend_P","Strike_P+1"],"score":1379,"play_id":"e8d77cef-161b-4137-b087-a41d7b1aba34","local_time":"20210228025238","is_ascension_mode":true,"campfire_choices":[{"data":"Eruption","floor":6,"key":"SMITH"},{"data":"Adaptation","floor":11,"key":"SMITH"},{"floor":15,"key":"REST"},{"floor":25,"key":"REST"},{"data":"InnerPeace","floor":27,"key":"SMITH"},{"data":"MentalFortress","floor":30,"key":"SMITH"},{"data":"SandsOfTime","floor":32,"key":"SMITH"},{"floor":40,"key":"REST"},{"floor":49,"key":"REST"}],"circlet_count":0,"master_deck":["AscendersBane","Eruption+1","Vigilance+1","SandsOfTime+1","Adaptation+1","SignatureMove+1","Halt+1","LikeWater+1","MentalFortress+1","Eruption+1"],"relics":["PureWater","NeowsBlessing","Vajra","Regal Pillow","Ice Cream","Astrolabe","Sundial","Juzu Bracelet","Old Coin","Red Mask","Strawberry","Runic Pyramid","Prayer Wheel","Gambling Chip","Bronze Scales","Mummified Hand","Potion Belt"],"acts_visited":["Exordium","TheCity","TheBeyond"],"potions_floor_usage":[10,21,33,33,50],"damage_taken":[{"damage":0,"enemies":"Small Slimes","floor":1,"turns":2},{"damage":0,"enemies":"2 Louse","floor":4,"turns":2},{"damage":0,"enemies":"Gremlin Nob","floor":7,"turns":1},{"damage":0,"enemies":"Cultist","floor":8,"turns":3},{"damage":32,"enemies":"Lagavulin","floor":10,"turns":5},{"damage":0,"enemies":"Blue Slaver","floor":13,"turns":4},{"damage":0,"enemies":"2 Fungi Beasts","floor":14,"turns":2},{"damage":22,"enemies":"The Guardian","floor":16,"turns":10},{"damage":0,"enemies":"Shell Parasite","floor":18,"turns":1},{"damage":10,"enemies":"3 Byrds","floor":20,"turns":5},{"damage":18,"enemies":"Shelled Parasite and Fungi","floor":21,"turns":3},{"damage":7,"enemies":"Book of Stabbing","floor":23,"turns":4},{"damage":14,"enemies":"Centurion and Healer","floor":24,"turns":2},{"damage":6,"enemies":"Masked Bandits","floor":28,"turns":4},{"damage":0,"enemies":"Gremlin Leader","floor":29,"turns":3},{"damage":22,"enemies":"Sentry and Sphere","floor":31,"turns":4},{"damage":8,"enemies":"Automaton","floor":33,"turns":5},{"damage":16,"enemies":"Orb Walker","floor":35,"turns":3},{"damage":0,"enemies":"Giant Head","floor":45,"turns":4},{"damage":0,"enemies":"3 Darklings","floor":48,"turns":3},{"damage":60,"enemies":"Donu and Deca","floor":50,"turns":6}],"seed_played":"-523547040805687167","potions_obtained":[{"floor":1,"key":"Strength Potion"},{"floor":8,"key":"Regen Potion"},{"floor":13,"key":"SneckoOil"},{"floor":14,"key":"Energy Potion"},{"floor":16,"key":"DuplicationPotion"},{"floor":21,"key":"Fruit Juice"},{"floor":23,"key":"Energy Potion"},{"floor":45,"key":"Swift Potion"}],"is_trial":false,"path_per_floor":["M","?","?","M","?","R","E","M","T","E","R","?","M","M","R","B",null,"M","$","M","M","$","E","M","R","T","R","?","E","R","M","R","B",null,"M","?","?","?","$","R","?","$","T","?","E","$","T","M","R","B",null],"character_chosen":"WATCHER","items_purchased":["Sundial","Prayer Wheel","Gambling Chip"],"campfire_rested":4,"item_purchase_floors":[19,39,39],"current_hp_per_floor":[65,51,40,40,40,40,40,40,40,13,13,6,6,6,42,20,59,59,59,49,36,36,29,15,53,53,53,47,54,54,32,32,24,69,53,53,53,53,53,84,84,84,84,84,84,84,84,84,84,24],"gold":107,"neow_bonus":"THREE_ENEMY_KILL","is_daily":false,"chose_seed":false,"campfire_upgraded":5,"win_rate":0.0,"timestamp":1614448358,"path_taken":["M","?","?","M","?","R","E","M","T","E","R","?","M","M","R","BOSS","M","$","M","M","$","E","M","R","T","R","?","E","R","M","R","BOSS","M","?","?","?","$","R","?","$","T","?","E","$","?","M","R","BOSS"],"items_purchased_type":["Relic","Relic","Relic"],"build_version":"2020-12-22","purchased_purges":3,"victory":true,"max_hp_per_floor":[72,72,72,72,72,72,72,72,72,72,72,72,72,72,72,72,72,72,72,72,77,77,77,77,77,77,77,77,84,84,84,84,84,84,84,84,84,84,84,84,84,84,84,84,84,84,84,84,84,84],"card_choices":[{"not_picked":["Pray","SashWhip","EmptyBody"],"picked":"SKIP","floor":1},{"not_picked":["Protect","FlyingSleeves"],"picked":"SandsOfTime","floor":4},{"not_picked":["Consecrate","Evaluate"],"picked":"Adaptation","floor":7},{"not_picked":["FlyingSleeves","Meditate","CrushJoints"],"picked":"SKIP","floor":8},{"not_picked":["DeceiveReality","ReachHeaven","EmptyBody"],"picked":"SKIP","floor":10},{"not_picked":["DeceiveReality","ReachHeaven","EmptyBody"],"picked":"SKIP","floor":10},{"not_picked":["Alpha","Swivel","Worship"],"picked":"SKIP","floor":13},{"not_picked":["SashWhip","BattleHymn","SandsOfTime"],"picked":"SKIP","floor":14},{"not_picked":["BowlingBash+1","Tantrum","TalkToTheHand"],"picked":"SKIP","floor":18},{"not_picked":["DeceiveReality","Prostrate","CutThroughFate"],"picked":"SKIP","floor":20},{"not_picked":["Protect","FlurryOfBlows","BowlingBash+1"],"picked":"SKIP","floor":21},{"not_picked":["CrushJoints","Pray"],"picked":"InnerPeace","floor":23},{"not_picked":["FollowUp+1","Consecrate","SashWhip+1"],"picked":"SKIP","floor":24},{"not_picked":["EmptyBody","EmptyFist"],"picked":"MentalFortress","floor":28},{"not_picked":["DeceiveReality","FlyingSleeves","CarveReality+1"],"picked":"SKIP","floor":29},{"not_picked":["DeceiveReality","FlyingSleeves","CarveReality+1"],"picked":"SKIP","floor":29},{"not_picked":["Worship","FollowUp","ClearTheMind+1"],"picked":"SKIP","floor":31},{"not_picked":["MentalFortress","SashWhip","EmptyFist"],"picked":"SKIP","floor":35},{"not_picked":["EmptyBody+1","Study+1","EmptyMind+1"],"picked":"SKIP","floor":45},{"not_picked":["Worship+1","Collect","CarveReality"],"picked":"SKIP","floor":48},{"not_picked":["SandsOfTime","CutThroughFate+1","Meditate"],"picked":"SKIP","floor":48}],"player_experience":149342,"relics_obtained":[{"floor":7,"key":"Vajra"},{"floor":9,"key":"Regal Pillow"},{"floor":10,"key":"Ice Cream"},{"floor":23,"key":"Juzu Bracelet"},{"floor":26,"key":"Old Coin"},{"floor":28,"key":"Red Mask"},{"floor":29,"key":"Strawberry"},{"floor":43,"key":"Bronze Scales"},{"floor":45,"key":"Mummified Hand"},{"floor":47,"key":"Potion Belt"}],"event_choices":[{"damage_healed":0,"gold_gain":0,"player_choice":"Entered Light","damage_taken":14,"max_hp_gain":0,"max_hp_loss":0,"event_name":"Shining Light","floor":2,"gold_loss":0,"cards_upgraded":["Strike_P","Defend_P"]},{"damage_healed":0,"gold_gain":75,"player_choice":"Gather Gold","damage_taken":11,"max_hp_gain":0,"max_hp_loss":0,"event_name":"World of Goop","floor":3,"gold_loss":0},{"damage_healed":0,"gold_gain":0,"player_choice":"Ignored","damage_taken":0,"max_hp_gain":0,"max_hp_loss":0,"event_name":"Liars Game","floor":5,"gold_loss":0},{"cards_removed":["Strike_P"],"damage_healed":0,"gold_gain":0,"player_choice":"Card Removal","damage_taken":7,"max_hp_gain":0,"max_hp_loss":0,"event_name":"Golden Wing","floor":12,"gold_loss":0},{"damage_healed":0,"gold_gain":0,"player_choice":"Fought Bandits","damage_taken":0,"max_hp_gain":0,"max_hp_loss":0,"event_name":"Masked Bandits","floor":28,"gold_loss":0},{"cards_removed":["Defend_P"],"damage_healed":0,"gold_gain":0,"player_choice":"Upgrade and Remove","damage_taken":0,"max_hp_gain":0,"max_hp_loss":0,"event_name":"Designer","floor":36,"gold_loss":90,"cards_upgraded":["Vigilance"]},{"cards_removed":["InnerPeace"],"damage_healed":0,"gold_gain":0,"player_choice":"Removed Skill","damage_taken":0,"max_hp_gain":0,"max_hp_loss":0,"event_name":"Falling","floor":37,"gold_loss":0},{"damage_healed":0,"gold_gain":222,"player_choice":"Wore Mask","damage_taken":0,"max_hp_gain":0,"max_hp_loss":0,"event_name":"Tomb of Lord Red Mask","floor":38,"gold_loss":0},{"damage_healed":0,"gold_gain":0,"player_choice":"Ignored","damage_taken":0,"max_hp_gain":0,"max_hp_loss":0,"event_name":"Accursed Blacksmith","floor":41,"gold_loss":0},{"damage_healed":0,"gold_gain":0,"player_choice":"Copied","damage_taken":0,"max_hp_gain":0,"max_hp_loss":0,"event_name":"Duplicator","floor":44,"gold_loss":0,"cards_obtained":["Eruption"]}],"is_beta":false,"boss_relics":[{"not_picked":["Empty Cage","Runic Dome"],"picked":"Astrolabe"},{"not_picked":["Coffee Dripper","Calling Bell"],"picked":"Runic Pyramid"}],"items_purged_floors":[19,22,39],"is_endless":false,"potions_floor_spawned":[1,8,13,14,16,18,21,23,31,45],"ascension_level":10}}