{"host":"7rmsgc3rayi00cdt","time":1614451443,"event":{"mods":["BaseMod","Minty Spire (QoL Compilation)"],"gold_per_floor":[109,109,127,127,150,150,189,189,257,277,277,313,95,139,139,264,264,283,283,304,324,374,408,408,408,408],"floor_reached":25,"language":"ENG","playtime":813,"items_purged":["Regret"],"score":395,"play_id":"00d20339-c5c8-444b-83e4-5fb1e8b5da32","local_time":"20210227184403","is_ascension_mode":true,"campfire_choices":[{"data":"Iron Wave","floor":6,"key":"SMITH"},{"data":"Bash","floor":8,"key":"SMITH"},{"floor":15,"key":"REST"},{"floor":24,"key":"REST"}],"circlet_count":0,"master_deck":["AscendersBane","Strike_R","Strike_R","Strike_R","Strike_R","Strike_R","Defend_R","Defend_R","Defend_R","Defend_R","Bash+1","Warcry","Iron Wave+1","Pommel Strike","Headbutt","Clash","Impervious","Pummel","Demon Form+1","Wild Strike"],"relics":["Burning Blood","Golden Idol","Strawberry","HornCleat","Frozen Egg 2","Ancient Tea Set","MealTicket","Charon\u0027s Ashes","Busted Crown","InkBottle","Bag of Marbles"],"acts_visited":["Exordium","TheCity"],"potions_floor_usage":[7,12,16,23,25,25],"damage_taken":[{"damage":15,"enemies":"Jaw Worm","floor":1,"turns":5},{"damage":0,"enemies":"2 Louse","floor":3,"turns":4},{"damage":1,"enemies":"Cultist","floor":5,"turns":4},{"damage":17,"enemies":"Gremlin Nob","floor":7,"turns":4},{"damage":0,"enemies":"Looter","floor":10,"turns":3},{"damage":17,"enemies":"Lagavulin","floor":12,"turns":5},{"damage":29,"enemies":"Gremlin Nob","floor":14,"turns":5},{"damage":61,"enemies":"Hexaghost","floor":16,"turns":13},{"damage":20,"enemies":"Chosen","floor":18,"turns":5},{"damage":18,"enemies":"2 Thieves","floor":20,"turns":4},{"damage":18,"enemies":"Snake Plant","floor":21,"turns":5},{"damage":25,"enemies":"Slavers","floor":23,"turns":4},{"damage":49,"enemies":"Gremlin Leader","floor":25,"turns":6}],"seed_played":"-1879349302713216627","potions_obtained":[{"floor":3,"key":"Explosive Potion"},{"floor":4,"key":"Regen Potion"},{"floor":4,"key":"AttackPotion"},{"floor":7,"key":"Strength Potion"},{"floor":16,"key":"ElixirPotion"},{"floor":18,"key":"FearPotion"},{"floor":23,"key":"HeartOfIron"}],"is_trial":false,"path_per_floor":["M","?","M","?","M","R","E","R","T","M","?","E","$","E","R","B",null,"M","?","M","M","?","E","R","E"],"character_chosen":"IRONCLAD","items_purchased":["MealTicket"],"campfire_rested":2,"item_purchase_floors":[13],"current_hp_per_floor":[71,49,55,55,60,60,68,68,68,74,74,63,63,40,68,13,75,61,61,49,37,37,18,46,0,0],"gold":408,"neow_bonus":"TEN_PERCENT_HP_BONUS","is_daily":false,"chose_seed":false,"campfire_upgraded":2,"win_rate":0.0,"timestamp":1614451443,"path_taken":["M","?","M","?","?","R","E","R","T","M","?","E","$","E","R","BOSS","M","?","M","M","?","E","R","E"],"items_purchased_type":["Relic"],"build_version":"2020-12-22","purchased_purges":1,"victory":false,"max_hp_per_floor":[88,88,88,88,88,88,95,95,95,95,95,95,95,95,95,95,95,95,95,95,95,95,95,95,95,95],"card_choices":[{"not_picked":["Flame Barrier","Pommel Strike"],"picked":"Warcry","floor":1},{"not_picked":["True Grit","Rage"],"picked":"Iron Wave","floor":3},{"not_picked":["Havoc","Thunderclap"],"picked":"Pommel Strike","floor":5},{"not_picked":["Armaments","Seeing Red"],"picked":"Headbutt","floor":7},{"not_picked":["Perfected Strike","Bloodletting"],"picked":"Clash","floor":10},{"not_picked":["Twin Strike","Havoc"],"picked":"Impervious","floor":12},{"not_picked":["Rage","Heavy Blade"],"picked":"Pummel","floor":14},{"not_picked":["Juggernaut+1","Offering"],"picked":"Demon Form+1","floor":16},{"not_picked":["Armaments"],"picked":"SKIP","floor":18},{"not_picked":[],"picked":"Wild Strike","floor":20},{"not_picked":["Searing Blow+1"],"picked":"SKIP","floor":21},{"not_picked":["Rupture+1"],"picked":"SKIP","floor":23}],"player_experience":840359,"relics_obtained":[{"floor":7,"key":"Strawberry"},{"floor":9,"key":"HornCleat"},{"floor":12,"key":"Ancient Tea Set"},{"floor":14,"key":"Charon\u0027s Ashes"},{"floor":23,"key":"Bag of Marbles"}],"event_choices":[{"damage_healed":0,"gold_gain":0,"player_choice":"Take Damage","damage_taken":22,"relics_obtained":["Golden Idol"],"max_hp_gain":0,"max_hp_loss":0,"event_name":"Golden Idol","floor":2,"gold_loss":0},{"damage_healed":0,"gold_gain":0,"player_choice":"Got Potions","damage_taken":0,"max_hp_gain":0,"max_hp_loss":0,"event_name":"Lab","floor":4,"gold_loss":0},{"damage_healed":0,"gold_gain":0,"player_choice":"Box","damage_taken":0,"relics_obtained":["Frozen Egg 2"],"max_hp_gain":0,"max_hp_loss":0,"event_name":"Big Fish","floor":11,"gold_loss":0,"cards_obtained":["Regret"]},{"damage_healed":0,"gold_gain":0,"player_choice":"Opened","damage_taken":0,"relics_obtained":["InkBottle"],"max_hp_gain":0,"max_hp_loss":0,"event_name":"The Mausoleum","floor":19,"gold_loss":0},{"damage_healed":0,"gold_gain":100,"player_choice":"Bet on Murderer","damage_taken":0,"max_hp_gain":0,"max_hp_loss":0,"event_name":"The Joust","floor":22,"gold_loss":50}],"is_beta":false,"boss_relics":[{"not_picked":["Sozu","Ectoplasm"],"picked":"Busted Crown"}],"items_purged_floors":[13],"is_endless":false,"potions_floor_spawned":[3,5,7,16,18,23],"killed_by":"Gremlin Leader","ascension_level":11}}