{"host":"0z6l31g9ps0v9zzp","time":1614403906,"event":{"mods":["Act Like it!","BaseMod","CapriCore","Library of Ruina","Library of Ruina Extra","Minty Spire (QoL Compilation)","StSLib"],"gold_per_floor":[120,140,151,177,191,223,223,253,253,283,42,52,83,99,99,194,194,211,211,211,211,230,261,261,286,332,347,377,390,400,499,499,594,594,613,613,578,594,594,923,923,957,957,957,551,551,583,331,331,331],"floor_reached":51,"language":"ZHS","playtime":1480,"items_purged":[],"score":1457,"play_id":"0e11d7f5-646f-4208-935f-dffc46e21731","local_time":"20210227133146","is_ascension_mode":true,"campfire_choices":[{"data":"DegradedLock","floor":7.0,"key":"SMITH"},{"data":"SilentMist","floor":15.0,"key":"SMITH"},{"data":"SerpentSwordTechnique","floor":24.0,"key":"SMITH"},{"data":"Tttonst","floor":32.0,"key":"SMITH"},{"data":"UnforgettableMelody","floor":41.0,"key":"SMITH"},{"data":"ToWhereThePrescriptPoints","floor":44.0,"key":"SMITH"},{"floor":49,"key":"RECALL"}],"circlet_count":0,"master_deck":["DegradedFairy+1","DegradedFairy+1","DegradedFairy+1","DegradedChain","DegradedChain","DegradedLock+1","DegradedPillar","DegradedShockwave+1","Quickness","Lock","SilentMist+1","GoinFirst","SerpentSwordTechnique+1","ToWhereThePrescriptPoints+1","UnforgettableMelody+1","WillOfThePrescript+1","Tttonst+1","CleanUp+1","Fence","ForTheFamily+1","BindingChains","SomberProcuration+1"],"relics":["PageOfLibrarian","Strawberry","PageOfPorccubus","StoneCalendar","PageOfDeadButterflies","Potion Belt","PageOfMercenary","HornCleat","Philosopher\u0027s Stone","Mercury Hourglass","Torii","Akabeko","Toy Ornithopter","Empty Cage","Old Coin","Omamori","Toxic Egg 2","Orrery","Bag of Preparation","PageOfApocalypseBird"],"acts_visited":["Exordium","TheCity","TheBeyond"],"potions_floor_usage":[47,51,51,51,51,51,51,51,51],"damage_taken":[{"damage":0.0,"enemies":"Cultist","floor":1.0,"turns":1.0},{"damage":0.0,"enemies":"Jaw Worm","floor":2.0,"turns":1.0},{"damage":0.0,"enemies":"2 Louse","floor":3.0,"turns":1.0},{"damage":0.0,"enemies":"Exordium Thugs","floor":5.0,"turns":2.0},{"damage":0.0,"enemies":"Gremlin Nob","floor":6.0,"turns":2.0},{"damage":0.0,"enemies":"3 Sentries","floor":8.0,"turns":2.0},{"damage":0.0,"enemies":"Gremlin Nob","floor":10.0,"turns":2.0},{"damage":0.0,"enemies":"Large Slime","floor":12.0,"turns":2.0},{"damage":0.0,"enemies":"3 Sentries","floor":13.0,"turns":1.0},{"damage":0.0,"enemies":"2 Fungi Beasts","floor":14.0,"turns":1.0},{"damage":0.0,"enemies":"The Guardian","floor":16.0,"turns":3.0},{"damage":0.0,"enemies":"2 Thieves","floor":18.0,"turns":2.0},{"damage":2.0,"enemies":"Chosen","floor":22.0,"turns":2.0},{"damage":0.0,"enemies":"Gremlin Leader","floor":23.0,"turns":4.0},{"damage":0.0,"enemies":"Slavers","floor":25.0,"turns":3.0},{"damage":0.0,"enemies":"Snake Plant","floor":27.0,"turns":2.0},{"damage":15.0,"enemies":"Gremlin Leader","floor":28.0,"turns":4.0},{"damage":0.0,"enemies":"3 Cultists","floor":29.0,"turns":3.0},{"damage":0.0,"enemies":"Snecko","floor":30.0,"turns":2.0},{"damage":0.0,"enemies":"Champ","floor":33.0,"turns":6.0},{"damage":0.0,"enemies":"Orb Walker","floor":35.0,"turns":1.0},{"damage":12.0,"enemies":"3 Shapes","floor":38.0,"turns":4.0},{"damage":0.0,"enemies":"Giant Head","floor":40.0,"turns":4.0},{"damage":0.0,"enemies":"Reptomancer","floor":42.0,"turns":3.0},{"damage":13,"enemies":"Nemesis","floor":47,"turns":3},{"damage":10,"enemies":"Time Eater","floor":50,"turns":7}],"seed_played":"3146370943975537298","potions_obtained":[{"floor":3.0,"key":"Fire Potion"},{"floor":5.0,"key":"LiquidBronze"},{"floor":10.0,"key":"EntropicBrew"},{"floor":12.0,"key":"Strength Potion"},{"floor":14.0,"key":"SmokeBomb"},{"floor":29.0,"key":"SteroidPotion"}],"is_trial":false,"path_per_floor":["M","M","M","T","M","E","R","E","T","E","$","M","E","M","R","B",null,"M","?","?","?","M","E","R","E","T","M","E","M","M","?","R","B",null,"M","?","$","M","?","E","R","E","T","R","$","?","E","$","R","B",null],"character_chosen":"Librarian","items_purchased":["PageOfMercenary","Fence","Toxic Egg 2","Orrery","PageOfApocalypseBird"],"campfire_rested":0,"item_purchase_floors":[11,37,45,45,48],"current_hp_per_floor":[60,60,60,67,67,67,67,67,67,67,67,67,67,67,67,67,97,97,97,78,78,76,76,76,76,76,76,65,65,65,65,65,65,102,102,102,102,98,98,98,98,98,98,98,98,98,99,99,99,91],"gold":331,"neow_bonus":"UPGRADE_CARD","is_daily":false,"chose_seed":false,"campfire_upgraded":6,"win_rate":0.0,"timestamp":1614403906,"path_taken":["M","?","M","?","M","E","R","E","T","E","?","M","E","M","R","BOSS","M","?","?","?","M","E","R","E","T","M","E","M","?","?","R","BOSS","M","?","$","?","?","E","R","E","T","R","?","?","E","$","R","BOSS"],"items_purchased_type":["Relic","Card","Relic","Relic","Relic"],"build_version":"2020-12-22","purchased_purges":0,"victory":true,"max_hp_per_floor":[90,90,90,97,97,97,97,97,97,97,97,97,97,97,97,97,97,97,97,102,102,102,102,102,102,102,102,102,102,102,102,102,102,102,102,102,102,102,102,102,102,102,102,102,102,102,102,102,102,102],"card_choices":[{"not_picked":["Unlock1","Endure","Clone","CoordinatedAssault","BlindFaith","MultiBlock","EnergyCycle","InkOver","Reload"],"picked":"SKIP","floor":1.0},{"not_picked":["Preparation","Diversion","SparkingSpear","FierceCharge","AsThePrescriptOrders","MultiBlock","SnakesPrey","PreemptiveStrike"],"picked":"Quickness","floor":2.0},{"not_picked":["GreatSerpentsImpact","YouOnlyLiveOnce","Brawl","HighKick","ViolentFlame","WillOfThePrescript","EnergyStrike","TheWillOfTheCity"],"picked":"Lock","floor":3.0},{"not_picked":["MultiHit","AsThePrescriptOrders","Endure","TendonChords","Rewind","CoordinatedAssault","FierceCharge","Brawl","DefenseOrder"],"picked":"SKIP","floor":5.0},{"not_picked":["KeepItFresh","WaitUp","FlashingStrike","PinpointShot","Preparation","GatherIntel","ScratchThat","GuardingStance","BayonetCombat"],"picked":"SKIP","floor":6.0},{"not_picked":["Wallop_lor","Standoff","HandleRequest","CookingPrep","GrazeTheGrass","SinglePointStab","SnakeSlit","GreatSerpentsImpact"],"picked":"SilentMist","floor":8.0},{"not_picked":["Parry","QuickAttack","BayonetCombat","BattleCommand","Observe","HandleRequest","GuardingStance","Bvapour","FlashingStrike"],"picked":"SKIP","floor":10.0},{"not_picked":["BackstreetsDash","TheWillOfTheCity","QuickSuppression","FleetEdge","GreatSerpentsImpact","SharpenedBlade","GuardingStance","CutIn"],"picked":"GoinFirst","floor":12.0},{"not_picked":["Diversion","HiddenBlade","CumulusWall","SilentMist","FormingStorm","ViolentFlame","Laceration","StructuralAnalysis"],"picked":"SerpentSwordTechnique","floor":13.0},{"not_picked":["GreatSerpentsImpact","DefenseOrder","Thrust","WillOfThePrescript","RapidGashes","YourShield","AbsorbImpact","Unlock1"],"picked":"ToWhereThePrescriptPoints","floor":14.0},{"not_picked":["SuanNi","FlamingDragonFist"],"picked":"UnforgettableMelody","floor":16.0},{"not_picked":["SerpentSwordTechnique","Reload","Fence","ShrineToMusic","EnergyConversion","StrongStrike+1","GrazeTheGrass","TheWillOfTheCity+1"],"picked":"WillOfThePrescript+1","floor":18.0},{"not_picked":["FeelinGood","EndlessBattle","SuppressingShot","FleetFootsteps","EnergyStrike","CutIn","CoordinatedAssault+1","Reload","AsThePrescriptOrders"],"picked":"SKIP","floor":22.0},{"not_picked":["Faith","Diversion","ButterflySlash","Parry","HeavyPeaks","CrackOfDawn","QuickAttack+1","EnergyCycle","SweepTheBackstreets"],"picked":"SKIP","floor":23.0},{"not_picked":["PreemptiveStrike","CrackOfDawn","Zzzzzap","ViolentFlame","FlowOfTheSword","DimensionalRift+1","Multislash+1","GuidanceOfTheGears","DesperateStruggle"],"picked":"SKIP","floor":25.0},{"not_picked":["Leap_lor","Struggle+1","ForcefulGesture","Thrust","UpbeatPerformance+1","Juggling+1","YoureTooSlow","Multislash"],"picked":"Tttonst","floor":27.0},{"not_picked":["Duel_lor","HandlingWork","QuickSuppression+1","EnergyCycle","UpbeatPerformance","HighSpeedStabbing+1","GuardingStance","BackAttack","AsThePrescriptOrders+1"],"picked":"SKIP","floor":28.0},{"not_picked":["HighKick+1","SpearedSweep","CoordinatedAssault","Reload","StructuralAnalysis","StrongStrike","PinpointShot","EnergyShield","SilentMist"],"picked":"SKIP","floor":29.0},{"not_picked":["Reload","StrikeDown","UpbeatPerformance","PinpointShot+1","EnergyStrike","ElectricShock","DirtyBlow+1","BalefulBrand","EnergyCycle"],"picked":"SKIP","floor":30.0},{"not_picked":["EnergyBeam","Decapitation"],"picked":"CleanUp","floor":33.0},{"not_picked":["DefenseOrder+1","StructuralAnalysis+1","SharpSwipe","CoordinatedAssault+1","MultiBlock+1","GaleKick+1","FieryWaltz","ShrineToMusic","Parry2"],"picked":"SKIP","floor":35.0},{"not_picked":["ElectricShock","UnavoidableGaze","Overpower+1","Parry2+1","WaitUp+1","BalefulBrand","TheWillOfTheCity+1","EnergyStrike","SkyClearingCut"],"picked":"SKIP","floor":38.0},{"not_picked":["FleetEdge","UnavoidableGaze","StructuralAnalysis+1","SinglePointStab+1","UpbeatPerformance","RatsGuideToSurvival","SharpNails","DefenseOrder+1","TasteMyFlamingBat+1"],"picked":"SKIP","floor":40.0},{"not_picked":["GreatSerpentsImpact+1","StrongStrike","FrontalAssault+1","BackAttack","SharpNails","LoosenUp","Rewind+1","SkitterAway","Juggling+1"],"picked":"SKIP","floor":42.0},{"not_picked":["Execute_lor","ChargeUp","Thrust","Riposte+1","GuardingStance+1","QuickAttack","Suppress","AsThePrescriptOrders+1"],"picked":"ForTheFamily+1","floor":45},{"not_picked":["StructuralAnalysis+1","StrongStrike+1","DriedUp+1","Thrust","SuppressingShot","Juggling+1","Quickness+1","SuanNi+1"],"picked":"BindingChains","floor":45},{"not_picked":["IronWall+1","SuppressingShot+1","CoordinatedAssault+1","PinpointShot","SharpenedBlade+1","Eliminate+1","EnergyStrike+1","WildCard+1"],"picked":"SomberProcuration+1","floor":45},{"not_picked":["AsThePrescriptOrders+1","TraceOfFumes","FieryWaltz","Thrust","GrazeTheGrass+1","SuppressingShot","LeRegole+1","EmotionalTurbulence","SinglePointStab"],"picked":"SKIP","floor":47}],"player_experience":311172,"relics_obtained":[{"floor":4.0,"key":"Strawberry"},{"floor":6.0,"key":"PageOfPorccubus"},{"floor":8.0,"key":"StoneCalendar"},{"floor":9.0,"key":"PageOfDeadButterflies"},{"floor":10.0,"key":"Potion Belt"},{"floor":13.0,"key":"HornCleat"},{"floor":23.0,"key":"Mercury Hourglass"},{"floor":25.0,"key":"Torii"},{"floor":26.0,"key":"Akabeko"},{"floor":28.0,"key":"Toy Ornithopter"},{"floor":40.0,"key":"Old Coin"},{"floor":42.0,"key":"Omamori"},{"floor":47,"key":"Bag of Preparation"}],"event_choices":[{"damage_healed":0.0,"max_hp_gain":0.0,"max_hp_loss":0.0,"gold_gain":0.0,"event_name":"Back to Basics","player_choice":"Simplicity","floor":19.0,"gold_loss":0.0,"damage_taken":0.0,"cards_upgraded":["DegradedFairy","DegradedFairy","DegradedFairy"]},{"damage_healed":0.0,"max_hp_gain":5.0,"max_hp_loss":0.0,"gold_gain":0.0,"event_name":"Forgotten Altar","player_choice":"Shed Blood","floor":20.0,"gold_loss":0.0,"damage_taken":24.0},{"damage_healed":0.0,"max_hp_gain":0.0,"max_hp_loss":0.0,"gold_gain":0.0,"event_name":"Duplicator","player_choice":"Copied","floor":21.0,"gold_loss":0.0,"damage_taken":0.0,"cards_obtained":["SilentMist"]},{"damage_healed":0.0,"max_hp_gain":0.0,"max_hp_loss":0.0,"gold_gain":99.0,"event_name":"Nest","player_choice":"Stole From Cult","floor":31.0,"gold_loss":0.0,"damage_taken":0.0},{"damage_healed":0.0,"max_hp_gain":0.0,"max_hp_loss":0.0,"gold_gain":0.0,"event_name":"Wheel of Change","player_choice":"Full Heal","floor":36.0,"gold_loss":0.0,"damage_taken":0.0},{"damage_healed":0.0,"max_hp_gain":0.0,"max_hp_loss":0.0,"gold_gain":0.0,"event_name":"Accursed Blacksmith","player_choice":"Forge","floor":39.0,"gold_loss":0.0,"damage_taken":0.0,"cards_upgraded":["CleanUp"]},{"damage_healed":0,"gold_gain":0,"player_choice":"Got Potions","damage_taken":0,"max_hp_gain":0,"max_hp_loss":0,"event_name":"Lab","floor":46,"gold_loss":0}],"is_beta":false,"boss_relics":[{"not_picked":["Tiny House","Runic Pyramid"],"picked":"Philosopher\u0027s Stone"},{"not_picked":["Velvet Choker","Black Star"],"picked":"Empty Cage"}],"items_purged_floors":[],"is_endless":false,"potions_floor_spawned":[3,5,10,12,14,18,22,29,30,40],"ascension_level":3}}