{"host":"v9oq5ccz01n9mezq","time":1614454855,"event":{"mods":["BaseMod","Colored Map","Minty Spire (QoL Compilation)","Relic Stats"],"gold_per_floor":[119,136,156,106,106,106,120,120,145,145,189,210,229,277,277,406,406,429,463,325,325,353,400,400,400],"floor_reached":24,"language":"ENG","playtime":1089,"items_purged":["Strike_B"],"score":274,"play_id":"16c20431-5542-489c-b9fc-2b8a3d691462","local_time":"20210227144055","is_ascension_mode":true,"campfire_choices":[{"data":"Zap","floor":6,"key":"SMITH"},{"data":"Dualcast","floor":8,"key":"SMITH"},{"data":"Scrape","floor":10,"key":"SMITH"},{"floor":15,"key":"REST"}],"circlet_count":0,"master_deck":["Strike_B","Defend_B","Defend_B","Defend_B","Defend_B","Zap+1","Dualcast+1","All For One","Scrape+1","Leap","Coolheaded","Auto Shields","Hologram","Defragment","Conserve Battery","Electrodynamics","Chill+1","Defragment","Storm","Static Discharge+1","Streamline+1"],"relics":["Cracked Core","Golden Idol","Toy Ornithopter","Vajra","CeramicFish","Runic Dome","Incense Burner"],"acts_visited":["Exordium","TheCity"],"potions_floor_usage":[7,14,16,23,23,24],"damage_taken":[{"damage":2,"enemies":"2 Louse","floor":1,"turns":2},{"damage":0,"enemies":"Small Slimes","floor":2,"turns":2},{"damage":2,"enemies":"Jaw Worm","floor":3,"turns":3},{"damage":6,"enemies":"Lots of Slimes","floor":7,"turns":3},{"damage":20,"enemies":"Gremlin Nob","floor":11,"turns":3},{"damage":0,"enemies":"Exordium Wildlife","floor":12,"turns":2},{"damage":10,"enemies":"2 Fungi Beasts","floor":13,"turns":3},{"damage":17,"enemies":"3 Sentries","floor":14,"turns":6},{"damage":41,"enemies":"Slime Boss","floor":16,"turns":7},{"damage":14,"enemies":"2 Thieves","floor":18,"turns":3},{"damage":17,"enemies":"Chosen","floor":19,"turns":6},{"damage":30,"enemies":"Shelled Parasite and Fungi","floor":22,"turns":5},{"damage":5,"enemies":"Slavers","floor":23,"turns":3},{"damage":21,"enemies":"Snake Plant","floor":24,"turns":3}],"seed_played":"6102961472157922038","potions_obtained":[{"floor":3,"key":"Block Potion"},{"floor":7,"key":"Energy Potion"},{"floor":12,"key":"CultistPotion"},{"floor":14,"key":"Strength Potion"},{"floor":19,"key":"GamblersBrew"},{"floor":22,"key":"LiquidBronze"}],"is_trial":false,"path_per_floor":["M","M","M","?","?","R","M","R","T","R","E","M","M","E","R","B",null,"M","M","$","?","M","E","M"],"character_chosen":"DEFECT","items_purchased":["Storm"],"campfire_rested":1,"item_purchase_floors":[20],"current_hp_per_floor":[73,73,71,71,69,69,63,63,63,63,43,43,33,21,41,5,69,55,38,38,38,8,13,0,0],"gold":400,"neow_bonus":"TRANSFORM_CARD","is_daily":false,"chose_seed":false,"campfire_upgraded":3,"win_rate":0.0,"timestamp":1614454855,"path_taken":["M","M","M","?","?","R","M","R","T","R","E","M","M","E","R","BOSS","M","M","$","?","M","E","?"],"items_purchased_type":["Card"],"build_version":"2020-12-22","purchased_purges":1,"victory":false,"max_hp_per_floor":[75,75,75,75,69,69,69,69,69,69,69,69,69,69,69,69,69,69,69,69,69,69,69,69,69],"relic_stats":{"counters":[14,51],"Golden Idol":72,"CeramicFish":63,"obtain_stats":[{"Runic Dome":17,"Golden Idol":5,"CeramicFish":14,"Vajra":11,"Incense Burner":23,"Cracked Core":0,"Toy Ornithopter":9},{"Runic Dome":9,"Golden Idol":3,"CeramicFish":8,"Vajra":5,"Incense Burner":13,"Cracked Core":0,"Toy Ornithopter":4},{"Runic Dome":31,"Golden Idol":7,"CeramicFish":24,"Vajra":13,"Incense Burner":48,"Cracked Core":0,"Toy Ornithopter":10}],"Toy Ornithopter":25},"card_choices":[{"not_picked":["Sweeping Beam","Double Energy"],"picked":"Scrape","floor":1},{"not_picked":["Undo","Tempest"],"picked":"Leap","floor":2},{"not_picked":["Barrage","Conserve Battery"],"picked":"Coolheaded","floor":3},{"not_picked":["Fusion","Compile Driver","Recycle"],"picked":"SKIP","floor":7},{"not_picked":["Hello World","Undo"],"picked":"Auto Shields","floor":11},{"not_picked":["Sweeping Beam","Ball Lightning"],"picked":"Hologram","floor":12},{"not_picked":["Turbo","Sweeping Beam"],"picked":"Defragment","floor":13},{"not_picked":["Steam","Blizzard"],"picked":"Conserve Battery","floor":14},{"not_picked":["Hyperbeam","Echo Form"],"picked":"Electrodynamics","floor":16},{"not_picked":["Redo","Consume+1"],"picked":"Chill+1","floor":18},{"not_picked":["Turbo+1","Ball Lightning"],"picked":"Defragment","floor":19},{"not_picked":["Rebound+1","Doom and Gloom"],"picked":"Static Discharge+1","floor":22},{"not_picked":["Amplify","Barrage"],"picked":"Streamline+1","floor":23}],"player_experience":151036,"relics_obtained":[{"floor":9,"key":"Toy Ornithopter"},{"floor":11,"key":"Vajra"},{"floor":14,"key":"CeramicFish"},{"floor":23,"key":"Incense Burner"}],"event_choices":[{"cards_removed":["Strike_B"],"damage_healed":0,"gold_gain":0,"player_choice":"Card Removal","damage_taken":0,"max_hp_gain":0,"max_hp_loss":0,"event_name":"The Cleric","floor":4,"gold_loss":50},{"damage_healed":0,"gold_gain":0,"player_choice":"Lose Max HP","damage_taken":0,"relics_obtained":["Golden Idol"],"max_hp_gain":0,"max_hp_loss":6,"event_name":"Golden Idol","floor":5,"gold_loss":0},{"damage_healed":0,"gold_gain":0,"player_choice":"0 cards matched","damage_taken":0,"max_hp_gain":0,"max_hp_loss":0,"event_name":"Match and Keep!","floor":21,"gold_loss":0,"cards_obtained":[]}],"is_beta":false,"boss_relics":[{"not_picked":["Black Star","SacredBark"],"picked":"Runic Dome"}],"items_purged_floors":[20],"is_endless":false,"potions_floor_spawned":[3,7,12,14,19,22],"killed_by":"Snake Plant","ascension_level":4}}