{"host":"jxmsv4d84jcvxth5","time":1614394653,"event":{"mods":["AchievementEnabler","BaseMod","Colored Map","Minty Spire (QoL Compilation)","Relic Stats","StSLib"],"gold_per_floor":[117,132,148,163,2,2,28,28,28,38,38,66,66,66,66,144,144,118,118,118,118],"floor_reached":20,"language":"ENG","playtime":980,"items_purged":[],"score":364,"play_id":"8ddd2b28-fee8-4cf0-9e2c-25057f01d77a","local_time":"20210226215733","is_ascension_mode":true,"campfire_choices":[{"data":"Bash","floor":6.0,"key":"SMITH"},{"data":"True Grit","floor":11.0,"key":"SMITH"},{"data":"Spot Weakness","floor":13.0,"key":"SMITH"},{"data":"Sword Boomerang","floor":15,"key":"SMITH"}],"circlet_count":0,"master_deck":["AscendersBane","Strike_R","Strike_R","Strike_R","Strike_R","Strike_R","Defend_R","Defend_R","Defend_R","Defend_R","Bash+1","Twin Strike","Headbutt","Spot Weakness+1","True Grit+1","Sword Boomerang+1","Double Tap","Impervious"],"relics":["Burning Blood","Toy Ornithopter","Lee\u0027s Waffle","Oddly Smooth Stone","Kunai","FossilizedHelix","Black Star"],"acts_visited":["Exordium","TheCity"],"potions_floor_usage":[16,16,20],"damage_taken":[{"damage":6.0,"enemies":"2 Louse","floor":1.0,"turns":3.0},{"damage":9.0,"enemies":"Jaw Worm","floor":2.0,"turns":3.0},{"damage":6.0,"enemies":"Cultist","floor":3.0,"turns":3.0},{"damage":34.0,"enemies":"Exordium Thugs","floor":4.0,"turns":5.0},{"damage":48.0,"enemies":"Gremlin Nob","floor":7.0,"turns":5.0},{"damage":6.0,"enemies":"2 Fungi Beasts","floor":10.0,"turns":4.0},{"damage":24.0,"enemies":"3 Sentries","floor":12.0,"turns":6.0},{"damage":18,"enemies":"Hexaghost","floor":16,"turns":9},{"damage":11,"enemies":"2 Thieves","floor":18,"turns":4},{"damage":78,"enemies":"Masked Bandits","floor":20,"turns":4}],"seed_played":"-906340971697744500","potions_obtained":[{"floor":3.0,"key":"EssenceOfSteel"},{"floor":7.0,"key":"FearPotion"},{"floor":12.0,"key":"Regen Potion"},{"floor":16,"key":"PowerPotion"},{"floor":18,"key":"PowerPotion"}],"is_trial":false,"path_per_floor":["M","M","M","M","$","R","E","?","T","M","R","E","R","?","R","B",null,"M","?","?"],"character_chosen":"IRONCLAD","items_purchased":["Lee\u0027s Waffle"],"campfire_rested":0,"item_purchase_floors":[5],"current_hp_per_floor":[68,65,65,37,82,82,45,45,45,45,45,27,27,27,27,34,70,65,65,0,0],"gold":118,"neow_bonus":"RANDOM_COMMON_RELIC","is_daily":false,"chose_seed":false,"campfire_upgraded":4,"win_rate":0.0,"timestamp":1614394653,"path_taken":["M","M","M","M","$","R","E","?","T","M","R","E","R","?","R","BOSS","M","?","?"],"items_purchased_type":["Relic"],"build_version":"2020-12-22","purchased_purges":0,"victory":false,"max_hp_per_floor":[75,75,75,75,82,82,82,82,82,82,82,82,82,82,82,82,82,82,82,82,82],"relic_stats":{"Lee\u0027s Waffle":45,"counters":[10,46],"Black Star":0,"Kunai":[4],"obtain_stats":[{"Lee\u0027s Waffle":5,"Oddly Smooth Stone":7,"Black Star":17,"Kunai":9,"Burning Blood":0,"Toy Ornithopter":0,"FossilizedHelix":12},{"Lee\u0027s Waffle":4,"Oddly Smooth Stone":5,"Black Star":8,"Kunai":5,"Burning Blood":0,"Toy Ornithopter":0,"FossilizedHelix":7},{"Lee\u0027s Waffle":14,"Oddly Smooth Stone":19,"Black Star":38,"Kunai":19,"Burning Blood":0,"Toy Ornithopter":0,"FossilizedHelix":29}],"Burning Blood":54,"Toy Ornithopter":20},"card_choices":[{"not_picked":["Dual Wield","Shrug It Off"],"picked":"Twin Strike","floor":1.0},{"not_picked":["Flex","Pummel"],"picked":"Headbutt","floor":2.0},{"not_picked":["Bloodletting","Heavy Blade"],"picked":"Spot Weakness","floor":3.0},{"not_picked":["Fire Breathing","Clash"],"picked":"True Grit","floor":4.0},{"not_picked":["Dark Embrace","Pommel Strike"],"picked":"Sword Boomerang","floor":7.0},{"not_picked":["Body Slam","Whirlwind","Havoc"],"picked":"SKIP","floor":10.0},{"not_picked":["Sentinel","Sword Boomerang"],"picked":"Double Tap","floor":12.0},{"not_picked":["Bludgeon","Barricade"],"picked":"Impervious","floor":16},{"not_picked":["Combust+1","Warcry","Body Slam"],"picked":"SKIP","floor":18}],"player_experience":1607107,"relics_obtained":[{"floor":7.0,"key":"Oddly Smooth Stone"},{"floor":9.0,"key":"Kunai"},{"floor":12.0,"key":"FossilizedHelix"}],"event_choices":[{"damage_healed":0.0,"max_hp_gain":0.0,"max_hp_loss":0.0,"gold_gain":0.0,"event_name":"Liars Game","player_choice":"Ignored","floor":8.0,"gold_loss":0.0,"damage_taken":0.0},{"damage_healed":0,"gold_gain":0,"player_choice":"Ignored","damage_taken":0,"max_hp_gain":0,"max_hp_loss":0,"event_name":"Shining Light","floor":14,"gold_loss":0},{"damage_healed":0,"gold_gain":0,"player_choice":"Ignored","damage_taken":0,"max_hp_gain":0,"max_hp_loss":0,"event_name":"Ghosts","floor":19,"gold_loss":0},{"damage_healed":0,"gold_gain":0,"player_choice":"Fought Bandits","damage_taken":0,"max_hp_gain":0,"max_hp_loss":0,"event_name":"Masked Bandits","floor":20,"gold_loss":0}],"is_beta":false,"boss_relics":[{"not_picked":["Runic Dome","Mark of Pain"],"picked":"Black Star"}],"items_purged_floors":[],"is_endless":false,"potions_floor_spawned":[3,7,12,16,18],"killed_by":"Masked Bandits","ascension_level":20}}