{"host":"yv9bat22duk2ekoy","time":1614424760,"event":{"mods":["BaseMod","Card Forge","Downfall","Minty Spire (QoL Compilation)","StSLib","Uncapped"],"gold_per_floor":[115,130,130,209,384,2,21,21,45,58,88,88,48,61,61,157,157,167,179,191,204,223,249,249,249,276,276,295,295,295,142,142,245,245,257,257,108,127,141,141,176,188,188,215,230,230,250,265,265,265,265,265,111,136,136],"floor_reached":56,"language":"ENG","playtime":3132,"items_purged":[],"score":1281,"play_id":"fbe43a0c-bd76-4c38-9e53-756ed6b2cb42","local_time":"20210227121920","is_ascension_mode":false,"campfire_choices":[{"floor":8.0,"key":"RECALL"},{"floor":12.0,"key":"REST"},{"floor":15.0,"key":"REST"},{"floor":25.0,"key":"REST"},{"floor":27.0,"key":"REST"},{"floor":29.0,"key":"REST"},{"floor":32.0,"key":"REST"},{"floor":40,"key":"REST"},{"floor":46,"key":"REST"},{"floor":49,"key":"REST"},{"floor":52,"key":"REST"}],"circlet_count":0,"master_deck":["Strike_B+1","Strike_B+1","Strike_B+1","Strike_B+1","Defend_B+1","Defend_B+1","Defend_B+1","Defend_B+1","Zap+1","Dualcast+1","White Noise+1","Self Repair+1","Machine Learning+1","Defragment+1","Barrage+1","Capacitor+1","Consume+1","White Noise+1","Self Repair+1","Defragment+1","Capacitor+1","Barrage+1","Machine Learning+1","Tempest+1","Ball Lightning+1","Heatsinks+1","Storm+1","Fusion+1","Compile Driver+1","Buffer+1","Conserve Battery+1","Electrodynamics+1","Barrage+1","Compile Driver+1","Defragment+1","White Noise+1","Redo+1","Storm+1"],"relics":["Cracked Core","Hammer of Thor","Seething Fire","Anvil of the Gods","Anchor","Toy Ornithopter","Boot","Ancient Tea Set","Ornamental Fan","Black Star","Bag of Marbles","Bag of Preparation","Nilry\u0027s Codex","Blood Vial","Lizard Tail","Toolbox","Nuclear Battery","Happy Flower","Regal Pillow","Nunchaku","Sundial","Vajra","Pear","ClockworkSouvenir","Pen Nib","Bronze Scales"],"acts_visited":["Exordium","TheCity","TheBeyond","TheEnding"],"potions_floor_usage":[50,50,50],"damage_taken":[{"damage":0.0,"enemies":"Cultist","floor":1.0,"turns":3.0},{"damage":5.0,"enemies":"Small Slimes","floor":2.0,"turns":3.0},{"damage":7.0,"enemies":"Jaw Worm","floor":7.0,"turns":3.0},{"damage":8.0,"enemies":"Large Slime","floor":10.0,"turns":4.0},{"damage":36.0,"enemies":"Lagavulin","floor":11.0,"turns":5.0},{"damage":0.0,"enemies":"Looter","floor":14.0,"turns":1.0},{"damage":50.0,"enemies":"Hexaghost","floor":16.0,"turns":5.0},{"damage":0.0,"enemies":"Chosen","floor":18.0,"turns":4.0},{"damage":22.0,"enemies":"2 Thieves","floor":19.0,"turns":3.0},{"damage":28.0,"enemies":"Centurion and Healer","floor":20.0,"turns":6.0},{"damage":33.0,"enemies":"Sentry and Sphere","floor":21.0,"turns":4.0},{"damage":21.0,"enemies":"Snake Plant","floor":22.0,"turns":4.0},{"damage":33.0,"enemies":"Book of Stabbing","floor":23.0,"turns":4.0},{"damage":15.0,"enemies":"Snecko","floor":28.0,"turns":3.0},{"damage":25.0,"enemies":"Collector","floor":33.0,"turns":5.0},{"damage":44,"enemies":"3 Darklings","floor":35,"turns":4},{"damage":42,"enemies":"Orb Walker","floor":38,"turns":5},{"damage":0,"enemies":"Sphere and 2 Shapes","floor":39,"turns":3},{"damage":45,"enemies":"Nemesis","floor":41,"turns":4},{"damage":24,"enemies":"Spire Growth","floor":42,"turns":5},{"damage":26,"enemies":"Reptomancer","floor":44,"turns":3},{"damage":0,"enemies":"Transient","floor":45,"turns":5},{"damage":0,"enemies":"Maw","floor":47,"turns":3},{"damage":0,"enemies":"Sphere and 2 Shapes","floor":48,"turns":2},{"damage":16,"enemies":"Time Eater","floor":50,"turns":7},{"damage":32,"enemies":"Shield and Spear","floor":54,"turns":3},{"damage":101,"enemies":"The Heart","floor":55,"turns":6}],"seed_played":"-9121818452449814112","potions_obtained":[{"floor":1.0,"key":"Explosive Potion"},{"floor":2.0,"key":"FocusPotion"},{"floor":7.0,"key":"GamblersBrew"},{"floor":28.0,"key":"Weak Potion"},{"floor":33.0,"key":"FearPotion"},{"floor":42,"key":"Fire Potion"},{"floor":48,"key":"Fire Potion"}],"is_trial":false,"path_per_floor":["M","M","$","T","?","$","M","R","T","M","E","R","$","M","R","B",null,"M","M","M","M","M","E","?","R","T","R","M","R","?","$","R","B",null,"M","?","$","M","M","R","E","M","T","E","M","R","M","M","R","B",null,"R","$","E","B",null],"character_chosen":"DEFECT","items_purchased":["Toy Ornithopter","Boot","Self Repair","Capacitor","Toolbox","Happy Flower","ClockworkSouvenir"],"campfire_rested":10,"item_purchase_floors":[6,6,6,13,31,37,53],"current_hp_per_floor":[75,75,75,75,75,75,75,75,75,75,59,75,75,75,75,55,75,75,63,55,32,31,33,17,39,39,61,58,75,75,75,75,60,75,41,85,85,63,75,85,60,78,78,84,95,95,95,95,95,95,95,95,95,73,41],"gold":136,"neow_bonus":"RANDOM_COMMON_RELIC","is_daily":false,"chose_seed":false,"campfire_upgraded":0,"win_rate":0.0,"timestamp":1614424760,"path_taken":["M","M","?","?","?","?","M","R","T","M","E","R","$","M","R","BOSS","M","M","M","M","M","E","?","R","T","R","M","R","?","$","R","BOSS","M","?","?","M","M","R","E","M","T","E","M","R","M","M","R","BOSS","R","$","E","BOSS"],"items_purchased_type":["Relic","Relic","Card","Card","Relic","Relic","Relic"],"build_version":"2020-12-22","purchased_purges":0,"victory":true,"max_hp_per_floor":[75,75,75,75,75,75,75,75,75,75,75,75,75,75,75,75,75,75,75,75,75,75,75,75,75,75,75,75,75,75,75,75,75,75,75,85,85,85,85,85,85,85,85,95,95,95,95,95,95,95,95,95,95,95,95],"card_choices":[{"not_picked":["Turbo","Genetic Algorithm"],"picked":"Consume","floor":1.0},{"not_picked":["Genetic Algorithm","Barrage"],"picked":"White Noise","floor":2.0},{"not_picked":["Fusion","Gash"],"picked":"Defragment","floor":7.0},{"not_picked":["Doom and Gloom","Melter","Rebound"],"picked":"SKIP","floor":10.0},{"not_picked":["Steam Power","Aggregate","Doom and Gloom"],"picked":"SKIP","floor":11.0},{"not_picked":["Reinforced Body","Genetic Algorithm"],"picked":"Barrage","floor":14.0},{"not_picked":["Fission","Electrodynamics"],"picked":"Machine Learning","floor":16.0},{"not_picked":["Force Field","Turbo+1","Leap"],"picked":"SKIP","floor":18.0},{"not_picked":["Reinforced Body+1","Go for the Eyes"],"picked":"Tempest","floor":19.0},{"not_picked":["Leap","Scrape+1"],"picked":"Ball Lightning","floor":20.0},{"not_picked":["Barrage","Hologram"],"picked":"Heatsinks+1","floor":21.0},{"not_picked":["Machine Learning","Ball Lightning"],"picked":"Storm","floor":22.0},{"not_picked":["Cold Snap+1","Lockon"],"picked":"Fusion","floor":23.0},{"not_picked":["Cold Snap","Static Discharge"],"picked":"Compile Driver+1","floor":28.0},{"not_picked":["Seek","All For One"],"picked":"Buffer","floor":33.0},{"not_picked":["Static Discharge+1","Leap"],"picked":"Conserve Battery","floor":35},{"not_picked":["Lockon+1","Leap","Undo+1"],"picked":"SKIP","floor":38},{"not_picked":["Ball Lightning","Gash+1"],"picked":"Barrage+1","floor":39},{"not_picked":["Blizzard+1","Gash+1"],"picked":"Compile Driver+1","floor":41},{"not_picked":["Reprogram","Ball Lightning+1"],"picked":"Defragment","floor":42},{"not_picked":["Rebound","Amplify","Hello World"],"picked":"SKIP","floor":44},{"not_picked":["Gash+1","Sweeping Beam"],"picked":"White Noise+1","floor":45},{"not_picked":["Compile Driver+1","Cold Snap"],"picked":"Redo+1","floor":47},{"not_picked":["Turbo","Rebound+1","Leap"],"picked":"SKIP","floor":48},{"not_picked":["Sweeping Beam","Leap+1"],"picked":"Storm+1","floor":54}],"player_experience":71408,"relics_obtained":[{"floor":9.0,"key":"Ancient Tea Set"},{"floor":11.0,"key":"Ornamental Fan"},{"floor":23.0,"key":"Bag of Marbles"},{"floor":23.0,"key":"Bag of Preparation"},{"floor":24.0,"key":"Nilry\u0027s Codex"},{"floor":26.0,"key":"Blood Vial"},{"floor":41,"key":"Regal Pillow"},{"floor":41,"key":"Nunchaku"},{"floor":43,"key":"Sundial"},{"floor":44,"key":"Vajra"},{"floor":44,"key":"Pear"},{"floor":54,"key":"Pen Nib"},{"floor":54,"key":"Bronze Scales"}],"event_choices":[{"damage_healed":0.0,"max_hp_gain":0.0,"max_hp_loss":0.0,"gold_gain":175.0,"event_name":"Liars Game","player_choice":"AGREE","floor":5.0,"gold_loss":0.0,"damage_taken":0.0,"cards_obtained":["Doubt"]},{"damage_healed":0.0,"max_hp_gain":0.0,"max_hp_loss":0.0,"gold_gain":0.0,"event_name":"Cursed Tome","player_choice":"Obtained Book","floor":24.0,"gold_loss":0.0,"damage_taken":16.0},{"damage_healed":0.0,"max_hp_gain":0.0,"max_hp_loss":0.0,"gold_gain":0.0,"event_name":"The Mausoleum","player_choice":"Opened","floor":30.0,"gold_loss":0.0,"damage_taken":0.0,"relics_obtained":["Lizard Tail"],"cards_obtained":["Writhe"]},{"cards_removed":["Electrodynamics"],"damage_healed":34,"gold_gain":0,"player_choice":"Offered Rare","damage_taken":0,"max_hp_gain":10,"max_hp_loss":0,"event_name":"Bonfire Elementals","floor":36,"gold_loss":0}],"is_beta":false,"boss_relics":[{"not_picked":["Tiny House","FrozenCore"],"picked":"Black Star"},{"not_picked":["Astrolabe","Empty Cage"],"picked":"Nuclear Battery"}],"items_purged_floors":[],"is_endless":false,"potions_floor_spawned":[1,2,7,19,28,33,38,42,48],"ascension_level":0}}