{"host":"hm18vdih9r0bxrsc","time":1614418780,"event":{"mods":["BaseMod","Colored Map","Colored Powertips","Downfall","Googly Eyes","Hubris","Minty Spire (QoL Compilation)","Replay The Spire","StSLib"],"gold_per_floor":[99,116,132,144,164,164,218,218,228,238,238,251,278,43,70,70,70,70],"floor_reached":16,"language":"ENG","playtime":868,"items_purged":["hexamod:SecondSeal"],"score":106,"play_id":"443a9e99-9f08-427d-9d7d-50fb12701aba","local_time":"20210227103940","is_ascension_mode":false,"campfire_choices":[{"data":"hexamod:Strike","floor":1,"key":"SMITH"},{"data":"hexamod:GhostOfSpirePast","floor":8,"key":"SMITH"},{"data":"hexamod:NightmareStrike","floor":11,"key":"SMITH"}],"circlet_count":0,"master_deck":["hexamod:Strike","hexamod:Strike","hexamod:Strike","hexamod:Strike+1","hexamod:Defend","hexamod:Defend","hexamod:Defend","hexamod:Defend","hexamod:Sear","hexamod:Float","hexamod:SpectersWail","hexamod:ShieldOfDarkness","hexamod:ThermalTransfer","hexamod:GhostOfSpirePast+1","hexamod:VolcanoVisage","hexamod:NightmareStrike+1","hexamod:EmpoweredFlame","hexamod:Firestarter","hexamod:RadiantFlame","hexamod:TimeOfNeed+1","hexamod:SecondSeal","hexamod:GhostLash"],"relics":["hexamod:SpiritBrand","Blue Doll","Bronze Scales","hubris:GlazedTorus"],"acts_visited":["Exordium"],"potions_floor_usage":[10],"damage_taken":[{"damage":3,"enemies":"2 Louse","floor":2,"turns":3},{"damage":0,"enemies":"Cultist","floor":3,"turns":3},{"damage":1,"enemies":"Jaw Worm","floor":4,"turns":3},{"damage":2,"enemies":"Blue Slaver","floor":5,"turns":3},{"damage":9,"enemies":"3 Louse","floor":9,"turns":2},{"damage":0,"enemies":"Lots of Slimes","floor":10,"turns":2},{"damage":0,"enemies":"Exordium Wildlife","floor":12,"turns":3},{"damage":15,"enemies":"Gremlin Nob","floor":13,"turns":4},{"damage":0,"enemies":"downfall:FleeingMerchant","floor":14,"turns":4},{"damage":0,"enemies":"3 Louse","floor":15,"turns":3},{"damage":42,"enemies":"WA_ARCHETYPE_RETAIN","floor":16,"turns":6}],"seed_played":"-7232944591342490547","potions_obtained":[{"floor":4,"key":"sneckomod:MuddlingPotion"},{"floor":6,"key":"sneckomod:MuddlingPotion"},{"floor":6,"key":"SteroidPotion"},{"floor":6,"key":"BlessingOfTheForge"},{"floor":10,"key":"hexamod:DoubleChargePotion"}],"is_trial":false,"path_per_floor":["R","M","M","M","M","?","T","R","M","M","R","M","E","$","M","B"],"character_chosen":"THE_SPIRIT","items_purchased":["hexamod:TimeOfNeed+1","hexamod:SecondSeal"],"campfire_rested":0,"item_purchase_floors":[14,14],"current_hp_per_floor":[70,67,67,66,64,64,64,64,55,55,55,55,40,40,40,0,0,0],"gold":70,"neow_bonus":"RANDOM_COMMON_RELIC","is_daily":false,"chose_seed":false,"campfire_upgraded":3,"win_rate":0.0,"timestamp":1614418780,"path_taken":["R","M","M","M","M","?","T","R","?","M","R","M","E","$","M","BOSS"],"items_purchased_type":["Card","Card"],"build_version":"2020-12-22","purchased_purges":1,"victory":false,"max_hp_per_floor":[70,70,70,70,70,70,70,70,70,70,70,70,70,70,70,70,70,70],"card_choices":[{"not_picked":["hexamod:Incineration","hexamod:BacktrackSmack"],"picked":"hexamod:SpectersWail","floor":2},{"not_picked":["hexamod:StepThrough","hexamod:HeatShield"],"picked":"hexamod:ShieldOfDarkness","floor":3},{"not_picked":["hexamod:BurningTouch","hexamod:BacktrackSmack"],"picked":"hexamod:ThermalTransfer","floor":4},{"not_picked":["hexamod:Hexaguard","hexamod:BacktrackSmack"],"picked":"hexamod:GhostOfSpirePast","floor":5},{"not_picked":["hexamod:InspiringFlames","hexamod:RainOfEmbers"],"picked":"hexamod:VolcanoVisage","floor":9},{"not_picked":["hexamod:HauntingEcho","hexamod:HeatShield"],"picked":"hexamod:NightmareStrike","floor":10},{"not_picked":["hexamod:HeatMetal","hexamod:ShieldOfDarkness"],"picked":"hexamod:EmpoweredFlame","floor":12},{"not_picked":["hexamod:SwordOfDarkness","hexamod:InspiringFlames"],"picked":"hexamod:Firestarter","floor":13},{"not_picked":["hexamod:Rewind","hexamod:AdvancingGuard"],"picked":"hexamod:RadiantFlame","floor":14},{"not_picked":["hexamod:GhostShield","hexamod:PhantomCloak"],"picked":"hexamod:GhostLash","floor":15}],"player_experience":345206,"relics_obtained":[{"floor":7,"key":"Bronze Scales"},{"floor":13,"key":"hubris:GlazedTorus"}],"event_choices":[{"damage_healed":0,"gold_gain":0,"player_choice":"Got Potions","damage_taken":0,"max_hp_gain":0,"max_hp_loss":0,"event_name":"Lab","floor":6,"gold_loss":0}],"is_beta":false,"boss_relics":[],"items_purged_floors":[14],"is_endless":false,"potions_floor_spawned":[4,9,10,12],"killed_by":"WA_ARCHETYPE_RETAIN","ascension_level":0}}