{"host":"nptej036rrbiurf5","time":1614400887,"event":{"mods":["BaseMod","Colored Map","Colored Powertips","DeckTracker","Minty Spire (QoL Compilation)","StSLib","SuperFastMode"],"gold_per_floor":[114,114,128,128,128,128,147,177,177,191,191,217,229,258,258,333,333,351,361,380,396,396,396,413,413,460,460,494,409,409,426,426,497,497,514,514,534,118,137,165,179,179,204,232,247,267,299,309,309,309,309,309],"floor_reached":51,"language":"KOR","playtime":1518,"items_purged":["Strike_G"],"score":1562,"play_id":"cf6af5a2-13fb-4735-bf01-34893b6dca30","local_time":"20210227134127","is_ascension_mode":true,"campfire_choices":[{"data":"Neutralize","floor":6.0,"key":"SMITH"},{"floor":11.0,"key":"REST"},{"data":"Crippling Poison","floor":15.0,"key":"SMITH"},{"data":"Cloak And Dagger","floor":23.0,"key":"SMITH"},{"floor":25.0,"key":"REST"},{"floor":27.0,"key":"REST"},{"data":"Accuracy","floor":32.0,"key":"SMITH"},{"data":"Accuracy","floor":42.0,"key":"SMITH"},{"data":"Accuracy","floor":49.0,"key":"SMITH"}],"circlet_count":0,"master_deck":["AscendersBane","Strike_G","Strike_G","Defend_G","Defend_G","Defend_G","Defend_G","Defend_G","Survivor","Neutralize+1","Die Die Die+1","Blade Dance+1","Slice","After Image","Terror","Crippling Poison+1","Noxious Fumes","Cloak And Dagger+1","PiercingWail","Adrenaline","Backflip","Accuracy+1","Phantasmal Killer","Backflip+1","Accuracy+1","Blade Dance","Accuracy+1","Envenom"],"relics":["Ring of the Snake","Kunai","Matryoshka","Akabeko","Happy Flower","Philosopher\u0027s Stone","Orichalcum","Nunchaku","Bottled Lightning","Lantern","Bronze Scales","Letter Opener","Empty Cage","Membership Card","Thread and Needle","Meat on the Bone","The Specimen","Smiling Mask"],"acts_visited":["Exordium","TheCity","TheBeyond"],"potions_floor_usage":[50,50],"damage_taken":[{"damage":1.0,"enemies":"Cultist","floor":1.0,"turns":3.0},{"damage":0.0,"enemies":"Small Slimes","floor":3.0,"turns":2.0},{"damage":8.0,"enemies":"2 Louse","floor":7.0,"turns":3.0},{"damage":12.0,"enemies":"Lagavulin","floor":8.0,"turns":7.0},{"damage":0.0,"enemies":"2 Fungi Beasts","floor":10.0,"turns":3.0},{"damage":7.0,"enemies":"Gremlin Nob","floor":12.0,"turns":3.0},{"damage":4.0,"enemies":"Blue Slaver","floor":13.0,"turns":3.0},{"damage":8.0,"enemies":"Lagavulin","floor":14.0,"turns":5.0},{"damage":15.0,"enemies":"Hexaghost","floor":16.0,"turns":6.0},{"damage":0.0,"enemies":"3 Byrds","floor":18.0,"turns":4.0},{"damage":0.0,"enemies":"2 Thieves","floor":19.0,"turns":3.0},{"damage":11.0,"enemies":"Snake Plant","floor":20.0,"turns":4.0},{"damage":10.0,"enemies":"Shelled Parasite and Fungi","floor":21.0,"turns":5.0},{"damage":16.0,"enemies":"Snecko","floor":24.0,"turns":5.0},{"damage":14.0,"enemies":"Slavers","floor":28.0,"turns":4.0},{"damage":0.0,"enemies":"Centurion and Healer","floor":31.0,"turns":5.0},{"damage":9.0,"enemies":"Automaton","floor":33.0,"turns":9.0},{"damage":2.0,"enemies":"3 Shapes","floor":35.0,"turns":5.0},{"damage":3.0,"enemies":"Orb Walker","floor":37.0,"turns":3.0},{"damage":8.0,"enemies":"Sphere and 2 Shapes","floor":39.0,"turns":4.0},{"damage":0.0,"enemies":"Giant Head","floor":40.0,"turns":5.0},{"damage":3.0,"enemies":"Writhing Mass","floor":41.0,"turns":5.0},{"damage":9.0,"enemies":"Nemesis","floor":44.0,"turns":4.0},{"damage":0.0,"enemies":"Jaw Worm Horde","floor":45.0,"turns":2.0},{"damage":0.0,"enemies":"Transient","floor":46.0,"turns":6.0},{"damage":0.0,"enemies":"Reptomancer","floor":47.0,"turns":4.0},{"damage":3.0,"enemies":"3 Darklings","floor":48.0,"turns":3.0},{"damage":53,"enemies":"Donu and Deca","floor":50,"turns":7},{"damage":21,"enemies":"Awakened One","floor":51,"turns":2}],"seed_played":"-4684034456372730169","potions_obtained":[{"floor":1.0,"key":"CultistPotion"},{"floor":7.0,"key":"ColorlessPotion"},{"floor":8.0,"key":"Ancient Potion"},{"floor":12.0,"key":"Poison Potion"},{"floor":13.0,"key":"AttackPotion"},{"floor":16.0,"key":"Swift Potion"},{"floor":19.0,"key":"SteroidPotion"},{"floor":21.0,"key":"Weak Potion"},{"floor":28.0,"key":"FearPotion"},{"floor":31.0,"key":"Strength Potion"},{"floor":35.0,"key":"EssenceOfSteel"},{"floor":37.0,"key":"LiquidBronze"},{"floor":45.0,"key":"Block Potion"},{"floor":48.0,"key":"Regen Potion"}],"is_trial":false,"path_per_floor":["M","?","M","?","?","R","M","E","T","M","R","E","M","E","R","B",null,"M","M","M","M","?","R","M","R","T","R","E","?","T","M","R","B",null,"M","?","M","$","M","E","M","R","T","E","M","M","E","M","R","B","B"],"character_chosen":"THE_SILENT","items_purchased":["Membership Card","Accuracy","Thread and Needle"],"campfire_rested":3,"item_purchase_floors":[38,38,38],"current_hp_per_floor":[58,58,58,58,58,58,50,38,38,38,57,50,46,38,38,23,55,55,55,44,34,34,34,18,37,37,56,42,42,42,42,42,33,58,56,56,53,53,45,45,42,42,42,45,45,45,45,42,42,16,0,0],"gold":309,"neow_bonus":"ONE_RANDOM_RARE_CARD","is_daily":false,"chose_seed":false,"campfire_upgraded":6,"win_rate":0.0,"timestamp":1614400887,"path_taken":["M","?","M","?","?","R","M","E","T","M","R","E","M","E","R","BOSS","M","?","?","M","?","R","M","R","T","R","E","?","?","M","R","BOSS","M","?","M","$","M","E","M","R","T","E","M","M","E","M","R","BOSS","BOSS"],"items_purchased_type":["Relic","Card","Relic"],"build_version":"2020-12-22","purchased_purges":1,"victory":false,"max_hp_per_floor":[66,66,66,66,66,66,66,66,66,66,66,66,66,66,66,66,66,66,66,66,66,66,66,66,66,66,66,66,66,66,66,66,66,66,66,66,66,66,66,66,66,66,66,66,66,66,66,66,66,66,66,66],"card_choices":[{"not_picked":["Deadly Poison","Prepared"],"picked":"Blade Dance","floor":1.0},{"not_picked":["Flying Knee","Sucker Punch"],"picked":"Slice","floor":3.0},{"not_picked":["Setup","PiercingWail"],"picked":"After Image","floor":7.0},{"not_picked":["Reflex","Choke"],"picked":"Terror","floor":8.0},{"not_picked":["Skewer","Reflex"],"picked":"Crippling Poison","floor":10.0},{"not_picked":["Predator","Heel Hook"],"picked":"Noxious Fumes","floor":12.0},{"not_picked":["Backflip","Reflex"],"picked":"Cloak And Dagger","floor":13.0},{"not_picked":["Quick Slash","Sucker Punch"],"picked":"PiercingWail","floor":14.0},{"not_picked":["Doppelganger","Tools of the Trade"],"picked":"Adrenaline","floor":16.0},{"not_picked":["Flying Knee","Acrobatics","Deflect"],"picked":"SKIP","floor":18.0},{"not_picked":["Underhanded Strike","Deadly Poison","Flying Knee"],"picked":"SKIP","floor":19.0},{"not_picked":["Choke","Prepared"],"picked":"Backflip","floor":20.0},{"not_picked":["Slice","Dodge and Roll","Flying Knee"],"picked":"SKIP","floor":21.0},{"not_picked":["Heel Hook","Dagger Throw","Deadly Poison"],"picked":"SKIP","floor":24.0},{"not_picked":["Underhanded Strike","Riddle With Holes","Flechettes"],"picked":"SKIP","floor":28.0},{"not_picked":["Outmaneuver+1","Choke"],"picked":"Accuracy","floor":31.0},{"not_picked":["Night Terror","Die Die Die"],"picked":"Phantasmal Killer","floor":33.0},{"not_picked":["Finisher","Sucker Punch+1","Concentrate"],"picked":"SKIP","floor":35.0},{"not_picked":["Outmaneuver","Choke"],"picked":"Backflip+1","floor":37.0},{"not_picked":["Crippling Poison","Expertise+1"],"picked":"Blade Dance","floor":39.0},{"not_picked":["Terror","Backflip","Sucker Punch"],"picked":"SKIP","floor":40.0},{"not_picked":["Underhanded Strike","Flechettes","Quick Slash"],"picked":"SKIP","floor":41.0},{"not_picked":["Distraction","Dagger Throw"],"picked":"Accuracy","floor":44.0},{"not_picked":["Eviscerate+1","All Out Attack","Slice+1"],"picked":"SKIP","floor":45.0},{"not_picked":["Finisher","Escape Plan+1"],"picked":"Envenom","floor":46.0},{"not_picked":["Flying Knee","Bouncing Flask","Prepared"],"picked":"SKIP","floor":47.0},{"not_picked":["Underhanded Strike","Poisoned Stab+1","Bane+1"],"picked":"SKIP","floor":48.0}],"player_experience":1042423,"relics_obtained":[{"floor":8.0,"key":"Kunai"},{"floor":9.0,"key":"Matryoshka"},{"floor":12.0,"key":"Akabeko"},{"floor":14.0,"key":"Happy Flower"},{"floor":26.0,"key":"Orichalcum"},{"floor":26.0,"key":"Nunchaku"},{"floor":28.0,"key":"Bottled Lightning"},{"floor":30.0,"key":"Bronze Scales"},{"floor":30.0,"key":"Letter Opener"},{"floor":40.0,"key":"Meat on the Bone"},{"floor":44.0,"key":"The Specimen"},{"floor":47.0,"key":"Smiling Mask"}],"event_choices":[{"damage_healed":0.0,"max_hp_gain":0.0,"max_hp_loss":0.0,"gold_gain":0.0,"event_name":"Liars Game","player_choice":"Ignored","floor":2.0,"gold_loss":0.0,"damage_taken":0.0},{"damage_healed":0.0,"max_hp_gain":0.0,"max_hp_loss":0.0,"gold_gain":0.0,"event_name":"Living Wall","player_choice":"Grow","floor":4.0,"gold_loss":0.0,"damage_taken":0.0,"cards_upgraded":["Die Die Die"]},{"damage_healed":0.0,"max_hp_gain":0.0,"max_hp_loss":0.0,"gold_gain":0.0,"event_name":"Accursed Blacksmith","player_choice":"Forge","floor":5.0,"gold_loss":0.0,"damage_taken":0.0,"cards_upgraded":["Blade Dance"]},{"damage_healed":0.0,"max_hp_gain":0.0,"max_hp_loss":0.0,"gold_gain":0.0,"event_name":"Vampires","player_choice":"Ignored","floor":22.0,"gold_loss":0.0,"damage_taken":0.0},{"damage_healed":0.0,"max_hp_gain":0.0,"max_hp_loss":0.0,"gold_gain":0.0,"event_name":"Addict","player_choice":"Obtained Relic","floor":29.0,"gold_loss":85.0,"damage_taken":0.0,"relics_obtained":["Lantern"]},{"damage_healed":0.0,"max_hp_gain":0.0,"max_hp_loss":0.0,"gold_gain":0.0,"event_name":"Mysterious Sphere","player_choice":"Ignored","floor":36.0,"gold_loss":0.0,"damage_taken":0.0}],"is_beta":false,"boss_relics":[{"not_picked":["Coffee Dripper","Cursed Key"],"picked":"Philosopher\u0027s Stone"},{"not_picked":["Tiny House","Pandora\u0027s Box"],"picked":"Empty Cage"}],"items_purged_floors":[38],"is_endless":false,"potions_floor_spawned":[1,7,8,12,13,16,19,21,28,31,35,37,45,48],"killed_by":"Awakened One","ascension_level":20}}