{"host":"40e4adzyl212zebh","time":1614399750,"event":{"mods":["Act Like it!","BaseMod","Colored Map","Colored Powertips","DeckTracker","Gensokyo","Minty Spire (QoL Compilation)","Quick Restart","Random Character Button","Relic Stats","StSLib"],"gold_per_floor":[119,119,134,134,2,43,43,43,43,384,384,411,420,635,635,748,748,766,775,136,166,488,488,540,540,573,601,601,601,621,664,664,783,783,802,542,9,18,46,46,58,8,17,59,59,68,68,97,97,97,97,97,47,74,74],"floor_reached":56,"language":"JPN","playtime":5939,"items_purged":["Pain","Strike_B","Strike_B"],"score":1246,"play_id":"64963ac2-3215-4272-8787-f0939aeada73","local_time":"20210227132230","is_ascension_mode":false,"campfire_choices":[{"data":"Dualcast","floor":7.0,"key":"SMITH"},{"data":"Hologram","floor":11.0,"key":"SMITH"},{"data":"Gensokyo:CrescentMoonSlash","floor":15.0,"key":"SMITH"},{"data":"True Grit","floor":23.0,"key":"SMITH"},{"data":"Defragment","floor":25.0,"key":"SMITH"},{"data":"Gensokyo:MenInBlack","floor":28.0,"key":"SMITH"},{"data":"Multi-Cast","floor":32.0,"key":"SMITH"},{"data":"Echo Form","floor":40,"key":"SMITH"},{"floor":45,"key":"RECALL"},{"data":"Gensokyo:GapWoman","floor":47,"key":"SMITH"},{"data":"Secret Weapon","floor":49,"key":"SMITH"},{"data":"Zap","floor":52,"key":"SMITH"}],"circlet_count":0,"master_deck":["Strike_B","Strike_B","Defend_B","Defend_B","Defend_B+1","Defend_B","Zap+1","Dualcast+1","Gash+1","Clumsy","Cold Snap","Doom and Gloom","Hologram+1","Gash+1","Gensokyo:CrescentMoonSlash+1","Multi-Cast+1","Defragment+1","Gensokyo:MenInBlack+1","Gensokyo:LifeforceConverter","Gensokyo:MedicineKit","ConjureBlade+1","Headbutt+1","True Grit+1","Echo Form+1","Master of Strategy","Spot Weakness","ThirdEye+1","White Noise+1","Gensokyo:ShootingStar","Gensokyo:LifeSpringInfinity","Hologram","Self Repair","Gensokyo:GapWoman+1","Gensokyo:AllTheWorldsEvil","BootSequence+1","Gensokyo:AllTheWorldsEvil","Secret Weapon+1","Gensokyo:HouraiInAPot+1","Deflect+1"],"relics":["Cracked Core","NeowsBlessing","Gensokyo:NagashiBinaDoll","Strawberry","CeramicFish","Mango","DataDisk","Cursed Key","Pocketwatch","PrismaticShard","Bronze Scales","Smiling Mask","Tiny Chest","Gensokyo:RedStar","Strawberry","Runic Pyramid","ClockworkSouvenir","Runic Capacitor","OrangePellets","Juzu Bracelet","Whetstone","Lantern","War Paint"],"acts_visited":["Exordium","Gensokyo:Gensokyo","Gensokyo:Gensokyoer","TheEnding"],"potions_floor_usage":[33,55,55,55],"damage_taken":[{"damage":0.0,"enemies":"Gensokyo:Gryphon","floor":1.0,"turns":1.0},{"damage":0.0,"enemies":"Gensokyo:2_Kodama","floor":3.0,"turns":1.0},{"damage":0.0,"enemies":"Gensokyo:Aya","floor":6.0,"turns":1.0},{"damage":8.0,"enemies":"Gensokyo:Mamizou","floor":10.0,"turns":6.0},{"damage":0.0,"enemies":"Gensokyo:3_Fairies","floor":12.0,"turns":4.0},{"damage":3.0,"enemies":"Gensokyo:2_Rabbits","floor":14.0,"turns":3.0},{"damage":6.0,"enemies":"Gensokyo:Reimu","floor":16.0,"turns":7.0},{"damage":7.0,"enemies":"Gensokyo:Chomper","floor":18.0,"turns":5.0},{"damage":7.0,"enemies":"Gensokyo:3_Dogs","floor":21.0,"turns":5.0},{"damage":24.0,"enemies":"Gensokyo:Wraith","floor":22.0,"turns":4.0},{"damage":10.0,"enemies":"Gensokyo:Reisen","floor":24.0,"turns":6.0},{"damage":4.0,"enemies":"Gensokyo:Mirror_and_Dog","floor":27.0,"turns":4.0},{"damage":20.0,"enemies":"Gensokyo:Swordslinger","floor":30.0,"turns":4.0},{"damage":2.0,"enemies":"Gensokyo:Koishi","floor":31.0,"turns":6.0},{"damage":32,"enemies":"Gensokyo:Eternal_Rivals","floor":33,"turns":10},{"damage":5,"enemies":"Gensokyo:AncientGuardian","floor":35,"turns":6},{"damage":20,"enemies":"Gensokyo:3_Bats","floor":39,"turns":3},{"damage":34,"enemies":"Gensokyo:Dusk_and_Dawn","floor":41,"turns":8},{"damage":4,"enemies":"Gensokyo:Kasen","floor":44,"turns":6},{"damage":7,"enemies":"Gensokyo:Kasen","floor":46,"turns":10},{"damage":0,"enemies":"Gensokyo:3_Boulders","floor":48,"turns":3},{"damage":19,"enemies":"Gensokyo:Shinki","floor":50,"turns":10},{"damage":21,"enemies":"Shield and Spear","floor":54,"turns":6},{"damage":67,"enemies":"The Heart","floor":55,"turns":11}],"seed_played":"-3936834060697006243","potions_obtained":[{"floor":3.0,"key":"SkillPotion"},{"floor":6.0,"key":"Explosive Potion"},{"floor":16.0,"key":"FearPotion"},{"floor":18.0,"key":"DistilledChaos"},{"floor":21.0,"key":"Dexterity Potion"},{"floor":31.0,"key":"Regen Potion"},{"floor":33,"key":"PotionOfCapacity"},{"floor":39,"key":"FocusPotion"},{"floor":44,"key":"DuplicationPotion"}],"is_trial":false,"path_per_floor":["M","?","M","?","COS","E","R","$","T","E","R","M","?","M","R","B",null,"M","?","COS","M","M","R","E","R","T","M","R","?","M","E","R","B",null,"M","$","COS","T","M","R","M","$","T","E","R","?","R","M","R","B",null,"R","$","E","B",null],"character_chosen":"DEFECT","items_purchased":["Self Repair","ClockworkSouvenir"],"campfire_rested":0,"item_purchase_floors":[36,36],"current_hp_per_floor":[75,75,75,72,72,72,72,72,86,78,78,78,64,61,61,55,96,89,89,89,82,58,58,48,48,48,44,44,44,24,29,29,63,103,98,98,98,98,103,103,90,90,90,93,93,93,93,93,93,81,103,103,103,96,103],"gold":74,"neow_bonus":"THREE_ENEMY_KILL","is_daily":false,"chose_seed":false,"campfire_upgraded":11,"win_rate":0.0,"timestamp":1614399750,"path_taken":["M","?","?","?","COS","E","R","?","T","E","R","M","?","M","R","BOSS","M","?","COS","M","M","R","E","R","T","M","R","?","?","E","R","BOSS","M","?","COS","?","?","R","M","?","T","E","R","?","R","M","R","BOSS","R","$","E","BOSS"],"items_purchased_type":["Card","Relic"],"build_version":"2020-12-22","purchased_purges":3,"victory":true,"max_hp_per_floor":[75,75,75,82,82,82,82,82,96,96,96,96,96,96,96,96,96,96,96,96,96,96,96,96,96,96,96,96,96,96,103,103,103,103,103,103,103,103,103,103,103,103,103,103,103,103,103,103,103,103,103,103,103,103,103],"relic_stats":{"OrangePellets":[6],"counters":[24,130],"CeramicFish":324,"Bronze Scales":[312],"Tiny Chest":1,"Juzu Bracelet":0,"Whetstone":["Gash","Gash"],"War Paint":["Defend_B","ThirdEye"],"Cursed Key":3,"Smiling Mask":150,"obtain_stats":[{"Lantern":50,"NeowsBlessing":0,"CeramicFish":6,"Mango":9,"Gensokyo:NagashiBinaDoll":2,"Runic Capacitor":37,"Juzu Bracelet":43,"Whetstone":44,"War Paint":54,"Cursed Key":17,"PrismaticShard":20,"Smiling Mask":24,"Gensokyo:RedStar":29,"ClockworkSouvenir":36,"Frozen Eye":31,"OrangePellets":37,"DataDisk":10,"Strawberry":4,"Bronze Scales":22,"Tiny Chest":26,"Cracked Core":0,"Pocketwatch":18,"Runic Pyramid":34},{"Lantern":22,"NeowsBlessing":0,"CeramicFish":3,"Mango":3,"Gensokyo:NagashiBinaDoll":1,"Runic Capacitor":16,"Juzu Bracelet":18,"Whetstone":19,"War Paint":23,"Cursed Key":7,"PrismaticShard":8,"Smiling Mask":11,"Gensokyo:RedStar":12,"ClockworkSouvenir":16,"Frozen Eye":13,"OrangePellets":16,"DataDisk":4,"Strawberry":2,"Bronze Scales":10,"Tiny Chest":11,"Cracked Core":0,"Pocketwatch":8,"Runic Pyramid":15},{"Lantern":104,"NeowsBlessing":0,"CeramicFish":3,"Mango":3,"Gensokyo:NagashiBinaDoll":1,"Runic Capacitor":73,"Juzu Bracelet":84,"Whetstone":90,"War Paint":119,"Cursed Key":23,"PrismaticShard":28,"Smiling Mask":43,"Gensokyo:RedStar":47,"ClockworkSouvenir":73,"Frozen Eye":51,"OrangePellets":73,"DataDisk":9,"Strawberry":2,"Bronze Scales":37,"Tiny Chest":43,"Cracked Core":0,"Pocketwatch":25,"Runic Pyramid":67}],"Pocketwatch":[63]},"card_choices":[{"not_picked":["Steam","Go for the Eyes"],"picked":"Gash","floor":1.0},{"not_picked":["Steam Power","Redo"],"picked":"Cold Snap","floor":3.0},{"not_picked":["Chaos","Turbo"],"picked":"Doom and Gloom","floor":6.0},{"not_picked":["Leap","Steam"],"picked":"Hologram","floor":10.0},{"not_picked":["Stack","Steam"],"picked":"Gash","floor":12.0},{"not_picked":["Barrage","Beam Cell","Compile Driver"],"picked":"SKIP","floor":14.0},{"not_picked":["Thunder Strike","Amplify"],"picked":"Multi-Cast","floor":16.0},{"not_picked":["Redo","Beam Cell","Turbo"],"picked":"SKIP","floor":18.0},{"not_picked":["BowlingBash+1","Armaments+1"],"picked":"ConjureBlade+1","floor":21.0},{"not_picked":["Backflip","Lockon+1"],"picked":"Headbutt+1","floor":21.0},{"not_picked":["Ball Lightning","LikeWater"],"picked":"True Grit","floor":22.0},{"not_picked":["Electrodynamics","All For One"],"picked":"Echo Form","floor":24.0},{"not_picked":["Bane","Conserve Battery"],"picked":"Master of Strategy","floor":24.0},{"not_picked":["Hologram+1","Stack"],"picked":"Spot Weakness","floor":27.0},{"not_picked":["Panacea","Nirvana"],"picked":"ThirdEye","floor":30.0},{"not_picked":["Skim","PathToVictory"],"picked":"White Noise+1","floor":31.0},{"not_picked":[],"picked":"Gensokyo:ShootingStar","floor":33},{"not_picked":["Creative AI","LessonLearned"],"picked":"Gensokyo:LifeSpringInfinity","floor":33},{"not_picked":["CutThroughFate","Finisher+1"],"picked":"Hologram","floor":35},{"not_picked":["All Out Attack","SignatureMove+1"],"picked":"BootSequence+1","floor":39},{"not_picked":["Clash+1","Choke+1","Auto Shields"],"picked":"SKIP","floor":41},{"not_picked":["Glass Knife","FollowUp+1"],"picked":"Secret Weapon","floor":44},{"not_picked":["Gensokyo:Dawn+1","Gensokyo:UnhurriedMind+1"],"picked":"Gensokyo:HouraiInAPot+1","floor":46},{"not_picked":["Iron Wave+1","Wild Strike"],"picked":"Deflect+1","floor":48},{"not_picked":["Tactician+1","FTL+1","EmptyBody"],"picked":"SKIP","floor":54}],"player_experience":629354,"relics_obtained":[{"floor":6.0,"key":"CeramicFish"},{"floor":9.0,"key":"Mango"},{"floor":10.0,"key":"DataDisk"},{"floor":24.0,"key":"Smiling Mask"},{"floor":26.0,"key":"Tiny Chest"},{"floor":31.0,"key":"Strawberry"},{"floor":43,"key":"Juzu Bracelet"},{"floor":44,"key":"Whetstone"},{"floor":54,"key":"War Paint"}],"event_choices":[],"is_beta":false,"boss_relics":[{"not_picked":["Fusion Hammer","Tiny House"],"picked":"Cursed Key"},{"not_picked":["Runic Dome","Busted Crown"],"picked":"Runic Pyramid"}],"items_purged_floors":[36,42,53],"is_endless":false,"potions_floor_spawned":[3,6,16,18,21,31,33,39,44],"ascension_level":0}}