{"host":"is2s59edl8twrhoj","time":1614453297,"event":{"mods":["BaseMod","Colored Map","Colored Powertips","DeckTracker","Downfall","Minty Spire (QoL Compilation)","StSLib"],"gold_per_floor":[115,133,145,162,182,182,193,193,193,193,222,222,297,332,332,405,405,418,468,482,500,519,519,519,519],"floor_reached":24,"language":"ENG","playtime":1203,"items_purged":[],"score":378,"play_id":"0d36cf88-c675-42b8-808f-5053c70bf853","local_time":"20210227191457","is_ascension_mode":true,"campfire_choices":[{"data":"Armaments","floor":6.0,"key":"SMITH"},{"data":"Body Slam","floor":8.0,"key":"SMITH"},{"data":"Shrug It Off","floor":10.0,"key":"SMITH"},{"floor":15.0,"key":"REST"},{"data":"Body Slam","floor":23,"key":"SMITH"}],"circlet_count":0,"master_deck":["AscendersBane","Strike_R","Strike_R","Strike_R","Strike_R","Defend_R","Defend_R","Defend_R","Defend_R","Bash+1","Body Slam+1","Armaments+1","Shrug It Off+1","Cleave","Clash","Iron Wave","Body Slam+1"],"relics":["Black Blood","Unceasing Top","Dream Catcher","Torii"],"acts_visited":["Exordium","TheCity"],"potions_floor_usage":[21,22],"damage_taken":[{"damage":1.0,"enemies":"Cultist","floor":1.0,"turns":4.0},{"damage":13.0,"enemies":"Jaw Worm","floor":2.0,"turns":4.0},{"damage":0.0,"enemies":"Small Slimes","floor":3.0,"turns":3.0},{"damage":21.0,"enemies":"Exordium Thugs","floor":4.0,"turns":5.0},{"damage":6.0,"enemies":"Blue Slaver","floor":5.0,"turns":4.0},{"damage":0.0,"enemies":"2 Fungi Beasts","floor":7.0,"turns":4.0},{"damage":24.0,"enemies":"3 Sentries","floor":11.0,"turns":8.0},{"damage":14.0,"enemies":"Lagavulin","floor":14.0,"turns":5.0},{"damage":37.0,"enemies":"Hexaghost","floor":16.0,"turns":13.0},{"damage":8.0,"enemies":"Shell Parasite","floor":18.0,"turns":7.0},{"damage":9.0,"enemies":"3 Byrds","floor":20.0,"turns":6.0},{"damage":7,"enemies":"Centurion and Healer","floor":21,"turns":8},{"damage":41,"enemies":"Snecko","floor":22,"turns":9},{"damage":51,"enemies":"Gremlin Leader","floor":24,"turns":4}],"seed_played":"-7002710254424285666","potions_obtained":[{"floor":5.0,"key":"Energy Potion"},{"floor":7.0,"key":"Block Potion"},{"floor":14.0,"key":"BlessingOfTheForge"},{"floor":16.0,"key":"Ancient Potion"},{"floor":21,"key":"SkillPotion"},{"floor":22,"key":"CultistPotion"}],"is_trial":false,"path_per_floor":["M","M","M","M","M","R","M","R","T","R","E","?","?","E","R","B",null,"M","?","M","M","M","R","E"],"character_chosen":"IRONCLAD","items_purchased":[],"campfire_rested":1,"item_purchase_floors":[],"current_hp_per_floor":[73,66,72,57,57,57,63,63,63,63,45,45,34,26,48,17,61,65,65,68,73,44,44,0,0],"gold":519,"neow_bonus":"UPGRADE_CARD","is_daily":false,"chose_seed":false,"campfire_upgraded":4,"win_rate":0.0,"timestamp":1614453297,"path_taken":["M","M","M","M","M","R","?","R","T","R","E","?","?","E","R","BOSS","M","?","M","M","M","R","E"],"items_purchased_type":[],"build_version":"2020-12-22","purchased_purges":0,"victory":false,"max_hp_per_floor":[75,75,75,75,75,75,75,75,75,75,75,75,75,75,75,75,75,75,75,75,75,75,75,75,75],"card_choices":[{"not_picked":["Heavy Blade","Headbutt"],"picked":"Body Slam","floor":1.0},{"not_picked":["Burning Pact","Carnage"],"picked":"Armaments","floor":2.0},{"not_picked":["Heavy Blade","Carnage"],"picked":"Shrug It Off","floor":3.0},{"not_picked":["Heavy Blade","Wild Strike","Second Wind"],"picked":"SKIP","floor":4.0},{"not_picked":["Reckless Charge","Feed"],"picked":"Cleave","floor":5.0},{"not_picked":["Flame Barrier","Dual Wield","Spot Weakness"],"picked":"SKIP","floor":7.0},{"not_picked":["Wild Strike","Flame Barrier"],"picked":"Clash","floor":11.0},{"not_picked":["Havoc","Rampage","Second Wind"],"picked":"SKIP","floor":14.0},{"not_picked":["Warcry","Pummel"],"picked":"Iron Wave","floor":18.0},{"not_picked":["Headbutt","True Grit","Power Through"],"picked":"SKIP","floor":20.0},{"not_picked":["Blood for Blood","Heavy Blade"],"picked":"Body Slam","floor":21},{"not_picked":["Blood for Blood","Havoc+1","Cleave"],"picked":"SKIP","floor":22}],"player_experience":702394,"relics_obtained":[{"floor":9.0,"key":"Unceasing Top"},{"floor":11.0,"key":"Dream Catcher"},{"floor":14.0,"key":"Torii"}],"event_choices":[{"cards_removed":["Strike_R"],"damage_healed":0.0,"max_hp_gain":0.0,"max_hp_loss":0.0,"gold_gain":0.0,"event_name":"Living Wall","player_choice":"Forget","floor":12.0,"gold_loss":0.0,"damage_taken":0.0},{"damage_healed":0.0,"max_hp_gain":0.0,"max_hp_loss":0.0,"gold_gain":75.0,"event_name":"World of Goop","player_choice":"Gather Gold","floor":13.0,"gold_loss":0.0,"damage_taken":11.0},{"damage_healed":0.0,"max_hp_gain":0.0,"max_hp_loss":0.0,"gold_gain":50.0,"event_name":"Nest","player_choice":"Stole From Cult","floor":19.0,"gold_loss":0.0,"damage_taken":0.0}],"is_beta":false,"boss_relics":[{"not_picked":["Empty Cage","Busted Crown"],"picked":"Black Blood"}],"items_purged_floors":[],"is_endless":false,"potions_floor_spawned":[5,7,14,16,21,22],"killed_by":"Gremlin Leader","ascension_level":16}}