{"host":"hxbbrccw7ig68b38","time":1614422243,"event":{"mods":["BaseMod","Hermit","Minty Spire (QoL Compilation)","Replay The Spire","StSLib","The Cursed"],"gold_per_floor":[119,119,145,227,243,243,81,95,95,104,104,104,104,104,104,212,212,231,168,177,194,194,194,194,194,267,276,601,601,99,116,116,225,225,236,30,48,98,98,98,153,153,178,187,200,200,200,209,209,323,323,339,289,289,289,88,88,88,106,174,183,214,214,232,232,232,339,389,408,426,267,276,286,286,301,331,370,7,7,7,7,32,32,129,129,139,148,0,0,31,31,81,81,111,122,131,151,151,161,161,271,271,287,323,323,323,6,6,6,6,31,31,47,78,28,55,115,220,220,240,124,142,176,176],"floor_reached":123,"language":"KOR","playtime":8055,"items_purged":["Expertise","All Out Attack","Hidden Blade","PiercingWail"],"score":2986,"play_id":"edb9c369-8674-4bf6-9bca-be3222356e51","local_time":"20210227193723","daily_mods":["Draft","Vintage","Allstar","Heirloom","Time Dilation","Flight"],"is_ascension_mode":false,"campfire_choices":[{"data":"Accuracy","floor":6,"key":"SMITH"},{"data":"Backflip","floor":10,"key":"SMITH"},{"data":"Backflip","floor":11,"key":"SMITH"},{"data":"Blade Dance","floor":12,"key":"SMITH"},{"data":"Calculated Gamble","floor":23,"key":"SMITH"},{"data":"Choke","floor":24,"key":"SMITH"},{"data":"Die Die Die","floor":25,"key":"SMITH"},{"data":"Blade Dance","floor":27,"key":"SMITH"},{"data":"Blade Dance","floor":32,"key":"SMITH"},{"data":"Venomology","floor":40,"key":"SMITH"},{"data":"Acrobatics","floor":42,"key":"PURGE"},{"data":"Blade Dance","floor":46,"key":"SMITH"},{"data":"Cloak And Dagger","floor":47,"key":"SMITH"},{"floor":49,"key":"DIG"},{"data":"Cloak And Dagger","floor":57,"key":"SMITH"},{"data":"Outmaneuver","floor":61,"key":"SMITH"},{"data":"Dagger Spray","floor":63,"key":"SMITH"},{"floor":66,"key":"REST"},{"data":"Hidden Blade","floor":74,"key":"PURGE"},{"data":"Phantasmal Killer","floor":79,"key":"SMITH"},{"data":"Phantasmal Killer","floor":80,"key":"SMITH"},{"data":"Burst","floor":81,"key":"SMITH"},{"data":"ReplayTheSpireMod:Brewmster","floor":91,"key":"SMITH"},{"data":"Panacea","floor":93,"key":"SMITH"},{"data":"After Image","floor":98,"key":"SMITH"},{"floor":100,"key":"DIG"},{"data":"ReplayTheSpireMod:Shiv Toss","floor":108,"key":"SMITH"},{"data":"A Thousand Cuts","floor":109,"key":"SMITH"}],"circlet_count":0,"master_deck":["Predator+1","Blade Dance+1","Blade Dance+1","Dagger Spray+1","Flying Knee+1","Blade Dance+1","Accuracy+1","Backflip+1","Slice+1","Cloak And Dagger+1","Backflip+1","Cloak And Dagger+1","Die Die Die+1","Choke+1","Calculated Gamble+1","Cloak And Dagger+1","Blade Dance+1","Venomology+1","Panacea+1","Burst+1","Outmaneuver+1","Phantasmal Killer+1","Accuracy+1","Phantasmal Killer+1","Blade Dance+1","ReplayTheSpireMod:Brewmster+1","After Image+1","A Thousand Cuts+1","ReplayTheSpireMod:Shiv Toss+1","Leg Sweep","Jack Of All Trades"],"relics":["replay:Trail_Library","Lizard Tail","Ornamental Fan","Ring of Peace","CeramicFish","Replay:Mystery Machine","Boot","Letter Opener","Ninja Scroll","White Beast Statue","Darkstone Periapt","The Courier","Old Coin","Ancient Tea Set","ReplayTheSpireMod:TigerMarble","Potion Belt","Happy Flower","Ring of Chaos","Bag of Marbles","Snack Pack","Chameleon Ring","Peace Pipe","Ice Cream","Akabeko","Replay:Towering Pillar of Hats","Smiling Mask","WristBlade","replay:Trail_Library","ReplayTheSpireMod:Lightbulb","Sizzling Blood","Replay:Bottled Steam","HornCleat","Kunai","Toy Ornithopter","Tiny Chest","Tiny House","Iron Hammer","Pet Ghost","DollysMirror","Replay:Ringing Soul","Unceasing Top","Onion Ring","Pen Nib","Nloth\u0027s Gift","ChewingGum","Omamori","Red Mask","Ginger","Eternal Feather","Replay:WaspNest","Pantograph","Replay:Bottled Flurry","Replay:Bronze Core","replay:Trail_Library","Anchor","Garlic","Whetstone","Replay:Accelerometer","Odd Mushroom","Gremlin Food","HoveringKite","Tough Bandages","HandDrill"],"acts_visited":["Exordium","TheCity","TheBeyond","Exordium","TheCity","TheBeyond","Exordium","TheCity"],"potions_floor_usage":[16,38,41,45,50,50,62,67,69,69,70,76,84,84,84,99,101,111,116,123],"damage_taken":[{"damage":5,"enemies":"2 Louse","floor":1,"turns":2},{"damage":0,"enemies":"Jaw Worm","floor":5,"turns":2},{"damage":0,"enemies":"Small Slimes","floor":8,"turns":2},{"damage":0,"enemies":"Fading Forest","floor":16,"turns":11},{"damage":0,"enemies":"Spheric Guardian","floor":18,"turns":3},{"damage":0,"enemies":"2 Thieves","floor":21,"turns":2},{"damage":0,"enemies":"Replay:Snechameleon","floor":28,"turns":3},{"damage":0,"enemies":"Snecko","floor":31,"turns":2},{"damage":0,"enemies":"Champ","floor":33,"turns":5},{"damage":0,"enemies":"3 Darklings","floor":35,"turns":2},{"damage":0,"enemies":"3 Shapes","floor":37,"turns":1},{"damage":22,"enemies":"Mind Bloom Boss Battle","floor":38,"turns":4},{"damage":0,"enemies":"2 Orb Walkers","floor":41,"turns":1},{"damage":0,"enemies":"Transient","floor":45,"turns":5},{"damage":0,"enemies":"Donu and Deca","floor":50,"turns":6},{"damage":0,"enemies":"Jaw Worm","floor":52,"turns":1},{"damage":0,"enemies":"Small Slimes","floor":59,"turns":1},{"damage":0,"enemies":"3 Sentries","floor":62,"turns":2},{"damage":0,"enemies":"2 Louse","floor":64,"turns":1},{"damage":0,"enemies":"Fading Forest","floor":67,"turns":7},{"damage":0,"enemies":"Chosen","floor":69,"turns":1},{"damage":0,"enemies":"2 Thieves","floor":70,"turns":1},{"damage":0,"enemies":"Snecko","floor":73,"turns":1},{"damage":0,"enemies":"3 Cultists","floor":75,"turns":1},{"damage":0,"enemies":"Gremlin Leader","floor":76,"turns":2},{"damage":0,"enemies":"Replay:Snechameleon","floor":77,"turns":2},{"damage":0,"enemies":"Slavers","floor":82,"turns":1},{"damage":19,"enemies":"Collector","floor":84,"turns":4},{"damage":0,"enemies":"3 Darklings","floor":86,"turns":1},{"damage":0,"enemies":"R_Hoarder","floor":90,"turns":3},{"damage":0,"enemies":"Mind Bloom Boss Battle","floor":92,"turns":1},{"damage":0,"enemies":"Reptomancer","floor":94,"turns":1},{"damage":0,"enemies":"Orb Walker","floor":95,"turns":1},{"damage":0,"enemies":"Writhing Mass","floor":97,"turns":1},{"damage":0,"enemies":"Jaw Worm Horde","floor":99,"turns":1},{"damage":0,"enemies":"Replay:Hell Engine","floor":101,"turns":2},{"damage":0,"enemies":"Jaw Worm","floor":103,"turns":1},{"damage":0,"enemies":"Gremlin Nob","floor":104,"turns":1},{"damage":0,"enemies":"3 Sentries","floor":111,"turns":1},{"damage":0,"enemies":"Cultist","floor":113,"turns":1},{"damage":0,"enemies":"Gremlin Nob","floor":114,"turns":1},{"damage":0,"enemies":"The Mushroom Lair","floor":116,"turns":1},{"damage":0,"enemies":"3 Sentries","floor":117,"turns":2},{"damage":0,"enemies":"Slime Boss","floor":118,"turns":1},{"damage":0,"enemies":"Chosen","floor":120,"turns":1},{"damage":0,"enemies":"Book of Stabbing","floor":123,"turns":2}],"seed_played":"8696206550371437313","potions_obtained":[{"floor":1,"key":"Energy Potion"},{"floor":4,"key":"LifebloodPotion"},{"floor":4,"key":"Languid Potion"},{"floor":21,"key":"Weak Potion"},{"floor":28,"key":"FearPotion"},{"floor":31,"key":"SmokeBomb"},{"floor":33,"key":"Venom Potion"},{"floor":37,"key":"Milkshake"},{"floor":41,"key":"ColorlessPotion"},{"floor":50,"key":"Fire Potion"},{"floor":69,"key":"Swift Potion"},{"floor":70,"key":"Energy Potion"},{"floor":76,"key":"Venom Potion"},{"floor":84,"key":"ColorlessPotion"},{"floor":86,"key":"Dexterity Potion"},{"floor":92,"key":"Fire Potion"},{"floor":101,"key":"LifebloodPotion"},{"floor":111,"key":"Weak Potion"},{"floor":123,"key":"DistilledChaos"}],"is_trial":true,"path_per_floor":["M","?","T","?","M","R","$","M","T","R","R","R","$","?","R","B",null,"M","$","?","M","?","R","R","R","T","R","E","?","$","M","R","B",null,"M","$","M","?","?","R","?","R","T","?","M","R","R","?","R","B",null,"M","$","?","?","$","R","?","M","T","R","E","R","M","?","R","B",null,"M","M","$","?","M","R","M","E","E","$","R","R","R","E","R","B",null,"M","?","?","$","E","R","?","R","E","M","?","M","R","M","R","B",null,"M","E","?","?","$","R","R","R","E","$","M","E","?","?","R","B",null,"M","$","?","E"],"character_chosen":"THE_SILENT","items_purchased":["Cloak And Dagger","Backflip","Choke","Ancient Tea Set","Lee\u0027s Waffle","Blade Dance","ReplayTheSpireMod:TigerMarble","Potion Belt","Snack Pack","Replay:Bottled Steam","DollysMirror","Onion Ring","Pen Nib","Garlic","Whetstone","HandDrill"],"campfire_rested":1,"item_purchase_floors":[7,7,19,30,30,30,30,30,36,56,71,78,78,107,107,121],"current_hp_per_floor":[65,65,65,65,65,65,65,65,65,65,65,65,65,65,70,70,70,70,70,70,70,70,70,70,70,70,70,70,70,77,77,77,77,77,77,77,77,59,59,59,65,65,65,65,77,77,77,77,77,77,77,77,77,81,81,81,81,65,71,71,71,81,81,81,63,81,81,86,86,86,86,86,86,86,86,86,89,89,89,89,89,89,89,74,89,89,92,92,92,92,92,92,92,92,92,95,95,95,95,95,98,98,98,101,106,106,106,106,106,106,106,106,106,106,106,106,106,106,106,106,106,109,109,109],"gold":176,"neow_bonus":"","is_daily":false,"chose_seed":false,"campfire_upgraded":23,"win_rate":0.0,"timestamp":1614422243,"path_taken":["M","?","?","?","M","R","$","M","T","R","R","R","?","?","R","BOSS","M","$","?","?","?","R","R","R","T","R","E","?","$","?","R","BOSS","M","$","?","?","?","R","?","R","T","?","?","R","R","?","R","BOSS","M","$","?","?","?","R","?","M","T","R","E","R","M","?","R","BOSS","M","M","$","?","?","R","?","?","E","$","R","R","R","?","R","BOSS","M","?","?","$","?","R","?","R","E","?","?","M","R","M","R","BOSS","M","?","?","?","$","R","R","R","E","$","?","?","?","?","R","BOSS","M","$","?","?"],"items_purchased_type":["Card","Card","Card","Relic","Relic","Card","Relic","Relic","Relic","Relic","Relic","Relic","Relic","Relic","Relic","Relic"],"build_version":"2020-12-22","purchased_purges":4,"victory":false,"max_hp_per_floor":[70,70,70,70,70,70,70,70,70,70,70,70,70,70,70,70,70,70,70,70,70,70,70,70,70,70,70,70,70,77,77,77,77,77,77,77,77,77,77,77,77,77,77,77,77,77,77,77,77,77,77,77,77,81,81,81,81,81,81,81,81,81,81,81,81,81,81,86,86,86,86,86,86,86,86,86,89,89,89,89,89,89,89,89,89,89,92,92,92,92,92,92,92,92,92,95,95,95,95,95,98,98,98,101,106,106,106,106,106,106,106,106,106,106,106,106,106,106,106,106,106,109,109,109],"card_choices":[{"not_picked":["Sucker Punch","Underhanded Strike"],"picked":"Predator","floor":0},{"not_picked":["Bane","Prepared"],"picked":"Blade Dance","floor":0},{"not_picked":["Noxious Fumes","Replay:Poison Smokescreen"],"picked":"All Out Attack","floor":0},{"not_picked":["Bane","Toxin Wave"],"picked":"Expertise","floor":0},{"not_picked":["Outmaneuver","Noxious Fumes"],"picked":"Quick Slash","floor":0},{"not_picked":["Toxin Wave","ReplayTheSpireMod:Exploit Weakness"],"picked":"Blade Dance","floor":0},{"not_picked":["Bane","ReplayTheSpireMod:The Works"],"picked":"Acrobatics","floor":0},{"not_picked":["Quick Slash","Setup"],"picked":"Dagger Spray","floor":0},{"not_picked":["Prepared","Outmaneuver"],"picked":"Flying Knee","floor":0},{"not_picked":["Sucker Punch","Deflect"],"picked":"PiercingWail","floor":0},{"not_picked":["Distraction","Dagger Throw"],"picked":"Hidden Blade","floor":0},{"not_picked":["Underhanded Strike","Skewer"],"picked":"Caltrops","floor":0},{"not_picked":["Poisoned Stab","Prepared"],"picked":"Blade Dance","floor":0},{"not_picked":["ReplayTheSpireMod:Scrap Shanks","Flying Knee"],"picked":"Dagger Spray","floor":0},{"not_picked":["Backflip","Deadly Poison"],"picked":"Accuracy","floor":0},{"not_picked":["Sucker Punch","Masterful Stab"],"picked":"Slice","floor":4},{"not_picked":["Burst","Doppelganger"],"picked":"Die Die Die","floor":16},{"not_picked":["Concentrate","Prepared+1","Replay:Poison Smokescreen+1"],"picked":"SKIP","floor":28},{"not_picked":["Poison Darts","Storm of Steel"],"picked":"Venomology","floor":33},{"not_picked":["Setup+1","Slice+1"],"picked":"Hidden Blade","floor":41},{"not_picked":["Deep Breath","Mind Blast"],"picked":"Panacea","floor":48},{"not_picked":["Atom Bomb","Grand Finale"],"picked":"Burst","floor":50},{"not_picked":["Concentrate","Hidden Blade","Backflip"],"picked":"SKIP","floor":62},{"not_picked":["Die Die Die","Doppelganger"],"picked":"Phantasmal Killer","floor":67},{"not_picked":["Blade Dance","Eviscerate","Dagger Throw+1"],"picked":"SKIP","floor":76},{"not_picked":["Deflect","ReplayTheSpireMod:Tripwire"],"picked":"Blade Dance+1","floor":77},{"not_picked":["Eviscerate","Deflect","Backflip"],"picked":"SKIP","floor":82},{"not_picked":["The Bomb","ReplayTheSpireMod:Uncanny Aura"],"picked":"ReplayTheSpireMod:Brewmster","floor":87},{"not_picked":["Masterful Stab+1","Backflip","Concentrate+1"],"picked":"SKIP","floor":90},{"not_picked":["Fluid Movement+1","Bane+1","Night Terror"],"picked":"SKIP","floor":94},{"not_picked":["Replay:Bag of Tricks","Poison Darts"],"picked":"A Thousand Cuts","floor":101},{"not_picked":["Caltrops","Slice"],"picked":"ReplayTheSpireMod:Shiv Toss","floor":104},{"not_picked":["ReplayTheSpireMod:Necrosis","Blade Dance","Cloak And Dagger"],"picked":"SKIP","floor":111},{"not_picked":["Sucker Punch","Endless Agony","Poison Darts"],"picked":"SKIP","floor":114},{"not_picked":["Prepared","Outmaneuver","Caltrops"],"picked":"SKIP","floor":123}],"player_experience":142255,"relics_obtained":[{"floor":1,"key":"Ornamental Fan"},{"floor":2,"key":"Ring of Peace"},{"floor":3,"key":"CeramicFish"},{"floor":4,"key":"Replay:Mystery Machine"},{"floor":5,"key":"Boot"},{"floor":8,"key":"Letter Opener"},{"floor":9,"key":"Ninja Scroll"},{"floor":18,"key":"White Beast Statue"},{"floor":21,"key":"Darkstone Periapt"},{"floor":26,"key":"The Courier"},{"floor":28,"key":"Old Coin"},{"floor":31,"key":"Happy Flower"},{"floor":35,"key":"Bag of Marbles"},{"floor":37,"key":"Chameleon Ring"},{"floor":38,"key":"Peace Pipe"},{"floor":41,"key":"Ice Cream"},{"floor":43,"key":"Akabeko"},{"floor":45,"key":"Replay:Towering Pillar of Hats"},{"floor":49,"key":"Smiling Mask"},{"floor":52,"key":"ReplayTheSpireMod:Lightbulb"},{"floor":59,"key":"HornCleat"},{"floor":60,"key":"Kunai"},{"floor":64,"key":"Toy Ornithopter"},{"floor":69,"key":"Iron Hammer"},{"floor":70,"key":"Pet Ghost"},{"floor":73,"key":"Replay:Ringing Soul"},{"floor":75,"key":"Unceasing Top"},{"floor":86,"key":"Omamori"},{"floor":92,"key":"Ginger"},{"floor":95,"key":"Eternal Feather"},{"floor":97,"key":"Replay:WaspNest"},{"floor":99,"key":"Pantograph"},{"floor":100,"key":"Replay:Bottled Flurry"},{"floor":103,"key":"Anchor"},{"floor":113,"key":"Replay:Accelerometer"},{"floor":116,"key":"Odd Mushroom"},{"floor":117,"key":"Gremlin Food"},{"floor":120,"key":"Tough Bandages"}],"event_choices":[{"damage_healed":0,"gold_gain":0,"player_choice":"Got Potions","damage_taken":0,"max_hp_gain":0,"max_hp_loss":0,"event_name":"Lab","floor":14,"gold_loss":0},{"damage_healed":0,"gold_gain":0,"cards_transformed":["Caltrops"],"player_choice":"Transformed","damage_taken":0,"max_hp_gain":0,"max_hp_loss":0,"event_name":"Transmorgrifier","floor":20,"gold_loss":0,"cards_obtained":["Calculated Gamble"]},{"damage_healed":0,"gold_gain":0,"player_choice":"Ignored","damage_taken":0,"max_hp_gain":0,"max_hp_loss":0,"event_name":"Vampires","floor":22,"gold_loss":0},{"damage_healed":0,"gold_gain":0,"player_choice":"Bought 0 Potions","damage_taken":0,"max_hp_gain":0,"max_hp_loss":0,"event_name":"The Woman in Blue","floor":29,"gold_loss":0},{"damage_healed":0,"gold_gain":0,"player_choice":"Fight","damage_taken":0,"max_hp_gain":0,"max_hp_loss":0,"event_name":"MindBloom","floor":38,"gold_loss":0},{"damage_healed":0,"gold_gain":0,"player_choice":"Ignored","damage_taken":0,"max_hp_gain":0,"max_hp_loss":0,"event_name":"Tomb of Lord Red Mask","floor":39,"gold_loss":0},{"damage_healed":0,"gold_gain":0,"player_choice":"Fight","damage_taken":0,"max_hp_gain":0,"max_hp_loss":0,"event_name":"Mysterious Sphere","floor":41,"gold_loss":0},{"cards_removed":["Dagger Spray"],"damage_healed":0,"gold_gain":0,"player_choice":"Removed Attack","damage_taken":0,"max_hp_gain":0,"max_hp_loss":0,"event_name":"Falling","floor":44,"gold_loss":0},{"damage_healed":0,"gold_gain":0,"player_choice":"Memory 1","damage_taken":0,"max_hp_gain":0,"max_hp_loss":0,"event_name":"SensoryStone","floor":48,"gold_loss":0},{"damage_healed":0,"gold_gain":0,"player_choice":"Grow","damage_taken":0,"max_hp_gain":0,"max_hp_loss":0,"event_name":"Living Wall","floor":55,"gold_loss":0,"cards_upgraded":["Cloak And Dagger"]},{"damage_healed":0,"gold_gain":0,"player_choice":"Entered Light","damage_taken":16,"max_hp_gain":0,"max_hp_loss":0,"event_name":"Shining Light","floor":58,"gold_loss":0,"cards_upgraded":["Slice","Quick Slash"]},{"damage_healed":0,"gold_gain":0,"player_choice":"Success","damage_taken":18,"relics_obtained":["Tiny Chest"],"max_hp_gain":0,"max_hp_loss":0,"event_name":"Scrap Ooze","floor":65,"gold_loss":0},{"damage_healed":0,"gold_gain":0,"player_choice":"Traded Relic","damage_taken":0,"relics_obtained":["Nloth\u0027s Gift"],"max_hp_gain":0,"max_hp_loss":0,"event_name":"N\u0027loth","floor":83,"relics_lost":["Lee\u0027s Waffle"],"gold_loss":0},{"damage_healed":0,"gold_gain":0,"player_choice":"Memory 1","damage_taken":0,"max_hp_gain":0,"max_hp_loss":0,"event_name":"SensoryStone","floor":87,"gold_loss":0},{"damage_healed":0,"gold_gain":0,"player_choice":"Paid","damage_taken":0,"relics_obtained":["Red Mask"],"max_hp_gain":0,"max_hp_loss":0,"event_name":"Tomb of Lord Red Mask","floor":88,"gold_loss":148},{"damage_healed":0,"gold_gain":0,"player_choice":"Fight","damage_taken":0,"max_hp_gain":0,"max_hp_loss":0,"event_name":"MindBloom","floor":92,"gold_loss":0},{"damage_healed":0,"gold_gain":0,"player_choice":"1 cards matched","damage_taken":0,"max_hp_gain":0,"max_hp_loss":0,"event_name":"Match and Keep!","floor":96,"gold_loss":0,"cards_obtained":["After Image"]},{"damage_healed":0,"gold_gain":0,"player_choice":"Donut","damage_taken":0,"max_hp_gain":5,"max_hp_loss":0,"event_name":"Big Fish","floor":105,"gold_loss":0},{"cards_removed":["Deflect"],"damage_healed":0,"gold_gain":0,"player_choice":"Purged","damage_taken":0,"max_hp_gain":0,"max_hp_loss":0,"event_name":"Purifier","floor":106,"gold_loss":0},{"cards_removed":["Quick Slash"],"damage_healed":0,"gold_gain":0,"player_choice":"Card Removal","damage_taken":0,"max_hp_gain":0,"max_hp_loss":0,"event_name":"The Cleric","floor":115,"gold_loss":50},{"damage_healed":0,"gold_gain":0,"player_choice":"Fought Mushrooms","damage_taken":0,"max_hp_gain":0,"max_hp_loss":0,"event_name":"Mushrooms","floor":116,"gold_loss":0},{"damage_healed":0,"gold_gain":0,"player_choice":"Searched \u00271\u0027 times","damage_taken":0,"max_hp_gain":0,"max_hp_loss":0,"event_name":"Dead Adventurer","floor":117,"gold_loss":0},{"damage_healed":0,"gold_gain":0,"player_choice":"2 cards matched","damage_taken":0,"max_hp_gain":0,"max_hp_loss":0,"event_name":"Match and Keep!","floor":122,"gold_loss":0,"cards_obtained":["Leg Sweep","Jack Of All Trades"]}],"is_beta":false,"boss_relics":[{"not_picked":["Abe\u0027s Treasure","Snecko Scales","Fusion Hammer"]},{"not_picked":["Sozu","Runic Pyramid"],"picked":"Ring of Chaos"},{"not_picked":["Replay:Ancient Bell","Honey Jar"],"picked":"WristBlade"},{"not_picked":["Kintsugi","Replay:Ancient Bell"],"picked":"Tiny House"},{"not_picked":["Busted Crown","Velvet Choker"],"picked":"ChewingGum"},{"not_picked":["Runic Pyramid","Snecko Eye"],"picked":"Replay:Bronze Core"},{"not_picked":["Sozu","Velvet Choker"],"picked":"HoveringKite"}],"items_purged_floors":[7,53,71,78],"is_endless":true,"potions_floor_spawned":[1,5,21,28,31,33,35,37,38,41,45,50,52,59,62,64,67,69,70,73,75,76,77,82,84,86,90,92,94,95,97,99,101,103,104,111,113,114,116,117,118,120,123],"killed_by":"Book of Stabbing","ascension_level":0}}