{"host":"syozzdlzcqop4jia","time":1614388310,"event":{"mods":["AchievementEnabler","BaseMod","Colored Map","Colored Powertips","Minty Spire (QoL Compilation)","Quick Restart"],"gold_per_floor":[112,129,145,145,164,164,198,253,279,279,308,308,327,89,89,186,186,198,198,210,221,221,221,221],"floor_reached":23,"language":"ENG","playtime":875,"items_purged":["Strike_B"],"score":221,"play_id":"3a3ecf6f-8f86-4da2-813d-33c616fc48c7","local_time":"20210227021150","is_ascension_mode":true,"campfire_choices":[{"floor":6,"key":"RECALL"},{"floor":10,"key":"REST"},{"floor":12,"key":"REST"},{"floor":15,"key":"REST"}],"circlet_count":0,"master_deck":["Strike_B","Strike_B","Strike_B","Defend_B","Defend_B","Defend_B","Defend_B","Zap","Dualcast","Ball Lightning","Doom and Gloom","Streamline","Redo","Electrodynamics","Doom and Gloom","Lockon","Loop","Buffer","Chaos","Ball Lightning"],"relics":["Cracked Core","Smiling Mask","Omamori","Anchor","Bottled Lightning","Vajra","Philosopher\u0027s Stone"],"acts_visited":["Exordium","TheCity"],"potions_floor_usage":[],"damage_taken":[{"damage":2,"enemies":"Jaw Worm","floor":1,"turns":3},{"damage":8,"enemies":"Small Slimes","floor":2,"turns":3},{"damage":0,"enemies":"2 Louse","floor":3,"turns":2},{"damage":2,"enemies":"Looter","floor":5,"turns":3},{"damage":31,"enemies":"Lagavulin","floor":7,"turns":5},{"damage":24,"enemies":"Lagavulin Event","floor":8,"turns":5},{"damage":27,"enemies":"3 Sentries","floor":11,"turns":4},{"damage":14,"enemies":"Lots of Slimes","floor":13,"turns":3},{"damage":8,"enemies":"Slime Boss","floor":16,"turns":6},{"damage":9,"enemies":"2 Thieves","floor":18,"turns":3},{"damage":12,"enemies":"Spheric Guardian","floor":20,"turns":3},{"damage":38,"enemies":"Centurion and Healer","floor":21,"turns":5},{"damage":43,"enemies":"Book of Stabbing","floor":23,"turns":3}],"seed_played":"-4644633201399225400","potions_obtained":[{"floor":2,"key":"SmokeBomb"},{"floor":5,"key":"Energy Potion"},{"floor":8,"key":"Energy Potion"}],"is_trial":false,"path_per_floor":["M","M","M","?","M","R","E","?","T","R","E","R","M","$","R","B",null,"M","?","M","M","?","E"],"character_chosen":"DEFECT","items_purchased":["Vajra","Loop"],"campfire_rested":3,"item_purchase_floors":[14,14],"current_hp_per_floor":[80,72,72,77,75,75,44,20,20,46,19,45,31,31,57,49,87,78,78,66,28,28,0,0],"gold":221,"neow_bonus":"TEN_PERCENT_HP_BONUS","is_daily":false,"chose_seed":false,"campfire_upgraded":0,"win_rate":0.0,"timestamp":1614388310,"path_taken":["M","M","M","?","M","R","E","?","T","R","E","R","M","$","R","BOSS","M","?","M","M","?","E"],"items_purchased_type":["Relic","Card"],"build_version":"2020-12-22","purchased_purges":1,"victory":false,"max_hp_per_floor":[82,82,82,87,87,87,87,87,87,87,87,87,87,87,87,87,87,87,87,87,87,87,87,87],"card_choices":[{"not_picked":["Steam","Hologram"],"picked":"Ball Lightning","floor":1},{"not_picked":["Melter","Hyperbeam"],"picked":"Doom and Gloom","floor":2},{"not_picked":["Rebound","Leap"],"picked":"Streamline","floor":3},{"not_picked":["Gash","Turbo","Stack"],"picked":"SKIP","floor":5},{"not_picked":["Aggregate","Hologram"],"picked":"Redo","floor":7},{"not_picked":["Turbo","Melter"],"picked":"Electrodynamics","floor":8},{"not_picked":["Undo","Turbo"],"picked":"Doom and Gloom","floor":11},{"not_picked":["Hologram","BootSequence"],"picked":"Lockon","floor":13},{"not_picked":["Multi-Cast","All For One"],"picked":"Buffer","floor":16},{"not_picked":["Double Energy","Steam"],"picked":"Chaos","floor":18},{"not_picked":["Chill","Leap"],"picked":"Ball Lightning","floor":20},{"not_picked":["Sweeping Beam","Sunder","Conserve Battery"],"picked":"SKIP","floor":21}],"player_experience":741636,"relics_obtained":[{"floor":7,"key":"Smiling Mask"},{"floor":8,"key":"Omamori"},{"floor":9,"key":"Anchor"},{"floor":11,"key":"Bottled Lightning"}],"event_choices":[{"damage_healed":0,"gold_gain":0,"player_choice":"Donut","damage_taken":0,"max_hp_gain":5,"max_hp_loss":0,"event_name":"Big Fish","floor":4,"gold_loss":0},{"damage_healed":0,"gold_gain":0,"player_choice":"Searched \u00272\u0027 times","damage_taken":0,"max_hp_gain":0,"max_hp_loss":0,"event_name":"Dead Adventurer","floor":8,"gold_loss":0},{"damage_healed":0,"gold_gain":0,"player_choice":"Ignored","damage_taken":0,"max_hp_gain":0,"max_hp_loss":0,"event_name":"Ghosts","floor":19,"gold_loss":0},{"damage_healed":0,"gold_gain":0,"player_choice":"Ignored","damage_taken":0,"max_hp_gain":0,"max_hp_loss":0,"event_name":"N\u0027loth","floor":22,"gold_loss":0}],"is_beta":false,"boss_relics":[{"not_picked":["Inserter","Velvet Choker"],"picked":"Philosopher\u0027s Stone"}],"items_purged_floors":[14],"is_endless":false,"potions_floor_spawned":[2,5,8,16,21],"killed_by":"Book of Stabbing","ascension_level":2}}