{"host":"4c7m9tuvqombcnjj","time":1614433028,"event":{"mods":["100% Spire Juice","ATMod(∞¢Ë™Mod)","Act Like it!","Aspiration","Astrologer","BaseMod","Chen","Conspire","Dota2Spire","Downfall","Gensokyo","GungeonMod","Hallownest","HololiveMod","Jedi Mod","Jorbs\u0027s Wanderer Trilogy","Koishi","KomeijiMod","Lobotomy","LobotomyExtend","Marisa£®ÏF”Í°°ƒß¿Ì…≥£©","Minty Spire (QoL Compilation)","MostiFishMod","Prisma Mod","Quarter Circle Forward PUNCH!","Reimu£®≤©¿ˆ¡È√Œ£©","Reliquary","Remilia£®¿Ÿ√◊¿Ú—«£©","Replay The Spire","RumiaBox-¬∂√◊Ê´µƒ…Ò√ÿ∫–◊”","Smile Girya","StSLib","TestMod","The Alterego","The Animator","The Bug Knight","The Construct","The Cursed","The Hierophant","The Jungle","The Runesmith","WarShipGirlsR/’ΩΩ¢…Ÿ≈ÆR mod","Youmu£®ªÍ∆«—˝√Œ£©","Yuri Mod","Yuyuko","[IsaacMod]“‘»ˆº‚À˛","°æπ¶ƒ‹Mod°øªÏ„Á÷Æª∑–ﬁ∏¥≤π∂°","°æ“≈ŒÔø®≈∆°øREMEMod"],"gold_per_floor":[179,192,192,212,89,121,134,149,173,188,207,56,56,5,5,123,123,123,123],"floor_reached":18,"language":"ZHS","playtime":1052,"items_purged":[],"score":164,"play_id":"940f8f8c-b38a-4e51-93f1-b2d6ac3aecc0","local_time":"20210227213708","is_ascension_mode":false,"campfire_choices":[{"floor":13.0,"key":"RECALL"},{"data":"astrologer:Trine","floor":15.0,"key":"SMITH"}],"circlet_count":0,"master_deck":["Strike_Remiria","Strike_Remiria","Strike_Remiria","Strike_Remiria","Defend_Remirira","Defend_Remirira","Defend_Remirira","Defend_Remirira","Absorbed","Scratch","AT_CaressingTears","astrologer:Trine+1","hierophant:FieryStrike","Slimebound:Nibble","VampireKiss","ServantFlier","Offensive","Chen:Flicker","FantasyMoon:ReiMu","Metallicize","Uppercut","FateConcerto","StigmaNizer","astrologer:Alignment"],"relics":["ThirstyCrossSpe","HushsDoor","REME_ComplimentaryCards","DaveBox","testmod-TestBox","AT_ATBox","testmod-Charity","PrismaticShard","HowToJump","aspiration:Nostalgia","astrologer:SkyMirror","SynthV:TestCard","Golden Idol","conspire:TopHat","conspire:RoyalGoblet"],"acts_visited":["Exordium","TheCity"],"potions_floor_usage":[],"damage_taken":[{"damage":0.0,"enemies":"Small Slimes","floor":1.0,"turns":3.0},{"damage":0.0,"enemies":"conspire:RoseBush","floor":2.0,"turns":3.0},{"damage":0.0,"enemies":"Cultist","floor":4.0,"turns":3.0},{"damage":1.0,"enemies":"Gremlin Nob","floor":6.0,"turns":4.0},{"damage":4.0,"enemies":"Exordium Thugs","floor":7.0,"turns":4.0},{"damage":0.0,"enemies":"Exordium Wildlife","floor":8.0,"turns":3.0},{"damage":11.0,"enemies":"Blue Slaver","floor":10.0,"turns":2.0},{"damage":0.0,"enemies":"Large Slime","floor":11.0,"turns":3.0},{"damage":55.0,"enemies":"The Guardian","floor":16.0,"turns":8.0},{"damage":0,"enemies":"Shell Parasite","floor":18,"turns":1}],"seed_played":"5836688246755914023","potions_obtained":[{"floor":1.0,"key":"CalmPotion"},{"floor":4.0,"key":"Explosive Potion"},{"floor":7.0,"key":"DuplicationPotion"},{"floor":8.0,"key":"Energy Potion"}],"is_trial":false,"path_per_floor":["M","M","?","M","$","E","M","M","T","M","M","$","R","$","R","B",null,"M"],"character_chosen":"RemiriaScarlet","items_purchased":["ServantFlier","Offensive","FateConcerto","StigmaNizer"],"campfire_rested":0,"item_purchase_floors":[5,5,12,14],"current_hp_per_floor":[101,102,77,78,78,81,81,82,83,73,80,80,80,80,80,50,110,110,110],"gold":123,"neow_bonus":"NOSTALGIA","is_daily":false,"chose_seed":false,"campfire_upgraded":1,"win_rate":0.0,"timestamp":1614433028,"path_taken":["M","M","?","?","?","E","M","M","T","M","M","$","R","?","R","BOSS","M"],"items_purchased_type":["Card","Card","Card","Card"],"build_version":"2020-12-22","purchased_purges":0,"victory":false,"max_hp_per_floor":[101,102,102,103,103,104,105,106,107,108,109,109,109,109,109,110,110,110,110],"card_choices":[{"not_picked":["Chen:Spray","stsjorbsmod:Inferno"],"picked":"hierophant:FieryStrike","floor":1.0},{"not_picked":["stsjorbsmod:Flame","Guardian:CrystalBeam","animator:Archer","AlertArray:ReiMu"],"picked":"Slimebound:Nibble","floor":2.0},{"not_picked":["animator:EmiyaShirou","Runesmith:StaticCage","DemoMod:SuppressiveFire","HollowMod:Grubsong"],"picked":"VampireKiss","floor":4.0},{"not_picked":["PrismaMod:MiyuCheapChannelAttack","sneckomod:UnknownClassPassionlip_Purple","animator:Caster","hierophant:PassingBell"],"picked":"Chen:Flicker","floor":6.0},{"not_picked":["Hidden Blade","yuri:RecklessStrike","animator:Ain","PrismaMod:MiyuCheapChannelWeak"],"picked":"FantasyMoon:ReiMu","floor":7.0},{"not_picked":["HollowMod:Hiveblood","hierophant:Smite","Guardian:Harden","CharismaGuard"],"picked":"Metallicize","floor":8.0},{"not_picked":["Slimebound:LeechEnergy","rmod:ammunitionsupply","Moonworks:Assault","MostiFishMod:FluxCapactior"],"picked":"Uppercut","floor":10.0},{"not_picked":["GravityBeat","Replay:ManipulateFuture","AirStrike:ReiMu","Chen:SelfConfidence","Runesmith:HeatExchange"],"picked":"SKIP","floor":11.0},{"not_picked":["conspire:Purge","TheCursedMod:NeowsMight","MunenMusou","HollowMod:ElderbugsWisdom"],"picked":"astrologer:Alignment","floor":16.0}],"player_experience":116255,"relics_obtained":[{"floor":1.0,"key":"SynthV:TestCard"},{"floor":6.0,"key":"conspire:TopHat"}],"event_choices":[{"damage_healed":0.0,"max_hp_gain":0.0,"max_hp_loss":0.0,"gold_gain":0.0,"event_name":"Golden Idol","player_choice":"Take Damage","floor":3.0,"gold_loss":0.0,"damage_taken":25.0,"relics_obtained":["Golden Idol"]}],"is_beta":false,"boss_relics":[{"not_picked":["Busted Crown","jedi:hotpepper"],"picked":"conspire:RoyalGoblet"},{"not_picked":[]}],"items_purged_floors":[],"is_endless":false,"potions_floor_spawned":[1,4,7,8,11],"killed_by":"Shell Parasite","ascension_level":0}}