{"host":"dg9bmj64xsaxvoc5","time":1614394094,"event":{"mods":["AchievementEnabler","BaseMod","Highlight Path","Minty Spire (QoL Compilation)","Quick Restart","Relic Stats"],"gold_per_floor":[117,117,129,129,175,200,200,231,231,244,271,281,294,5,5,110,110,127,327,338,111,186,220,230,242,292,303,335,346,346,356,356,452,502,512,125,125,6,24,24,24,24,48,75,75,75,75,48,48,48],"floor_reached":51,"language":"ENG","playtime":1599,"items_purged":["Strike_R","Strike_R"],"score":1088,"play_id":"48009017-3f3a-4b5f-950f-7bc3bfd84b51","local_time":"20210226214814","is_ascension_mode":false,"campfire_choices":[{"data":"Defend_R","floor":7,"key":"SMITH"},{"floor":15,"key":"REST"},{"data":"Spot Weakness","floor":30,"key":"SMITH"},{"data":"Limit Break","floor":32,"key":"SMITH"},{"data":"Infernal Blade","floor":40,"key":"SMITH"},{"data":"Disarm","floor":45,"key":"SMITH"},{"data":"Heavy Blade","floor":49,"key":"SMITH"}],"circlet_count":0,"master_deck":["Strike_R+1","Strike_R+1","Strike_R","Defend_R","Defend_R","Defend_R+1","Defend_R+1","Bash","Cleave","Disarm+1","Thunderclap","Headbutt","Spot Weakness","Thunderclap","Flex+1","Thunderclap","Demon Form+1","Limit Break+1","Heavy Blade+1","Battle Trance","Cleave","Shrug It Off","Twin Strike","Spot Weakness+1","Thunderclap","Flex","Clash+1","Heavy Blade+1","Bludgeon+1","Exhume","Twin Strike+1","Thunderclap","Cleave","Infernal Blade+1","Seeing Red","Cleave","Battle Trance","Flex+1","Intimidate+1","Writhe","Clash","Disarm+1","Flex"],"relics":["Burning Blood","NeowsBlessing","Frozen Egg 2","Whetstone","Bag of Marbles","Anchor","Pear","Prayer Wheel","Sling","Coffee Dripper","Lantern","Mummified Hand","Centennial Puzzle","PreservedInsect","Paper Frog","Tiny House","Ancient Tea Set","War Paint","Red Skull","Juzu Bracelet"],"acts_visited":["Exordium","TheCity","TheBeyond"],"potions_floor_usage":[8,11,16,23,33,47,50],"damage_taken":[{"damage":0,"enemies":"Jaw Worm","floor":1,"turns":1},{"damage":0,"enemies":"Cultist","floor":3,"turns":1},{"damage":0,"enemies":"Lagavulin","floor":6,"turns":1},{"damage":14,"enemies":"Gremlin Nob","floor":8,"turns":4},{"damage":0,"enemies":"Small Slimes","floor":10,"turns":2},{"damage":29,"enemies":"Lagavulin","floor":11,"turns":6},{"damage":0,"enemies":"Exordium Wildlife","floor":12,"turns":2},{"damage":0,"enemies":"Red Slaver","floor":13,"turns":2},{"damage":0,"enemies":"Slime Boss","floor":16,"turns":5},{"damage":5,"enemies":"Chosen","floor":18,"turns":4},{"damage":18,"enemies":"Spheric Guardian","floor":20,"turns":4},{"damage":0,"enemies":"Slavers","floor":23,"turns":2},{"damage":12,"enemies":"Centurion and Healer","floor":24,"turns":6},{"damage":8,"enemies":"3 Cultists","floor":25,"turns":4},{"damage":18,"enemies":"Snake Plant","floor":27,"turns":3},{"damage":0,"enemies":"Book of Stabbing","floor":28,"turns":2},{"damage":0,"enemies":"Shelled Parasite and Fungi","floor":29,"turns":2},{"damage":15,"enemies":"Snecko","floor":31,"turns":3},{"damage":22,"enemies":"Collector","floor":33,"turns":5},{"damage":34,"enemies":"3 Shapes","floor":35,"turns":3},{"damage":0,"enemies":"3 Darklings","floor":39,"turns":2},{"damage":14,"enemies":"Giant Head","floor":44,"turns":5},{"damage":0,"enemies":"Nemesis","floor":47,"turns":2},{"damage":65,"enemies":"Awakened One","floor":50,"turns":7}],"seed_played":"6959200673528179012","potions_obtained":[{"floor":3,"key":"Block Potion"},{"floor":10,"key":"PowerPotion"},{"floor":12,"key":"BlessingOfTheForge"},{"floor":16,"key":"SpeedPotion"},{"floor":20,"key":"DistilledChaos"},{"floor":25,"key":"Block Potion"},{"floor":28,"key":"SmokeBomb"},{"floor":33,"key":"Ancient Potion"},{"floor":34,"key":"Strength Potion"}],"is_trial":false,"path_per_floor":["M","?","M","?","T","E","R","E","T","M","E","M","M","$","R","B",null,"M","?","M","$","T","E","M","M","T","M","E","M","R","M","R","B",null,"M","$","?","$","M","R","?","?","T","E","R","?","E","$","R","B",null],"character_chosen":"IRONCLAD","items_purchased":["Demon Form+1","Sling","Lantern","Infernal Blade","Seeing Red","Ancient Tea Set","Cleave","Battle Trance","Flex"],"campfire_rested":1,"item_purchase_floors":[14,14,21,36,36,36,38,38,48],"current_hp_per_floor":[80,80,80,55,55,61,61,53,63,69,46,52,58,58,85,90,90,90,90,78,78,78,84,78,76,76,64,70,76,76,67,67,51,95,67,67,67,67,73,73,95,95,95,87,87,87,93,93,93,34],"gold":48,"neow_bonus":"THREE_ENEMY_KILL","is_daily":false,"chose_seed":false,"campfire_upgraded":6,"win_rate":0.0,"timestamp":1614394094,"path_taken":["M","?","?","?","?","E","R","E","T","M","E","?","M","?","R","BOSS","M","?","?","$","?","E","?","M","T","M","E","M","R","M","R","BOSS","M","?","?","$","M","R","?","?","T","E","R","?","E","?","R","BOSS"],"items_purchased_type":["Card","Relic","Relic","Card","Card","Relic","Card","Card","Card"],"build_version":"2020-12-22","purchased_purges":2,"victory":true,"max_hp_per_floor":[80,80,80,80,80,80,80,80,90,90,90,90,90,90,90,90,90,90,90,90,90,90,90,90,90,90,90,90,90,90,90,90,90,95,95,95,95,95,95,95,95,95,95,95,95,95,95,95,95,95],"relic_stats":{"Centennial Puzzle":[24],"counters":[24,78],"Mummified Hand":[2],"Prayer Wheel":11,"PreservedInsect":213,"Juzu Bracelet":1,"Whetstone":["Strike_R","Strike_R"],"War Paint":["Defend_R","Flex"],"obtain_stats":[{"Lantern":21,"Pear":9,"Tiny House":34,"NeowsBlessing":0,"PreservedInsect":26,"Juzu Bracelet":44,"Whetstone":5,"Frozen Egg 2":4,"War Paint":42,"Sling":14,"Ancient Tea Set":36,"Burning Blood":0,"Anchor":8,"Centennial Puzzle":23,"Mummified Hand":22,"Prayer Wheel":11,"Bag of Marbles":6,"Coffee Dripper":17,"Red Skull":43,"Paper Frog":28},{"Lantern":11,"Pear":4,"Tiny House":19,"NeowsBlessing":0,"PreservedInsect":14,"Juzu Bracelet":22,"Whetstone":2,"Frozen Egg 2":2,"War Paint":21,"Sling":8,"Ancient Tea Set":20,"Burning Blood":0,"Anchor":4,"Centennial Puzzle":12,"Mummified Hand":11,"Prayer Wheel":6,"Bag of Marbles":3,"Coffee Dripper":9,"Red Skull":21,"Paper Frog":16},{"Lantern":32,"Pear":7,"Tiny House":59,"NeowsBlessing":0,"PreservedInsect":44,"Juzu Bracelet":69,"Whetstone":2,"Frozen Egg 2":2,"War Paint":64,"Sling":19,"Ancient Tea Set":62,"Burning Blood":0,"Anchor":7,"Centennial Puzzle":34,"Mummified Hand":32,"Prayer Wheel":15,"Bag of Marbles":3,"Coffee Dripper":24,"Red Skull":64,"Paper Frog":49}],"Burning Blood":130},"card_choices":[{"not_picked":["Flex","Headbutt"],"picked":"Cleave","floor":1},{"not_picked":["Fire Breathing","Havoc"],"picked":"Disarm","floor":3},{"not_picked":["Power Through","Warcry","Rupture+1"],"picked":"SKIP","floor":6},{"not_picked":["Ghostly Armor","Power Through"],"picked":"Thunderclap","floor":8},{"not_picked":["Evolve+1","Intimidate"],"picked":"Headbutt","floor":10},{"not_picked":["Cleave","True Grit"],"picked":"Spot Weakness","floor":11},{"not_picked":["Armaments","Heavy Blade"],"picked":"Thunderclap","floor":12},{"not_picked":["True Grit","Sword Boomerang"],"picked":"Twin Strike","floor":12},{"not_picked":["Body Slam","Clash"],"picked":"Flex","floor":13},{"not_picked":["Dark Embrace+1","Fiend Fire"],"picked":"Thunderclap","floor":13},{"not_picked":["Fiend Fire","Offering"],"picked":"Limit Break","floor":16},{"not_picked":["Body Slam","Second Wind+1","Perfected Strike"],"picked":"SKIP","floor":18},{"not_picked":["Perfected Strike+1","Sever Soul","Headbutt"],"picked":"SKIP","floor":18},{"not_picked":["Pommel Strike","Shrug It Off"],"picked":"Heavy Blade+1","floor":20},{"not_picked":["Combust+1","Bloodletting","Burning Pact"],"picked":"SKIP","floor":20},{"not_picked":["Corruption+1","Whirlwind"],"picked":"Battle Trance","floor":23},{"not_picked":["Shockwave","Havoc+1"],"picked":"Cleave","floor":24},{"not_picked":["Heavy Blade","Warcry"],"picked":"Shrug It Off","floor":24},{"not_picked":["Uppercut+1","Armaments+1"],"picked":"Twin Strike","floor":25},{"not_picked":["Sever Soul","True Grit"],"picked":"Spot Weakness","floor":25},{"not_picked":["Dropkick","Shrug It Off+1"],"picked":"Thunderclap","floor":27},{"not_picked":["Offering","Iron Wave","Warcry"],"picked":"SKIP","floor":27},{"not_picked":["Metallicize+1","Fire Breathing+1"],"picked":"Flex","floor":28},{"not_picked":["Armaments+1","Headbutt"],"picked":"Clash+1","floor":29},{"not_picked":["Blood for Blood+1","Body Slam"],"picked":"Heavy Blade","floor":29},{"not_picked":["Searing Blow","Iron Wave"],"picked":"Bludgeon","floor":31},{"not_picked":["Iron Wave","Heavy Blade","Rage"],"picked":"SKIP","floor":31},{"not_picked":["Fiend Fire","Immolate"],"picked":"Exhume","floor":33},{"not_picked":["Dropkick","Body Slam"],"picked":"Twin Strike+1","floor":34},{"not_picked":["Hemokinesis","Sentinel"],"picked":"Thunderclap","floor":35},{"not_picked":["Intimidate+1","Searing Blow+1"],"picked":"Cleave","floor":35},{"not_picked":["Thunderclap","Iron Wave"],"picked":"Flex+1","floor":39},{"not_picked":["Wild Strike","Perfected Strike+1"],"picked":"Intimidate+1","floor":39},{"not_picked":["Thunderclap","Fire Breathing+1"],"picked":"Clash","floor":44}],"player_experience":13947,"relics_obtained":[{"floor":5,"key":"Whetstone"},{"floor":6,"key":"Bag of Marbles"},{"floor":8,"key":"Anchor"},{"floor":9,"key":"Pear"},{"floor":11,"key":"Prayer Wheel"},{"floor":22,"key":"Mummified Hand"},{"floor":23,"key":"Centennial Puzzle"},{"floor":26,"key":"PreservedInsect"},{"floor":28,"key":"Paper Frog"},{"floor":43,"key":"Red Skull"},{"floor":44,"key":"Juzu Bracelet"}],"event_choices":[{"damage_healed":0,"gold_gain":0,"player_choice":"Ignored","damage_taken":0,"max_hp_gain":0,"max_hp_loss":0,"event_name":"NoteForYourself","floor":2,"gold_loss":0},{"damage_healed":0,"gold_gain":0,"player_choice":"Success","damage_taken":25,"relics_obtained":["Frozen Egg 2"],"max_hp_gain":0,"max_hp_loss":0,"event_name":"Scrap Ooze","floor":4,"gold_loss":0},{"damage_healed":0,"gold_gain":250,"player_choice":"Bet on Owner","damage_taken":0,"max_hp_gain":0,"max_hp_loss":0,"event_name":"The Joust","floor":19,"gold_loss":50},{"cards_removed":["Twin Strike"],"damage_healed":0,"gold_gain":0,"player_choice":"Removed Attack","damage_taken":0,"max_hp_gain":0,"max_hp_loss":0,"event_name":"Falling","floor":37,"gold_loss":0},{"damage_healed":24,"gold_gain":0,"player_choice":"Writhe","damage_taken":0,"max_hp_gain":0,"max_hp_loss":0,"event_name":"Winding Halls","floor":41,"gold_loss":0,"cards_obtained":["Writhe"]},{"damage_healed":0,"gold_gain":0,"player_choice":"Gave Potion","damage_taken":0,"relics_obtained":["War Paint"],"max_hp_gain":0,"max_hp_loss":0,"event_name":"WeMeetAgain","floor":42,"gold_loss":0},{"damage_healed":0,"gold_gain":0,"player_choice":"Copied","damage_taken":0,"max_hp_gain":0,"max_hp_loss":0,"event_name":"Duplicator","floor":46,"gold_loss":0,"cards_obtained":["Disarm"]}],"is_beta":false,"boss_relics":[{"not_picked":["Cursed Key","Fusion Hammer"],"picked":"Coffee Dripper"},{"not_picked":["Snecko Eye","Mark of Pain"],"picked":"Tiny House"}],"items_purged_floors":[21,36],"is_endless":false,"potions_floor_spawned":[3,10,12,16,20,25,28,33,35,47],"ascension_level":0}}