{"host":"spwntgjk5v6ygtff","time":1614439689,"event":{"mods":["ATMod(∞¢Ë™Mod)","Aspiration","BaseMod","Challenge The Spire","Downfall","Energized Spire","Highlight Path","Lobotomy","Marisa£®ÏF”Í°°ƒß¿Ì…≥£©","Minty Spire (QoL Compilation)","Quick Restart","Reimu£®≤©¿ˆ¡È√Œ£©","Remilia£®¿Ÿ√◊¿Ú—«£©","Reorder Act Four","Replay The Spire","StSLib","UnlockEverythingMod","[IsaacMod]“‘»ˆº‚À˛","°æπ¶ƒ‹Mod°ø¥œ√˜µƒ◊Ó÷’Boss","°æ“≈ŒÔø®≈∆°øREMEMod"],"gold_per_floor":[149,163,9308,9318,9334,9334,9334,8761,8770,8824,8851,8878,8900,8957,8994,9147,9147,9147,9190,9202,9294,9294,9321,9321,9328,9346,9365,9412,8577,8615,8633,8633,8771,8671,8671],"floor_reached":34,"language":"ZHS","playtime":2475,"items_purged":["Defend_Lin:ReiMu","Strike_Lin:ReiMu","Regret"],"score":436,"play_id":"1dfb549b-91a7-4c97-9ea4-2a852b8cee28","local_time":"20210227232809","is_ascension_mode":false,"campfire_choices":[{"data":"AT_DrawKnifeCut","floor":6,"key":"SMITH"},{"data":"CeremonyResonance:ReiMu","floor":18,"key":"SMITH"},{"data":"KyokaiOfKami:ReiMu","floor":34,"key":"SMITH"}],"circlet_count":0,"master_deck":["Strike_Lin:ReiMu","Strike_Lin:ReiMu","Strike_Lin:ReiMu","Defend_Lin:ReiMu","Defend_Lin:ReiMu","Defend_Lin:ReiMu","NB:ReiMu","Stagnation:ReiMu","AT_DrawKnifeCut+1","LovePray:ReiMu","AlertArray:ReiMu","SpringWay:ReiMu","OrbThrow:ReiMu","OrbThrow:ReiMu","CareerPray:ReiMu","Revelation:ReiMu","Strike_Lin:ReiMu","CeremonyResonance:ReiMu+1","REME_TheoryOfElimination","PrayRite:ReiMu","Amulet:ReiMu+1","PrepareRite:ReiMu","KyokaiOfKami:ReiMu+1","CardOfSanctity:ReiMu","RainPray2:ReiMu","Meditation:ReiMu"],"relics":["FlyPower:ReiMu","AT_ATBox","HushsDoor","REME_ComplimentaryCards","BookofShadows","Replay:Bottled Snecko","AT_ArcaneBoots","White Beast Statue","TheBattery","Snack Pack","Mummified Hand","BodyOfKamiR:ReiMu","CeramicFish","SalivaCoin","REME_PuzzleBoxRelic","PokeGo","DonationBox:ReiMu","Counterbalance","Simple Rune","Habit","FadedRune:ReiMu","Blood Vial","Juzu Bracelet","downfall:HeartBlessingGreen"],"acts_visited":["Exordium","TheCity"],"potions_floor_usage":[10,10,14,15,16,16,23,30,33,33],"damage_taken":[{"damage":25.0,"enemies":"Hiden Room Battle","floor":1.0,"turns":7.0},{"damage":0,"enemies":"Cultist","floor":2,"turns":3},{"damage":0,"enemies":"downfall:FleeingMerchant","floor":3,"turns":4},{"damage":0,"enemies":"Small Slimes","floor":4,"turns":2},{"damage":0,"enemies":"2 Louse","floor":5,"turns":3},{"damage":0,"enemies":"downfall:FleeingMerchant","floor":8,"turns":4},{"damage":0,"enemies":"3 Sentries","floor":10,"turns":6},{"damage":4,"enemies":"2 Fungi Beasts","floor":11,"turns":2},{"damage":0,"enemies":"Red Slaver","floor":12,"turns":2},{"damage":3,"enemies":"Large Slime","floor":13,"turns":3},{"damage":13,"enemies":"Lagavulin","floor":14,"turns":5},{"damage":10,"enemies":"downfall:LooterAlt","floor":15,"turns":3},{"damage":20,"enemies":"SI_SHIV_ARCHETYPE","floor":16,"turns":4},{"damage":8,"enemies":"Chosen","floor":19,"turns":5},{"damage":0,"enemies":"3 Byrds","floor":20,"turns":3},{"damage":9,"enemies":"Centurion and Healer","floor":23,"turns":5},{"damage":0,"enemies":"Snecko","floor":27,"turns":3},{"damage":15,"enemies":"Sentry and Sphere","floor":28,"turns":5},{"damage":4,"enemies":"downfall:FleeingMerchant","floor":29,"turns":4},{"damage":0,"enemies":"Book of Stabbing","floor":30,"turns":5},{"damage":0,"enemies":"Snake Plant","floor":32,"turns":1},{"damage":36,"enemies":"DF_ARCHETYPE_CLAW","floor":33,"turns":5}],"seed_played":"-4284592176220556099","potions_obtained":[{"floor":1.0,"key":"Block Potion"},{"floor":4,"key":"champ:CounterPotion"},{"floor":5,"key":"SkillPotion"},{"floor":10,"key":"EntropicBrew"},{"floor":11,"key":"bronze:BurnAndBuffPotion"},{"floor":12,"key":"SkillPotion"},{"floor":14,"key":"Swift Potion"},{"floor":15,"key":"REME_GoldPotion"},{"floor":16,"key":"Energy Potion"},{"floor":19,"key":"Weak Potion"},{"floor":20,"key":"EssenceOfSteel"},{"floor":27,"key":"Fire Potion"},{"floor":30,"key":"Strength Potion"},{"floor":33,"key":"Regen Potion"}],"is_trial":false,"path_per_floor":["R","M","$","M","M","R","T","$","?","E","M","M","M","E","M","B",null,"R","M","M","?","?","M","T","?","?","M","M","$","E","?","M","B","R"],"character_chosen":"REIMU","items_purchased":["White Beast Statue","TheBattery","SpringWay:ReiMu","Snack Pack","BodyOfKamiR:ReiMu","CeramicFish","OrbThrow:ReiMu","Habit","FadedRune:ReiMu","Blood Vial","KyokaiOfKami:ReiMu"],"campfire_rested":0,"item_purchase_floors":[3,3,3,3,8,8,8,29,29,29,29],"current_hp_per_floor":[46,46,46,46,46,46,46,48,48,48,44,46,43,30,20,6,71,71,63,67,57,57,56,56,41,41,43,36,38,42,42,44,22,22,22],"gold":8671,"neow_bonus":"TEN_PERCENT_HP_BONUS","is_daily":false,"chose_seed":false,"campfire_upgraded":3,"win_rate":0.0,"timestamp":1614439689,"path_taken":["R","M","?","M","M","R","T","$","?","E","?","M","M","E","M","BOSS","R","M","M","?","?","M","T","?","?","M","?","$","E","?","M","BOSS"],"items_purchased_type":["Relic","Relic","Card","Relic","Relic","Relic","Card","Relic","Relic","Relic","Card"],"build_version":"2020-12-22","purchased_purges":3,"victory":false,"max_hp_per_floor":[71,71,71,71,71,71,71,71,71,71,71,71,71,71,71,71,71,71,71,71,71,71,71,71,71,71,71,71,71,71,71,71,71,71,71],"card_choices":[{"not_picked":[],"picked":"Bomb","floor":0.0},{"not_picked":["SafetyPray:ReiMu","Meditation:ReiMu"],"picked":"LovePray:ReiMu","floor":1.0},{"not_picked":["Enchanting:ReiMu","EmergencyTakeOff:ReiMu"],"picked":"AlertArray:ReiMu","floor":2},{"not_picked":["Conquer:ReiMu","AirStrike:ReiMu"],"picked":"SpringWay:ReiMu","floor":3},{"not_picked":["CareerPray:ReiMu","SubcavityInstant:ReiMu"],"picked":"OrbThrow:ReiMu","floor":4},{"not_picked":["YinYangSange:ReiMu","UniversalSpiritual:ReiMu"],"picked":"KamiSacrifice:ReiMu","floor":5},{"not_picked":["MikOfLucky:ReiMu","SubcavityInstant:ReiMu","ManaGlint:ReiMu"],"picked":"SKIP","floor":8},{"not_picked":["PrepareRite:ReiMu","Authority:ReiMu","CollectionFlower2:ReiMu"],"picked":"SKIP","floor":10},{"not_picked":["Conquer:ReiMu","TightArray:ReiMu","SpringWay:ReiMu"],"picked":"SKIP","floor":11},{"not_picked":["Enchanting:ReiMu","ShadowOfCrow2:ReiMu"],"picked":"CareerPray:ReiMu","floor":12},{"not_picked":["UniversalSpiritual:ReiMu","CareerPray:ReiMu","ForcedLanding:ReiMu"],"picked":"SKIP","floor":13},{"not_picked":["AlertArray:ReiMu","WonderfulDomain:ReiMu"],"picked":"Revelation:ReiMu","floor":14},{"not_picked":["LearningPray:ReiMu","AlertArray:ReiMu","Intuition:ReiMu"],"picked":"SKIP","floor":15},{"not_picked":["Determination:ReiMu","YinYang:ReiMu"],"picked":"CeremonyResonance:ReiMu","floor":16},{"not_picked":["UniversalSpiritual:ReiMu+1","ShadowOfCrow2:ReiMu","DoubleButterfly:ReiMu"],"picked":"SKIP","floor":19},{"not_picked":["SubAcupoint:ReiMu+1","Enchanting:ReiMu","Intuition:ReiMu"],"picked":"SKIP","floor":20},{"not_picked":["NineCharacters:ReiMu+1","BarrageOfMoneybags:ReiMu","SpreadBorder2:ReiMu"],"picked":"SKIP","floor":23},{"not_picked":["Crusade:ReiMu","WonderfulDomain:ReiMu","KamiSacrifice:ReiMu"],"picked":"SKIP","floor":27},{"not_picked":["WonderfulDomain:ReiMu","AirStrike:ReiMu"],"picked":"Amulet:ReiMu+1","floor":28},{"not_picked":["Enchanting:ReiMu","AirManeuver:ReiMu"],"picked":"PrepareRite:ReiMu","floor":29},{"not_picked":["Gathering:ReiMu","Meditation:ReiMu"],"picked":"CardOfSanctity:ReiMu","floor":30}],"player_experience":53856,"relics_obtained":[{"floor":1.0,"key":"Replay:Bottled Snecko"},{"floor":1.0,"key":"AT_SpeedBoots"},{"floor":7,"key":"Mummified Hand"},{"floor":10,"key":"REME_PuzzleBoxRelic"},{"floor":14,"key":"PokeGo"},{"floor":24,"key":"Counterbalance"},{"floor":30,"key":"Juzu Bracelet"}],"event_choices":[{"damage_healed":0.0,"max_hp_gain":0.0,"max_hp_loss":0.0,"gold_gain":0.0,"event_name":"HidenRoomEvent","player_choice":"Fight","floor":1.0,"gold_loss":0.0,"damage_taken":0.0},{"damage_healed":0,"gold_gain":0,"player_choice":"Box","damage_taken":0,"relics_obtained":["SalivaCoin"],"max_hp_gain":0,"max_hp_loss":0,"event_name":"Big Fish","floor":9,"gold_loss":0,"cards_obtained":["Regret"]},{"damage_healed":0,"gold_gain":0,"cards_transformed":["KamiSacrifice:ReiMu","SpringWay:ReiMu"],"player_choice":"Became Test Subject","damage_taken":0,"max_hp_gain":0,"max_hp_loss":0,"event_name":"Drug Dealer","floor":31,"gold_loss":0,"cards_obtained":["RainPray2:ReiMu","Meditation:ReiMu"]}],"is_beta":false,"boss_relics":[{"not_picked":["Replay:Ancient Bell","Kintsugi"],"picked":"DonationBox:ReiMu"},{"not_picked":[]}],"items_purged_floors":[3,8,29],"is_endless":false,"potions_floor_spawned":[1,4,5,8,10,11,12,13,14,15,16,19,20,23,27,28,29,30,32,33],"ascension_level":0}}