{"host":"ul3z8ex5o8l5j7mh","time":1614426045,"event":{"mods":["2.2 Compatiblity","AchievementEnabler","BaseMod","Bestiary","Colored Map","Colored Powertips","Curses Come First","DeckTracker","Highlight Path","Keyboard Shortcuts","Minty Spire (QoL Compilation)","Relic Sorter","Relic Stats","StSLib","SuperFastMode"],"gold_per_floor":[112,132,145,145,70,70,80,80,80,105,122,133,165,184,184,281,281,298,312,15,32,52,52,52],"floor_reached":23,"language":"ENG","playtime":1052,"items_purged":["Decay"],"score":279,"play_id":"0ec8a90e-36d9-4233-a97b-79ed0fb2031c","local_time":"20210227124045","is_ascension_mode":true,"campfire_choices":[{"data":"Carnage","floor":6.0,"key":"SMITH"},{"data":"Double Tap","floor":15,"key":"SMITH"}],"circlet_count":0,"master_deck":["Strike_R","Strike_R","Strike_R","Strike_R","Strike_R","Defend_R","Defend_R","Defend_R","Defend_R","Bash","Iron Wave","Armaments","Carnage+1","Thunderclap","Double Tap+1","Blood for Blood","Flame Barrier","Blood for Blood","Juggernaut+1","Iron Wave","Cleave","Cleave+1"],"relics":["Burning Blood","Anchor","Matryoshka","Ice Cream","Frozen Egg 2","SacredBark","Ancient Tea Set","HandDrill"],"acts_visited":["Exordium","TheCity"],"potions_floor_usage":[13,18,19,22],"damage_taken":[{"damage":1.0,"enemies":"Cultist","floor":1.0,"turns":3.0},{"damage":4.0,"enemies":"Small Slimes","floor":2.0,"turns":4.0},{"damage":0.0,"enemies":"Jaw Worm","floor":3.0,"turns":3.0},{"damage":3.0,"enemies":"Blue Slaver","floor":7.0,"turns":2.0},{"damage":25.0,"enemies":"3 Sentries","floor":10.0,"turns":8.0},{"damage":0.0,"enemies":"3 Louse","floor":11.0,"turns":3.0},{"damage":4.0,"enemies":"Red Slaver","floor":12.0,"turns":3.0},{"damage":22,"enemies":"Lagavulin","floor":13,"turns":4},{"damage":0,"enemies":"Large Slime","floor":14,"turns":5},{"damage":45,"enemies":"Hexaghost","floor":16,"turns":8},{"damage":0,"enemies":"Chosen","floor":18,"turns":3},{"damage":6,"enemies":"Spheric Guardian","floor":19,"turns":3},{"damage":23,"enemies":"Snake Plant","floor":21,"turns":4},{"damage":35,"enemies":"Cultist and Chosen","floor":22,"turns":10},{"damage":89,"enemies":"Gremlin Leader","floor":23,"turns":6}],"seed_played":"2962603503826174995","potions_obtained":[{"floor":2.0,"key":"FearPotion"},{"floor":3.0,"key":"ElixirPotion"},{"floor":10.0,"key":"FairyPotion"},{"floor":12.0,"key":"FearPotion"},{"floor":16,"key":"LiquidMemories"},{"floor":21,"key":"EssenceOfSteel"}],"is_trial":false,"path_per_floor":["M","M","M","?","$","R","M","$","T","E","M","M","E","M","R","B",null,"M","M","$","M","M","E"],"character_chosen":"IRONCLAD","items_purchased":["Ancient Tea Set","HandDrill"],"campfire_rested":0,"item_purchase_floors":[20,20],"current_hp_per_floor":[77,79,80,80,80,80,80,80,80,61,67,69,53,59,59,20,65,71,71,71,54,25,0,0],"gold":52,"neow_bonus":"RANDOM_COMMON_RELIC","is_daily":false,"chose_seed":false,"campfire_upgraded":2,"win_rate":0.0,"timestamp":1614426045,"path_taken":["M","M","M","?","$","R","M","$","T","E","M","M","E","M","R","BOSS","M","M","$","?","?","E"],"items_purchased_type":["Relic","Relic"],"build_version":"2020-12-22","purchased_purges":1,"victory":false,"max_hp_per_floor":[80,80,80,80,80,80,80,80,80,80,80,80,80,80,80,80,80,80,80,80,80,80,80,80],"relic_stats":{"counters":[15,69],"HandDrill":[12],"obtain_stats":[{"Ice Cream":10,"Anchor":0,"Matryoshka":9,"SacredBark":17,"HandDrill":20,"Frozen Egg 2":13,"Ancient Tea Set":20,"Burning Blood":0},{"Ice Cream":5,"Anchor":0,"Matryoshka":4,"SacredBark":10,"HandDrill":12,"Frozen Egg 2":8,"Ancient Tea Set":12,"Burning Blood":0},{"Ice Cream":20,"Anchor":0,"Matryoshka":12,"SacredBark":43,"HandDrill":49,"Frozen Egg 2":30,"Ancient Tea Set":49,"Burning Blood":0}],"Burning Blood":76},"card_choices":[{"not_picked":["Twin Strike","True Grit"],"picked":"Iron Wave","floor":1.0},{"not_picked":["Clash","Bloodletting"],"picked":"Armaments","floor":2.0},{"not_picked":["Sword Boomerang","Bloodletting"],"picked":"Carnage","floor":3.0},{"not_picked":["Clash","Havoc"],"picked":"Thunderclap","floor":7.0},{"not_picked":["Body Slam","True Grit"],"picked":"Double Tap","floor":10.0},{"not_picked":["Twin Strike","Evolve","Sword Boomerang"],"picked":"SKIP","floor":11.0},{"not_picked":["Havoc","Rupture"],"picked":"Blood for Blood","floor":12.0},{"not_picked":["Pommel Strike","Warcry"],"picked":"Flame Barrier","floor":13},{"not_picked":["Second Wind","Uppercut"],"picked":"Blood for Blood","floor":14},{"not_picked":["Fiend Fire","Double Tap"],"picked":"Juggernaut+1","floor":16},{"not_picked":["Cleave","Heavy Blade"],"picked":"Iron Wave","floor":18},{"not_picked":["Armaments","Spot Weakness","Battle Trance"],"picked":"SKIP","floor":19},{"not_picked":["Clothesline","Disarm"],"picked":"Cleave","floor":21},{"not_picked":["Havoc","Sword Boomerang+1"],"picked":"Cleave+1","floor":22}],"player_experience":451320,"relics_obtained":[{"floor":9.0,"key":"Matryoshka"},{"floor":10.0,"key":"Ice Cream"},{"floor":13,"key":"Frozen Egg 2"}],"event_choices":[{"damage_healed":0.0,"max_hp_gain":0.0,"max_hp_loss":0.0,"gold_gain":0.0,"event_name":"Wheel of Change","player_choice":"Cursed","floor":4.0,"gold_loss":0.0,"damage_taken":0.0,"cards_obtained":["Decay"]}],"is_beta":false,"boss_relics":[{"not_picked":["Snecko Eye","Tiny House"],"picked":"SacredBark"}],"items_purged_floors":[5],"is_endless":false,"potions_floor_spawned":[2,3,10,12,16,21],"killed_by":"Gremlin Leader","ascension_level":7}}