{"host":"jsd6g3c2vo13e69c","time":1614428051,"event":{"mods":["2.2 Compatiblity","Act Like it!","BaseMod","Better Altar","Better Match","Better Note","Better Sensory Stone","Better Third Choice","BetterRewards","Colored Map","Colored Powertips","Downfall","Friendly Minions","GifTheSpireLib","Googly Eyes","Gremlin Mod","Hermit","Hubris","Infinite Spire","Melee Mod","Minty Spire (QoL Compilation)","Permanent Neow","Quick Restart","Random Character Button","Replay The Spire","Shop Mod","Spire Arcade","StSLib","The Cursed","The Disciple","The Forsaken","thorton"],"gold_per_floor":[349,363,377,377,377,405,405,421,437,437,237,237,237,250,263,365,365,365,375,389,402,402,422,475,495,524,548,460,487,513,545,572,684,696,708,732,759,788,583,597,597,597,629,643,672,672,691,791,809,907,907,907,907,907,907],"floor_reached":53,"language":"ENG","playtime":2173,"items_purged":["hexamod:Defend"],"score":1076,"play_id":"fbbd6a4e-eb40-4556-bf00-051839ba1c30","local_time":"20210227071411","is_ascension_mode":false,"campfire_choices":[{"floor":1,"key":"RECALL"},{"data":"hexamod:GhostOfSpirePast","floor":11,"key":"SMITH"},{"floor":13,"key":"REST"},{"floor":18,"key":"DIG"},{"data":"ReplayTheSpireMod:Book of Names","floor":28,"key":"SMITH"},{"floor":52,"key":"DIG"}],"circlet_count":0,"master_deck":["hexamod:Strike","hexamod:Strike+1","hexamod:Defend","hexamod:Defend","hexamod:Sear","hexamod:Float+1","hexamod:BurningTouch","hexamod:ThirdSeal","hexamod:FirstSeal","hexamod:PowerFromBeyond","hexamod:GhostOfSpirePast+1","hexamod:FastForward","hexamod:RainOfEmbers+1","hubris:InfiniteBlow+25","hexamod:FastForward+1","hexamod:BurningTouch","hexamod:BurningTouch","hexamod:FastForward+1","hexamod:BurningTouch+1","hexamod:SoulSteal+1","hexamod:SoulSteal+1","hexamod:RetreatToShadows+1","hexamod:Again+1","hexamod:Hexaguard+1","hexamod:SoulSteal+1","hexamod:SixthSeal","hexamod:FastForward+1","ReplayTheSpireMod:Book of Names+1","hexamod:BurningTouch+1","hexamod:FourthSeal","hexamod:TimeOfNeed+1","hexamod:Hexaguard+1","hexamod:Hexaguard+1","hexamod:SoulSteal+1","hexamod:RetreatToShadows+1","hexamod:EtherealExpedition+1","hexamod:ApocalypseNow+1"],"relics":["hexamod:SpiritBrand","Unceasing Top","Ice Cream","downfall:HeartBlessingGreen","downfall:HeartBlessingRed","Toxic Egg 2","MawBank","downfall:HeartBlessingBlue","thethorton:BottledFunds","Ancient Tea Set","hexamod:Sixitude","ReplayFunnel","hubris:64BitClover","Shuriken","BranchBurnRelic","Molten Egg 2"],"acts_visited":["Exordium","TheCity","TheBeyond","Exordium"],"potions_floor_usage":[27,31,32],"damage_taken":[{"damage":2,"enemies":"2 Louse","floor":2,"turns":3},{"damage":0,"enemies":"Small Slimes","floor":3,"turns":3},{"damage":34,"enemies":"Replay:BlueRogue","floor":6,"turns":7},{"damage":1,"enemies":"Cultist","floor":8,"turns":3},{"damage":11,"enemies":"Red Slaver","floor":9,"turns":3},{"damage":9,"enemies":"Gremlin Gang","floor":14,"turns":6},{"damage":0,"enemies":"Blue Slaver","floor":15,"turns":2},{"damage":0,"enemies":"SI_SHIV_ARCHETYPE","floor":16,"turns":3},{"damage":0,"enemies":"Chosen","floor":19,"turns":3},{"damage":11,"enemies":"Spheric Guardian","floor":20,"turns":4},{"damage":6,"enemies":"Centurion and Healer","floor":21,"turns":3},{"damage":8,"enemies":"3 Cultists","floor":23,"turns":4},{"damage":17,"enemies":"Sentry and Sphere","floor":25,"turns":4},{"damage":8,"enemies":"Nightmare","floor":26,"turns":4},{"damage":8,"enemies":"Snake Plant","floor":27,"turns":3},{"damage":15,"enemies":"Shelled Parasite and Fungi","floor":29,"turns":4},{"damage":1,"enemies":"Cultist and Chosen","floor":30,"turns":3},{"damage":19,"enemies":"Centurion and Healer","floor":31,"turns":5},{"damage":8,"enemies":"Shelled Parasite and Fungi","floor":32,"turns":4},{"damage":0,"enemies":"IC_MUSHROOM_ARCHETYPE","floor":33,"turns":1},{"damage":0,"enemies":"3 Shapes","floor":36,"turns":3},{"damage":22,"enemies":"3 Darklings","floor":37,"turns":3},{"damage":1,"enemies":"4 Shapes","floor":38,"turns":3},{"damage":0,"enemies":"downfall:FleeingMerchant","floor":39,"turns":1},{"damage":0,"enemies":"Spire Growth","floor":40,"turns":1},{"damage":0,"enemies":"Nightmare","floor":43,"turns":1},{"damage":0,"enemies":"Maw","floor":44,"turns":1},{"damage":19,"enemies":"Reptomancer","floor":45,"turns":5},{"damage":3,"enemies":"Jaw Worm Horde","floor":47,"turns":3},{"damage":0,"enemies":"Writhing Mass","floor":49,"turns":1},{"damage":0,"enemies":"WA_ARCHETYPE_DIVINITY","floor":50,"turns":2},{"damage":3,"enemies":"Small Slimes","floor":53,"turns":1}],"seed_played":"-8775832475782302684","potions_obtained":[{"floor":15,"key":"Toxic Potion"},{"floor":16,"key":"BlessingOfTheForge"},{"floor":21,"key":"Adrenaline Potion"},{"floor":23,"key":"Guardian:BlockOnCardUsePotion"},{"floor":27,"key":"Elixir"},{"floor":30,"key":"AttackPotion"},{"floor":31,"key":"Doom Potion"},{"floor":32,"key":"Milkshake"},{"floor":33,"key":"hexamod:SoulburnPotion"},{"floor":37,"key":"DuplicationPotion"},{"floor":40,"key":"Block Potion"},{"floor":45,"key":"CultistPotion"}],"is_trial":false,"path_per_floor":["R","M","M","?","?","E","T","M","M","?","R","?","R","M","M","B",null,"R_BF","M","M","M","?","M","T","M","NM","M","R","M","M","M","M","B",null,"R_BF","M","M","M","?","M","T","AVR","NM","M","E","?","M","?","M","B",null,"R_BF","M"],"character_chosen":"THE_SPIRIT","items_purchased":["Ancient Tea Set","hexamod:Sixitude"],"campfire_rested":1,"item_purchase_floors":[39,39],"current_hp_per_floor":[49,47,47,47,47,13,13,12,8,8,8,8,29,27,34,34,70,70,70,66,67,67,66,66,56,55,47,57,49,55,43,42,42,80,80,80,58,64,64,64,64,64,64,64,52,52,56,56,56,56,80,80,80,80,80],"gold":907,"neow_bonus":"TWO_FIFTY_GOLD","is_daily":false,"chose_seed":false,"campfire_upgraded":2,"win_rate":0.0,"timestamp":1614428051,"path_taken":["R","M","M","?","?","E","T","M","M","?","R","?","R","?","M","BOSS","R_BF","M","M","M","?","?","T","M","NM","M","R","?","M","M","M","BOSS","R_BF","M","M","M","?","M","T","AVR","NM","M","E","?","?","?","M","BOSS","R_BF","M"],"items_purchased_type":["Relic","Relic"],"build_version":"2020-12-22","purchased_purges":1,"victory":false,"max_hp_per_floor":[70,70,70,70,70,70,70,70,70,70,70,70,70,70,70,70,70,70,70,70,70,70,70,70,70,70,70,80,80,80,80,80,80,80,80,80,80,80,80,80,80,80,80,80,80,80,80,80,80,80,80,80,80,80,80],"card_choices":[{"not_picked":["hexamod:NightmareGuise","hexamod:Again","hexamod:SkipABeat"],"picked":"SKIP","floor":2},{"not_picked":["hexamod:GhostShield","hexamod:FastForward"],"picked":"hexamod:BurningTouch","floor":3},{"not_picked":["hexamod:EtherealExpedition","hexamod:RecurringNightmare"],"picked":"hexamod:ThirdSeal","floor":6},{"not_picked":["hexamod:FastForward","hexamod:Incineration"],"picked":"hexamod:FirstSeal","floor":8},{"not_picked":["hexamod:Toasty","hexamod:Haunt"],"picked":"hexamod:PowerFromBeyond","floor":8},{"not_picked":["hexamod:SpectersWail","hexamod:SwordOfDarkness"],"picked":"hexamod:GhostOfSpirePast","floor":9},{"not_picked":["hexamod:HauntingEcho","hexamod:GhostLash"],"picked":"hexamod:FastForward","floor":9},{"not_picked":["hexamod:GhostShield","hexamod:Again"],"picked":"hexamod:FastForward","floor":14},{"not_picked":["hexamod:NightmareGuise","hexamod:FastForward"],"picked":"hexamod:BurningTouch","floor":14},{"not_picked":["hexamod:SuperheatedStrike","hexamod:HeatMetal"],"picked":"hexamod:BurningTouch","floor":15},{"not_picked":["hexamod:BurningTouch+1","hexamod:ExtraCrispy+1"],"picked":"hexamod:FastForward+1","floor":19},{"not_picked":["hexamod:GhostShield+1","hexamod:PhantomCloak"],"picked":"hexamod:BurningTouch+1","floor":19},{"not_picked":["hexamod:NightmareGuise+1","hexamod:RainOfEmbers"],"picked":"hexamod:SoulSteal+1","floor":20},{"not_picked":["hexamod:SpectersWail","hexamod:AdvancingGuard+1","hexamod:Firestarter+1"],"picked":"SKIP","floor":20},{"not_picked":["hexamod:SuperheatedStrike","hexamod:HeatMetal"],"picked":"hexamod:SoulSteal+1","floor":21},{"not_picked":["hexamod:NightmareStrike","hexamod:Hexaguard+1"],"picked":"hexamod:RetreatToShadows+1","floor":21},{"not_picked":["hexamod:BacktrackSmack","hexamod:GhostOfSpireFuture+1"],"picked":"hexamod:Hexaguard+1","floor":23},{"not_picked":["hexamod:FastForward+1","hexamod:SwordOfDarkness+1"],"picked":"hexamod:SoulSteal+1","floor":23},{"not_picked":["hexamod:FastForward+1","hexamod:BacktrackSmack+1"],"picked":"hexamod:SixthSeal","floor":25},{"not_picked":["hexamod:NightmareStrike","hexamod:SpectersWail"],"picked":"hexamod:FastForward+1","floor":25},{"not_picked":["infinitespire:Collect","infinitespire:FutureSight"],"picked":"ReplayTheSpireMod:Book of Names","floor":26},{"not_picked":["hexamod:ChargedBarrage+1","hexamod:GhostLash","hexamod:HauntingEcho"],"picked":"SKIP","floor":26},{"not_picked":["hexamod:SwordOfDarkness","hexamod:HauntingEcho+1"],"picked":"hexamod:BurningTouch+1","floor":27},{"not_picked":["hexamod:FirstSeal","hexamod:Hexaguard+1"],"picked":"hexamod:FourthSeal","floor":27},{"not_picked":["hexamod:NightmareGuise+1","hexamod:AdvancingGuard+1","hexamod:SuperheatedStrike"],"picked":"SKIP","floor":29},{"not_picked":["hexamod:HeatMetal","hexamod:HeatCrush+1","hexamod:RainOfEmbers"],"picked":"SKIP","floor":29},{"not_picked":["hexamod:SuperheatedStrike+1","hexamod:RadiantFlame+1"],"picked":"hexamod:TimeOfNeed+1","floor":30},{"not_picked":["hexamod:SwordOfDarkness","hexamod:HeatShield+1","hexamod:GhostShield+1"],"picked":"SKIP","floor":30},{"not_picked":["hexamod:RecurringNightmare+1","hexamod:HeatShield+1","hexamod:SpectersWail+1"],"picked":"SKIP","floor":31},{"not_picked":["hexamod:FirstSeal","hexamod:SpectersWail","hexamod:SuperheatedStrike"],"picked":"SKIP","floor":31},{"not_picked":["hexamod:Firestarter","hexamod:FlamesFromBeyond+1"],"picked":"hexamod:Hexaguard+1","floor":32},{"not_picked":["hexamod:NightmareGuise+1","hexamod:FastForward+1","hexamod:PhantomCloak"],"picked":"SKIP","floor":32},{"not_picked":["hexamod:HeatMetal","hexamod:HauntingEcho"],"picked":"hexamod:Hexaguard+1","floor":36},{"not_picked":["hexamod:SwordOfDarkness","hexamod:Haunt+1","hexamod:BurningTouch+1"],"picked":"SKIP","floor":37},{"not_picked":["hexamod:ApocalypticArmor","hexamod:ThirdSeal","hexamod:GhostLash+1"],"picked":"SKIP","floor":37},{"not_picked":["hexamod:GhostflameBarrier+1","hexamod:BurningTouch+1","hexamod:SpectersWail"],"picked":"SKIP","floor":38},{"not_picked":["hexamod:Firestarter+1","hexamod:HeatCrush+1","hexamod:NightmareStrike+1"],"picked":"SKIP","floor":39},{"not_picked":["hexamod:SpectralSpark+1","hexamod:BacktrackSmack+1","hexamod:ApocalypticArmor"],"picked":"SKIP","floor":40},{"not_picked":["hexamod:HeatMetal","hexamod:SwordOfDarkness+1"],"picked":"hexamod:SoulSteal+1","floor":43},{"not_picked":["hexamod:SpectersWail+1","hexamod:SecondSeal","hexamod:StepThrough"],"picked":"SKIP","floor":44},{"not_picked":["hexamod:CatchUp+1","hexamod:ThermalTransfer"],"picked":"hexamod:RetreatToShadows+1","floor":45},{"not_picked":["hexamod:SwordOfDarkness+1","hexamod:InspiringFlames+1","hexamod:SoulSteal+1"],"picked":"SKIP","floor":45},{"not_picked":["hexamod:FlamesFromBeyond+1","hexamod:GhostShield+1"],"picked":"hexamod:EtherealExpedition+1","floor":47},{"not_picked":["hexamod:SuperheatedStrike+1","hexamod:SpectersWail","hexamod:BurningTouch+1"],"picked":"SKIP","floor":49},{"not_picked":["hexamod:FlameSwitch+1","hexamod:ParanormalForm"],"picked":"hexamod:ApocalypseNow+1","floor":50}],"player_experience":526989,"relics_obtained":[{"floor":6,"key":"Unceasing Top"},{"floor":7,"key":"Ice Cream"},{"floor":18,"key":"Toxic Egg 2"},{"floor":26,"key":"MawBank"},{"floor":41,"key":"ReplayFunnel"},{"floor":43,"key":"hubris:64BitClover"},{"floor":45,"key":"Shuriken"},{"floor":52,"key":"Molten Egg 2"}],"event_choices":[{"damage_healed":0,"gold_gain":0,"player_choice":"Take","damage_taken":0,"max_hp_gain":0,"max_hp_loss":0,"event_name":"betterNote:BetterNote","floor":12,"gold_loss":0,"cards_obtained":["hubris:InfiniteBlow"]}],"is_beta":false,"boss_relics":[{"not_picked":["Painkiller Herb","Replay:Grab Bag","Busted Crown"]},{"not_picked":["ReplayTheSpireMod:DimensionalGlitch","hubris:BlackHole"],"picked":"thethorton:BottledFunds"},{"not_picked":["Ring of Chaos","Replay:Wanted Poster","Snecko Eye"]}],"items_purged_floors":[39],"is_endless":true,"potions_floor_spawned":[15,16,21,23,27,30,31,33,37,40,47,49,50],"killed_by":"Small Slimes","ascension_level":0}}