{"host":"7ze6pyzjtbjfmztn","time":1614451464,"event":{"mods":["Act Like it!","BaseMod","CapriCore","Colored Map","Colored Powertips","Conspire","Downfall","Energized Spire","Gensokyo","GifTheSpireLib","Halation","Highlight Path","Hubris","Infinite Spire","Minty Spire (QoL Compilation)","Replay The Spire","Spire Arcade","StSLib"],"gold_per_floor":[110,126,126,51,51,81,81,81,81,101,101,20,30,46,46,102,102,117,9,23,23,23,23,23,40,40,253,269,269,269,269,269,269,269],"floor_reached":33,"language":"ENG","playtime":1204,"items_purged":["Defend_B"],"score":270,"play_id":"5f8e2687-8c08-4247-88ff-cf15a7566739","local_time":"20210227184424","is_ascension_mode":false,"campfire_choices":[{"data":"Genetic Algorithm","floor":7,"key":"SMITH"},{"floor":11,"key":"REST"},{"floor":15,"key":"REST"},{"data":"Echo Form","floor":23,"key":"SMITH"},{"data":"Gensokyo:FourOfAKind","floor":30,"key":"SMITH"},{"floor":32,"key":"REST"}],"circlet_count":0,"master_deck":["Strike_B","Strike_B","Strike_B","Defend_B","Defend_B","Defend_B","Zap","Dualcast","ReplayRNGCard","Coolheaded","Gensokyo:CrescentMoonSlash","Pain","Genetic Algorithm+1","White Noise","Gash","Cold Snap","Echo Form+1","AbeCurse","Gensokyo:FourOfAKind+1","Gensokyo:FourOfAKind","Gensokyo:FourOfAKind","Gensokyo:FourOfAKind","Glacier","Gash+1"],"relics":["Cracked Core","Gensokyo:LunaticRedEyes","Tiny Chest","hubris:Icosahedron","Onion Ring","Abe\u0027s Treasure","conspire:InfiniteJournal","Mango","Cables","halation:EternalFortune","hubris:FunFungus"],"acts_visited":["Exordium","Gensokyo:Gensokyo"],"potions_floor_usage":[16,16,33],"damage_taken":[{"damage":9,"enemies":"Gensokyo:3_Fairies","floor":1,"turns":4},{"damage":0,"enemies":"Gensokyo:Python","floor":2,"turns":5},{"damage":17,"enemies":"Gensokyo:Mamizou","floor":6,"turns":7},{"damage":8,"enemies":"Gensokyo:Gryphon","floor":10,"turns":3},{"damage":4,"enemies":"Gensokyo:Kitsune","floor":13,"turns":3},{"damage":17,"enemies":"Gensokyo:CorruptedTreant","floor":14,"turns":5},{"damage":40,"enemies":"Gensokyo:Reimu","floor":16,"turns":14},{"damage":12,"enemies":"Gensokyo:AngelMirror","floor":18,"turns":4},{"damage":19,"enemies":"Gensokyo:2_Gloops","floor":20,"turns":5},{"damage":27,"enemies":"Gensokyo:Wraith","floor":25,"turns":6},{"damage":21,"enemies":"Gensokyo:Chomper_and_Gloop","floor":27,"turns":7},{"damage":35,"enemies":"Gensokyo:Mirror_and_Dog","floor":28,"turns":4},{"damage":74,"enemies":"Gensokyo:Eternal_Rivals","floor":33,"turns":10}],"seed_played":"3512790018846190571","potions_obtained":[{"floor":6,"key":"FocusPotion"},{"floor":10,"key":"Adrenaline Potion"},{"floor":16,"key":"GamblersBrew"},{"floor":27,"key":"sneckomod:MuddlingPotion"},{"floor":28,"key":"ColorlessPotion"}],"is_trial":false,"path_per_floor":["M","M","?","$","?","E","R","?","T","M","R","COS","M","M","R","B",null,"M","COS","M","$","?","R","T","M","T","M","M","?","R","?","R_BF","B"],"character_chosen":"DEFECT","items_purchased":[],"campfire_rested":3,"item_purchase_floors":[],"current_hp_per_floor":[66,66,55,55,55,38,38,38,38,30,52,52,48,31,53,13,75,63,63,44,44,44,44,58,31,31,10,32,32,32,35,56,0,0],"gold":269,"neow_bonus":"TRANSFORM_CARD","is_daily":false,"chose_seed":false,"campfire_upgraded":3,"win_rate":0.0,"timestamp":1614451464,"path_taken":["M","M","?","$","?","E","R","?","T","?","R","COS","M","M","R","BOSS","M","COS","M","$","?","R","?","M","T","M","?","?","R","?","R_BF","BOSS"],"items_purchased_type":[],"build_version":"2020-12-22","purchased_purges":1,"victory":false,"max_hp_per_floor":[75,75,75,75,75,75,75,75,75,75,75,75,75,75,75,75,75,75,75,75,75,53,53,67,67,67,67,67,67,67,70,70,70,70],"card_choices":[{"not_picked":["Conserve Battery","Turbo"],"picked":"Coolheaded","floor":1},{"not_picked":["BasicCrystalCard","Stack","Ball Lightning"],"picked":"SKIP","floor":2},{"not_picked":["Stack","Go for the Eyes"],"picked":"Genetic Algorithm","floor":6},{"not_picked":["Seek","Gash"],"picked":"White Noise","floor":10},{"not_picked":["Crystallizer","BasicCrystalCard"],"picked":"Gash","floor":13},{"not_picked":["Turbo","ReplayTheSpireMod:Dual Polarity"],"picked":"Cold Snap","floor":14},{"not_picked":["hubris:Prefetch","ReplayTheSpireMod:Fabricate Wheel"],"picked":"Echo Form","floor":16},{"not_picked":["Hologram","Sweeping Beam","Recycle+1"],"picked":"SKIP","floor":18},{"not_picked":["Leap+1","Blizzard","Heatsinks"],"picked":"SKIP","floor":20},{"not_picked":["Ball Lightning","Melter"],"picked":"Glacier","floor":25},{"not_picked":["Sweeping Beam+1","Hologram","Capacitor"],"picked":"SKIP","floor":27},{"not_picked":["Static Discharge","Streamline"],"picked":"Gash+1","floor":28}],"player_experience":337622,"relics_obtained":[{"floor":6,"key":"Tiny Chest"},{"floor":9,"key":"Onion Ring"},{"floor":24,"key":"Mango"},{"floor":26,"key":"Cables"}],"event_choices":[],"is_beta":false,"boss_relics":[{"not_picked":["Painkiller Herb","SacredBark"],"picked":"Abe\u0027s Treasure"}],"items_purged_floors":[4],"is_endless":false,"potions_floor_spawned":[6,10,16,27,28],"killed_by":"Gensokyo:Eternal_Rivals","ascension_level":0}}