{"host":"we8ay8el3o9pwc2d","time":1614454257,"event":{"mods":["Act Like it!","Aspiration","BaseMod","BetterRewards","Colored Map","Conspire","Downfall","Elementarium","GungeonMod","Minty Spire (QoL Compilation)","Reliquary","Robot Space Explorer","Ruina","Spire Arcade","StSLib","The Marked","Waifu the Spire"],"gold_per_floor":[99,99,99,99,99,199,199,27,41,41,41,55,55,40,60,156,156,56,75,75,75,91,103,126,159,144,44,79,79,89,116,131,228,228,128,147,165,185,173,173,173,173,188,212,212,226,226,74,93,93,93,119,71,71,71,71,71,71],"floor_reached":56,"language":"ENG","playtime":5586,"items_purged":[],"score":743,"play_id":"1ea20f38-4715-4c0a-a41d-9aef4deaf27a","local_time":"20210227123057","is_ascension_mode":false,"campfire_choices":[{"floor":1,"key":"RECALL"},{"data":"Guardian:DecasProtection","floor":10,"key":"SMITH"},{"data":"Guardian:WalkerClaw","floor":13,"key":"SMITH"},{"data":"Guardian:BaubleBeam","floor":18,"key":"SMITH"},{"floor":27,"key":"REST"},{"data":"Guardian:DonusPower","floor":29,"key":"SMITH"},{"data":"Glass Knife","floor":35,"key":"SMITH"},{"floor":47,"key":"REST"},{"floor":54,"key":"REST"}],"circlet_count":0,"master_deck":["Guardian:Strike_Guardian","Guardian:Defend_Guardian","Guardian:Defend_Guardian","Guardian:Defend_Guardian","Guardian:CurlUp","Guardian:TwinSlam+1","Guardian:WalkerClaw+1","Guardian:DecasProtection+1","Guardian:Preprogram","Guardian:BaubleBeam+1","Guardian:BronzeArmor+1","Glass Knife+1","Calculated Gamble","Masterful Stab+1","Guardian:PiercingHide+1","Guardian:PrimingBeam+1","Guardian:DonusPower+1"],"relics":["Guardian:ModeShifter","downfall:HeartsMalice","Guardian:StasisCodex","Lee\u0027s Waffle","Philosopher\u0027s Stone","downfall:HeartBlessingRed","Whetstone","HornCleat","downfall:HeartBlessingBlue","reliquary:Sideboard","Orichalcum","aspiration:FutureDiary","downfall:HeartBlessingGreen","Calipers","Eternal Feather","reliquary:SharkskinSheath","reliquary:RoseTintedGlasses","reliquary:PartyBalloon","bronze:BronzeIdol","Pen Nib"],"acts_visited":["Exordium","Elementarium:Elementarium","TheBeyond","TheEnding"],"potions_floor_usage":[15,19,22,26,31,31,33,38,50,50,50],"damage_taken":[{"damage":0,"enemies":"Jaw Worm","floor":2,"turns":1},{"damage":0,"enemies":"Small Slimes","floor":4,"turns":1},{"damage":0,"enemies":"downfall:FleeingMerchant","floor":5,"turns":1},{"damage":2,"enemies":"downfall:FleeingMerchant","floor":8,"turns":4},{"damage":3,"enemies":"Cultist","floor":9,"turns":4},{"damage":15,"enemies":"Large Slime","floor":12,"turns":5},{"damage":0,"enemies":"downfall:FleeingMerchant","floor":14,"turns":4},{"damage":7,"enemies":"2 Fungi Beasts","floor":15,"turns":3},{"damage":26,"enemies":"DF_ARCHETYPE_STREAMLINE","floor":16,"turns":9},{"damage":0,"enemies":"Elementarium:VoidCorruption","floor":19,"turns":3},{"damage":2,"enemies":"Elementarium:Cyclone","floor":22,"turns":3},{"damage":2,"enemies":"Elementarium:VoidBeast","floor":23,"turns":4},{"damage":18,"enemies":"Elementarium:ElementalPortal","floor":25,"turns":5},{"damage":0,"enemies":"downfall:FleeingMerchant","floor":26,"turns":4},{"damage":17,"enemies":"Elementarium:WarGolem","floor":28,"turns":3},{"damage":1,"enemies":"Elementarium:CYCLONE_AND_LIVING_STORMCLOUD","floor":30,"turns":4},{"damage":27,"enemies":"Elementarium:ElementalPortal","floor":31,"turns":7},{"damage":11,"enemies":"Elementarium:RubyGolem","floor":32,"turns":2},{"damage":13,"enemies":"SI_MIRROR_ARCHETYPE","floor":33,"turns":7},{"damage":14,"enemies":"3 Shapes","floor":36,"turns":4},{"damage":4,"enemies":"3 Darklings","floor":37,"turns":4},{"damage":10,"enemies":"Writhing Mass","floor":38,"turns":4},{"damage":5,"enemies":"downfall:FleeingMerchant","floor":39,"turns":3},{"damage":4,"enemies":"Transient","floor":43,"turns":5},{"damage":14,"enemies":"Sphere and 2 Shapes","floor":46,"turns":4},{"damage":12,"enemies":"Spire Growth","floor":49,"turns":4},{"damage":53,"enemies":"IC_BLOCK_ARCHETYPE","floor":50,"turns":8},{"damage":49,"enemies":"downfall:CharBossMerchant","floor":52,"turns":8},{"damage":90,"enemies":"downfall:NeowBoss","floor":55,"turns":21},{"damage":8,"enemies":"downfall:NeowBossFinal","floor":56,"turns":3}],"seed_played":"-5975557508021112128","potions_obtained":[{"floor":9,"key":"Swift Potion"},{"floor":12,"key":"Fire Potion"},{"floor":15,"key":"Guardian:BlockOnCardUsePotion"},{"floor":16,"key":"Fire Potion"},{"floor":19,"key":"Guardian:AcceleratePotion"},{"floor":22,"key":"GamblersBrew"},{"floor":28,"key":"SkillPotion"},{"floor":33,"key":"DuplicationPotion"},{"floor":36,"key":"SpeedPotion"},{"floor":38,"key":"CultistPotion"},{"floor":46,"key":"Regen Potion"}],"is_trial":false,"path_per_floor":["R","M","?","M","$","?","T","$","M","R","T","M","R","$","M","B",null,"R","M","?","?","M","M","T","E","$","R","E","R","M","E","M","B",null,"R","M","M","M","$","?","T","?","M","T","T","M","R","$","M","B",null,"E","$","R","B","B"],"character_chosen":"GUARDIAN","items_purchased":["Lee\u0027s Waffle","Calipers","Guardian:Gem_Lightblue","bronze:BronzeIdol","Guardian:Gem_Cyan"],"campfire_rested":3,"item_purchase_floors":[8,39,39,48,53],"current_hp_per_floor":[80,80,80,80,80,80,80,87,84,84,84,69,69,69,62,36,87,87,87,95,95,93,91,91,73,73,105,88,88,87,60,49,36,105,105,91,87,77,72,72,72,72,68,68,68,54,94,94,82,44,105,56,56,96,6,0,0,0],"gold":71,"neow_bonus":"THREE_ENEMY_KILL","is_daily":false,"chose_seed":false,"campfire_upgraded":5,"win_rate":0.0,"timestamp":1614454257,"path_taken":["R","M","?","M","$","?","T","?","?","R","?","M","R","$","M","BOSS","R","M","?","?","?","M","T","E","$","R","E","R","M","E","M","BOSS","R","M","M","M","$","?","T","?","?","?","?","?","R","$","M","BOSS","E","$","R","BOSS","BOSS"],"items_purchased_type":["Relic","Relic","Card","Relic","Card"],"build_version":"2020-12-22","purchased_purges":0,"victory":false,"max_hp_per_floor":[80,80,80,80,80,80,80,87,87,87,87,87,87,87,87,87,87,87,87,95,95,95,95,95,95,95,105,105,105,105,105,105,105,105,105,105,105,105,105,105,105,105,105,105,105,105,105,105,105,105,105,105,105,105,105,105,105,105],"card_choices":[{"not_picked":["Guardian:Incinerate","Guardian:Gem_Cyan"],"picked":"Guardian:WalkerClaw","floor":2},{"not_picked":["Guardian:Gem_Blue","Guardian:VentSteam"],"picked":"Guardian:DecasProtection","floor":4},{"not_picked":["Guardian:TemporalStrike","Guardian:RollAttack"],"picked":"Guardian:Gem_Red","floor":5},{"not_picked":["Guardian:VentSteam","Guardian:Planning"],"picked":"Guardian:Gem_Red","floor":8},{"not_picked":["Guardian:ArmoredProtocol","Guardian:Emergency"],"picked":"Guardian:Preprogram","floor":9},{"not_picked":["Guardian:WalkerClaw","Guardian:RollAttack"],"picked":"Guardian:Gem_Purple","floor":12},{"not_picked":["Guardian:TimeCapacitor","Guardian:Clone"],"picked":"Guardian:BaubleBeam","floor":14},{"not_picked":["Guardian:CrystalBeam","Guardian:PrismaticBarrier","Guardian:GuardianWhirl"],"picked":"SKIP","floor":15},{"not_picked":["Guardian:AncientConstruct","Guardian:ExploitGems"],"picked":"Guardian:Gem_Orange","floor":16},{"not_picked":["Guardian:CrystalBeam","Guardian:Repulse+1"],"picked":"Guardian:BronzeArmor+1","floor":19},{"not_picked":["Guardian:RollAttack","Guardian:Clone"],"picked":"Guardian:PiercingHide","floor":22},{"not_picked":["Guardian:TemporalShield+1","Guardian:SpikerProtocol"],"picked":"Guardian:Gem_Yellow","floor":23},{"not_picked":["Guardian:Suspension+1","Guardian:Planning"],"picked":"Guardian:PrimingBeam+1","floor":25},{"not_picked":["Guardian:Suspension","Guardian:WalkerClaw+1"],"picked":"Guardian:DonusPower","floor":26},{"not_picked":["Guardian:TemporalShield","Guardian:GuardianWhirl+1"],"picked":"Guardian:BronzeOrb+1","floor":28},{"not_picked":["Guardian:PrimingBeam","Guardian:CrystalBeam"],"picked":"Guardian:MultiBeam","floor":30},{"not_picked":["Guardian:RefractedBeam","Guardian:TemporalStrike"],"picked":"Guardian:FuturePlans","floor":31},{"not_picked":["Guardian:Gem_Lightblue","Guardian:Preprogram"],"picked":"Guardian:Recover+1","floor":32},{"not_picked":["Guardian:HyperBeam_Guardian","Guardian:FastForward"],"picked":"Guardian:Gem_Orange","floor":33},{"not_picked":["Guardian:Gem_Green","Guardian:WalkerClaw"],"picked":"Guardian:Reroute+1","floor":36},{"not_picked":["Guardian:Gem_Crimson","Guardian:Recover"],"picked":"Guardian:ConstructionForm","floor":37},{"not_picked":["Guardian:Recover","Guardian:ChargeCore"],"picked":"Guardian:Gem_White","floor":38},{"not_picked":["Guardian:Reroute","Guardian:ShieldCharger"],"picked":"Guardian:BronzeOrb+1","floor":39},{"not_picked":["Guardian:PrimingBeam","Guardian:VentSteam+1"],"picked":"Guardian:Gem_Green","floor":43},{"not_picked":["Guardian:Recover","Guardian:Orbwalk"],"picked":"Guardian:Gem_Red","floor":46},{"not_picked":["Guardian:PolyBeam","Guardian:BronzeArmor+1"],"picked":"Guardian:TemporalStrike+1","floor":49},{"not_picked":["Guardian:PrismaticBarrier","Guardian:CrystalBeam"],"picked":"Guardian:StasisEngine","floor":52}],"player_experience":2193871,"relics_obtained":[{"floor":7,"key":"Guardian:StasisCodex"},{"floor":24,"key":"Whetstone"},{"floor":25,"key":"HornCleat"},{"floor":28,"key":"reliquary:Sideboard"},{"floor":31,"key":"Orichalcum"},{"floor":40,"key":"Eternal Feather"},{"floor":41,"key":"reliquary:SharkskinSheath"},{"floor":44,"key":"DemoMod:WeirdEgg"},{"floor":45,"key":"reliquary:PartyBalloon"},{"floor":52,"key":"Pen Nib"}],"event_choices":[{"damage_healed":0,"gold_gain":0,"player_choice":"Graft","damage_taken":0,"max_hp_gain":8,"max_hp_loss":0,"event_name":"Elementarium:SculptureGarden","floor":20,"gold_loss":0}],"is_beta":false,"boss_relics":[{"not_picked":["aspiration:SecretTechniqueScroll","Runic Pyramid"],"picked":"Philosopher\u0027s Stone"},{"not_picked":["SacredBark","Runic Dome"],"picked":"aspiration:FutureDiary"}],"items_purged_floors":[],"is_endless":false,"potions_floor_spawned":[9,12,15,16,19,22,28,33,36,38,46],"killed_by":"downfall:NeowBossFinal","ascension_level":0}}