{"host":"mvhzznpw3ffw85pv","time":1614424768,"event":{"mods":["AchievementEnabler","BaseMod","Bestiary","Block Reminder","Colored Map","Highlight Path","Minty Spire (QoL Compilation)","Relic Stats"],"gold_per_floor":[129,129,162,42,99,99,144,156,168,180,192,1,16,76,76,76,76],"floor_reached":16,"language":"ENG","playtime":788,"items_purged":["Strike_P","Strike_P"],"score":184,"play_id":"d4b3d682-747f-47a4-929f-c89f96217bb9","local_time":"20210227061928","is_ascension_mode":true,"campfire_choices":[{"data":"Eruption","floor":6,"key":"SMITH"},{"data":"HandOfGreed","floor":8,"key":"SMITH"},{"data":"Vigilance","floor":11,"key":"SMITH"},{"data":"EmptyFist","floor":15,"key":"SMITH"}],"circlet_count":0,"master_deck":["AscendersBane","Strike_P","Strike_P","Defend_P","Defend_P","Defend_P","Defend_P","Eruption+1","Vigilance+1","HandOfGreed+1","EmptyFist+1","EmptyFist"],"relics":["PureWater","MawBank","HornCleat","Golden Idol","Membership Card","GoldenEye"],"acts_visited":["Exordium"],"potions_floor_usage":[7],"damage_taken":[{"damage":0,"enemies":"Jaw Worm","floor":1,"turns":2},{"damage":1,"enemies":"Cultist","floor":3,"turns":4},{"damage":11,"enemies":"2 Louse","floor":5,"turns":5},{"damage":20,"enemies":"Lagavulin","floor":7,"turns":6},{"damage":0,"enemies":"Red Slaver","floor":13,"turns":3},{"damage":2,"enemies":"Gremlin Nob","floor":14,"turns":3},{"damage":32,"enemies":"Slime Boss","floor":16,"turns":7}],"seed_played":"3372726279550957322","potions_obtained":[{"floor":5,"key":"DistilledChaos"}],"is_trial":false,"path_per_floor":["M","?","M","$","M","R","E","R","T","?","R","$","M","E","R","B"],"character_chosen":"WATCHER","items_purchased":["EmptyFist","Membership Card"],"campfire_rested":0,"item_purchase_floors":[4,12],"current_hp_per_floor":[61,61,60,60,49,49,29,29,29,29,29,29,29,27,27,0,0],"gold":76,"neow_bonus":"RANDOM_COLORLESS_2","is_daily":false,"chose_seed":false,"campfire_upgraded":4,"win_rate":0.0,"timestamp":1614424768,"path_taken":["M","?","?","$","M","R","E","R","T","?","R","$","M","E","R","BOSS"],"items_purchased_type":["Card","Relic"],"build_version":"2020-12-22","purchased_purges":2,"victory":false,"max_hp_per_floor":[62,62,62,62,62,62,62,62,62,58,58,58,58,58,58,58,58],"relic_stats":{"counters":[7,30],"Golden Idol":10,"MawBank":60,"GoldenEye":[0],"obtain_stats":[{"HornCleat":9,"Golden Idol":10,"Membership Card":12,"PureWater":0,"MawBank":7,"GoldenEye":14},{"HornCleat":4,"Golden Idol":4,"Membership Card":4,"PureWater":0,"MawBank":4,"GoldenEye":6},{"HornCleat":17,"Golden Idol":17,"Membership Card":17,"PureWater":0,"MawBank":17,"GoldenEye":23}]},"card_choices":[{"not_picked":["Secret Technique","Metamorphosis"],"picked":"HandOfGreed","floor":0},{"not_picked":["Consecrate","Perseverance"],"picked":"EmptyFist","floor":1},{"not_picked":["ThirdEye","BowlingBash","Indignation"],"picked":"SKIP","floor":3},{"not_picked":["Crescendo","DevaForm","FlurryOfBlows"],"picked":"SKIP","floor":5},{"not_picked":["WreathOfFlame","PathToVictory","EmptyFist"],"picked":"SKIP","floor":7},{"not_picked":["Crescendo","JustLucky","Fasting2"],"picked":"SKIP","floor":13},{"not_picked":["BowlingBash","WaveOfTheHand","Consecrate"],"picked":"SKIP","floor":14}],"player_experience":695382,"relics_obtained":[{"floor":7,"key":"MawBank"},{"floor":9,"key":"HornCleat"},{"floor":14,"key":"GoldenEye"}],"event_choices":[{"damage_healed":0,"gold_gain":0,"player_choice":"0 cards matched","damage_taken":0,"max_hp_gain":0,"max_hp_loss":0,"event_name":"Match and Keep!","floor":2,"gold_loss":0,"cards_obtained":[]},{"damage_healed":0,"gold_gain":0,"player_choice":"Lose Max HP","damage_taken":0,"relics_obtained":["Golden Idol"],"max_hp_gain":0,"max_hp_loss":4,"event_name":"Golden Idol","floor":10,"gold_loss":0}],"is_beta":false,"boss_relics":[],"items_purged_floors":[4,12],"is_endless":false,"potions_floor_spawned":[5],"killed_by":"Slime Boss","ascension_level":14}}