{"host":"2ty4h143nj8vwezc","time":1614452526,"event":{"mods":["BaseMod","Colored Map","Googly Eyes","Highlight Path","Minty Spire (QoL Compilation)","Quick Restart","StSLib"],"gold_per_floor":[116,116,266,227,240,240,269,269,320,320,339,339,339,351,351,423,423,440,440,123,123,123,123,158,178,227,249,261,308,320,320],"floor_reached":30,"language":"ENG","playtime":892,"items_purged":["Strike_B"],"score":581,"play_id":"4b976a6a-bc3b-4519-a5a2-162479325ffa","local_time":"20210227140206","is_ascension_mode":true,"campfire_choices":[{"data":"Defragment","floor":6.0,"key":"SMITH"},{"floor":10.0,"key":"REST"},{"floor":13.0,"key":"REST"},{"data":"Loop","floor":15.0,"key":"SMITH"},{"data":"Buffer","floor":23.0,"key":"SMITH"},{"floor":28.0,"key":"REST"}],"circlet_count":0,"master_deck":["AscendersBane","Strike_B","Strike_B","Strike_B","Defend_B","Defend_B","Defend_B","Defend_B","Zap","Dualcast","Electrodynamics+1","Genetic Algorithm","Doubt","Defragment+1","Core Surge","Loop+1","Melter","Buffer+1","Biased Cognition","RitualDagger","BootSequence","Steam","Steam","Self Repair"],"relics":["Cracked Core","Pantograph","Bag of Preparation","CaptainsWheel","SlaversCollar","Runic Capacitor","Sundial","Pocketwatch","MawBank","Shovel"],"acts_visited":["Exordium","TheCity"],"potions_floor_usage":[30,30],"damage_taken":[{"damage":4.0,"enemies":"Small Slimes","floor":1.0,"turns":3.0},{"damage":1.0,"enemies":"2 Louse","floor":5.0,"turns":3.0},{"damage":42.0,"enemies":"Lagavulin","floor":7.0,"turns":6.0},{"damage":9.0,"enemies":"Jaw Worm","floor":11.0,"turns":4.0},{"damage":7.0,"enemies":"Exordium Thugs","floor":14.0,"turns":3.0},{"damage":0.0,"enemies":"Slime Boss","floor":16.0,"turns":6.0},{"damage":2.0,"enemies":"Chosen","floor":18.0,"turns":5.0},{"damage":21.0,"enemies":"Slavers","floor":24.0,"turns":4.0},{"damage":11.0,"enemies":"2 Thieves","floor":25.0,"turns":3.0},{"damage":0.0,"enemies":"Chosen and Byrds","floor":27.0,"turns":4.0},{"damage":35.0,"enemies":"Book of Stabbing","floor":29.0,"turns":6.0},{"damage":22,"enemies":"Snake Plant","floor":30,"turns":2}],"seed_played":"-2775019251427532278","potions_obtained":[{"floor":7.0,"key":"Ancient Potion"},{"floor":18.0,"key":"Dexterity Potion"},{"floor":29.0,"key":"Energy Potion"}],"is_trial":false,"path_per_floor":["M","?","?","?","M","R","E","?","T","R","M","T","R","M","R","B",null,"M","?","$","?","T","R","E","M","T","M","R","E","M"],"character_chosen":"DEFECT","items_purchased":["Biased Cognition","Runic Capacitor"],"campfire_rested":3,"item_purchase_floors":[20,20],"current_hp_per_floor":[60,60,60,60,59,59,17,17,17,38,29,29,50,43,43,68,70,68,68,68,62,62,62,41,30,30,30,51,16,0,0],"gold":320,"neow_bonus":"ONE_RANDOM_RARE_CARD","is_daily":false,"chose_seed":false,"campfire_upgraded":3,"win_rate":0.0,"timestamp":1614452526,"path_taken":["M","?","?","?","M","R","E","?","T","R","M","?","R","M","R","BOSS","M","?","$","?","?","R","E","M","T","M","R","E","?"],"items_purchased_type":["Card","Relic"],"build_version":"2020-12-22","purchased_purges":1,"victory":false,"max_hp_per_floor":[71,71,71,71,71,71,71,71,71,71,71,71,71,71,71,71,71,71,71,71,71,71,71,71,71,71,71,71,71,71,71],"card_choices":[{"not_picked":["Hologram","Melter"],"picked":"Genetic Algorithm","floor":1.0},{"not_picked":["Compile Driver","Ball Lightning"],"picked":"Defragment","floor":5.0},{"not_picked":["Redo","Rip and Tear"],"picked":"Core Surge","floor":7.0},{"not_picked":["Beam Cell","Cold Snap"],"picked":"Loop","floor":11.0},{"not_picked":["Conserve Battery","Reprogram"],"picked":"Melter","floor":14.0},{"not_picked":["Rainbow","Thunder Strike"],"picked":"Buffer","floor":16.0},{"not_picked":["Beam Cell","Melter","Coolheaded"],"picked":"SKIP","floor":18.0},{"not_picked":["Turbo","Compile Driver"],"picked":"BootSequence","floor":24.0},{"not_picked":["Turbo+1","Cold Snap"],"picked":"Steam","floor":25.0},{"not_picked":["Reprogram","Beam Cell"],"picked":"Steam","floor":27.0},{"not_picked":["Darkness","Streamline"],"picked":"Self Repair","floor":29.0}],"player_experience":490707,"relics_obtained":[{"floor":7.0,"key":"Pantograph"},{"floor":9.0,"key":"Bag of Preparation"},{"floor":12.0,"key":"CaptainsWheel"},{"floor":22.0,"key":"Sundial"},{"floor":24.0,"key":"Pocketwatch"},{"floor":26.0,"key":"MawBank"},{"floor":29.0,"key":"Shovel"}],"event_choices":[{"damage_healed":0.0,"max_hp_gain":0.0,"max_hp_loss":0.0,"gold_gain":0.0,"event_name":"Living Wall","player_choice":"Grow","floor":2.0,"gold_loss":0.0,"damage_taken":0.0,"cards_upgraded":["Electrodynamics"]},{"damage_healed":0.0,"max_hp_gain":0.0,"max_hp_loss":0.0,"gold_gain":150.0,"event_name":"Liars Game","player_choice":"AGREE","floor":3.0,"gold_loss":0.0,"damage_taken":0.0,"cards_obtained":["Doubt"]},{"damage_healed":0.0,"max_hp_gain":0.0,"max_hp_loss":0.0,"gold_gain":0.0,"event_name":"World of Goop","player_choice":"Left Gold","floor":4.0,"gold_loss":39.0,"damage_taken":0.0},{"damage_healed":0.0,"max_hp_gain":0.0,"max_hp_loss":0.0,"gold_gain":0.0,"event_name":"Shining Light","player_choice":"Ignored","floor":8.0,"gold_loss":0.0,"damage_taken":0.0},{"damage_healed":0.0,"max_hp_gain":0.0,"max_hp_loss":0.0,"gold_gain":0.0,"event_name":"Beggar","player_choice":"Ignored","floor":19.0,"gold_loss":0.0,"damage_taken":0.0},{"damage_healed":0.0,"max_hp_gain":0.0,"max_hp_loss":0.0,"gold_gain":0.0,"event_name":"Nest","player_choice":"Joined the Cult","floor":21.0,"gold_loss":0.0,"damage_taken":6.0,"cards_obtained":["RitualDagger"]}],"is_beta":false,"boss_relics":[{"not_picked":["Coffee Dripper","Calling Bell"],"picked":"SlaversCollar"}],"items_purged_floors":[20],"is_endless":false,"potions_floor_spawned":[7,18,29],"killed_by":"Snake Plant","ascension_level":17}}