{"host":"zxd2l8an9de7z7b9","time":1614404055,"event":{"mods":["100% Spire Juice","2.2 Compatiblity","AchievementEnabler","BaseMod","CapriCore","Colored Map","Colored Powertips","Marisa£¨Ùöéë¡¡Øª×âÞÞ£©","Minty Spire (QoL Compilation)","Rare Cards Sparkle","StSLib","SuperFastMode","Td1madao Mod","everything is the same but u backflip on backflip"],"gold_per_floor":[109,128,78,3,3,3,18,18,72,72,89,89,89,120,120,220,220,231,258,308,135,135,135],"floor_reached":22,"language":"KOR","playtime":543,"items_purged":["Defend_B","Zap"],"score":180,"play_id":"abc14493-eb3c-43a1-82a7-c7a51b238492","local_time":"20210227143415","is_ascension_mode":false,"campfire_choices":[{"data":"Turbo","floor":6.0,"key":"SMITH"},{"data":"Dualcast","floor":8.0,"key":"SMITH"},{"floor":13.0,"key":"REST"},{"data":"Reboot","floor":15.0,"key":"SMITH"}],"circlet_count":0,"master_deck":["Defend_B+1","Defend_B+1","Defend_B+1","Dualcast+1","Gash","Turbo+1","Gash","Reboot+1","Fission","Meteor Strike+1","Buffer+1","Genetic Algorithm+1"],"relics":["Cracked Core","NeowsBlessing","Juzu Bracelet","War Paint","Astrolabe","Red Mask"],"acts_visited":["Exordium","TheCity"],"potions_floor_usage":[22],"damage_taken":[{"damage":0.0,"enemies":"Cultist","floor":1.0,"turns":1.0},{"damage":0.0,"enemies":"Jaw Worm","floor":2.0,"turns":1.0},{"damage":0.0,"enemies":"2 Louse","floor":7.0,"turns":1.0},{"damage":27.0,"enemies":"Exordium Thugs","floor":11.0,"turns":4.0},{"damage":14.0,"enemies":"3 Sentries","floor":14.0,"turns":6.0},{"damage":40.0,"enemies":"Hexaghost","floor":16.0,"turns":10.0},{"damage":0.0,"enemies":"Chosen","floor":18.0,"turns":3.0},{"damage":78.0,"enemies":"Masked Bandits","floor":19.0,"turns":7.0},{"damage":0,"enemies":"3 Byrds","floor":22,"turns":3}],"seed_played":"-2204266966238216259","potions_obtained":[{"floor":7.0,"key":"Fire Potion"},{"floor":16.0,"key":"PowerPotion"}],"is_trial":false,"path_per_floor":["M","M","?","$","?","R","M","R","T","$","M","?","R","E","R","B",null,"M","?","?","$","M"],"character_chosen":"DEFECT","items_purchased":["GamblersBrew"],"campfire_rested":1,"item_purchase_floors":[21],"current_hp_per_floor":[75,75,75,75,80,80,80,80,80,80,53,37,61,47,47,7,80,80,2,2,2,2,2],"gold":135,"neow_bonus":"THREE_ENEMY_KILL","is_daily":false,"chose_seed":false,"campfire_upgraded":3,"win_rate":0.0,"timestamp":1614404055,"path_taken":["M","M","?","$","?","R","M","R","T","?","M","?","R","E","R","BOSS","M","?","?","$","M"],"items_purchased_type":["Potion"],"build_version":"2020-12-22","purchased_purges":2,"victory":false,"max_hp_per_floor":[75,75,75,75,80,80,80,80,80,80,80,80,80,80,80,80,80,80,80,80,80,80,80],"card_choices":[{"not_picked":["Chaos","Heatsinks"],"picked":"Gash","floor":1.0},{"not_picked":["Capacitor","Glacier"],"picked":"Turbo","floor":2.0},{"not_picked":["Storm","Stack","Rip and Tear"],"picked":"SKIP","floor":7.0},{"not_picked":["Consume","Doom and Gloom"],"picked":"Gash","floor":11.0},{"not_picked":["Leap","Lockon"],"picked":"Reboot","floor":14.0},{"not_picked":["Buffer","Reboot"],"picked":"Fission","floor":16.0},{"not_picked":["Turbo+1","Go for the Eyes","Ball Lightning"],"picked":"SKIP","floor":18.0}],"player_experience":483196,"relics_obtained":[{"floor":9.0,"key":"Juzu Bracelet"},{"floor":14.0,"key":"War Paint"},{"floor":19.0,"key":"Red Mask"}],"event_choices":[{"cards_removed":["Strike_B"],"damage_healed":0.0,"max_hp_gain":0.0,"max_hp_loss":0.0,"gold_gain":0.0,"event_name":"The Cleric","player_choice":"Card Removal","floor":3.0,"gold_loss":50.0,"damage_taken":0.0},{"damage_healed":0.0,"max_hp_gain":5.0,"max_hp_loss":0.0,"gold_gain":0.0,"event_name":"Big Fish","player_choice":"Donut","floor":5.0,"gold_loss":0.0,"damage_taken":0.0},{"damage_healed":0.0,"max_hp_gain":0.0,"max_hp_loss":0.0,"gold_gain":0.0,"event_name":"Shining Light","player_choice":"Entered Light","floor":12.0,"gold_loss":0.0,"damage_taken":16.0,"cards_upgraded":["Defend_B","Strike_B"]},{"damage_healed":0.0,"max_hp_gain":0.0,"max_hp_loss":0.0,"gold_gain":0.0,"event_name":"Masked Bandits","player_choice":"Fought Bandits","floor":19.0,"gold_loss":0.0,"damage_taken":0.0},{"damage_healed":0.0,"max_hp_gain":0.0,"max_hp_loss":0.0,"gold_gain":100.0,"event_name":"The Joust","player_choice":"Bet on Murderer","floor":20.0,"gold_loss":50.0,"damage_taken":0.0}],"is_beta":false,"boss_relics":[{"not_picked":["Busted Crown","FrozenCore"],"picked":"Astrolabe"}],"items_purged_floors":[4,21],"is_endless":false,"potions_floor_spawned":[7,16],"killed_by":"3 Byrds","ascension_level":0}}