{"host":"6p0attdrtjqaih7v","time":1614412257,"event":{"mods":["2.2 Compatiblity","AchievementEnabler","BaseMod","Better Skull","Better Third Choice","Better Vampires","Card Filter","Colored Powertips","Hermit","Highlight Path","Hubris","Key Reminder","Minty Spire (QoL Compilation)","Permanent Neow","Quick Restart","Random Character Button","Relic Filter","Relic Stats","Reliquary","Replay The Spire","Robot Space Explorer","StSLib","The Construct","The Hayseed","The Runesmith","The Witch"],"gold_per_floor":[365,388,406,419,22,22,42,42,65,30,57,68,95,112,112,188,188,201,215,215,233,104,104,117,117,144,144,144],"floor_reached":27,"language":"ENG","playtime":1284,"items_purged":["construct:Strike_Gold","construct:Strike_Gold"],"score":439,"play_id":"6d25eb15-a1bb-4f2e-9a3a-8393505046ef","local_time":"20210227025057","is_ascension_mode":true,"campfire_choices":[{"data":"construct:SyphonStrike","floor":6,"key":"SMITH"},{"data":"construct:SyphonStrike+1","floor":8,"key":"SMITH"},{"data":"construct:ChargeShot","floor":15,"key":"SMITH"},{"floor":23,"key":"REST"}],"circlet_count":0,"master_deck":["AscendersBane","construct:Strike_Gold","construct:Strike_Gold","construct:Strike_Gold","construct:Defend_Gold","construct:Defend_Gold","construct:Defend_Gold","construct:Defend_Gold","construct:Defend_Gold","construct:AttackMode","construct:DefenseMode","construct:Hazardproof","construct:SyphonStrike+2","construct:ChargeShot+1","construct:Reinforce","construct:BatteryAcid","construct:SweepLaser","construct:Bunker","construct:Failsafe","construct:LongRangeLance","construct:Accumulate+1","construct:BlazingSpeed","construct:ScrapCannon","Crescendo","Pain"],"relics":["construct:ClockworkPhoenix","Shovel","Bronze Scales","Lee\u0027s Waffle","reliquary:TuningFork","Bag of Marbles","hubris:DisguiseKit","Sozu","WarpedTongs","Replay:Wax Seal"],"acts_visited":["Exordium","TheCity"],"potions_floor_usage":[7,11,12,16],"damage_taken":[{"damage":9,"enemies":"Jaw Worm","floor":1,"turns":5},{"damage":9,"enemies":"Small Slimes","floor":3,"turns":4},{"damage":0,"enemies":"2 Louse","floor":4,"turns":4},{"damage":14,"enemies":"Exordium Thugs","floor":7,"turns":7},{"damage":24,"enemies":"3 Sentries","floor":11,"turns":8},{"damage":0,"enemies":"Lots of Slimes","floor":12,"turns":3},{"damage":27,"enemies":"Lagavulin","floor":13,"turns":6},{"damage":5,"enemies":"Red Slaver","floor":14,"turns":5},{"damage":4,"enemies":"Hexaghost","floor":16,"turns":9},{"damage":9,"enemies":"Chosen","floor":18,"turns":7},{"damage":0,"enemies":"3 Byrds","floor":19,"turns":3},{"damage":35,"enemies":"Snecko","floor":21,"turns":7},{"damage":34,"enemies":"Snake Plant","floor":24,"turns":4},{"damage":18,"enemies":"Centurion and Healer","floor":27,"turns":2}],"seed_played":"9158877101774219085","potions_obtained":[{"floor":1,"key":"Adrenaline Potion"},{"floor":3,"key":"Explosive Potion"},{"floor":11,"key":"ColorlessPotion"},{"floor":14,"key":"BlessingOfTheForge"}],"is_trial":false,"path_per_floor":["M","?","M","M","$","R","M","R","T","?","E","M","E","M","R","B",null,"M","M","?","M","$","R","M","?","T","M"],"character_chosen":"THE_CONSTRUCT_MOD","items_purchased":["Bronze Scales","Lee\u0027s Waffle","construct:ScrapCannon"],"campfire_rested":1,"item_purchase_floors":[5,5,22],"current_hp_per_floor":[63,40,31,31,79,79,65,65,65,79,55,55,28,23,23,19,64,55,55,55,20,20,43,9,9,9,0,0],"gold":144,"neow_bonus":"TWO_FIFTY_GOLD","is_daily":false,"chose_seed":false,"campfire_upgraded":3,"win_rate":0.0,"timestamp":1614412257,"path_taken":["M","?","M","M","$","R","M","R","T","?","E","M","E","M","R","BOSS","M","M","?","M","$","R","M","?","T","M"],"items_purchased_type":["Relic","Relic","Card"],"build_version":"2020-12-22","purchased_purges":2,"victory":false,"max_hp_per_floor":[72,72,72,72,79,79,79,79,79,79,79,79,79,79,79,79,79,79,79,79,79,79,79,79,79,79,79,79],"relic_stats":{"Sozu":1,"Lee\u0027s Waffle":48,"Shovel":0,"counters":[14,74],"Bronze Scales":[196],"obtain_stats":[{"Sozu":17,"hubris:DisguiseKit":13,"Lee\u0027s Waffle":5,"Shovel":2,"Bronze Scales":5,"reliquary:TuningFork":9,"Bag of Marbles":11,"construct:LongRangeLance":18,"construct:ClockworkPhoenix":0,"Replay:Wax Seal":26,"WarpedTongs":25},{"Sozu":9,"hubris:DisguiseKit":7,"Lee\u0027s Waffle":3,"Shovel":1,"Bronze Scales":3,"reliquary:TuningFork":4,"Bag of Marbles":5,"construct:LongRangeLance":10,"construct:ClockworkPhoenix":0,"Replay:Wax Seal":13,"WarpedTongs":13},{"Sozu":51,"hubris:DisguiseKit":37,"Lee\u0027s Waffle":13,"Shovel":5,"Bronze Scales":13,"reliquary:TuningFork":20,"Bag of Marbles":28,"construct:LongRangeLance":58,"construct:ClockworkPhoenix":0,"Replay:Wax Seal":72,"WarpedTongs":72}],"WarpedTongs":[2]},"card_choices":[{"not_picked":["construct:QuickAttack","construct:FlameCore"],"picked":"construct:Hazardproof","floor":1},{"not_picked":["construct:OilSpill","construct:Analyze"],"picked":"construct:SyphonStrike","floor":2},{"not_picked":["construct:CreateCores","construct:HardReboot"],"picked":"construct:ChargeShot","floor":3},{"not_picked":["construct:Autoturret","construct:CriticalHit"],"picked":"construct:Reinforce","floor":4},{"not_picked":["construct:SaveState","construct:Forcefield"],"picked":"construct:BatteryAcid","floor":7},{"not_picked":["construct:CripplingShot","construct:PointDefense"],"picked":"construct:SweepLaser","floor":11},{"not_picked":["construct:FlammableFog","construct:Tumble","construct:Isolate"],"picked":"SKIP","floor":12},{"not_picked":["construct:Forcefield","construct:Autoturret"],"picked":"construct:Bunker","floor":13},{"not_picked":["construct:Versatility","construct:SyphonStrike","Prostrate"],"picked":"construct:Failsafe","floor":14},{"not_picked":["construct:HyperBeam","construct:GatlingGun","MasterReality"],"picked":"construct:LongRangeLance","floor":16},{"not_picked":["construct:Forcefield+1","construct:ClusterMines","Perseverance"],"picked":"construct:Accumulate+1","floor":18},{"not_picked":["construct:UnbalancingBlast","construct:FlammableFog","construct:Isolate","Halt"],"picked":"SKIP","floor":19},{"not_picked":["construct:HastyRepair","construct:ChargeShot","Crescendo"],"picked":"construct:BlazingSpeed","floor":21},{"not_picked":["construct:VentSteam","construct:Agitation+1","construct:HeavyBolt"],"picked":"Crescendo","floor":24}],"player_experience":1239841,"relics_obtained":[{"floor":2,"key":"Shovel"},{"floor":9,"key":"reliquary:TuningFork"},{"floor":11,"key":"Bag of Marbles"},{"floor":13,"key":"hubris:DisguiseKit"},{"floor":26,"key":"Replay:Wax Seal"}],"event_choices":[{"damage_healed":19,"gold_gain":0,"player_choice":"Healed","damage_taken":0,"max_hp_gain":0,"max_hp_loss":0,"event_name":"The Cleric","floor":10,"gold_loss":35},{"damage_healed":0,"gold_gain":0,"player_choice":"Rummage","damage_taken":0,"relics_obtained":["WarpedTongs"],"max_hp_gain":0,"max_hp_loss":0,"event_name":"Accursed Blacksmith","floor":25,"gold_loss":0,"cards_obtained":["Pain"]}],"is_beta":false,"boss_relics":[{"not_picked":["reliquary:Ember","Empty Cage"],"picked":"Sozu"}],"items_purged_floors":[5,22],"is_endless":false,"potions_floor_spawned":[1,3,11,14,19],"killed_by":"Centurion and Healer","ascension_level":19}}