{"host":"h3awr6eovmieyhyn","time":1614448029,"event":{"mods":["Act Like it!","Arknights","Aspiration","Astrologer","BaseMod","BetterRewards","Downfall","Gensokyo","GungeonMod","Hubris","Infinite Spire","Lobotomy","LobotomyExtend","Marisa????????","Minty Spire (QoL Compilation)","Reliquary","Replay The Spire","Robot Space Explorer","Shade Mod","StSLib","Td1madao Mod","The Animator","The Bug Knight","The Cursed","The Disciple","The Elementalist","The Forsaken","The Gatherer","The Hierophant","The Jungle","The Marked","The Necromancer","The Servant 0.9.4","The Wild Card","TheBandit","[IsaacMod]????"],"gold_per_floor":[113,113,129,129,129,129,164,164,164,164,12,40,40,54,54,154,154,154,6,25,25,25,50,50,79,102,128,201,201,201,213,213,314,314,332,332,351,351,351],"floor_reached":38,"language":"ENG","playtime":1408,"items_purged":[],"score":609,"play_id":"e489a063-7928-4607-b731-336fb961c773","local_time":"20210227174709","daily_mods":["SealedDeck","Diverse","Colorless Cards","Heirloom","Flight","DeadlyEvents","Lethality"],"is_ascension_mode":false,"campfire_choices":[{"data":"Hyperbeam","floor":6,"key":"SMITH"},{"data":"theWildCard:MagicMettle","floor":8,"key":"SMITH"},{"data":"Rip and Tear","floor":10,"key":"SMITH"},{"data":"Noxious Fumes","floor":13,"key":"SMITH"},{"data":"hierophant:FieryStrike","floor":15,"key":"SMITH"},{"data":"Negative_Energy_Javelin","floor":24,"key":"SMITH"},{"floor":29,"key":"REST"},{"floor":32,"key":"REST"}],"circlet_count":0,"master_deck":["theMarked:HeightenedSenses","ats:Hammer On","SashWhip","Dagger Throw","Necrotic_Claws","hierophant:FieryStrike+1","sneckomod:UnknownClassINFINITE_BLACK+1","Gash","Rip and Tear+1","Guardian:Gem_Synthetic","Hyperbeam+1","Shade:Brains","Blood_Curse","theWildCard:MagicMettle+1","Noxious Fumes+1","Shade:WallOfFlesh","Guardian:Repulse","hierophant:MorningPrayer","hexamod:GhostOfSpirePresent","PowerUp","Shade:PoundOfFlesh","ats:Curse Doll","sneckomod:UnknownClassFORSAKEN_GOLD_COLOR","RobotSpaceExplorer:ScrapToss","theMarked:WardOff+1","Negative_Energy_Javelin+1","champ:HoldFirm","Draining Mist+1","Guardian:CrystalBeam","ats:Consecutive Shot Auto","UnstableBomb","theForsaken:CreepingInfection+1","astrologer:FrozenStar+1","ats:Fractured Body+1","ReplayRNGCard+1","HollowMod:GreatSlash+1","ats:Counter Healing Mode"],"relics":["Snecko Eye","Ring of Chaos","replay:Trail_Library","HushsDoor","BookOfRevelations","reliquary:OuijaBoard","LetterFromLob","HowToJump","elementalistmod:RedRibbon","ats:Originium","reliquary:Aerogel","Shuriken","TheBean","Tiny Chest","reliquary:ThirdArm","Orrery","Orichalcum","Bottled Lightning","bronze:BronzeIdol","DemoMod:Metronome","DemoMod:BlueGuonStone","Toxic Egg 2","Velvet Choker","Gensokyo:TheCrow"],"acts_visited":["Exordium","Exordium","Gensokyo:Gensokyoest"],"potions_floor_usage":[16,16,23,25,31,38,38],"damage_taken":[{"damage":0,"enemies":"2 Louse","floor":1,"turns":1},{"damage":0,"enemies":"Cultist","floor":3,"turns":1},{"damage":0,"enemies":"Gremlin Nob","floor":7,"turns":1},{"damage":16,"enemies":"HollowMod:MossKnight","floor":12,"turns":3},{"damage":0,"enemies":"Small Slimes","floor":14,"turns":1},{"damage":0,"enemies":"Slime Boss","floor":16,"turns":2},{"damage":0,"enemies":"theJungle:GiantWrat","floor":20,"turns":3},{"damage":26,"enemies":"theJungle:Cassacara","floor":23,"turns":4},{"damage":12,"enemies":"Nightmare","floor":25,"turns":4},{"damage":0,"enemies":"theJungle:MamaSnecko","floor":27,"turns":3},{"damage":0,"enemies":"Shell Parasite","floor":31,"turns":2},{"damage":4,"enemies":"theJungle:FunGuy","floor":33,"turns":6},{"damage":4,"enemies":"Gensokyo:3_Bats","floor":35,"turns":2},{"damage":12,"enemies":"Gensokyo:3_Boulders","floor":37,"turns":4},{"damage":52,"enemies":"Gensokyo:Marisa","floor":38,"turns":3}],"seed_played":"-2001462047444118231","potions_obtained":[{"floor":12,"key":"Strength Potion"},{"floor":14,"key":"BlessingOfTheForge"},{"floor":20,"key":"SteroidPotion"},{"floor":23,"key":"Weak Potion"},{"floor":27,"key":"Adrenaline Potion"},{"floor":35,"key":"Energy Potion"},{"floor":37,"key":"SkillPotion"}],"is_trial":true,"path_per_floor":["M","?","M","?","?","R","E","R","T","R","$","E","R","M","R","B",null,"M","$","M","?","$","E","R","NM","T","E","T","R","$","M","R","B",null,"M","?","M","E"],"character_chosen":"THE_WILD_CARD","items_purchased":["TheBean","Orrery","Toxic Egg 2","ReplayRNGCard+1"],"campfire_rested":2,"item_purchase_floors":[11,19,30,34],"current_hp_per_floor":[60,48,48,48,48,48,48,48,48,48,48,32,32,32,32,32,60,60,60,60,60,60,34,34,22,22,22,22,40,23,23,41,43,56,52,52,40,0,0],"gold":351,"neow_bonus":"","is_daily":false,"chose_seed":false,"campfire_upgraded":6,"win_rate":0.0,"timestamp":1614448029,"path_taken":["M","?","M","?","?","R","E","R","T","R","$","?","R","?","R","BOSS","M","$","M","?","$","E","R","NM","T","?","?","R","?","M","R","BOSS","M","?","M","?"],"items_purchased_type":["Relic","Relic","Relic","Card"],"build_version":"2020-12-22","purchased_purges":0,"victory":false,"max_hp_per_floor":[60,60,60,60,60,60,60,60,60,60,60,60,60,60,60,60,60,60,60,60,60,60,60,60,60,60,60,60,60,60,60,60,60,56,56,56,56,56,56],"card_choices":[{"not_picked":["Occultation","Shade:FeralStrike"],"picked":"Hyperbeam","floor":1},{"not_picked":["Gatherer:AcidicSpray","AlternateTimeline"],"picked":"Shade:Brains","floor":3},{"not_picked":["bronze:Flail","hierophant:Sermon"],"picked":"Blood_Curse","floor":7},{"not_picked":["DoubleEdge","HollowMod:DoubleDash"],"picked":"Shade:WallOfFlesh","floor":12},{"not_picked":["champ:RecklessLeap","RobotSpaceExplorer:DualCore"],"picked":"Guardian:Repulse","floor":14},{"not_picked":["theWildCard:Lucifer","DemoMod:BlackHoleGun"],"picked":"hexamod:GhostOfSpirePresent","floor":16},{"not_picked":["theMarked:Seal","theMarked:TheMission+1"],"picked":"PowerUp","floor":19},{"not_picked":["astrologer:TheHighPriestess","wariomod:Boomsmack"],"picked":"Shade:PoundOfFlesh","floor":19},{"not_picked":["Body Slam","theMarked:Levitate"],"picked":"ats:Curse Doll","floor":19},{"not_picked":["animator:Vanir+1","ats:Absolute Focus"],"picked":"sneckomod:UnknownClassFORSAKEN_GOLD_COLOR","floor":19},{"not_picked":["Study","FanOfKnives"],"picked":"RobotSpaceExplorer:ScrapToss","floor":19},{"not_picked":["ats:Charging Defense","bronze:Deprecate"],"picked":"theMarked:WardOff+1","floor":20},{"not_picked":["Engulf","Shade:SkeletonHug"],"picked":"Negative_Energy_Javelin","floor":23},{"not_picked":["hierophant:Remorse","animator:WinryRockbell"],"picked":"Draining Mist+1","floor":25},{"not_picked":["Bugfix","Guardian:RevengeProtocol"],"picked":"Guardian:CrystalBeam","floor":27},{"not_picked":["Guardian:PrismaticBarrier+1","animator:Yuuichirou"],"picked":"astrologer:FrozenStar+1","floor":31},{"not_picked":["theWildCard:Deicide+1","animator:TanyaDegurechaff"],"picked":"ats:Fractured Body+1","floor":33},{"not_picked":["bronze:DarkDash+1","champ:FancyFootwork+1"],"picked":"HollowMod:GreatSlash+1","floor":35},{"not_picked":["theWildCard:Providence","animator:Lancer"],"picked":"ats:Counter Healing Mode","floor":37}],"player_experience":199904,"relics_obtained":[{"floor":1,"key":"LetterFromLob"},{"floor":7,"key":"ats:Originium"},{"floor":7,"key":"reliquary:Aerogel"},{"floor":9,"key":"Shuriken"},{"floor":12,"key":"ats:Originium"},{"floor":12,"key":"Tiny Chest"},{"floor":23,"key":"ats:Originium"},{"floor":23,"key":"Orichalcum"},{"floor":25,"key":"ats:Originium"},{"floor":25,"key":"Bottled Lightning"},{"floor":26,"key":"bronze:BronzeIdol"},{"floor":27,"key":"DemoMod:Metronome"},{"floor":28,"key":"DemoMod:BlueGuonStone"}],"event_choices":[{"damage_healed":0,"gold_gain":0,"player_choice":"Success","damage_taken":12,"relics_obtained":["HowToJump"],"max_hp_gain":0,"max_hp_loss":0,"event_name":"Scrap Ooze","floor":2,"gold_loss":0},{"damage_healed":0,"gold_gain":0,"player_choice":"Grow","damage_taken":0,"max_hp_gain":0,"max_hp_loss":0,"event_name":"Living Wall","floor":5,"gold_loss":0,"cards_upgraded":["sneckomod:UnknownClassINFINITE_BLACK"]}],"is_beta":false,"boss_relics":[{"not_picked":["Kintsugi","reliquary:RedCape"],"picked":"reliquary:ThirdArm"},{"not_picked":[]},{"not_picked":["Replay:Bronze Core","hubris:BlackHole"],"picked":"Velvet Choker"},{"not_picked":[]}],"items_purged_floors":[],"is_endless":true,"potions_floor_spawned":[7,12,14,20,23,27,35,37],"killed_by":"Gensokyo:Marisa","ascension_level":0}}