{"host":"8is2j71l4wmybkoi","time":1614426601,"event":{"mods":["AchievementEnabler","BaseMod","Colored Map","DeckTracker","Minty Spire (QoL Compilation)","Rare Cards Sparkle","Relic Stats","StSLib","SuperFastMode"],"gold_per_floor":[17,31,31,31,46,46,81,97,148,181,181,199,199,216,216,290,290,306,318,336,354,127,127,127,127],"floor_reached":24,"language":"KOR","playtime":887,"items_purged":["Strike_G"],"score":368,"play_id":"fa3856fe-905c-49d5-b052-47f7b78872cb","local_time":"20210227205001","is_ascension_mode":true,"campfire_choices":[{"data":"Bouncing Flask","floor":6.0,"key":"SMITH"},{"floor":11,"key":"REST"},{"data":"Bouncing Flask","floor":13,"key":"SMITH"},{"data":"Crippling Poison","floor":15,"key":"SMITH"},{"floor":23,"key":"REST"}],"circlet_count":0,"master_deck":["AscendersBane","Strike_G","Strike_G","Defend_G+1","Defend_G","Defend_G+1","Defend_G","Survivor","Neutralize","Dagger Spray","Bouncing Flask+1","Skewer","Flying Knee","Crippling Poison+1","Bouncing Flask+1","Unload","Doppelganger","Bane","Leg Sweep","PiercingWail","Corpse Explosion","Well Laid Plans","Venomology","Bullet Time"],"relics":["Ring of the Snake","Gremlin Horn","Pen Nib","War Paint","Orichalcum","HoveringKite","Orrery"],"acts_visited":["Exordium","TheCity"],"potions_floor_usage":[7,20,21,24,24],"damage_taken":[{"damage":2.0,"enemies":"Cultist","floor":1.0,"turns":5.0},{"damage":0.0,"enemies":"2 Louse","floor":2.0,"turns":3.0},{"damage":0.0,"enemies":"Small Slimes","floor":5.0,"turns":3.0},{"damage":14,"enemies":"3 Sentries","floor":7,"turns":6},{"damage":2,"enemies":"Exordium Thugs","floor":8,"turns":4},{"damage":23,"enemies":"Gremlin Nob","floor":10,"turns":4},{"damage":2,"enemies":"2 Fungi Beasts","floor":12,"turns":3},{"damage":3,"enemies":"Looter","floor":14,"turns":3},{"damage":9,"enemies":"Hexaghost","floor":16,"turns":7},{"damage":0,"enemies":"Spheric Guardian","floor":18,"turns":3},{"damage":0,"enemies":"3 Byrds","floor":19,"turns":4},{"damage":15,"enemies":"Centurion and Healer","floor":20,"turns":5},{"damage":26,"enemies":"Shelled Parasite and Fungi","floor":21,"turns":6},{"damage":34,"enemies":"Book of Stabbing","floor":24,"turns":4}],"seed_played":"-1704519484505653850","potions_obtained":[{"floor":2.0,"key":"Weak Potion"},{"floor":5.0,"key":"DuplicationPotion"},{"floor":12,"key":"SneckoOil"},{"floor":14,"key":"SpeedPotion"},{"floor":16,"key":"FearPotion"},{"floor":18,"key":"LiquidMemories"},{"floor":20,"key":"SteroidPotion"},{"floor":21,"key":"Strength Potion"}],"is_trial":false,"path_per_floor":["M","M","?","?","M","R","E","M","T","E","R","M","R","M","R","B",null,"M","M","M","M","$","R","E"],"character_chosen":"THE_SILENT","items_purchased":["Orrery"],"campfire_rested":2,"item_purchase_floors":[22],"current_hp_per_floor":[57,57,57,57,57,57,43,41,41,18,37,35,35,32,32,23,55,55,55,40,14,14,33,0,0],"gold":127,"neow_bonus":"REMOVE_TWO","is_daily":false,"chose_seed":false,"campfire_upgraded":3,"win_rate":0.0,"timestamp":1614426601,"path_taken":["M","M","?","?","?","R","E","M","T","E","R","M","R","M","R","BOSS","M","M","?","M","$","R","E"],"items_purchased_type":["Relic"],"build_version":"2020-12-22","purchased_purges":1,"victory":false,"max_hp_per_floor":[66,66,66,66,66,66,66,66,66,66,66,66,66,66,66,66,66,66,66,66,66,66,66,66,66],"relic_stats":{"Gremlin Horn":[8,8],"counters":[14,60],"HoveringKite":[6],"Pen Nib":[6],"War Paint":["Defend_G","Defend_G"],"Orichalcum":[90],"obtain_stats":[{"Gremlin Horn":4,"HoveringKite":17,"Orrery":22,"Pen Nib":7,"War Paint":9,"Orichalcum":10,"Ring of the Snake":0},{"Gremlin Horn":2,"HoveringKite":9,"Orrery":13,"Pen Nib":4,"War Paint":5,"Orichalcum":6,"Ring of the Snake":0},{"Gremlin Horn":8,"HoveringKite":38,"Orrery":56,"Pen Nib":17,"War Paint":21,"Orichalcum":25,"Ring of the Snake":0}],"Ring of the Snake":[28]},"card_choices":[{"not_picked":["Underhanded Strike","Blur"],"picked":"Dagger Spray","floor":1.0},{"not_picked":["Noxious Fumes","Poisoned Stab"],"picked":"Bouncing Flask","floor":2.0},{"not_picked":["Outmaneuver","Underhanded Strike"],"picked":"Skewer","floor":5.0},{"not_picked":["Concentrate","Quick Slash"],"picked":"Flying Knee","floor":7},{"not_picked":["Sucker Punch","Slice"],"picked":"Crippling Poison","floor":8},{"not_picked":["Terror","Flying Knee"],"picked":"Bouncing Flask","floor":10},{"not_picked":["Caltrops","Slice"],"picked":"Unload","floor":12},{"not_picked":["Flying Knee","Cloak And Dagger","Acrobatics"],"picked":"SKIP","floor":14},{"not_picked":["Venomology","Night Terror"],"picked":"Doppelganger","floor":16},{"not_picked":["Caltrops","Flying Knee"],"picked":"Bane","floor":18},{"not_picked":["Blade Dance","Dodge and Roll","Dagger Spray"],"picked":"SKIP","floor":19},{"not_picked":["Doppelganger","Bane"],"picked":"Leg Sweep","floor":20},{"not_picked":["Quick Slash","Footwork"],"picked":"PiercingWail","floor":21},{"not_picked":["Endless Agony","Venomology"],"picked":"Corpse Explosion","floor":22},{"not_picked":["Expertise","Flechettes"],"picked":"Well Laid Plans","floor":22},{"not_picked":["Outmaneuver+1","Accuracy"],"picked":"Venomology","floor":22},{"not_picked":["PiercingWail","Cloak And Dagger"],"picked":"Bullet Time","floor":22}],"player_experience":1357095,"relics_obtained":[{"floor":7,"key":"Pen Nib"},{"floor":9,"key":"War Paint"},{"floor":10,"key":"Orichalcum"}],"event_choices":[{"cards_removed":["Strike_G"],"damage_healed":0.0,"max_hp_gain":0.0,"max_hp_loss":0.0,"gold_gain":0.0,"event_name":"Living Wall","player_choice":"Forget","floor":3.0,"gold_loss":0.0,"damage_taken":0.0},{"damage_healed":0.0,"max_hp_gain":0.0,"max_hp_loss":0.0,"gold_gain":0.0,"event_name":"WeMeetAgain","player_choice":"Gave Potion","floor":4.0,"gold_loss":0.0,"damage_taken":0.0,"relics_obtained":["Gremlin Horn"]}],"is_beta":false,"boss_relics":[{"not_picked":["Coffee Dripper","Fusion Hammer"],"picked":"HoveringKite"}],"items_purged_floors":[22],"is_endless":false,"potions_floor_spawned":[2,5,12,14,16,18,20,21],"killed_by":"Book of Stabbing","ascension_level":15}}