{"host":"c83fcgyuu74iknko","time":1614405289,"event":{"mods":["BaseMod","BetterRewards","Colored Map","Colored Powertips","Minty Spire (QoL Compilation)","Quick Restart","StSLib","The Animator","The Senshi"],"gold_per_floor":[116,116,42,56,56,56,131,131,131,167,167,167,207,230,230,230,230],"floor_reached":16,"language":"ENG","playtime":473,"items_purged":[],"score":187,"play_id":"99d929b4-1ec1-4f5e-958c-e4212f433f5c","local_time":"20210226215449","is_ascension_mode":true,"campfire_choices":[{"data":"1","floor":6,"key":"LIFT"},{"floor":8,"key":"REST"},{"floor":12,"key":"REST"},{"data":"theSenshi:SailorMercuryAssists","floor":15,"key":"SMITH"}],"circlet_count":0,"master_deck":["theSenshi:SailorKick","theSenshi:SailorKick","theSenshi:SailorKick","theSenshi:SailorKick","theSenshi:SailorBlock","theSenshi:SailorBlock","theSenshi:SailorBlock","theSenshi:SailorBlock","theSenshi:RoseThrow","theSenshi:MoonPrismPowerMakeUp+1","theSenshi:MoonsReflection","theSenshi:CrisisMakeUp","theSenshi:MoonTiaraMagic","theSenshi:SailorStarHealerAssists","theSenshi:MoonGorgeousMeditation","theSenshi:SailorMercuryAssists+1"],"relics":["theSenshi:TransformationBroochRelic","StoneCalendar","theSenshi:EternalTiareRelic","Girya","Golden Idol","Mercury Hourglass","Smiling Mask","Potion Belt"],"acts_visited":["Exordium"],"potions_floor_usage":[],"damage_taken":[{"damage":3,"enemies":"Small Slimes","floor":1,"turns":4},{"damage":0,"enemies":"Jaw Worm","floor":4,"turns":3},{"damage":18,"enemies":"Lagavulin","floor":10,"turns":5},{"damage":13,"enemies":"Gremlin Nob","floor":13,"turns":4},{"damage":0,"enemies":"2 Louse","floor":14,"turns":1},{"damage":25,"enemies":"Hexaghost","floor":16,"turns":7}],"seed_played":"172649592531036320","potions_obtained":[{"floor":1,"key":"BlessingOfTheForge"},{"floor":14,"key":"SpeedPotion"}],"is_trial":false,"path_per_floor":["M","?","$","M","?","R","?","R","T","E","?","R","E","M","R","B"],"character_chosen":"THE_SENSHI","items_purchased":["theSenshi:CrisisMakeUp"],"campfire_rested":2,"item_purchase_floors":[3],"current_hp_per_floor":[31,13,13,13,13,13,2,24,24,6,6,28,20,20,20,0,0],"gold":230,"neow_bonus":"","is_daily":false,"chose_seed":false,"campfire_upgraded":1,"win_rate":0.0,"timestamp":1614405289,"path_taken":["M","?","?","M","?","R","?","R","T","E","?","R","E","?","R","BOSS"],"items_purchased_type":["Card"],"build_version":"2020-12-22","purchased_purges":0,"victory":false,"max_hp_per_floor":[75,75,75,75,75,75,75,75,75,75,75,75,75,75,75,75,75],"card_choices":[{"not_picked":["theSenshi:TallSilhouette","theSenshi:SupersonicWaves"],"picked":"theSenshi:MoonsReflection","floor":1},{"not_picked":["theSenshi:SailorVenusAssists","theSenshi:Sidestep"],"picked":"theSenshi:MoonTiaraMagic","floor":4},{"not_picked":["theSenshi:SailorChibiMoonAssists","theSenshi:WarriorOfTheMoon"],"picked":"theSenshi:SailorStarHealerAssists","floor":10},{"not_picked":["theSenshi:SchoolBag","theSenshi:Sidestep"],"picked":"theSenshi:MoonGorgeousMeditation","floor":13},{"not_picked":["theSenshi:MoonTiaraMagic","theSenshi:MoonsReflection"],"picked":"theSenshi:SailorMercuryAssists","floor":14}],"player_experience":281002,"relics_obtained":[{"floor":9,"key":"Mercury Hourglass"},{"floor":10,"key":"Smiling Mask"},{"floor":13,"key":"Potion Belt"}],"event_choices":[{"damage_healed":0,"gold_gain":0,"player_choice":"Take Damage","damage_taken":18,"relics_obtained":["Golden Idol"],"max_hp_gain":0,"max_hp_loss":0,"event_name":"Golden Idol","floor":2,"gold_loss":0},{"damage_healed":0,"gold_gain":0,"player_choice":"Grow","damage_taken":0,"max_hp_gain":0,"max_hp_loss":0,"event_name":"Living Wall","floor":5,"gold_loss":0,"cards_upgraded":["theSenshi:MoonPrismPowerMakeUp"]},{"damage_healed":0,"gold_gain":75,"player_choice":"Gather Gold","damage_taken":11,"max_hp_gain":0,"max_hp_loss":0,"event_name":"World of Goop","floor":7,"gold_loss":0},{"damage_healed":0,"gold_gain":0,"player_choice":"Bought 0 Potions","damage_taken":0,"max_hp_gain":0,"max_hp_loss":0,"event_name":"The Woman in Blue","floor":11,"gold_loss":0}],"is_beta":false,"boss_relics":[],"items_purged_floors":[],"is_endless":false,"potions_floor_spawned":[1,14],"killed_by":"Hexaghost","ascension_level":4}}