{"host":"08sn1703g14rasc1","time":1614422863,"event":{"mods":["AchievementEnabler","BaseMod","Colored Map","Colored Powertips","Hermit","Minty Spire (QoL Compilation)","StSLib"],"gold_per_floor":[119,137,101,101,77,77,88,88,139,156,77,93,93,123,123,223,273,292,292,292,292,25,25,25,55,55,66,66,76,76,90,90,188,188,198,120,170,170,170,170],"floor_reached":39,"language":"ENG","playtime":1441,"items_purged":[],"score":556,"play_id":"77415c26-e371-4e7d-8593-55e9ed07a2de","local_time":"20210227024743","is_ascension_mode":true,"campfire_choices":[{"data":"TalkToTheHand","floor":6.0,"key":"SMITH"},{"floor":13.0,"key":"REST"},{"floor":15.0,"key":"REST"},{"floor":23.0,"key":"REST"},{"data":"Apotheosis","floor":28.0,"key":"SMITH"},{"floor":30.0,"key":"REST"},{"floor":32.0,"key":"REST"}],"circlet_count":0,"master_deck":["Strike_P","Defend_P","Defend_P","Defend_P","Eruption","Vigilance","TalkToTheHand+1","Evaluate","MentalFortress+1","Halt","Tantrum+1","DeusExMachina","ConjureBlade","DeceiveReality","Evaluate","Devotion+1","LikeWater","DeusExMachina+1","Apotheosis+1","Dramatic Entrance","DevaForm","WheelKick+1","Protect","EmptyFist+1","Establishment","SignatureMove+1","EmptyFist+1","WheelKick+1","Adaptation+1","WheelKick+1"],"relics":["SlaversCollar","Toy Ornithopter","Question Card","Tiny House","Ginger","Molten Egg 2","Astrolabe","Turnip"],"acts_visited":["Exordium","TheCity","TheBeyond"],"potions_floor_usage":[37],"damage_taken":[{"damage":0.0,"enemies":"Jaw Worm","floor":1.0,"turns":5.0},{"damage":0.0,"enemies":"2 Louse","floor":2.0,"turns":1.0},{"damage":21.0,"enemies":"Small Slimes","floor":7.0,"turns":3.0},{"damage":2.0,"enemies":"Exordium Wildlife","floor":10.0,"turns":7.0},{"damage":9.0,"enemies":"Red Slaver","floor":12.0,"turns":5.0},{"damage":20.0,"enemies":"3 Sentries","floor":14.0,"turns":11.0},{"damage":13.0,"enemies":"Hexaghost","floor":16.0,"turns":9.0},{"damage":9.0,"enemies":"Shell Parasite","floor":18.0,"turns":6.0},{"damage":0.0,"enemies":"2 Thieves","floor":19.0,"turns":1.0},{"damage":11.0,"enemies":"Slavers","floor":25.0,"turns":6.0},{"damage":24.0,"enemies":"Snake Plant","floor":27.0,"turns":4.0},{"damage":10.0,"enemies":"Centurion and Healer","floor":29.0,"turns":7.0},{"damage":34.0,"enemies":"Chosen and Byrds","floor":31.0,"turns":6.0},{"damage":16,"enemies":"Automaton","floor":33,"turns":12},{"damage":16,"enemies":"Orb Walker","floor":35,"turns":4},{"damage":25,"enemies":"Mind Bloom Boss Battle","floor":37,"turns":7},{"damage":56,"enemies":"3 Shapes","floor":39,"turns":6}],"seed_played":"-2405179705299673336","potions_obtained":[{"floor":1.0,"key":"AttackPotion"},{"floor":12.0,"key":"StancePotion"},{"floor":16.0,"key":"SmokeBomb"},{"floor":17.0,"key":"Swift Potion"},{"floor":25.0,"key":"SteroidPotion"},{"floor":29.0,"key":"Dexterity Potion"},{"floor":35,"key":"Regen Potion"}],"is_trial":false,"path_per_floor":["M","M","$","?","?","R","M","?","T","M","$","M","R","E","R","B",null,"M","M","?","?","$","R","$","E","T","M","R","M","R","M","R","B",null,"M","$","?","?","M"],"character_chosen":"WATCHER","items_purchased":["MentalFortress","ConjureBlade","Apotheosis","Dramatic Entrance","StancePotion"],"campfire_rested":5,"item_purchase_floors":[3,11,22,22,36],"current_hp_per_floor":[65,65,65,65,65,65,44,30,30,28,28,19,40,20,41,28,66,57,62,62,48,48,72,72,71,71,52,52,42,66,32,56,40,72,56,56,51,51,0,0],"gold":170,"neow_bonus":"BOSS_RELIC","is_daily":false,"chose_seed":false,"campfire_upgraded":2,"win_rate":0.0,"timestamp":1614422863,"path_taken":["M","M","$","?","?","R","M","?","T","M","?","?","R","E","R","BOSS","M","M","?","?","$","R","?","E","T","M","R","M","R","?","R","BOSS","M","$","?","?","?"],"items_purchased_type":["Card","Card","Card","Card","Potion"],"build_version":"2020-12-22","purchased_purges":0,"victory":false,"max_hp_per_floor":[72,72,72,72,72,72,72,72,72,72,72,72,72,72,72,72,77,77,77,77,82,82,82,82,82,82,82,82,82,82,82,82,82,82,82,82,82,82,82,82],"card_choices":[{"not_picked":["FollowUp","Study"],"picked":"TalkToTheHand","floor":1.0},{"not_picked":["EmptyMind","Meditate"],"picked":"Evaluate","floor":2.0},{"not_picked":["Consecrate","JustLucky"],"picked":"Tantrum","floor":7.0},{"not_picked":["PathToVictory","FlyingSleeves"],"picked":"DeusExMachina","floor":10.0},{"not_picked":["Pray","ThirdEye"],"picked":"DeceiveReality","floor":12.0},{"not_picked":["CrushJoints","FlurryOfBlows"],"picked":"Evaluate","floor":14.0},{"not_picked":["ConjureBlade","Alpha","SpiritShield"],"picked":"Devotion","floor":16.0},{"not_picked":["ClearTheMind","PathToVictory","EmptyFist"],"picked":"LikeWater","floor":17.0},{"not_picked":["BowlingBash","Crescendo","FlyingSleeves"],"picked":"DeusExMachina","floor":18.0},{"not_picked":["Indignation","FollowUp+1","EmptyMind+1"],"picked":"DevaForm","floor":25.0},{"not_picked":["Crescendo","Prostrate","SignatureMove+1"],"picked":"WheelKick+1","floor":27.0},{"not_picked":["Halt","Wireheading","CrushJoints+1"],"picked":"Protect","floor":29.0},{"not_picked":["PathToVictory+1","FlurryOfBlows+1","ConjureBlade"],"picked":"EmptyFist+1","floor":31.0},{"not_picked":["ConjureBlade","SpiritShield","Blasphemy"],"picked":"Establishment","floor":33},{"not_picked":["Fasting2","FollowUp+1","ForeignInfluence"],"picked":"Adaptation+1","floor":35},{"not_picked":["EmptyBody+1","PathToVictory","FollowUp+1"],"picked":"WheelKick+1","floor":37}],"player_experience":498242,"relics_obtained":[{"floor":9.0,"key":"Toy Ornithopter"},{"floor":14.0,"key":"Question Card"},{"floor":25.0,"key":"Ginger"},{"floor":26.0,"key":"Molten Egg 2"},{"floor":37,"key":"Turnip"}],"event_choices":[{"damage_healed":0.0,"max_hp_gain":0.0,"max_hp_loss":0.0,"gold_gain":0.0,"cards_transformed":["Strike_P"],"event_name":"Living Wall","player_choice":"Change","floor":4.0,"gold_loss":0.0,"damage_taken":0.0,"cards_obtained":["Halt"]},{"damage_healed":0.0,"max_hp_gain":0.0,"max_hp_loss":0.0,"gold_gain":0.0,"event_name":"World of Goop","player_choice":"Left Gold","floor":5.0,"gold_loss":24.0,"damage_taken":0.0},{"damage_healed":0.0,"max_hp_gain":0.0,"max_hp_loss":0.0,"gold_gain":0.0,"event_name":"Shining Light","player_choice":"Entered Light","floor":8.0,"gold_loss":0.0,"damage_taken":14.0,"cards_upgraded":["MentalFortress","Tantrum"]},{"damage_healed":0.0,"max_hp_gain":0.0,"max_hp_loss":0.0,"gold_gain":0.0,"event_name":"Ghosts","player_choice":"Ignored","floor":20.0,"gold_loss":0.0,"damage_taken":0.0},{"damage_healed":0.0,"max_hp_gain":5.0,"max_hp_loss":0.0,"gold_gain":0.0,"event_name":"Forgotten Altar","player_choice":"Shed Blood","floor":21.0,"gold_loss":0.0,"damage_taken":19.0},{"damage_healed":0,"gold_gain":0,"player_choice":"Fight","damage_taken":0,"max_hp_gain":0,"max_hp_loss":0,"event_name":"MindBloom","floor":37,"gold_loss":0},{"damage_healed":0,"gold_gain":0,"player_choice":"Upgraded","damage_taken":0,"max_hp_gain":0,"max_hp_loss":0,"event_name":"Upgrade Shrine","floor":38,"gold_loss":0,"cards_upgraded":["DeusExMachina"]}],"is_beta":false,"boss_relics":[{"not_picked":["Snecko Eye","Coffee Dripper"],"picked":"Tiny House"},{"not_picked":["Empty Cage","Sozu"],"picked":"Astrolabe"}],"items_purged_floors":[],"is_endless":false,"potions_floor_spawned":[1,12,16,19,25,29,35],"killed_by":"3 Shapes","ascension_level":8}}