{"host":"gcjbq24aew6ut89u","time":1614411308,"event":{"mods":["BaseMod","Colored Powertips","Highlight Path","Hubris","KomeijiMod","Marisa£®ÏF”Í°°ƒß¿Ì…≥£©","Minty Spire (QoL Compilation)","Replay The Spire","Shop Mod","StSLib","The Animator","The Jungle","Waifu the Spire"],"gold_per_floor":[111,61,135,20,32,61,61,61,61,75,85,124,144,163,163,163,163],"floor_reached":16,"language":"ZHS","playtime":1543,"items_purged":[],"score":137,"play_id":"e1790280-6a29-4b00-ad9f-80a0a0a189a0","local_time":"20210227153508","is_ascension_mode":false,"campfire_choices":[{"data":"animator:Entoma","floor":7.0,"key":"SMITH"},{"data":"animator:Entoma+5","floor":15,"key":"SMITH"}],"circlet_count":0,"master_deck":["animator:Strike_Konosuba","animator:Defend_Konosuba","animator:Strike","animator:Strike","animator:Defend","animator:Defend","animator:Defend","animator:Kazuma","animator:Aqua","animator:Melzalgald","animator:Entoma+6","animator:GazelDwargon","animator:Jibril","animator:NarberalGamma","animator:Rimuru","animator:Cocytus"],"relics":["animator:LivingPicture","animator:TheMissingPiece","NeowsBlessing","Anchor","Meat on the Bone","hubris:OldNail"],"acts_visited":["Exordium"],"potions_floor_usage":[12,16],"damage_taken":[{"damage":0.0,"enemies":"Jaw Worm","floor":1.0,"turns":1.0},{"damage":0.0,"enemies":"Small Slimes","floor":5.0,"turns":1.0},{"damage":0.0,"enemies":"Lagavulin","floor":6.0,"turns":1.0},{"damage":0.0,"enemies":"2 Louse","floor":10.0,"turns":5.0},{"damage":15.0,"enemies":"Exordium Wildlife","floor":11.0,"turns":7.0},{"damage":24,"enemies":"Gremlin Nob","floor":12,"turns":5},{"damage":22,"enemies":"Gremlin Gang","floor":13,"turns":3},{"damage":0,"enemies":"2 Fungi Beasts","floor":14,"turns":3},{"damage":51,"enemies":"Hexaghost","floor":16,"turns":11}],"seed_played":"8958989925773495623","potions_obtained":[{"floor":1.0,"key":"Milkshake"},{"floor":10.0,"key":"Weak Potion"},{"floor":11.0,"key":"SneckoOil"}],"is_trial":false,"path_per_floor":["M","?","?","$","M","E","R","?","T","M","M","E","M","M","R","B"],"character_chosen":"THE_ANIMATOR","items_purchased":["animator:Entoma","animator:GazelDwargon"],"campfire_rested":0,"item_purchase_floors":[4,4],"current_hp_per_floor":[66,66,66,66,66,66,66,66,66,68,57,37,29,46,46,0,0],"gold":163,"neow_bonus":"THREE_ENEMY_KILL","is_daily":false,"chose_seed":false,"campfire_upgraded":2,"win_rate":0.0,"timestamp":1614411308,"path_taken":["M","?","?","$","M","E","R","?","T","?","?","E","M","M","R","BOSS"],"items_purchased_type":["Card","Card"],"build_version":"2020-12-22","purchased_purges":0,"victory":false,"max_hp_per_floor":[66,66,66,66,66,66,66,66,66,68,70,72,72,75,75,75,75],"card_choices":[{"not_picked":["animator:Jibril","animator:Tatsumaki"],"picked":"animator:Melzalgald","floor":1.0},{"not_picked":["animator:SuzuneAmano","animator:Sloth","animator:GazelDwargon"],"picked":"SKIP","floor":5.0},{"not_picked":["animator:Kazuma","animator:FielNirvalen","animator:Melzalgald"],"picked":"SKIP","floor":6.0},{"not_picked":["animator:ElricAlphonse","animator:DolaRiku"],"picked":"animator:Jibril","floor":11.0},{"not_picked":["animator:SayakaMiki","animator:Scar"],"picked":"animator:NarberalGamma","floor":12},{"not_picked":["animator:Mitsurugi","animator:FielNirvalen"],"picked":"animator:Rimuru","floor":13},{"not_picked":["animator:PandorasActor","animator:Entoma"],"picked":"animator:Cocytus","floor":14}],"player_experience":84615,"relics_obtained":[{"floor":6.0,"key":"Anchor"},{"floor":9.0,"key":"Meat on the Bone"},{"floor":12,"key":"hubris:OldNail"}],"event_choices":[{"cards_removed":["animator:Strike"],"damage_healed":0.0,"max_hp_gain":0.0,"max_hp_loss":0.0,"gold_gain":0.0,"event_name":"The Cleric","player_choice":"Card Removal","floor":2.0,"gold_loss":50.0,"damage_taken":0.0},{"damage_healed":0.0,"max_hp_gain":0.0,"max_hp_loss":0.0,"gold_gain":74.0,"event_name":"Golden Wing","player_choice":"Gained Gold","floor":3.0,"gold_loss":0.0,"damage_taken":0.0}],"is_beta":false,"boss_relics":[],"items_purged_floors":[],"is_endless":false,"potions_floor_spawned":[1,10,11],"killed_by":"Hexaghost","ascension_level":0}}