{"host":"i7jfea87xc8lz16p","time":1614429740,"event":{"mods":["AchievementEnabler","BaseMod","Colored Powertips","Minty Spire (QoL Compilation)","Relic Stats"],"gold_per_floor":[117,117,117,117,167,167,48,79,79,79,114,126,157,212,224,236,236],"floor_reached":16,"language":"ENG","playtime":291,"items_purged":["Strike_G"],"score":328,"play_id":"4aa90394-a90f-4909-b714-323a02a27b6c","local_time":"20210227134220","is_ascension_mode":true,"campfire_choices":[{"data":"Crippling Poison","floor":6,"key":"SMITH"},{"floor":10,"key":"REST"},{"floor":12,"key":"REST"},{"data":"Leg Sweep","floor":15,"key":"SMITH"}],"circlet_count":0,"master_deck":["AscendersBane","Strike_G","Strike_G","Strike_G","Strike_G","Defend_G","Defend_G","Defend_G","Defend_G","Defend_G","Survivor","Neutralize","Crippling Poison+1","All Out Attack+1","Masterful Stab+1","Sucker Punch+1","Leg Sweep+1","Glass Knife+1"],"relics":["Ring of the Snake","NeowsBlessing","Molten Egg 2","Golden Idol","Potion Belt","Ginger","MawBank","Thread and Needle"],"acts_visited":["Exordium"],"potions_floor_usage":[16],"damage_taken":[{"damage":0,"enemies":"Small Slimes","floor":1,"turns":1},{"damage":0,"enemies":"3 Sentries","floor":8,"turns":1},{"damage":0,"enemies":"Gremlin Nob","floor":11,"turns":1},{"damage":0,"enemies":"2 Louse","floor":13,"turns":2},{"damage":9,"enemies":"3 Sentries","floor":14,"turns":6},{"damage":41,"enemies":"Hexaghost","floor":16,"turns":11}],"seed_played":"5159912218743124740","potions_obtained":[{"floor":1,"key":"PowerPotion"},{"floor":13,"key":"PowerPotion"}],"is_trial":false,"path_per_floor":["M","?","?","?","?","R","$","E","T","R","E","R","M","E","R","B"],"character_chosen":"THE_SILENT","items_purchased":["All Out Attack+1"],"campfire_rested":2,"item_purchase_floors":[7],"current_hp_per_floor":[59,14,14,14,14,14,14,14,14,32,32,50,50,41,41,0,0],"gold":236,"neow_bonus":"THREE_ENEMY_KILL","is_daily":false,"chose_seed":false,"campfire_upgraded":2,"win_rate":0.0,"timestamp":1614429740,"path_taken":["M","?","?","?","?","R","$","E","T","R","E","R","?","E","R","BOSS"],"items_purchased_type":["Card"],"build_version":"2020-12-22","purchased_purges":1,"victory":false,"max_hp_per_floor":[66,66,66,60,60,60,60,60,60,60,60,60,60,60,60,60,60],"relic_stats":{"counters":[6,22],"Golden Idol":26,"Ginger":[0],"MawBank":60,"obtain_stats":[{"Potion Belt":8,"NeowsBlessing":0,"Golden Idol":4,"Molten Egg 2":2,"Thread and Needle":14,"Ginger":9,"MawBank":11,"Ring of the Snake":0},{"Potion Belt":2,"NeowsBlessing":0,"Golden Idol":1,"Molten Egg 2":1,"Thread and Needle":5,"Ginger":2,"MawBank":3,"Ring of the Snake":0},{"Potion Belt":2,"NeowsBlessing":0,"Golden Idol":1,"Molten Egg 2":1,"Thread and Needle":11,"Ginger":2,"MawBank":3,"Ring of the Snake":0}],"Ring of the Snake":[12]},"card_choices":[{"not_picked":["Acrobatics","Terror"],"picked":"Crippling Poison","floor":1},{"not_picked":["Outmaneuver","Bane+1"],"picked":"Masterful Stab+1","floor":8},{"not_picked":["Endless Agony+1","Choke+1"],"picked":"Sucker Punch+1","floor":11},{"not_picked":["All Out Attack+1","Tactician"],"picked":"Leg Sweep","floor":13},{"not_picked":["Dodge and Roll","Cloak And Dagger"],"picked":"Glass Knife+1","floor":14}],"player_experience":1852419,"relics_obtained":[{"floor":8,"key":"Potion Belt"},{"floor":9,"key":"Ginger"},{"floor":11,"key":"MawBank"},{"floor":14,"key":"Thread and Needle"}],"event_choices":[{"damage_healed":0,"gold_gain":0,"player_choice":"Success","damage_taken":45,"relics_obtained":["Molten Egg 2"],"max_hp_gain":0,"max_hp_loss":0,"event_name":"Scrap Ooze","floor":2,"gold_loss":0},{"damage_healed":0,"gold_gain":0,"player_choice":"Ignored","damage_taken":0,"max_hp_gain":0,"max_hp_loss":0,"event_name":"Liars Game","floor":3,"gold_loss":0},{"damage_healed":0,"gold_gain":0,"player_choice":"Lose Max HP","damage_taken":0,"relics_obtained":["Golden Idol"],"max_hp_gain":0,"max_hp_loss":6,"event_name":"Golden Idol","floor":4,"gold_loss":0},{"damage_healed":0,"gold_gain":50,"player_choice":"Pray","damage_taken":0,"max_hp_gain":0,"max_hp_loss":0,"event_name":"Golden Shrine","floor":5,"gold_loss":0}],"is_beta":false,"boss_relics":[],"items_purged_floors":[7],"is_endless":false,"potions_floor_spawned":[1,13],"killed_by":"Hexaghost","ascension_level":20}}