{"host":"dyzdf8svqmiivg97","time":1614398381,"event":{"mods":["AchievementEnabler","BaseMod","Colored Map","DeckTracker","Minty Spire (QoL Compilation)","Quick Restart","Rare Cards Sparkle","SuperFastMode"],"gold_per_floor":[112,112,125,125,125,125,155,155,207,63,113,132,57,85,85,159,159,177,196,223,243,243,243,243,243,288,317,331,331,151,151,151,151,151],"floor_reached":33,"language":"KOR","playtime":541,"items_purged":["Strike_P","Defend_P"],"score":561,"play_id":"c9522621-6e32-41b3-ab63-4f63efa43586","local_time":"20210227125941","is_ascension_mode":true,"campfire_choices":[{"data":"Eruption","floor":6,"key":"SMITH"},{"data":"WheelKick","floor":8,"key":"SMITH"},{"data":"CrushJoints","floor":15,"key":"SMITH"},{"data":"Scrawl","floor":23,"key":"SMITH"},{"floor":25,"key":"REST"},{"floor":29,"key":"REST"},{"floor":32,"key":"REST"}],"circlet_count":0,"master_deck":["AscendersBane","Strike_P","Strike_P","Defend_P","Defend_P","Defend_P","Eruption+1","Vigilance","WheelKick+1","CrushJoints+1","Scrawl+1","Tantrum","InnerPeace+1","Finesse"],"relics":["PureWater","NeowsBlessing","CeramicFish","Damaru","Akabeko","Pear","VioletLotus","Enchiridion","PreservedInsect"],"acts_visited":["Exordium","TheCity"],"potions_floor_usage":[19,19,33],"damage_taken":[{"damage":0,"enemies":"2 Louse","floor":1,"turns":1},{"damage":0,"enemies":"Jaw Worm","floor":3,"turns":1},{"damage":0,"enemies":"3 Sentries","floor":7,"turns":1},{"damage":0,"enemies":"Small Slimes","floor":12,"turns":2},{"damage":0,"enemies":"Gremlin Nob","floor":14,"turns":2},{"damage":4,"enemies":"Slime Boss","floor":16,"turns":7},{"damage":0,"enemies":"Spheric Guardian","floor":18,"turns":2},{"damage":19,"enemies":"2 Thieves","floor":19,"turns":3},{"damage":0,"enemies":"Shelled Parasite and Fungi","floor":20,"turns":2},{"damage":18,"enemies":"Centurion and Healer","floor":21,"turns":4},{"damage":26,"enemies":"Snecko","floor":27,"turns":3},{"damage":16,"enemies":"Snake Plant","floor":28,"turns":2},{"damage":60,"enemies":"Automaton","floor":33,"turns":4}],"seed_played":"-134998277559865716","potions_obtained":[{"floor":1,"key":"Block Potion"},{"floor":3,"key":"Ancient Potion"},{"floor":12,"key":"Energy Potion"},{"floor":18,"key":"SkillPotion"},{"floor":28,"key":"AttackPotion"}],"is_trial":false,"path_per_floor":["M","$","M","?","?","R","E","R","T","$","T","M","$","E","R","B",null,"M","M","M","M","?","R","?","R","T","M","M","R","$","?","R","B"],"character_chosen":"WATCHER","items_purchased":["Scrawl","Finesse"],"campfire_rested":3,"item_purchase_floors":[10,30],"current_hp_per_floor":[61,61,61,61,66,66,66,66,66,66,66,66,66,76,76,72,80,80,61,61,43,43,43,22,46,46,20,4,28,28,28,52,0,0],"gold":151,"neow_bonus":"THREE_ENEMY_KILL","is_daily":false,"chose_seed":false,"campfire_upgraded":4,"win_rate":0.0,"timestamp":1614398381,"path_taken":["M","$","M","?","?","R","E","R","T","?","?","?","$","E","R","BOSS","M","M","M","M","?","R","?","R","T","M","M","R","$","?","R","BOSS"],"items_purchased_type":["Card","Card"],"build_version":"2020-12-22","purchased_purges":2,"victory":false,"max_hp_per_floor":[68,68,68,68,73,73,73,73,73,73,73,73,73,83,83,83,83,83,83,83,83,83,83,83,83,83,83,83,83,83,83,83,83,83],"card_choices":[{"not_picked":["Evaluate","Study"],"picked":"WheelKick","floor":1},{"not_picked":["ThirdEye","FlyingSleeves"],"picked":"CrushJoints","floor":3},{"not_picked":["EmptyBody","ReachHeaven","Blasphemy"],"picked":"SKIP","floor":7},{"not_picked":["SashWhip","Evaluate","Consecrate"],"picked":"SKIP","floor":12},{"not_picked":["LikeWater","WreathOfFlame","ThirdEye"],"picked":"SKIP","floor":14},{"not_picked":["CutThroughFate","JustLucky","PathToVictory+1"],"picked":"SKIP","floor":18},{"not_picked":["FollowUp","Sanctity","PathToVictory"],"picked":"SKIP","floor":19},{"not_picked":["PathToVictory","SashWhip+1"],"picked":"Tantrum","floor":20},{"not_picked":["FlurryOfBlows","Prostrate+1","FollowUp"],"picked":"SKIP","floor":21},{"not_picked":["FollowUp","JustLucky"],"picked":"InnerPeace+1","floor":27},{"not_picked":["Consecrate","Vengeance","ThirdEye+1"],"picked":"SKIP","floor":28}],"player_experience":621301,"relics_obtained":[{"floor":7,"key":"CeramicFish"},{"floor":9,"key":"Damaru"},{"floor":11,"key":"Akabeko"},{"floor":14,"key":"Pear"},{"floor":24,"key":"Enchiridion"},{"floor":26,"key":"PreservedInsect"}],"event_choices":[{"cards_removed":["Strike_P"],"damage_healed":0,"gold_gain":0,"player_choice":"Forget","damage_taken":0,"max_hp_gain":0,"max_hp_loss":0,"event_name":"Living Wall","floor":4,"gold_loss":0},{"damage_healed":0,"gold_gain":0,"player_choice":"Donut","damage_taken":0,"max_hp_gain":5,"max_hp_loss":0,"event_name":"Big Fish","floor":5,"gold_loss":0},{"damage_healed":0,"gold_gain":0,"player_choice":"Ignored","damage_taken":0,"max_hp_gain":0,"max_hp_loss":0,"event_name":"Ghosts","floor":22,"gold_loss":0},{"damage_healed":0,"gold_gain":0,"player_choice":"Obtained Book","damage_taken":21,"max_hp_gain":0,"max_hp_loss":0,"event_name":"Cursed Tome","floor":24,"gold_loss":0},{"damage_healed":0,"gold_gain":0,"player_choice":"Ignored","damage_taken":0,"max_hp_gain":0,"max_hp_loss":0,"event_name":"The Mausoleum","floor":31,"gold_loss":0}],"is_beta":false,"boss_relics":[{"not_picked":["Ectoplasm","Empty Cage"],"picked":"VioletLotus"}],"items_purged_floors":[13,30],"is_endless":false,"potions_floor_spawned":[1,3,12,18,28],"killed_by":"Automaton","ascension_level":17}}