{"host":"jsd6g3c2vo13e69c","time":1614433157,"event":{"mods":["2.2 Compatiblity","Act Like it!","BaseMod","Better Altar","Better Match","Better Note","Better Sensory Stone","Better Third Choice","BetterRewards","Colored Map","Colored Powertips","Downfall","Friendly Minions","GifTheSpireLib","Googly Eyes","Gremlin Mod","Hermit","Hubris","Infinite Spire","Melee Mod","Minty Spire (QoL Compilation)","Permanent Neow","Quick Restart","Random Character Button","Replay The Spire","Shop Mod","Spire Arcade","StSLib","The Cursed","The Disciple","The Forsaken","thorton"],"gold_per_floor":[199,211,227,241,255,290,317,340,140,590,590,618,618,618,640,640,640,640],"floor_reached":16,"language":"ENG","playtime":529,"items_purged":[],"score":104,"play_id":"c83485f7-909d-49f2-8649-90d50adcbc66","local_time":"20210227083917","is_ascension_mode":false,"campfire_choices":[{"data":"hexamod:Sear","floor":1,"key":"SMITH"},{"data":"hexamod:GhostOfSpirePast","floor":9,"key":"SMITH"},{"floor":13,"key":"RECALL"}],"circlet_count":0,"master_deck":["hexamod:Strike","hexamod:Strike","hexamod:Strike","hexamod:Strike","hexamod:Defend","hexamod:Defend","hexamod:Defend","hexamod:Defend","hexamod:Sear+1","hexamod:Float","hexamod:BurningTouch","hexamod:FastForward","hexamod:GhostOfSpirePast+1","hexamod:SecondSeal","hexamod:FastForward","downfall:Icky","downfall:Icky","downfall:Icky","hexamod:TimeOfNeed","hexamod:FirstSeal","hexamod:BurningTouch"],"relics":["hexamod:SpiritBrand","Pen Nib","downfall:HeartBlessingBlue","downfall:HeartBlessingGreen"],"acts_visited":["Exordium"],"potions_floor_usage":[6,15,16,16],"damage_taken":[{"damage":0,"enemies":"Cultist","floor":2,"turns":3},{"damage":0,"enemies":"2 Louse","floor":3,"turns":4},{"damage":0,"enemies":"Small Slimes","floor":4,"turns":3},{"damage":4,"enemies":"Blue Slaver","floor":5,"turns":3},{"damage":47,"enemies":"3 Sentries","floor":6,"turns":7},{"damage":10,"enemies":"2 Fungi Beasts","floor":8,"turns":4},{"damage":10,"enemies":"3 Louse","floor":12,"turns":3},{"damage":8,"enemies":"downfall:LooterAlt","floor":15,"turns":4},{"damage":9,"enemies":"IC_STATUS_ARCHETYPE","floor":16,"turns":2}],"seed_played":"-2991276177333996571","potions_obtained":[{"floor":3,"key":"champ:CounterPotion"},{"floor":6,"key":"LiquidBronze"},{"floor":12,"key":"AttackPotion"},{"floor":15,"key":"hexamod:SoulburnPotion"}],"is_trial":false,"path_per_floor":["R","M","M","M","M","E","T","M","R","?","?","M","R","?","M","B"],"character_chosen":"THE_SPIRIT","items_purchased":[],"campfire_rested":0,"item_purchase_floors":[],"current_hp_per_floor":[70,70,70,70,66,19,19,9,19,19,19,9,9,9,8,0,0,0],"gold":640,"neow_bonus":"HUNDRED_GOLD","is_daily":false,"chose_seed":false,"campfire_upgraded":2,"win_rate":0.0,"timestamp":1614433157,"path_taken":["R","M","M","M","M","E","T","M","R","?","?","M","R","?","M","BOSS"],"items_purchased_type":[],"build_version":"2020-12-22","purchased_purges":0,"victory":false,"max_hp_per_floor":[70,70,70,70,70,70,70,70,80,80,80,80,80,80,80,80,80,80],"card_choices":[{"not_picked":["hexamod:SpectersWail","hexamod:Hexaguard"],"picked":"hexamod:BurningTouch","floor":2},{"not_picked":["hexamod:GhostflameBarrier","hexamod:SuperheatedStrike","hexamod:InspiringFlames"],"picked":"SKIP","floor":3},{"not_picked":["hexamod:SuperheatedStrike","hexamod:Firestarter"],"picked":"hexamod:FastForward","floor":4},{"not_picked":["hexamod:Again","hexamod:FastForward"],"picked":"hexamod:GhostOfSpirePast","floor":5},{"not_picked":["hexamod:GhostShield","hexamod:EtherealExpedition"],"picked":"hexamod:SecondSeal","floor":6},{"not_picked":["hexamod:SuperheatedStrike","hexamod:HauntingEcho"],"picked":"hexamod:FastForward","floor":8},{"not_picked":["hexamod:AdvancingGuard","hexamod:BacktrackSmack"],"picked":"hexamod:TimeOfNeed","floor":12},{"not_picked":["hexamod:PhantomFireball","hexamod:SwordOfDarkness"],"picked":"hexamod:BurningTouch","floor":15}],"player_experience":533240,"relics_obtained":[{"floor":6,"key":"Pen Nib"}],"event_choices":[{"cards_removed":["hexamod:TimeOfNeed"],"damage_healed":0,"gold_gain":0,"player_choice":"Take \u0026 Give","damage_taken":0,"max_hp_gain":0,"max_hp_loss":0,"event_name":"betterNote:BetterNote","floor":14,"gold_loss":0,"cards_obtained":["hexamod:FirstSeal"]}],"is_beta":false,"boss_relics":[],"items_purged_floors":[],"is_endless":false,"potions_floor_spawned":[3,6,12,15],"killed_by":"IC_STATUS_ARCHETYPE","ascension_level":0}}