{"host":"nheeijcahh9jjto4","time":1614446514,"event":{"mods":["2.2 Compatiblity","AchievementEnabler","Act Like it!","Aspiration","BaseMod","Better Match","Better Note","Better Third Choice","Colorless Booster Pack","Conjunction","Conspire","Custom Start","Downfall","Duelist Mod","Energized Spire","GifTheSpireLib","Halation","Hubris","Infinite Spire","Minty Spire (QoL Compilation)","Rare Cards Sparkle","Replay The Spire","StSLib","Stuff the Spire"],"gold_per_floor":[117,135,155,155,155,155,155],"floor_reached":6,"language":"ENG","playtime":390,"items_purged":[],"score":38,"play_id":"665e5304-9677-40a3-824b-0a0eb805371d","local_time":"20210227172154","is_ascension_mode":true,"campfire_choices":[],"circlet_count":0,"master_deck":["Strike_B","Strike_B","Strike_B","Strike_B","Defend_B","Defend_B","Defend_B","Defend_B","Zap+1","Dualcast","BasicCrystalCard","Hologram"],"relics":["Cracked Core","hubris:EvacipatedBox"],"acts_visited":["Exordium"],"potions_floor_usage":[6],"damage_taken":[{"damage":1,"enemies":"Jaw Worm","floor":1,"turns":3},{"damage":0,"enemies":"Cultist","floor":2,"turns":3},{"damage":13,"enemies":"infinitespire:Voidling","floor":3,"turns":3},{"damage":49,"enemies":"Gremlin Nob","floor":6,"turns":4}],"seed_played":"-3843064121396097298","potions_obtained":[{"floor":1,"key":"DistilledChaos"},{"floor":2,"key":"SteroidPotion"}],"is_trial":false,"path_per_floor":["M","M","M","?","$","E"],"character_chosen":"DEFECT","items_purchased":["hubris:EvacipatedBox"],"campfire_rested":0,"item_purchase_floors":[5],"current_hp_per_floor":[74,74,61,61,42,0,0],"gold":155,"neow_bonus":"UPGRADE_CARD","is_daily":false,"chose_seed":false,"campfire_upgraded":0,"win_rate":0.0,"timestamp":1614446514,"path_taken":["M","M","M","?","?","E"],"items_purchased_type":["Relic"],"build_version":"2020-12-22","purchased_purges":0,"victory":false,"max_hp_per_floor":[75,75,75,75,75,75,75],"card_choices":[{"not_picked":["StuffTheSpire:GlassShard","Panic Button"],"picked":"BasicCrystalCard","floor":1},{"not_picked":["Tempest","Scrape"],"picked":"Hologram","floor":2},{"not_picked":["ReplayGash","Rebound","Fusion"],"picked":"SKIP","floor":3}],"player_experience":230503,"relics_obtained":[],"event_choices":[{"cards_removed":["Strike_B"],"damage_healed":0,"gold_gain":0,"player_choice":"Give","damage_taken":0,"max_hp_gain":0,"max_hp_loss":0,"event_name":"betterNote:BetterNote","floor":4,"gold_loss":0,"cards_obtained":["theDuelist:BeaverWarrior"]}],"is_beta":false,"boss_relics":[],"items_purged_floors":[],"is_endless":false,"potions_floor_spawned":[1,2],"killed_by":"Gremlin Nob","ascension_level":1}}