{"host":"aq7km0trio740wk5","time":1614390314,"event":{"mods":["BaseMod","Colored Powertips","Highlight Path","Minty Spire (QoL Compilation)","Permanent Neow","Relic Stats"],"gold_per_floor":[114,128,138,138,158,185,185,220,220,284,298,323,323,341,341,415,415,434,434,117,130,130,130,145,145,145,160,160,176,211,227,227,304,304,316,332,332,346,366,366,366],"floor_reached":40,"language":"ENG","playtime":1914,"items_purged":["Strike_B+1"],"score":994,"play_id":"997fd45a-cbbc-42ea-ac4c-e6f8e29f9392","local_time":"20210226194514","is_ascension_mode":true,"campfire_choices":[{"floor":7,"key":"REST"},{"data":"Defragment","floor":13,"key":"SMITH"},{"data":"Defragment","floor":15,"key":"SMITH"},{"data":"Loop","floor":23,"key":"SMITH"},{"floor":25,"key":"REST"},{"data":"Doom and Gloom","floor":28,"key":"SMITH"},{"data":"Defragment","floor":32,"key":"SMITH"}],"circlet_count":0,"master_deck":["AscendersBane","Strike_B+1","Strike_B+1","Strike_B+1","Defend_B+1","Defend_B+1","Defend_B+1","Defend_B+1","Zap","Dualcast","Compile Driver","Ball Lightning","Go for the Eyes+1","Reinforced Body","Defragment+1","Defragment+1","Multi-Cast","Doom and Gloom+1","Chill","Amplify","Heatsinks","Loop+1","Genetic Algorithm","Hologram","Turbo","Defragment+1","Seek","Undo+1","Doom and Gloom","Conserve Battery+1","Sunder+1"],"relics":["Cracked Core","Ice Cream","Pantograph","Lantern","Regal Pillow","Singing Bowl","Ancient Tea Set","Nuclear Battery","Centennial Puzzle","Pear","Shuriken","Snecko Eye"],"acts_visited":["Exordium","TheCity","TheBeyond"],"potions_floor_usage":[6,8,10,18,38,40],"damage_taken":[{"damage":0,"enemies":"2 Louse","floor":1,"turns":1},{"damage":0,"enemies":"Cultist","floor":2,"turns":4},{"damage":6,"enemies":"Small Slimes","floor":3,"turns":3},{"damage":15,"enemies":"Exordium Wildlife","floor":5,"turns":3},{"damage":15,"enemies":"Lagavulin","floor":6,"turns":7},{"damage":5,"enemies":"3 Sentries","floor":8,"turns":3},{"damage":16,"enemies":"3 Sentries","floor":10,"turns":6},{"damage":9,"enemies":"Red Slaver","floor":11,"turns":2},{"damage":4,"enemies":"Exordium Thugs","floor":14,"turns":3},{"damage":0,"enemies":"The Guardian","floor":16,"turns":6},{"damage":12,"enemies":"3 Byrds","floor":18,"turns":2},{"damage":10,"enemies":"Spheric Guardian","floor":21,"turns":4},{"damage":22,"enemies":"Snake Plant","floor":24,"turns":2},{"damage":0,"enemies":"Cultist and Chosen","floor":27,"turns":4},{"damage":0,"enemies":"3 Cultists","floor":29,"turns":4},{"damage":10,"enemies":"Gremlin Leader","floor":30,"turns":5},{"damage":40,"enemies":"Shelled Parasite and Fungi","floor":31,"turns":5},{"damage":17,"enemies":"Champ","floor":33,"turns":5},{"damage":2,"enemies":"3 Shapes","floor":35,"turns":7},{"damage":26,"enemies":"3 Darklings","floor":36,"turns":3},{"damage":17,"enemies":"4 Shapes","floor":38,"turns":6},{"damage":20,"enemies":"Spire Growth","floor":39,"turns":6},{"damage":14,"enemies":"Nemesis","floor":40,"turns":6}],"seed_played":"67470436354655285","potions_obtained":[{"floor":5,"key":"Weak Potion"},{"floor":6,"key":"ColorlessPotion"},{"floor":8,"key":"Block Potion"},{"floor":10,"key":"LiquidBronze"},{"floor":14,"key":"FairyPotion"},{"floor":21,"key":"ColorlessPotion"},{"floor":22,"key":"AttackPotion"},{"floor":33,"key":"Regen Potion"},{"floor":36,"key":"PowerPotion"},{"floor":39,"key":"FocusPotion"}],"is_trial":false,"path_per_floor":["M","M","M","?","M","E","R","E","T","?","M","T","R","M","R","B",null,"M","?","$","M","?","R","M","R","T","M","R","M","E","M","R","B",null,"M","M","?","M","M","E"],"character_chosen":"DEFECT","items_purchased":["Centennial Puzzle","Heatsinks"],"campfire_rested":2,"item_purchase_floors":[20,20],"current_hp_per_floor":[64,64,58,58,43,28,47,42,42,26,17,17,17,13,13,38,58,48,48,48,38,38,38,18,53,63,63,63,63,53,13,13,21,64,62,36,32,29,9,0,0],"gold":366,"neow_bonus":"ONE_RARE_RELIC","is_daily":false,"chose_seed":false,"campfire_upgraded":5,"win_rate":0.0,"timestamp":1614390314,"path_taken":["M","M","M","?","?","E","R","E","T","?","M","?","R","?","R","BOSS","M","?","$","M","?","R","?","R","T","M","R","M","E","M","R","BOSS","M","M","?","M","?","E"],"items_purchased_type":["Relic","Card"],"build_version":"2020-12-22","purchased_purges":1,"victory":false,"max_hp_per_floor":[64,64,64,64,64,64,64,64,64,64,64,64,64,64,64,64,64,66,66,66,66,66,66,68,68,78,78,78,78,78,78,78,78,78,78,78,78,78,78,78,78],"relic_stats":{"Regal Pillow":15,"Centennial Puzzle":[30],"Singing Bowl":4,"counters":[23,97],"Shuriken":[9],"Pantograph":50,"Snecko Eye":[40,48,44,40],"obtain_stats":[{"Ice Cream":0,"Lantern":8,"Regal Pillow":9,"Centennial Puzzle":20,"Pear":26,"Singing Bowl":10,"Shuriken":30,"Pantograph":6,"Snecko Eye":34,"Cracked Core":0,"Ancient Tea Set":12,"Nuclear Battery":17},{"Ice Cream":0,"Lantern":6,"Regal Pillow":6,"Centennial Puzzle":11,"Pear":13,"Singing Bowl":7,"Shuriken":16,"Pantograph":5,"Snecko Eye":18,"Cracked Core":0,"Ancient Tea Set":8,"Nuclear Battery":10},{"Ice Cream":0,"Lantern":21,"Regal Pillow":21,"Centennial Puzzle":40,"Pear":46,"Singing Bowl":27,"Shuriken":59,"Pantograph":18,"Snecko Eye":69,"Cracked Core":0,"Ancient Tea Set":29,"Nuclear Battery":38}]},"card_choices":[{"not_picked":["Beam Cell","Rebound"],"picked":"Compile Driver","floor":1},{"not_picked":["Rainbow","Darkness"],"picked":"Ball Lightning","floor":2},{"not_picked":["Force Field","Melter"],"picked":"Go for the Eyes","floor":3},{"not_picked":["Lockon","Redo"],"picked":"Reinforced Body","floor":5},{"not_picked":["Gash","Rebound"],"picked":"Defragment","floor":6},{"not_picked":["Conserve Battery","Melter"],"picked":"Defragment","floor":8},{"not_picked":["Consume","Compile Driver"],"picked":"Multi-Cast","floor":10},{"not_picked":["Go for the Eyes","Sweeping Beam"],"picked":"Doom and Gloom","floor":11},{"not_picked":["Redo","Hologram"],"picked":"Chill","floor":14},{"not_picked":["Rainbow","Reboot"],"picked":"Amplify","floor":16},{"not_picked":["Reinforced Body","Scrape","Doom and Gloom"],"picked":"Singing Bowl","floor":18},{"not_picked":["Rebound","Barrage"],"picked":"Loop","floor":21},{"not_picked":["Redo","Rebound","Go for the Eyes"],"picked":"Singing Bowl","floor":24},{"not_picked":["Steam","Compile Driver+1"],"picked":"Genetic Algorithm","floor":27},{"not_picked":["Gash","Turbo"],"picked":"Hologram","floor":29},{"not_picked":["Barrage","Auto Shields"],"picked":"Turbo","floor":30},{"not_picked":["Sunder","Fusion"],"picked":"Defragment","floor":31},{"not_picked":["Hyperbeam","Buffer"],"picked":"Seek","floor":33},{"not_picked":["Steam","Tempest"],"picked":"Undo+1","floor":35},{"not_picked":["Cold Snap","Steam"],"picked":"Doom and Gloom","floor":36},{"not_picked":["White Noise","BootSequence"],"picked":"Conserve Battery+1","floor":38},{"not_picked":["Gash","Compile Driver+1"],"picked":"Sunder+1","floor":39}],"player_experience":4132241,"relics_obtained":[{"floor":6,"key":"Pantograph"},{"floor":8,"key":"Lantern"},{"floor":9,"key":"Regal Pillow"},{"floor":10,"key":"Singing Bowl"},{"floor":12,"key":"Ancient Tea Set"},{"floor":26,"key":"Pear"},{"floor":30,"key":"Shuriken"}],"event_choices":[{"damage_healed":0,"gold_gain":0,"player_choice":"Upgraded","damage_taken":0,"max_hp_gain":0,"max_hp_loss":0,"event_name":"Upgrade Shrine","floor":4,"gold_loss":0,"cards_upgraded":["Go for the Eyes"]},{"damage_healed":0,"gold_gain":30,"player_choice":"Searched \u00273\u0027 times","damage_taken":0,"max_hp_gain":0,"max_hp_loss":0,"event_name":"Dead Adventurer","floor":10,"gold_loss":0},{"damage_healed":0,"gold_gain":0,"player_choice":"Simplicity","damage_taken":0,"max_hp_gain":0,"max_hp_loss":0,"event_name":"Back to Basics","floor":19,"gold_loss":0,"cards_upgraded":["Strike_B","Strike_B","Strike_B","Strike_B","Defend_B","Defend_B","Defend_B","Defend_B"]},{"damage_healed":0,"gold_gain":0,"player_choice":"Got Potions","damage_taken":0,"max_hp_gain":0,"max_hp_loss":0,"event_name":"Lab","floor":22,"gold_loss":0},{"damage_healed":0,"gold_gain":0,"player_choice":"Bought 0 Potions","damage_taken":0,"max_hp_gain":0,"max_hp_loss":0,"event_name":"The Woman in Blue","floor":37,"gold_loss":0}],"is_beta":false,"boss_relics":[{"not_picked":["Busted Crown","Calling Bell"],"picked":"Nuclear Battery"},{"not_picked":["Sozu","Pandora\u0027s Box"],"picked":"Snecko Eye"}],"items_purged_floors":[20],"is_endless":false,"potions_floor_spawned":[5,6,8,10,14,21,30,33,36,39],"killed_by":"Nemesis","ascension_level":20}}