{"host":"Oniwa","time":1614417328,"event":{"mods":["BaseMod","Bestiary","Colored Map","Colored Powertips","Minty Spire (QoL Compilation)","Relic Stats","Slay the Relics Exporter","SpireBot","StSLib","ojb\u0027s Better Paths Mod","ojb\u0027s Info Mod: The sequel"],"gold_per_floor":[119,138,151,151,165,165,185,185,185,216,216,216,229,261,261,261,261],"floor_reached":16,"language":"JPN","playtime":844,"items_purged":[],"score":224,"play_id":"95f0890d-17d8-46ba-a594-195886b40214","local_time":"20210227181528","is_ascension_mode":true,"campfire_choices":[{"floor":6.0,"key":"REST"},{"data":"Cleave","floor":8.0,"key":"SMITH"},{"floor":12,"key":"REST"},{"floor":15,"key":"REST"}],"circlet_count":0,"master_deck":["AscendersBane","Strike_R","Strike_R","Strike_R","Strike_R","Strike_R","Defend_R","Defend_R","Defend_R","Defend_R","Bash","CurseOfTheBell","Cleave+1","Juggernaut","Dropkick","Clothesline","Shrug It Off","Evolve","Headbutt+1","Whirlwind+1"],"relics":["Calling Bell","Nunchaku","Shuriken","StoneCalendar","Letter Opener","Molten Egg 2","Sundial","Charon\u0027s Ashes"],"acts_visited":["Exordium"],"potions_floor_usage":[14,16],"damage_taken":[{"damage":7.0,"enemies":"Cultist","floor":1.0,"turns":4.0},{"damage":11.0,"enemies":"2 Louse","floor":2.0,"turns":2.0},{"damage":4.0,"enemies":"Small Slimes","floor":3.0,"turns":4.0},{"damage":5.0,"enemies":"3 Louse","floor":5.0,"turns":3.0},{"damage":7.0,"enemies":"Looter","floor":7.0,"turns":4.0},{"damage":9.0,"enemies":"3 Sentries","floor":10.0,"turns":7.0},{"damage":6,"enemies":"Blue Slaver","floor":13,"turns":4},{"damage":12,"enemies":"Lagavulin","floor":14,"turns":7},{"damage":54,"enemies":"The Guardian","floor":16,"turns":9}],"seed_played":"5245125205227029789","potions_obtained":[{"floor":1.0,"key":"DistilledChaos"},{"floor":7.0,"key":"HeartOfIron"},{"floor":10.0,"key":"AttackPotion"},{"floor":13,"key":"SteroidPotion"}],"is_trial":false,"path_per_floor":["M","M","M","?","M","R","M","R","T","E","?","R","M","E","R","B"],"character_chosen":"IRONCLAD","items_purchased":[],"campfire_rested":3,"item_purchase_floors":[],"current_hp_per_floor":[61,50,46,20,15,37,30,30,30,21,21,43,37,25,47,0,0],"gold":261,"neow_bonus":"BOSS_RELIC","is_daily":false,"chose_seed":true,"campfire_upgraded":1,"win_rate":0.0,"timestamp":1614417328,"path_taken":["M","?","?","?","M","R","M","R","T","E","?","R","M","E","R","BOSS"],"items_purchased_type":[],"build_version":"2020-12-18","purchased_purges":0,"victory":false,"max_hp_per_floor":[75,75,75,75,75,75,75,75,75,75,75,75,75,75,75,75,75],"relic_stats":{"Nunchaku":[7],"counters":[9,44],"Shuriken":[9],"Sundial":[2],"StoneCalendar":[52],"Charon\u0027s Ashes":[3],"Letter Opener":[0],"obtain_stats":[{"Calling Bell":0,"Nunchaku":0,"Shuriken":0,"Sundial":10,"StoneCalendar":0,"Molten Egg 2":9,"Charon\u0027s Ashes":14,"Letter Opener":4,"Burning Blood":0},{"Calling Bell":0,"Nunchaku":0,"Shuriken":0,"Sundial":6,"StoneCalendar":0,"Molten Egg 2":5,"Charon\u0027s Ashes":8,"Letter Opener":3,"Burning Blood":0},{"Calling Bell":0,"Nunchaku":0,"Shuriken":0,"Sundial":24,"StoneCalendar":0,"Molten Egg 2":17,"Charon\u0027s Ashes":35,"Letter Opener":10,"Burning Blood":0}]},"card_choices":[{"not_picked":["Havoc","Iron Wave"],"picked":"Cleave","floor":1.0},{"not_picked":["Wild Strike","Fire Breathing"],"picked":"Juggernaut","floor":2.0},{"not_picked":["Heavy Blade","Dual Wield"],"picked":"Dropkick","floor":3.0},{"not_picked":["Dark Embrace","Entrench"],"picked":"Clothesline","floor":5.0},{"not_picked":["True Grit","Inflame"],"picked":"Shrug It Off","floor":7.0},{"not_picked":["Warcry","Body Slam+1"],"picked":"Evolve","floor":10.0},{"not_picked":["Entrench","Twin Strike+1"],"picked":"Headbutt+1","floor":13},{"not_picked":["Carnage+1","Limit Break"],"picked":"Whirlwind+1","floor":14}],"player_experience":2779987,"relics_obtained":[{"floor":0.0,"key":"Nunchaku"},{"floor":0.0,"key":"Shuriken"},{"floor":0.0,"key":"StoneCalendar"},{"floor":9.0,"key":"Molten Egg 2"},{"floor":10.0,"key":"Sundial"},{"floor":14,"key":"Charon\u0027s Ashes"}],"event_choices":[{"damage_healed":0.0,"max_hp_gain":0.0,"max_hp_loss":0.0,"gold_gain":0.0,"event_name":"Scrap Ooze","player_choice":"Success","floor":4.0,"gold_loss":0.0,"damage_taken":26.0,"relics_obtained":["Letter Opener"]},{"damage_healed":0,"gold_gain":0,"player_choice":"Searched \u00270\u0027 times","damage_taken":0,"max_hp_gain":0,"max_hp_loss":0,"event_name":"Dead Adventurer","floor":11,"gold_loss":0}],"is_beta":true,"boss_relics":[],"items_purged_floors":[],"is_endless":false,"potions_floor_spawned":[1,7,10,13],"killed_by":"The Guardian","ascension_level":20}}