{"host":"2haferq23ht5nrlk","time":1614424643,"event":{"mods":["ATMod(°¢èªMod)","AchievementEnabler","Alarm Clock","Aspiration","BaseMod","BetterRewards","Colored Powertips","Conspire","Dota2Spire","Faster Ascension Climbing","Infinite Spire","KomeijiMod","Library of Ruina","Library of Ruina Extra","Lobotomy","LobotomyExtend","Marked Mod","Minty Spire (QoL Compilation)","Quick Restart","Relic Filter Mod","Relic Stats","Reliquary","Replay The Spire","RumiaBox-Â¶Ã×æ«µÄÉñÃØºÐ×Ó","Spicy Shops","StSLib","TestMod","The Cursed","The Jungle","UnlockEverythingMod","¡¾ÒÅÎï¿¨ÅÆ¡¿REMEMod"],"gold_per_floor":[109,109,125,80,80,80,123,123,149,182,234,253,218,97,97,192,192,222,62,83,111,133,133,133],"floor_reached":23,"language":"ZHS","playtime":894,"items_purged":[],"score":407,"play_id":"ee91f9fe-05a8-4716-b2a7-a3329e6e6ae6","local_time":"20210227191723","is_ascension_mode":true,"campfire_choices":[{"floor":6.0,"key":"REST"},{"floor":15,"key":"REST"}],"circlet_count":0,"master_deck":["AscendersBane","Strike_G","Strike_G","Strike_G","Strike_G","Strike_G","Defend_G","Defend_G","Defend_G","Defend_G+1","Survivor+1","Neutralize","AT_DarkMatter","Melter","GreedKing","Catalyst","PunishingBird","Quick Slash","Finisher","REME_ShadowForm","Scorched","AT_WindFlip","LongBird","AT_ArcaneSupremacy","Atom Bomb","Deadly Poison","Bouncing Flask","Bloodbath","AT_EssenceShift","NothingThere","Heavy Blade","Dagger Spray","SingingMachine","Perfected Strike","Uppercut+1"],"relics":["Ring of the Snake","AT_ATBox","REME_ComplimentaryCards","testmod-TestBox","testmod-FatalChain","CogitoBucket","RabbitCall","LetterFromLob","CeramicFish","Art of War","Tiny Chest","aspiration:IroncladSkillbook","FleshIdol","Lee\u0027s Waffle"],"acts_visited":["Exordium","TheCity"],"potions_floor_usage":[7,12],"damage_taken":[{"damage":1.0,"enemies":"Jaw Worm","floor":1.0,"turns":3.0},{"damage":0.0,"enemies":"Small Slimes","floor":3.0,"turns":3.0},{"damage":48,"enemies":"Gremlin Nob","floor":7,"turns":5},{"damage":0,"enemies":"2 Louse","floor":10,"turns":2},{"damage":26,"enemies":"Exordium Thugs","floor":12,"turns":4},{"damage":16,"enemies":"Hexaghost","floor":16,"turns":7},{"damage":12,"enemies":"Shell Parasite","floor":18,"turns":2},{"damage":0,"enemies":"Spheric Guardian","floor":20,"turns":1},{"damage":65,"enemies":"Centurion and Healer","floor":21,"turns":6},{"damage":47,"enemies":"Snecko","floor":22,"turns":5},{"damage":122,"enemies":"Nightmare","floor":23,"turns":3}],"seed_played":"1243311962956839778","potions_obtained":[{"floor":1.0,"key":"Strength Potion"},{"floor":12,"key":"REME_GoldPotion"},{"floor":16,"key":"Swift Potion"}],"is_trial":false,"path_per_floor":["M","?","M","$","?","R","E","?","T","M","T","M","?","$","R","B",null,"M","$","M","M","M","NM"],"character_chosen":"THE_SILENT","items_purchased":["Finisher","Deadly Poison","Bouncing Flask","Lee\u0027s Waffle"],"campfire_rested":2,"item_purchase_floors":[4,14,14,19],"current_hp_per_floor":[58,38,38,38,38,57,13,32,32,32,32,8,8,8,27,11,52,44,73,73,50,38,0,0],"gold":133,"neow_bonus":"","is_daily":false,"chose_seed":false,"campfire_upgraded":0,"win_rate":0.0,"timestamp":1614424643,"path_taken":["M","?","M","$","?","R","E","?","T","M","?","?","?","?","R","BOSS","M","$","M","M","M","NM"],"items_purchased_type":["Card","Card","Card","Relic"],"build_version":"2020-12-22","purchased_purges":0,"victory":false,"max_hp_per_floor":[66,66,66,66,66,66,66,66,66,66,66,66,66,66,66,66,66,66,73,73,73,73,73,73],"relic_stats":{"Lee\u0027s Waffle":29,"counters":[12,42],"CeramicFish":126,"Tiny Chest":0,"Art of War":[7],"obtain_stats":[{"RabbitCall":0,"Lee\u0027s Waffle":19,"AT_ATBox":0,"testmod-TestBox":0,"testmod-FatalChain":0,"CeramicFish":7,"FleshIdol":18,"aspiration:IroncladSkillbook":17,"CogitoBucket":0,"Tiny Chest":11,"LetterFromLob":1,"Art of War":9,"Ring of the Snake":0,"REME_ComplimentaryCards":0},{"RabbitCall":0,"Lee\u0027s Waffle":8,"AT_ATBox":0,"testmod-TestBox":0,"testmod-FatalChain":0,"CeramicFish":3,"FleshIdol":8,"aspiration:IroncladSkillbook":6,"CogitoBucket":0,"Tiny Chest":4,"LetterFromLob":1,"Art of War":3,"Ring of the Snake":0,"REME_ComplimentaryCards":0},{"RabbitCall":0,"Lee\u0027s Waffle":27,"AT_ATBox":0,"testmod-TestBox":0,"testmod-FatalChain":0,"CeramicFish":11,"FleshIdol":27,"aspiration:IroncladSkillbook":24,"CogitoBucket":0,"Tiny Chest":13,"LetterFromLob":3,"Art of War":11,"Ring of the Snake":0,"REME_ComplimentaryCards":0}],"Ring of the Snake":[24]},"card_choices":[{"not_picked":["BeautyBeast","WallGazer"],"picked":"GreedKing","floor":1.0},{"not_picked":["Dagger Spray","Infinite Blades"],"picked":"Catalyst","floor":1.0},{"not_picked":["UniverseFragment","Scorched"],"picked":"PunishingBird","floor":3.0},{"not_picked":["Venomology","PiercingWail"],"picked":"Quick Slash","floor":3.0},{"not_picked":["BlackSwan","UniverseFragment"],"picked":"Scorched","floor":7},{"not_picked":["Sneak Up","Bane"],"picked":"AT_WindFlip","floor":7},{"not_picked":["CrumblingArmor","MHz"],"picked":"LongBird","floor":10},{"not_picked":["Blade Dance","Cloak And Dagger"],"picked":"AT_ArcaneSupremacy","floor":10},{"not_picked":["AT_WindFlip","Underhanded Strike"],"picked":"Atom Bomb","floor":12},{"not_picked":["BeautyBeast","CrumblingArmor"],"picked":"Bloodbath","floor":16},{"not_picked":["Doppelganger","Phantasmal Killer"],"picked":"AT_EssenceShift","floor":16},{"not_picked":["VoidDream","OldLady"],"picked":"NothingThere","floor":18},{"not_picked":["Wild Strike","Body Slam","Hidden Blade"],"picked":"Heavy Blade","floor":18},{"not_picked":["Clash","conspire:Charge","Heavy Blade"],"picked":"Dagger Spray","floor":20},{"not_picked":["Woodsman","CrumblingArmor"],"picked":"SingingMachine","floor":21},{"not_picked":["Leg Sweep","Cloak And Dagger","Seeing Red"],"picked":"Perfected Strike","floor":21},{"not_picked":["AT_IchimonjiDouble","Setup","Twin Strike"],"picked":"Uppercut+1","floor":22}],"player_experience":49090,"relics_obtained":[{"floor":1.0,"key":"LetterFromLob"},{"floor":7,"key":"CeramicFish"},{"floor":9,"key":"Art of War"},{"floor":11,"key":"Tiny Chest"}],"event_choices":[{"damage_healed":0.0,"max_hp_gain":0.0,"max_hp_loss":0.0,"gold_gain":0.0,"event_name":"Shining Light","player_choice":"Entered Light","floor":2.0,"gold_loss":0.0,"damage_taken":20.0,"cards_upgraded":["Defend_G","Survivor"]},{"damage_healed":0.0,"max_hp_gain":0.0,"max_hp_loss":0.0,"gold_gain":0.0,"cards_transformed":["Defend_G"],"event_name":"Living Wall","player_choice":"Change","floor":5.0,"gold_loss":0.0,"damage_taken":0.0,"cards_obtained":["REME_ShadowForm"]},{"damage_healed":0,"gold_gain":0,"player_choice":"Left Gold","damage_taken":0,"max_hp_gain":0,"max_hp_loss":0,"event_name":"World of Goop","floor":13,"gold_loss":35}],"is_beta":false,"boss_relics":[{"not_picked":["reliquary:RedPaperclip","testmod-SaigiyounoYou"],"picked":"aspiration:IroncladSkillbook"}],"items_purged_floors":[],"is_endless":false,"potions_floor_spawned":[1,12,16],"killed_by":"Nightmare","ascension_level":20}}