{"host":"yuhy0i501zzmn1iz","time":1610642513,"event":{"mods":["AchievementEnabler","AlwaysNeverKeys","BaseMod","Bestiary","Better Match","Better Third Choice","Curses Come First","Downfall","Minty Spire (QoL Compilation)","StSLib","slay the spire mod where everything is the same but ironclad has a cowboy hat"],"gold_per_floor":[99,99,99,99,99,99,65,65,65,65,65,65,65,65,65,65,65],"floor_reached":16,"language":"ENG","playtime":465,"items_purged":[],"score":151,"play_id":"8100845b-ba0d-414a-a3a0-bea572b0ac55","local_time":"20210114114153","is_ascension_mode":true,"campfire_choices":[{"floor":13,"key":"REST"},{"data":"Eruption","floor":15,"key":"SMITH"}],"circlet_count":0,"master_deck":["Strike_P","Strike_P","Strike_P","Strike_P","Defend_P","Defend_P","Defend_P","Defend_P","Eruption+1","Vigilance","FlurryOfBlows","Halt","BattleHymn","Prostrate","Consecrate","SignatureMove","Prostrate","Halt","Conclude"],"relics":["Ectoplasm","Incense Burner","MawBank","HornCleat","Golden Idol"],"acts_visited":["Exordium"],"potions_floor_usage":[6,14,16],"damage_taken":[{"damage":0,"enemies":"Cultist","floor":1,"turns":4},{"damage":3,"enemies":"Jaw Worm","floor":2,"turns":4},{"damage":0,"enemies":"2 Louse","floor":3,"turns":2},{"damage":16,"enemies":"Blue Slaver","floor":4,"turns":3},{"damage":27,"enemies":"Lagavulin","floor":6,"turns":5},{"damage":0,"enemies":"Gremlin Nob","floor":8,"turns":2},{"damage":0,"enemies":"Looter","floor":11,"turns":1},{"damage":14,"enemies":"Exordium Thugs","floor":14,"turns":2},{"damage":37,"enemies":"Slime Boss","floor":16,"turns":6}],"seed_played":"3580823952595805037","potions_obtained":[{"floor":4,"key":"ColorlessPotion"},{"floor":6,"key":"DistilledChaos"},{"floor":14,"key":"SneckoOil"}],"is_trial":false,"path_per_floor":["M","M","M","M","?","E","$","E","T","$","M","?","R","M","R","B"],"character_chosen":"WATCHER","items_purchased":["SignatureMove"],"campfire_rested":1,"item_purchase_floors":[7],"current_hp_per_floor":[72,69,69,53,72,45,45,45,45,45,45,27,48,34,34,0,0],"gold":65,"neow_bonus":"BOSS_RELIC","is_daily":false,"chose_seed":false,"campfire_upgraded":1,"win_rate":0.0,"timestamp":1610642513,"path_taken":["M","M","?","M","?","E","$","E","T","$","M","?","R","M","R","BOSS"],"items_purchased_type":["Card"],"build_version":"2020-12-22","purchased_purges":0,"victory":false,"max_hp_per_floor":[72,72,72,72,72,72,72,72,72,72,72,72,72,72,72,72,72],"card_choices":[{"not_picked":["Crescendo","ThirdEye"],"picked":"FlurryOfBlows","floor":1},{"not_picked":["Vault","BowlingBash"],"picked":"Halt","floor":2},{"not_picked":["Protect","Crescendo"],"picked":"BattleHymn","floor":3},{"not_picked":["EmptyFist","Protect"],"picked":"Prostrate","floor":4},{"not_picked":["LikeWater","Sanctity"],"picked":"Consecrate","floor":6},{"not_picked":["EmptyFist","Weave"],"picked":"Prostrate","floor":8},{"not_picked":["JustLucky","Crescendo"],"picked":"Halt","floor":11},{"not_picked":["EmptyBody","BattleHymn"],"picked":"Conclude","floor":14}],"player_experience":289123,"relics_obtained":[{"floor":6,"key":"Incense Burner"},{"floor":8,"key":"MawBank"},{"floor":9,"key":"HornCleat"}],"event_choices":[{"damage_healed":24,"gold_gain":0,"player_choice":"Banana","damage_taken":0,"max_hp_gain":0,"max_hp_loss":0,"event_name":"Big Fish","floor":5,"gold_loss":0},{"damage_healed":0,"gold_gain":0,"player_choice":"Take Damage","damage_taken":18,"relics_obtained":["Golden Idol"],"max_hp_gain":0,"max_hp_loss":0,"event_name":"Golden Idol","floor":12,"gold_loss":0}],"is_beta":false,"boss_relics":[],"items_purged_floors":[],"is_endless":false,"potions_floor_spawned":[4,6,14],"killed_by":"Slime Boss","ascension_level":2}}