{"host":"yixuankeer","time":1610633892,"event":{"mods":["Arknights The Spire","BaseMod","Minty Spire (QoL Compilation)","Replay The Spire","Spicy Shops","StSLib","[GremlinLeader]The Maniac","¡¾ÒÅÎï¿¨ÅÆ¡¿REMEMod"],"gold_per_floor":[110,121,132,132,51,80,80,80,156,156,156,156,166,194,194,210,210,309,309,321,338,338,363,381,381,381],"floor_reached":25,"language":"ZHS","playtime":1592,"items_purged":[],"score":211,"play_id":"afdf4a57-6169-400b-8cc7-fee23f6760f9","local_time":"20210114221812","is_ascension_mode":false,"campfire_choices":[{"floor":7,"key":"REST"},{"floor":12,"key":"REST"},{"data":"maniac:UndyingDesire","floor":17,"key":"SMITH"}],"circlet_count":0,"master_deck":["maniac:Strike","maniac:Strike","maniac:Strike","maniac:Strike","maniac:Strike","maniac:Defend","maniac:Defend","maniac:Defend","maniac:Defend","maniac:BurnBlood","maniac:AbyssShackle","Reaper","maniac:Precision","maniac:UndyingDesire+1","maniac:SpectralKnives","Languid","maniac:DashForward","maniac:Lacerate","maniac:SecretBackups","Pot Of Greed","Pot Of Greed","maniac:ShelteringEdge","Decay","maniac:BladeShoot","maniac:Trap","maniac:Reforge+1","Pot Of Greed","maniac:Recollect"],"relics":["maniac:DamagedAnvil","maniac:BrokenHorn","REME_ComplimentaryCards","NeowsBlessing","Ring of Peace","REME_PuzzleBoxRelic","Mercury Hourglass","Grinning Jar","ReplayTheSpireMod:DimensionalGlitch","Red Mask"],"acts_visited":["Exordium","TheCity"],"potions_floor_usage":[24],"damage_taken":[{"damage":0,"enemies":"Small Slimes","floor":1,"turns":1},{"damage":0,"enemies":"Jaw Worm","floor":2,"turns":1},{"damage":0,"enemies":"Cultist","floor":3,"turns":1},{"damage":62,"enemies":"Gremlin Nob","floor":6,"turns":6},{"damage":0,"enemies":"3 Louse","floor":13,"turns":2},{"damage":3,"enemies":"3 Sentries","floor":14,"turns":4},{"damage":5,"enemies":"Large Slime","floor":16,"turns":5},{"damage":41,"enemies":"Slime Boss","floor":18,"turns":7},{"damage":8,"enemies":"Shell Parasite","floor":20,"turns":3},{"damage":33,"enemies":"Chosen","floor":21,"turns":6},{"damage":32,"enemies":"Masked Bandits","floor":23,"turns":4},{"damage":30,"enemies":"3 Cultists","floor":24,"turns":5},{"damage":9,"enemies":"Gremlin Leader","floor":25,"turns":5}],"seed_played":"-2627780552940422786","potions_obtained":[{"floor":1,"key":"Weak Potion"},{"floor":3,"key":"Energy Potion"},{"floor":23,"key":"Elixir"}],"is_trial":false,"path_per_floor":["M","M","M","?","$","E","R","$","T","PTL","PTL","R","M","E","?","M","R","B",null,"M","M","?","?","M","E"],"character_chosen":"THE_MANIAC","items_purchased":["maniac:DashForward"],"campfire_rested":2,"item_purchase_floors":[5],"current_hp_per_floor":[80,80,80,80,80,18,42,42,42,42,42,66,66,72,72,71,71,42,80,72,52,52,26,3,0,0],"gold":381,"neow_bonus":"THREE_ENEMY_KILL","is_daily":false,"chose_seed":false,"campfire_upgraded":1,"win_rate":0.0,"timestamp":1610633892,"path_taken":["M","M","M","?","$","E","R","$","T","PTL","PTL","R","M","E","?","M","R","BOSS","M","?","?","?","M","E"],"items_purchased_type":["Card"],"build_version":"2020-12-18","purchased_purges":0,"victory":false,"max_hp_per_floor":[80,80,80,80,80,80,80,80,80,80,80,80,80,80,80,80,80,80,80,80,80,80,80,80,80,80],"card_choices":[{"not_picked":["maniac:ListenToNone","maniac:SeekerKnife"],"picked":"maniac:Precision","floor":1},{"not_picked":["maniac:Confront","maniac:Intimidate"],"picked":"maniac:UndyingDesire","floor":2},{"not_picked":["maniac:ReachVictory","maniac:UntravelledPath"],"picked":"maniac:SpectralKnives","floor":3},{"not_picked":["maniac:SpectralKnives","maniac:FindAShortcut"],"picked":"maniac:Lacerate","floor":6},{"not_picked":["maniac:DashForward","maniac:SpectralFlash"],"picked":"maniac:SecretBackups","floor":13},{"not_picked":["maniac:ReconstructWounds","maniac:SeekerKnife"],"picked":"maniac:ShelteringEdge","floor":14},{"not_picked":["maniac:Refine","maniac:AllOutAttack"],"picked":"maniac:BladeShoot","floor":16},{"not_picked":["maniac:ShadowContact","maniac:Deal"],"picked":"maniac:Trap","floor":18},{"not_picked":["maniac:WardAndDefend","maniac:UntravelledPath"],"picked":"maniac:Reforge+1","floor":20},{"not_picked":["maniac:Confront","maniac:ListenToNone"],"picked":"maniac:Recollect","floor":21},{"not_picked":["maniac:Refine","maniac:MeleeStrike","maniac:PanickyParry"],"picked":"SKIP","floor":24}],"player_experience":17111,"relics_obtained":[{"floor":4,"key":"Ring of Peace"},{"floor":6,"key":"REME_PuzzleBoxRelic"},{"floor":9,"key":"Mercury Hourglass"},{"floor":14,"key":"Grinning Jar"},{"floor":23,"key":"Red Mask"}],"event_choices":[{"damage_healed":0,"gold_gain":0,"player_choice":"Cursed","damage_taken":0,"max_hp_gain":0,"max_hp_loss":0,"event_name":"Wheel of Change","floor":15,"gold_loss":0,"cards_obtained":["Decay"]},{"damage_healed":0,"gold_gain":0,"player_choice":"Fought Bandits","damage_taken":0,"max_hp_gain":0,"max_hp_loss":0,"event_name":"Masked Bandits","floor":23,"gold_loss":0}],"is_beta":true,"boss_relics":[{"not_picked":["SlaversCollar","Kintsugi"],"picked":"ReplayTheSpireMod:DimensionalGlitch"}],"items_purged_floors":[],"is_endless":false,"potions_floor_spawned":[1,3,14,23],"killed_by":"Gremlin Leader","ascension_level":0}}