{"host":"oehe2dxjvdgux73m","time":1610612871,"event":{"mods":["AchievementEnabler","BaseMod","Colored Map","Colored Powertips","DeckTracker","Keyboard Shortcuts","Minty Spire (QoL Compilation)","Permanent Neow","Quick Restart","StSLib","SuperFastMode"],"gold_per_floor":[112,112,126,144,155,155,189,159,211,223,240,252,61,61,61,61,61],"floor_reached":16,"language":"KOR","playtime":927,"items_purged":[],"score":177,"play_id":"9d1e3594-b099-4d67-8613-52878e40c7f2","local_time":"20210114172751","is_ascension_mode":true,"campfire_choices":[{"floor":6.0,"key":"REST"},{"floor":15.0,"key":"REST"}],"circlet_count":0,"master_deck":["AscendersBane","Strike_G","Strike_G","Strike_G","Strike_G","Strike_G","Defend_G","Defend_G","Defend_G","Defend_G","Defend_G","Survivor","Neutralize+1","PiercingWail","Jack Of All Trades","Neutralize","Blur","Accuracy","Slice","Dagger Throw","Dagger Spray","Blade Dance","Dash"],"relics":["Ring of the Snake","White Beast Statue","Strawberry","Happy Flower"],"acts_visited":["Exordium"],"potions_floor_usage":[16,16],"damage_taken":[{"damage":0.0,"enemies":"Jaw Worm","floor":1.0,"turns":4.0},{"damage":2.0,"enemies":"Cultist","floor":3.0,"turns":4.0},{"damage":16.0,"enemies":"Small Slimes","floor":4.0,"turns":4.0},{"damage":16.0,"enemies":"Exordium Wildlife","floor":5.0,"turns":6.0},{"damage":9.0,"enemies":"Lagavulin","floor":7.0,"turns":7.0},{"damage":1.0,"enemies":"Looter","floor":8.0,"turns":4.0},{"damage":30.0,"enemies":"Large Slime","floor":10.0,"turns":8.0},{"damage":0.0,"enemies":"2 Fungi Beasts","floor":11.0,"turns":4.0},{"damage":8.0,"enemies":"3 Louse","floor":12.0,"turns":3.0},{"damage":27,"enemies":"Hexaghost","floor":16,"turns":9}],"seed_played":"-827312720640077506","potions_obtained":[{"floor":3.0,"key":"Swift Potion"},{"floor":5.0,"key":"SkillPotion"},{"floor":8.0,"key":"BlessingOfTheForge"},{"floor":10.0,"key":"Explosive Potion"},{"floor":11.0,"key":"FearPotion"}],"is_trial":false,"path_per_floor":["M","?","M","M","M","R","E","M","T","M","M","M","$","?","R","B"],"character_chosen":"THE_SILENT","items_purchased":["Happy Flower","Dash"],"campfire_rested":2,"item_purchase_floors":[13,13],"current_hp_per_floor":[59,59,57,41,25,44,35,34,41,11,11,3,3,3,24,0,0],"gold":61,"neow_bonus":"UPGRADE_CARD","is_daily":false,"chose_seed":false,"campfire_upgraded":0,"win_rate":0.0,"timestamp":1610612871,"path_taken":["M","?","M","M","M","R","E","M","T","M","M","?","?","?","R","BOSS"],"items_purchased_type":["Relic","Card"],"build_version":"2020-12-22","purchased_purges":0,"victory":false,"max_hp_per_floor":[66,66,66,66,66,66,66,66,73,73,73,73,73,73,73,73,73],"card_choices":[{"not_picked":["Dagger Throw","Slice"],"picked":"PiercingWail","floor":1.0},{"not_picked":["Quick Slash","Outmaneuver"],"picked":"Blur","floor":3.0},{"not_picked":["Infinite Blades","Noxious Fumes","Sucker Punch"],"picked":"SKIP","floor":4.0},{"not_picked":["Flying Knee","Backflip"],"picked":"Accuracy","floor":5.0},{"not_picked":["Underhanded Strike","Terror","Endless Agony"],"picked":"SKIP","floor":7.0},{"not_picked":["Dodge and Roll","Bane"],"picked":"Slice","floor":8.0},{"not_picked":["Crippling Poison","Flying Knee"],"picked":"Dagger Throw","floor":10.0},{"not_picked":["Corpse Explosion","Slice"],"picked":"Dagger Spray","floor":11.0},{"not_picked":["Catalyst","Quick Slash","Blade Dance"],"picked":"SKIP","floor":12.0},{"not_picked":["Catalyst","Quick Slash"],"picked":"Blade Dance","floor":12.0}],"player_experience":184431,"relics_obtained":[{"floor":7.0,"key":"White Beast Statue"},{"floor":9.0,"key":"Strawberry"}],"event_choices":[{"damage_healed":0.0,"max_hp_gain":0.0,"max_hp_loss":0.0,"gold_gain":0.0,"event_name":"Match and Keep!","player_choice":"2 cards matched","floor":2.0,"gold_loss":0.0,"damage_taken":0.0,"cards_obtained":["Jack Of All Trades","Neutralize"]},{"damage_healed":0.0,"max_hp_gain":0.0,"max_hp_loss":0.0,"gold_gain":0.0,"event_name":"Scrap Ooze","player_choice":"Fled","floor":14.0,"gold_loss":0.0,"damage_taken":0.0}],"is_beta":false,"boss_relics":[],"items_purged_floors":[],"is_endless":false,"potions_floor_spawned":[3,5,8,10,11,12],"killed_by":"Hexaghost","ascension_level":14}}