{"host":"8d3fefv2347kqkpz","time":1610664681,"event":{"mods":["100% Spire Juice","BaseMod","Better Vampires","Colored Map","Downfall","Minty Spire (QoL Compilation)","Quick Restart","Replay The Spire","StSLib","The Gatherer","Waifu the Spire"],"gold_per_floor":[117,117,136,148,161,161,161,161,161,21,33,43,71,85,85,190,190,171,171],"floor_reached":18,"language":"ZHS","playtime":548,"items_purged":[],"score":166,"play_id":"b9a8ac3d-ad62-497c-8387-ccff72fb06b7","local_time":"20210115065121","is_ascension_mode":false,"campfire_choices":[{"data":"ReplayTheSpireMod:Muscle Training","floor":6,"key":"SMITH"},{"data":"Flex","floor":8,"key":"SMITH"},{"floor":15,"key":"REST"}],"circlet_count":0,"master_deck":["Strike_R","Strike_R","Strike_R","Strike_R","Strike_R","Defend_R","Defend_R","Defend_R","Defend_R","ReplayTheSpireMod:Muscle Training+1","Survivor","Neutralize","Sword Boomerang","Flex+1","Flex","Limit Break","Heavy Blade","Hemokinesis","Metallicize","Barricade","Limit Break","Run Through+1"],"relics":["Burning Blood","Shovel","Ginger","Cursed Key"],"acts_visited":["Exordium","TheCity"],"potions_floor_usage":[],"damage_taken":[{"damage":5,"enemies":"2 Louse","floor":1,"turns":4},{"damage":8,"enemies":"Jaw Worm","floor":3,"turns":4},{"damage":1,"enemies":"Cultist","floor":4,"turns":3},{"damage":3,"enemies":"2 Fungi Beasts","floor":5,"turns":4},{"damage":12,"enemies":"Blue Slaver","floor":11,"turns":4},{"damage":15,"enemies":"3 Louse","floor":12,"turns":3},{"damage":24,"enemies":"Gremlin Nob","floor":13,"turns":4},{"damage":7,"enemies":"Exordium Wildlife","floor":14,"turns":4},{"damage":39,"enemies":"The Guardian","floor":16,"turns":11},{"damage":25,"enemies":"2 Thieves","floor":18,"turns":4}],"seed_played":"4566160948600318761","potions_obtained":[{"floor":1,"key":"Elixir"},{"floor":7,"key":"LiquidBronze"},{"floor":7,"key":"SpeedPotion"}],"is_trial":false,"path_per_floor":["M","?","M","M","M","R","?","R","T","$","M","M","E","M","R","B",null,"M"],"character_chosen":"IRONCLAD","items_purchased":["Limit Break"],"campfire_rested":1,"item_purchase_floors":[10],"current_hp_per_floor":[80,80,78,80,80,80,80,80,80,80,74,65,47,46,70,37,80,61,61],"gold":171,"neow_bonus":"THREE_CARDS","is_daily":false,"chose_seed":false,"campfire_upgraded":2,"win_rate":0.0,"timestamp":1610664681,"path_taken":["M","?","M","M","M","R","?","R","T","$","M","M","E","M","R","BOSS","M"],"items_purchased_type":["Card"],"build_version":"2020-12-22","purchased_purges":0,"victory":false,"max_hp_per_floor":[80,80,80,80,80,80,80,80,80,80,80,80,80,80,80,80,80,80,80],"card_choices":[{"not_picked":["Entrench","Perfected Strike"],"picked":"ReplayTheSpireMod:Muscle Training","floor":1},{"not_picked":["Blood for Blood","Defy Death"],"picked":"Sword Boomerang","floor":3},{"not_picked":["Iron Wave","ReplayReversal"],"picked":"Flex","floor":4},{"not_picked":["Sever Soul","Anger"],"picked":"Flex","floor":5},{"not_picked":["True Grit","ReplayTheSpireMod:Stacked"],"picked":"Heavy Blade","floor":11},{"not_picked":["Run Through","Power Through"],"picked":"Hemokinesis","floor":12},{"not_picked":["Fire Breathing","Cleave"],"picked":"Metallicize","floor":13},{"not_picked":["Cleave","Pommel Strike"],"picked":"Barricade","floor":14},{"not_picked":["Juggernaut","Demonic Infusion"],"picked":"Limit Break","floor":16},{"not_picked":["ReplayTheSpireMod:Strike From Hell","Wild Strike"],"picked":"Run Through+1","floor":18}],"player_experience":59647,"relics_obtained":[{"floor":9,"key":"Shovel"},{"floor":13,"key":"Ginger"}],"event_choices":[{"damage_healed":0,"gold_gain":0,"player_choice":"Got Potions","damage_taken":0,"max_hp_gain":0,"max_hp_loss":0,"event_name":"Lab","floor":7,"gold_loss":0}],"is_beta":false,"boss_relics":[{"not_picked":["Replay:Grab Bag","Ectoplasm"],"picked":"Cursed Key"}],"items_purged_floors":[],"is_endless":false,"potions_floor_spawned":[1,12,14,18],"killed_by":"2 Thieves","ascension_level":0}}