{"host":"627up2rvtmm0cf0r","time":1610628117,"event":{"mods":["100% Spire Juice","ATMod(°¢èªMod)","Act Like it!","BaseMod","Better Vampires","CapriCore","Card Filter","Card Forge","Colored Powertips","DeckTracker","Dota2Spire","Energized Spire","Friendly Minions","Highlight Path","Infinite Spire","Jedi Mod","Marked Mod","Mimic Mod","Minty Spire (QoL Compilation)","MostiFishMod","Permanent Neow","Practice Mode","Quick Restart","Relic Stats","Shop Mod","Spicy Shops","StSLib","SuperFastMode","TestMod","The Blackbeard","The Marked","¡¾ÒÅÎï¿¨ÅÆ¡¿REMEMod","²ÐÁôÖ®Îï","óô»ðÖ¸ÄÏ"],"gold_per_floor":[118,118,129,54,69,95,109,184,219,219,235,58,84,97,97,197,197,211,231,82,94,114,139,139,156,227,240,253,287,287,287,287,388,388,406,421,421,434,450,450,484,484,509,528,528,166,222,317,317,442,442,442,73,148,173],"floor_reached":56,"language":"ZHS","playtime":2843,"items_purged":["blackbeard:BlackbeardStrike","Pain","blackbeard:BlackbeardDefend","blackbeard:BlackbeardDefend"],"score":1488,"play_id":"23ee62a1-2113-4411-9355-1f2a1a9fbedf","local_time":"20210114204157","is_ascension_mode":false,"campfire_choices":[{"data":"REME_ACTH","floor":15.0,"key":"SMITH"},{"data":"White Noise","floor":24.0,"key":"SMITH"},{"floor":32.0,"key":"DIG"},{"floor":40.0,"key":"DIG"},{"floor":42,"key":"DIG"},{"floor":49,"key":"RECALL"},{"floor":52,"key":"DIG"}],"circlet_count":0,"master_deck":["blackbeard:BlackbeardStrike","blackbeard:BlackbeardStrike","blackbeard:BlackbeardStrike","blackbeard:IntimidatingStrike","blackbeard:BlackbeardDefend","blackbeard:Cutlass","blackbeard:ReapersScythe","AT_TinkerSharpsword","REME_ACTH+1","blackbeard:Sword","blackbeard:Rum+1","blackbeard:CaptainsHat+1","blackbeard:WeaponProficiency+1","White Noise+1","blackbeard:Rum+1","MostiFishMod:StarOceanB","blackbeard:Salvager+1","blackbeard:Rum+1","blackbeard:Rum+1","Moonworks:MetallicMonocoque+1","blackbeard:Anchor+1","Discovery","REME_ProfessionalPlagiarism","AT_ShrugMaster+1","blackbeard:Rum+1","MostiFishMod:KnuckleDown","blackbeard:WeaponProficiency+1"],"relics":["blackbeard:LoadTheCannons","Hammer of Thor","Seething Fire","Anvil of the Gods","DaveBox","testmod-TestBox","REME_ComplimentaryCards","AT_ATBox","testmod-HeartOfDaVinci","EGODaCapo","SynthV:TestCard","Frozen Egg 2","Juzu Bracelet","WarpedTongs","Cauldron","Ornamental Fan","xbg","blackbeard:BloodOrange","infinitespire:Freezer","Matryoshka","Centennial Puzzle","Shovel","CaptainsWheel","jedi:paperfaux","energizedSpire:NeverEndingSparkler","AT_ChloranthyRing","Moonworks:BrokenBomb","infinitespire:Satchel","Dota2Spire:LotusOrb","Bronze Scales","AT_MibuBalloonWealth","Charon\u0027s Ashes","Dota2Spire:UrnOfShadows","Self Forming Clay","PlaceholderMod:DaolothFragment","infinitespire:Bottled Soul","theMarked:ArtifactOfAir"],"acts_visited":["Exordium","TheCity","TheBeyond","TheEnding"],"potions_floor_usage":[],"damage_taken":[{"damage":1.0,"enemies":"Jaw Worm","floor":1.0,"turns":2.0},{"damage":0.0,"enemies":"Cultist","floor":3.0,"turns":2.0},{"damage":0.0,"enemies":"Small Slimes","floor":5.0,"turns":3.0},{"damage":2.0,"enemies":"Gremlin Nob","floor":6.0,"turns":3.0},{"damage":0.0,"enemies":"Exordium Thugs","floor":7.0,"turns":3.0},{"damage":0.0,"enemies":"Blue Slaver","floor":9.0,"turns":8.0},{"damage":16.0,"enemies":"Blue Slaver","floor":11.0,"turns":3.0},{"damage":19.0,"enemies":"Lagavulin","floor":13.0,"turns":6.0},{"damage":0.0,"enemies":"3 Louse","floor":14.0,"turns":3.0},{"damage":0.0,"enemies":"The Guardian","floor":16.0,"turns":11.0},{"damage":2.0,"enemies":"Spheric Guardian","floor":18.0,"turns":3.0},{"damage":0.0,"enemies":"Chosen","floor":19.0,"turns":2.0},{"damage":0.0,"enemies":"Shelled Parasite and Fungi","floor":21.0,"turns":5.0},{"damage":0.0,"enemies":"3 Cultists","floor":22.0,"turns":5.0},{"damage":1.0,"enemies":"Slavers","floor":23.0,"turns":5.0},{"damage":0.0,"enemies":"Snake Plant","floor":25.0,"turns":2.0},{"damage":0.0,"enemies":"Cultist and Chosen","floor":27.0,"turns":6.0},{"damage":0.0,"enemies":"Snecko","floor":28.0,"turns":4.0},{"damage":0.0,"enemies":"Book of Stabbing","floor":29.0,"turns":3.0},{"damage":0.0,"enemies":"Champ","floor":33.0,"turns":10.0},{"damage":5.0,"enemies":"Orb Walker","floor":35.0,"turns":3.0},{"damage":0.0,"enemies":"3 Shapes","floor":36.0,"turns":3.0},{"damage":0.0,"enemies":"Writhing Mass","floor":38.0,"turns":3.0},{"damage":3.0,"enemies":"Jaw Worm Horde","floor":39.0,"turns":5.0},{"damage":31.0,"enemies":"Reptomancer","floor":41.0,"turns":3.0},{"damage":8,"enemies":"Transient","floor":44,"turns":4},{"damage":13,"enemies":"Nemesis","floor":47,"turns":5},{"damage":0,"enemies":"Sphere and 2 Shapes","floor":48,"turns":3},{"damage":1,"enemies":"Awakened One","floor":50,"turns":6},{"damage":20,"enemies":"Shield and Spear","floor":54,"turns":3},{"damage":4,"enemies":"The Heart","floor":55,"turns":6}],"seed_played":"8406217241270873507","potions_obtained":[{"floor":3.0,"key":"Explosive Potion"},{"floor":7.0,"key":"LiquidMemories"},{"floor":12.0,"key":"CultistPotion"},{"floor":33.0,"key":"jedi:StrikingPotion"},{"floor":36.0,"key":"blackbeard:RumPotion"},{"floor":48,"key":"PowerPotion"},{"floor":54,"key":"Energy Potion"}],"is_trial":false,"path_per_floor":["M","?","M","$","M","E","M","?","MIM","?","M","R","E","M","R","B",null,"M","M","$","M","M","E","R","M","T","M","M","E","AVR","?","R","B",null,"M","M","?","M","M","R","E","R","T","M","?","$","E","M","R","B",null,"R","$","E","B",null],"character_chosen":"BLACKBEARD_CLASS","items_purchased":["Cauldron","blackbeard:BloodOrange","AT_MibuBalloonWealth","Charon\u0027s Ashes","PlaceholderMod:DaolothFragment","infinitespire:Bottled Soul"],"campfire_rested":0,"item_purchase_floors":[12,20,46,46,53,53],"current_hp_per_floor":[74,49,49,49,49,47,47,36,36,36,20,20,1,1,1,1,75,73,73,73,73,73,72,72,72,72,72,72,72,72,65,65,65,75,70,70,70,70,67,67,36,36,36,28,18,18,5,5,5,4,75,75,75,55,51],"gold":173,"neow_bonus":"ONE_RANDOM_RARE_CARD","is_daily":false,"chose_seed":false,"campfire_upgraded":2,"win_rate":0.0,"timestamp":1610628117,"path_taken":["M","?","M","$","M","E","M","?","MIM","?","M","R","E","M","R","BOSS","M","M","$","M","M","E","R","M","T","M","M","E","AVR","?","R","BOSS","M","M","?","M","M","R","E","R","T","M","?","?","E","M","R","BOSS","R","$","E","BOSS"],"items_purchased_type":["Relic","Relic","Relic","Relic","Relic","Relic"],"build_version":"2020-12-22","purchased_purges":4,"victory":true,"max_hp_per_floor":[75,75,75,75,75,75,75,75,75,75,75,75,75,75,75,75,75,75,75,75,75,75,75,75,75,75,75,75,75,75,75,75,75,75,75,75,75,75,75,75,75,75,75,75,75,75,75,75,75,75,75,75,75,75,75],"relic_stats":{"Centennial Puzzle":[24],"Shovel":4,"counters":[31,133],"Ornamental Fan":[168],"Self Forming Clay":[21],"Bronze Scales":[100],"Charon\u0027s Ashes":[278],"Juzu Bracelet":1,"obtain_stats":[{"AT_ATBox":0,"DaveBox":0,"PlaceholderMod:DaolothFragment":53,"AT_MibuBalloonWealth":46,"Hammer of Thor":0,"Juzu Bracelet":6,"Dota2Spire:LotusOrb":43,"Centennial Puzzle":29,"Matryoshka":26,"Shovel":30,"infinitespire:Bottled Soul":53,"jedi:paperfaux":32,"AT_ChloranthyRing":40,"testmod-TestBox":0,"Dota2Spire:UrnOfShadows":47,"Self Forming Clay":52,"blackbeard:LoadTheCannons":0,"Charon\u0027s Ashes":46,"Seething Fire":0,"Frozen Egg 2":2,"WarpedTongs":10,"Cauldron":12,"theMarked:ArtifactOfAir":54,"CaptainsWheel":31,"SynthV:TestCard":1,"Anvil of the Gods":0,"EGODaCapo":0,"Ornamental Fan":13,"energizedSpire:NeverEndingSparkler":34,"Bronze Scales":43,"infinitespire:Satchel":42,"xbg":17,"blackbeard:BloodOrange":20,"REME_ComplimentaryCards":0,"testmod-HeartOfDaVinci":0,"infinitespire:Freezer":23,"Moonworks:BrokenBomb":41},{"AT_ATBox":0,"DaveBox":0,"PlaceholderMod:DaolothFragment":29,"AT_MibuBalloonWealth":26,"Hammer of Thor":0,"Juzu Bracelet":4,"Dota2Spire:LotusOrb":25,"Centennial Puzzle":19,"Matryoshka":16,"Shovel":19,"infinitespire:Bottled Soul":29,"jedi:paperfaux":19,"AT_ChloranthyRing":24,"testmod-TestBox":0,"Dota2Spire:UrnOfShadows":27,"Self Forming Clay":29,"blackbeard:LoadTheCannons":0,"Charon\u0027s Ashes":26,"Seething Fire":0,"Frozen Egg 2":1,"WarpedTongs":6,"Cauldron":7,"theMarked:ArtifactOfAir":30,"CaptainsWheel":19,"SynthV:TestCard":1,"Anvil of the Gods":0,"EGODaCapo":0,"Ornamental Fan":8,"energizedSpire:NeverEndingSparkler":20,"Bronze Scales":25,"infinitespire:Satchel":25,"xbg":10,"blackbeard:BloodOrange":12,"REME_ComplimentaryCards":0,"testmod-HeartOfDaVinci":0,"infinitespire:Freezer":15,"Moonworks:BrokenBomb":25},{"AT_ATBox":0,"DaveBox":0,"PlaceholderMod:DaolothFragment":124,"AT_MibuBalloonWealth":110,"Hammer of Thor":0,"Juzu Bracelet":10,"Dota2Spire:LotusOrb":106,"Centennial Puzzle":79,"Matryoshka":66,"Shovel":79,"infinitespire:Bottled Soul":124,"jedi:paperfaux":79,"AT_ChloranthyRing":103,"testmod-TestBox":0,"Dota2Spire:UrnOfShadows":115,"Self Forming Clay":124,"blackbeard:LoadTheCannons":0,"Charon\u0027s Ashes":110,"Seething Fire":0,"Frozen Egg 2":2,"WarpedTongs":21,"Cauldron":24,"theMarked:ArtifactOfAir":127,"CaptainsWheel":79,"SynthV:TestCard":2,"Anvil of the Gods":0,"EGODaCapo":0,"Ornamental Fan":30,"energizedSpire:NeverEndingSparkler":89,"Bronze Scales":106,"infinitespire:Satchel":106,"xbg":44,"blackbeard:BloodOrange":49,"REME_ComplimentaryCards":0,"testmod-HeartOfDaVinci":0,"infinitespire:Freezer":64,"Moonworks:BrokenBomb":106}],"WarpedTongs":[112]},"card_choices":[{"not_picked":["blackbeard:PirateHook","blackbeard:TacticalRetreat","blackbeard:Boarding"],"picked":"SKIP","floor":1.0},{"not_picked":["blackbeard:Provisioning","blackbeard:CloakAndCannonball","blackbeard:TheDrunkenSailor+1","blackbeard:BlindAttacks","blackbeard:Toast"],"picked":"SKIP","floor":3.0},{"not_picked":["blackbeard:Boarding","blackbeard:Toast","blackbeard:BeatUp","blackbeard:AgileStrike","blackbeard:DelayedPain"],"picked":"SKIP","floor":5.0},{"not_picked":["blackbeard:CloakAndCannonball","blackbeard:InfiniteBarrage+1","blackbeard:CannonballSupply","blackbeard:GhostInTheRum"],"picked":"blackbeard:Sword","floor":6.0},{"not_picked":["blackbeard:ReapersScythe","blackbeard:PiratesWill","blackbeard:PirateEarring+1","blackbeard:ArmorUp","blackbeard:TacticalRetreat"],"picked":"SKIP","floor":7.0},{"not_picked":["blackbeard:CloakAndCannonball","blackbeard:Fencing","blackbeard:DoubleCannonball","blackbeard:Scrap","blackbeard:PirateEarring+1"],"picked":"SKIP","floor":11.0},{"not_picked":["blackbeard:BlindAttacks","blackbeard:RearmingStrike","blackbeard:PirateStrength+1","blackbeard:Toast"],"picked":"blackbeard:Rum+1","floor":13.0},{"not_picked":["blackbeard:PirateEarring+1","blackbeard:DangerousBlow","blackbeard:Dagger","blackbeard:DoubleBottom","blackbeard:PiratesWill"],"picked":"SKIP","floor":14.0},{"not_picked":["blackbeard:GoldenRain","blackbeard:PirateStrength+1","blackbeard:Murder","blackbeard:Parrot+1"],"picked":"blackbeard:CaptainsHat+1","floor":16.0},{"not_picked":["blackbeard:Sword","blackbeard:SwordDance","blackbeard:DoubleCannonball","blackbeard:ChaoticDefense"],"picked":"blackbeard:WeaponProficiency+1","floor":18.0},{"not_picked":["blackbeard:PowderKeg","blackbeard:GoldenStrike","blackbeard:Eyepatch+1","blackbeard:GhostInTheRum","blackbeard:Sword"],"picked":"SKIP","floor":19.0},{"not_picked":["blackbeard:BlindAttacks","blackbeard:Sharpening","blackbeard:Scrap","blackbeard:CannonBarrage+1","blackbeard:Shrapnel+1"],"picked":"SKIP","floor":21.0},{"not_picked":["blackbeard:Spear","blackbeard:PowderKeg","blackbeard:Fencing","blackbeard:GoldenDefense","blackbeard:Provisioning+1"],"picked":"SKIP","floor":22.0},{"not_picked":["blackbeard:RearmingStrike","blackbeard:DoubleCannonball","blackbeard:Shrapnel","blackbeard:BlindAttacks+1"],"picked":"blackbeard:Rum+1","floor":23.0},{"not_picked":["blackbeard:Sword","blackbeard:JollyRoger","blackbeard:CloakAndCannonball","blackbeard:Halberd","blackbeard:RearmingStrike"],"picked":"SKIP","floor":25.0},{"not_picked":["blackbeard:Boarding","blackbeard:BrownPants+1","blackbeard:Sword","blackbeard:RearmingStrike","blackbeard:Sharpening"],"picked":"SKIP","floor":27.0},{"not_picked":["blackbeard:Fencing","blackbeard:FieryDefense","blackbeard:BeatUp","blackbeard:TacticalRetreat+1","blackbeard:TerrorOfTheSeas"],"picked":"SKIP","floor":28.0},{"not_picked":["blackbeard:Fencing","blackbeard:CannonBarrage","blackbeard:GoldenCannonball","blackbeard:Bandana+1","blackbeard:PowderKeg"],"picked":"SKIP","floor":29.0},{"not_picked":["blackbeard:Murder","blackbeard:BoostMorale","blackbeard:GoldenGuillotine","blackbeard:CaptainsHat+1"],"picked":"blackbeard:Salvager+1","floor":33.0},{"not_picked":["blackbeard:Fencing","blackbeard:TacticalRetreat","blackbeard:SwordDance+1","blackbeard:Scrap"],"picked":"blackbeard:Rum+1","floor":35.0},{"not_picked":["blackbeard:CloakAndCannonball","blackbeard:SwordDance","blackbeard:FieryDefense","blackbeard:BlindAttacks","blackbeard:BrownPants+1"],"picked":"SKIP","floor":36.0},{"not_picked":["blackbeard:Sharpening+1","blackbeard:RearmingStrike","blackbeard:Eyepatch+1","blackbeard:FieryDefense","blackbeard:CloakAndCannonball+1"],"picked":"SKIP","floor":38.0},{"not_picked":["blackbeard:GoldenStrike","blackbeard:DangerousBlow+1","blackbeard:CloakAndCannonball+1","blackbeard:BeatUp+1"],"picked":"blackbeard:Rum+1","floor":39.0},{"not_picked":["blackbeard:Lifeboat","blackbeard:Shrapnel+1","blackbeard:Scrap","blackbeard:WiseDefense+1","blackbeard:Sword+1"],"picked":"SKIP","floor":41},{"not_picked":["blackbeard:CloakAndCannonball","blackbeard:Fencing","blackbeard:CaptainsCabin+1","blackbeard:RemoveScurvy+1"],"picked":"blackbeard:Anchor+1","floor":44},{"not_picked":["REME_ShortnessOfBreath","testmod-DeathImprint","AT_FamilyPortrait","Finesse"],"picked":"Discovery","floor":45},{"not_picked":["MostiFishMod:PerfectForm+1","testmod-WeaknessCounterattack","REME_HeartOfCthun","testmod-VirtualReality"],"picked":"REME_ProfessionalPlagiarism","floor":45},{"not_picked":["blackbeard:Provisioning+1","blackbeard:JollyRoger","blackbeard:PirateHook","blackbeard:PiratesWill+1"],"picked":"blackbeard:Rum+1","floor":47},{"not_picked":["blackbeard:Dagger","blackbeard:PirateEarring+1","blackbeard:Shrapnel","blackbeard:CatONineTails+1","blackbeard:TerrorOfTheSeas"],"picked":"SKIP","floor":48},{"not_picked":["blackbeard:SmithingHammer","blackbeard:GoldenDefense","blackbeard:PowderKeg+1","blackbeard:Upgrade+1"],"picked":"blackbeard:WeaponProficiency+1","floor":54}],"player_experience":92434,"relics_obtained":[{"floor":1.0,"key":"SynthV:TestCard"},{"floor":6.0,"key":"Juzu Bracelet"},{"floor":13.0,"key":"Ornamental Fan"},{"floor":23.0,"key":"infinitespire:Freezer"},{"floor":26.0,"key":"Matryoshka"},{"floor":29.0,"key":"Centennial Puzzle"},{"floor":32.0,"key":"jedi:paperfaux"},{"floor":40.0,"key":"AT_ChloranthyRing"},{"floor":41,"key":"Moonworks:BrokenBomb"},{"floor":42,"key":"infinitespire:Satchel"},{"floor":43,"key":"Dota2Spire:LotusOrb"},{"floor":43,"key":"Bronze Scales"},{"floor":47,"key":"Dota2Spire:UrnOfShadows"},{"floor":52,"key":"Self Forming Clay"},{"floor":54,"key":"theMarked:ArtifactOfAir"}],"event_choices":[{"damage_healed":0.0,"max_hp_gain":0.0,"max_hp_loss":0.0,"gold_gain":0.0,"event_name":"Scrap Ooze","player_choice":"Success","floor":2.0,"gold_loss":0.0,"damage_taken":25.0,"relics_obtained":["Frozen Egg 2"]},{"damage_healed":0.0,"max_hp_gain":0.0,"max_hp_loss":0.0,"gold_gain":75.0,"event_name":"World of Goop","player_choice":"Gather Gold","floor":8.0,"gold_loss":0.0,"damage_taken":11.0},{"damage_healed":0.0,"max_hp_gain":0.0,"max_hp_loss":0.0,"gold_gain":0.0,"event_name":"Accursed Blacksmith","player_choice":"Rummage","floor":10.0,"gold_loss":0.0,"damage_taken":0.0,"relics_obtained":["WarpedTongs"],"cards_obtained":["Pain"]},{"damage_healed":0.0,"max_hp_gain":0.0,"max_hp_loss":0.0,"gold_gain":0.0,"event_name":"blackbeard:ShipwreckEvent","player_choice":"CaptainsWheel","floor":31.0,"gold_loss":0.0,"damage_taken":0.0,"relics_obtained":["CaptainsWheel"]},{"cards_removed":["blackbeard:BlackbeardDefend"],"damage_healed":0.0,"max_hp_gain":0.0,"max_hp_loss":0.0,"gold_gain":0.0,"event_name":"Falling","player_choice":"Removed Skill","floor":37.0,"gold_loss":0.0,"damage_taken":0.0},{"damage_healed":0,"gold_gain":0,"player_choice":"Memory 3","damage_taken":10,"max_hp_gain":0,"max_hp_loss":0,"event_name":"SensoryStone","floor":45,"gold_loss":0}],"is_beta":false,"boss_relics":[{"not_picked":["energizedSpire:DecayingSkull","energizedSpire:DeadBattery"],"picked":"xbg"},{"not_picked":["Runic Dome","TakeMeEscape"],"picked":"energizedSpire:NeverEndingSparkler"}],"items_purged_floors":[4,12,30,46],"is_endless":false,"potions_floor_spawned":[3,7,13,16,18,21,25,28,33,36,47,48,54],"ascension_level":0}}