{"host":"36t3qd3wjvajtu1z","time":1610602424,"event":{"mods":["AchievementEnabler","BaseMod","Block Reminder","Colored Powertips","Minty Spire (QoL Compilation)","Permanent Neow","Quick Restart","Random Character Button","Rare Cards Sparkle","Relic Stats","Slay-I","StSLib"],"gold_per_floor":[119,294,309,322,9,9,9,9,9,9,284,311,329,355,355,458,458,473,483,503,516,536,536,564,101,126,140,156,170,197,211,211,311,311,328,328,383,394,8,40,53,80,134,459,459,459,475,475,475,475,475,475,7,36,36],"floor_reached":56,"language":"ENG","playtime":4864,"items_purged":["Regret","Defend_P","Defend_P"],"score":1631,"play_id":"968f71df-ab8f-408e-b0e4-e24dee1dad05","local_time":"20210113213343","is_ascension_mode":true,"campfire_choices":[{"data":"Eruption","floor":6.0,"key":"SMITH"},{"data":"CrushJoints","floor":8.0,"key":"SMITH"},{"data":"Tantrum","floor":10.0,"key":"SMITH"},{"data":"Vigilance","floor":15.0,"key":"SMITH"},{"floor":23.0,"key":"RECALL"},{"floor":32.0,"key":"REST"},{"floor":49.0,"key":"REST"},{"floor":52.0,"key":"REST"}],"circlet_count":0,"master_deck":["Strike_P+1","Defend_P","Defend_P","Eruption+1","Vigilance+1","CurseOfTheBell","FlyingSleeves+1","Tantrum+1","CrushJoints+1","Consecrate+1","WindmillStrike+1","CutThroughFate+1","JustLucky+1","CutThroughFate+1","Vault+1","Wireheading+1","CutThroughFate+1","TalkToTheHand+1","CutThroughFate+1","Blasphemy+1","Evaluate+1","JustLucky+1","TalkToTheHand+1","SandsOfTime+1","Conclude+1","Nirvana+1","JustLucky+1","ThirdEye+1","JustLucky+1","LessonLearned+1","LessonLearned+1","SpiritShield+1","EmptyMind+1","Weave+1","FearNoEvil+1","Weave+1","JustLucky+1","Weave+1","Panache","ClearTheMind","TalkToTheHand+1","DeusExMachina+1","Adaptation+1","JustLucky+1","Wireheading+1","JustLucky+1"],"relics":["Calling Bell","Vajra","HornCleat","Du-Vu Doll","Molten Egg 2","The Courier","Prayer Wheel","Strawberry","Fusion Hammer","Tiny Chest","White Beast Statue","Sundial","Ornamental Fan","Astrolabe","GoldenEye","DollysMirror","Mercury Hourglass","Mummified Hand","Orichalcum","Old Coin","Akabeko","Bag of Marbles","Shuriken","Toy Ornithopter"],"acts_visited":["Exordium","TheCity","TheBeyond","TheEnding"],"potions_floor_usage":[55],"damage_taken":[{"damage":3.0,"enemies":"Small Slimes","floor":1.0,"turns":4.0},{"damage":0.0,"enemies":"2 Louse","floor":3.0,"turns":1.0},{"damage":0.0,"enemies":"Cultist","floor":4.0,"turns":2.0},{"damage":2.0,"enemies":"Lagavulin","floor":12.0,"turns":2.0},{"damage":6.0,"enemies":"Gremlin Gang","floor":13.0,"turns":2.0},{"damage":0.0,"enemies":"Gremlin Nob","floor":14.0,"turns":2.0},{"damage":0.0,"enemies":"Slime Boss","floor":16.0,"turns":3.0},{"damage":2.0,"enemies":"Chosen","floor":18.0,"turns":3.0},{"damage":5.0,"enemies":"3 Byrds","floor":19.0,"turns":3.0},{"damage":0.0,"enemies":"Snecko","floor":20.0,"turns":3.0},{"damage":0.0,"enemies":"Cultist and Chosen","floor":21.0,"turns":3.0},{"damage":5.0,"enemies":"Chosen and Byrds","floor":22.0,"turns":3.0},{"damage":0.0,"enemies":"Book of Stabbing","floor":24.0,"turns":4.0},{"damage":9.0,"enemies":"Snake Plant","floor":27.0,"turns":4.0},{"damage":10.0,"enemies":"Snecko","floor":28.0,"turns":3.0},{"damage":0.0,"enemies":"3 Cultists","floor":29.0,"turns":3.0},{"damage":3.0,"enemies":"Slavers","floor":30.0,"turns":2.0},{"damage":0.0,"enemies":"Centurion and Healer","floor":31.0,"turns":3.0},{"damage":26.0,"enemies":"Collector","floor":33.0,"turns":4.0},{"damage":0.0,"enemies":"3 Shapes","floor":35.0,"turns":3.0},{"damage":6.0,"enemies":"2 Orb Walkers","floor":37.0,"turns":3.0},{"damage":0.0,"enemies":"Orb Walker","floor":38.0,"turns":1.0},{"damage":19.0,"enemies":"Nemesis","floor":40.0,"turns":5.0},{"damage":0.0,"enemies":"Spire Growth","floor":41.0,"turns":3.0},{"damage":5.0,"enemies":"Reptomancer","floor":42.0,"turns":3.0},{"damage":0.0,"enemies":"Giant Head","floor":44.0,"turns":5.0},{"damage":0.0,"enemies":"Jaw Worm Horde","floor":47.0,"turns":2.0},{"damage":36.0,"enemies":"Time Eater","floor":50.0,"turns":8.0},{"damage":34.0,"enemies":"Shield and Spear","floor":54.0,"turns":4.0},{"damage":34,"enemies":"The Heart","floor":55,"turns":7}],"seed_played":"-1153336043758376519","potions_obtained":[{"floor":3.0,"key":"AttackPotion"},{"floor":14.0,"key":"SneckoOil"},{"floor":22.0,"key":"Fruit Juice"},{"floor":24.0,"key":"Dexterity Potion"},{"floor":27.0,"key":"Regen Potion"},{"floor":28.0,"key":"SmokeBomb"},{"floor":29.0,"key":"AttackPotion"},{"floor":30.0,"key":"Dexterity Potion"},{"floor":33.0,"key":"Weak Potion"},{"floor":37.0,"key":"PowerPotion"},{"floor":38.0,"key":"FearPotion"},{"floor":40.0,"key":"Energy Potion"},{"floor":42.0,"key":"StancePotion"},{"floor":44.0,"key":"Fruit Juice"},{"floor":47.0,"key":"SmokeBomb"},{"floor":54.0,"key":"Regen Potion"}],"is_trial":false,"path_per_floor":["M","?","M","M","$","R","?","R","T","R","?","E","M","E","R","B",null,"M","M","M","M","M","R","E","$","T","M","M","M","E","M","R","B",null,"M","?","?","M","$","E","M","E","T","E","T","?","M","?","R","B",null,"R","$","E","B",null],"character_chosen":"WATCHER","items_purchased":["Molten Egg 2","Consecrate+1","White Beast Statue","Sundial","DollysMirror","Panache","ClearTheMind","Bag of Marbles","Shuriken","BlessingOfTheForge"],"campfire_rested":3,"item_purchase_floors":[5,5,25,25,39,39,39,53,53,53],"current_hp_per_floor":[69,69,69,69,69,69,69,69,69,69,69,67,61,68,68,68,79,77,72,72,72,72,72,72,72,72,63,62,62,59,59,84,58,84,84,84,78,78,78,59,59,54,54,59,59,59,59,59,84,48,85,85,85,51,36],"gold":36,"neow_bonus":"BOSS_RELIC","is_daily":false,"chose_seed":false,"campfire_upgraded":4,"win_rate":0.0,"timestamp":1610602423,"path_taken":["M","?","M","M","$","R","?","R","T","R","?","E","M","E","R","BOSS","M","?","M","M","M","R","E","$","T","M","?","M","E","M","R","BOSS","M","?","?","M","$","E","M","E","T","E","?","?","M","?","R","BOSS","R","$","E","BOSS"],"items_purchased_type":["Relic","Card","Relic","Relic","Relic","Card","Card","Relic","Relic","Potion"],"build_version":"2020-12-22","purchased_purges":3,"victory":true,"max_hp_per_floor":[72,72,72,72,72,72,72,72,72,72,72,72,72,79,79,79,79,79,79,79,79,84,84,84,84,84,84,84,84,84,84,84,84,84,84,84,84,84,84,84,84,84,84,89,89,89,89,85,85,85,85,85,85,85,85],"relic_stats":{"counters":[30,98],"Astrolabe":["LessonLearned","SpiritShield","EmptyMind"],"Orichalcum":[0],"GoldenEye":[116],"Mercury Hourglass":[99],"Sundial":[0],"Ornamental Fan":[244],"Mummified Hand":[23],"Shuriken":[19],"Prayer Wheel":15,"Tiny Chest":1,"obtain_stats":[{"Vajra":0,"Old Coin":44,"HornCleat":0,"Sundial":25,"DollysMirror":39,"Mummified Hand":42,"Strawberry":14,"Prayer Wheel":12,"Tiny Chest":24,"Fusion Hammer":17,"Astrolabe":34,"The Courier":9,"Orichalcum":43,"GoldenEye":37,"White Beast Statue":25,"Akabeko":45,"Mercury Hourglass":40,"Calling Bell":0,"Du-Vu Doll":0,"Ornamental Fan":30,"Shuriken":53,"Molten Egg 2":5,"Bag of Marbles":53,"PureWater":0,"Toy Ornithopter":54},{"Vajra":0,"Old Coin":26,"HornCleat":0,"Sundial":13,"DollysMirror":22,"Mummified Hand":25,"Strawberry":6,"Prayer Wheel":4,"Tiny Chest":13,"Fusion Hammer":7,"Astrolabe":19,"The Courier":3,"Orichalcum":25,"GoldenEye":21,"White Beast Statue":13,"Akabeko":26,"Mercury Hourglass":23,"Calling Bell":0,"Du-Vu Doll":0,"Ornamental Fan":17,"Shuriken":28,"Molten Egg 2":3,"Bag of Marbles":28,"PureWater":0,"Toy Ornithopter":29},{"Vajra":0,"Old Coin":77,"HornCleat":0,"Sundial":35,"DollysMirror":61,"Mummified Hand":72,"Strawberry":13,"Prayer Wheel":9,"Tiny Chest":35,"Fusion Hammer":16,"Astrolabe":54,"The Courier":7,"Orichalcum":72,"GoldenEye":60,"White Beast Statue":35,"Akabeko":77,"Mercury Hourglass":66,"Calling Bell":0,"Du-Vu Doll":0,"Ornamental Fan":47,"Shuriken":87,"Molten Egg 2":7,"Bag of Marbles":87,"PureWater":0,"Toy Ornithopter":91}],"Toy Ornithopter":5},"card_choices":[{"not_picked":["Evaluate","WaveOfTheHand"],"picked":"FlyingSleeves","floor":1.0},{"not_picked":["BowlingBash","FollowUp"],"picked":"Tantrum","floor":3.0},{"not_picked":["ClearTheMind","BowlingBash"],"picked":"CrushJoints","floor":4.0},{"not_picked":["FollowUp+1","PathToVictory"],"picked":"WindmillStrike+1","floor":12.0},{"not_picked":["Evaluate","InnerPeace"],"picked":"CutThroughFate+1","floor":13.0},{"not_picked":["FlyingSleeves+1","EmptyMind"],"picked":"JustLucky+1","floor":13.0},{"not_picked":["Meditate","FlurryOfBlows+1"],"picked":"CutThroughFate+1","floor":14.0},{"not_picked":["ConjureBlade","Omniscience"],"picked":"Vault","floor":16.0},{"not_picked":["Halt+1","BowlingBash+1"],"picked":"Wireheading+1","floor":18.0},{"not_picked":["Evaluate","CarveReality+1"],"picked":"CutThroughFate+1","floor":18.0},{"not_picked":["Prostrate+1","Crescendo+1"],"picked":"TalkToTheHand+1","floor":19.0},{"not_picked":["FlyingSleeves+1","MentalFortress"],"picked":"CutThroughFate+1","floor":19.0},{"not_picked":["Evaluate","FlyingSleeves+1"],"picked":"Blasphemy","floor":20.0},{"not_picked":["Crescendo+1","SashWhip+1","Worship"],"picked":"SKIP","floor":20.0},{"not_picked":["Study","FlyingSleeves+1"],"picked":"Evaluate+1","floor":21.0},{"not_picked":["Evaluate","PathToVictory","Protect"],"picked":"SKIP","floor":21.0},{"not_picked":["Consecrate+1","Adaptation"],"picked":"JustLucky+1","floor":22.0},{"not_picked":["SashWhip+1","Wireheading+1","Fasting2"],"picked":"SKIP","floor":22.0},{"not_picked":["BattleHymn+1","Crescendo"],"picked":"TalkToTheHand+1","floor":24.0},{"not_picked":["Protect","FollowUp+1"],"picked":"SandsOfTime+1","floor":27.0},{"not_picked":["Halt","CutThroughFate+1","FlyingSleeves+1"],"picked":"SKIP","floor":27.0},{"not_picked":["Sanctity","Protect+1"],"picked":"Weave+1","floor":28.0},{"not_picked":["EmptyMind","ThirdEye"],"picked":"Conclude+1","floor":28.0},{"not_picked":["JustLucky+1","LessonLearned+1"],"picked":"Nirvana","floor":29.0},{"not_picked":["TalkToTheHand+1","FlurryOfBlows+1"],"picked":"JustLucky+1","floor":29.0},{"not_picked":["SignatureMove+1","ForeignInfluence"],"picked":"ThirdEye+1","floor":30.0},{"not_picked":["BattleHymn","CutThroughFate+1"],"picked":"JustLucky+1","floor":31.0},{"not_picked":["SignatureMove+1","WreathOfFlame","WaveOfTheHand"],"picked":"SKIP","floor":31.0},{"not_picked":["Brilliance+1","DeusExMachina"],"picked":"LessonLearned+1","floor":33.0},{"not_picked":["ThirdEye+1","Prostrate+1"],"picked":"Weave+1","floor":35.0},{"not_picked":["Prostrate+1","BattleHymn+1","CutThroughFate+1"],"picked":"SKIP","floor":35.0},{"not_picked":["Halt","CrushJoints+1"],"picked":"FearNoEvil+1","floor":37.0},{"not_picked":["FlyingSleeves+1","SashWhip+1"],"picked":"Weave+1","floor":38.0},{"not_picked":["FlyingSleeves+1","FlurryOfBlows+1"],"picked":"JustLucky+1","floor":38.0},{"not_picked":["Conclude+1","Tantrum+1"],"picked":"TalkToTheHand+1","floor":40.0},{"not_picked":["CrushJoints+1","WaveOfTheHand"],"picked":"DeusExMachina","floor":41.0},{"not_picked":["ReachHeaven+1","SignatureMove+1","BowlingBash+1"],"picked":"SKIP","floor":41.0},{"not_picked":["MentalFortress+1","Crescendo+1"],"picked":"Adaptation+1","floor":42.0},{"not_picked":["FlurryOfBlows+1","Consecrate+1"],"picked":"JustLucky+1","floor":44.0},{"not_picked":["FollowUp+1","SashWhip+1"],"picked":"Wireheading+1","floor":47.0},{"not_picked":["ForeignInfluence+1","Worship+1"],"picked":"JustLucky+1","floor":47.0},{"not_picked":["ClearTheMind","FollowUp+1","Halt+1"],"picked":"SKIP","floor":54.0}],"player_experience":344999,"relics_obtained":[{"floor":0.0,"key":"Vajra"},{"floor":0.0,"key":"HornCleat"},{"floor":0.0,"key":"Du-Vu Doll"},{"floor":9.0,"key":"The Courier"},{"floor":12.0,"key":"Prayer Wheel"},{"floor":14.0,"key":"Strawberry"},{"floor":24.0,"key":"Tiny Chest"},{"floor":30.0,"key":"Ornamental Fan"},{"floor":37.0,"key":"GoldenEye"},{"floor":40.0,"key":"Mercury Hourglass"},{"floor":42.0,"key":"Mummified Hand"},{"floor":43.0,"key":"Orichalcum"},{"floor":44.0,"key":"Old Coin"},{"floor":45.0,"key":"Akabeko"},{"floor":54.0,"key":"Toy Ornithopter"}],"event_choices":[{"damage_healed":0.0,"max_hp_gain":0.0,"max_hp_loss":0.0,"gold_gain":175.0,"event_name":"Liars Game","player_choice":"AGREE","floor":2.0,"gold_loss":0.0,"damage_taken":0.0,"cards_obtained":["Doubt"]},{"cards_removed":["Doubt"],"damage_healed":0.0,"max_hp_gain":0.0,"max_hp_loss":0.0,"gold_gain":0.0,"event_name":"Living Wall","player_choice":"Forget","floor":7.0,"gold_loss":0.0,"damage_taken":0.0},{"damage_healed":0.0,"max_hp_gain":0.0,"max_hp_loss":0.0,"gold_gain":275.0,"event_name":"Golden Shrine","player_choice":"Desecrate","floor":11.0,"gold_loss":0.0,"damage_taken":0.0,"cards_obtained":["Regret"]},{"cards_removed":["Weave"],"damage_healed":0.0,"max_hp_gain":0.0,"max_hp_loss":0.0,"gold_gain":0.0,"event_name":"Falling","player_choice":"Removed Attack","floor":36.0,"gold_loss":0.0,"damage_taken":0.0},{"damage_healed":0.0,"max_hp_gain":0.0,"max_hp_loss":0.0,"gold_gain":0.0,"event_name":"Mysterious Sphere","player_choice":"Fight","floor":37.0,"gold_loss":0.0,"damage_taken":0.0},{"damage_healed":0.0,"max_hp_gain":0.0,"max_hp_loss":0.0,"gold_gain":0.0,"event_name":"SensoryStone","player_choice":"Memory 1","floor":46.0,"gold_loss":0.0,"damage_taken":0.0},{"damage_healed":0.0,"max_hp_gain":0.0,"max_hp_loss":4.0,"gold_gain":0.0,"event_name":"Winding Halls","player_choice":"Max HP","floor":48.0,"gold_loss":0.0,"damage_taken":0.0}],"is_beta":false,"boss_relics":[{"not_picked":["VioletLotus","Runic Pyramid"],"picked":"Fusion Hammer"},{"not_picked":["SlaversCollar","Sozu"],"picked":"Astrolabe"}],"items_purged_floors":[25,39,53],"is_endless":false,"potions_floor_spawned":[3,14,22,24,27,28,29,30,31,33,35,37,38,40,41,42,44,47,54],"ascension_level":3}}