{"host":"78azdv0oxplymbah","time":1610593794,"event":{"mods":["Act Like it!","Arknights The Spire","BaseMod","BetterRewards","DeckTracker","Gensokyo","Hallownest","Highlight Path","KinomotoSakuraMod(ƒæ÷Æ±æ”£)","Marisa£®ÏF”Í°°ƒß¿Ì…≥£©","Minty Spire (QoL Compilation)","MostiFishMod","Quick Restart","Reimu£®≤©¿ˆ¡È√Œ£©","Relic Stats","Remove Card Discount Mod","Replay The Spire","Spicy Shops","StSLib","Td1madao Mod","The Marked","The Servant 0.9.4","Youmu£®ªÍ∆«—˝√Œ£©","°æπ¶ƒ‹Mod°øªÏ„Á÷Æª∑–ﬁ∏¥≤π∂°","°æ“≈ŒÔø®≈∆°øREMEMod"],"gold_per_floor":[114,0,29,1,16,16,49,99,124,149,149,269,269,304,304,424,424,453,468,489,514,72,72,87,186,211,211,246,246,261,311,311,411,411,426,426,461,461,490,520,520,430,480,495,524,524,524,10,10,10],"floor_reached":51,"language":"ZHS","playtime":3382,"items_purged":["Pain","6A","UnstableBomb","PowerUp","MachineGunSpark","MachineGunSpark","StarBarrage","6A","NonDirectionalLaser","EnergyRecoil","ManaConvection","PropBag","DarkSpark","MilkyWay","AsteroidBelt","WitchLeyline","ShootingEcho","LuminesStrike","GalacticHalo","OrrerysSun","GalacticHalo","Occultation","ShootingEcho","WitchLeyline","ShootingEcho","DarkMatter","DarkMatter","DarkMatter","SuperPerseids","WitchOfGreed","ShootTheMoon","GasGiant","MilkyWay","ShootTheMoon","DC","OpenUniverse","OpenUniverse","GravityBeat","SuperPerseids","SuperPerseids","GrandCross","Writhe","Clumsy","Pot Of Greed","EscapeVelocity","OortCloud","Robbery","MeteoricShower","PulseMagic"],"score":901,"play_id":"f2ec23cd-6dee-4996-9df9-b8869a9c128b","local_time":"20210114110954","daily_mods":["Insanity","Uncertain Future","Binary"],"is_ascension_mode":false,"campfire_choices":[{"data":"MysteriousBeam","floor":6,"key":"SMITH"},{"data":"PulseMagic","floor":11,"key":"SMITH"},{"data":"EarthLightRay","floor":15,"key":"SMITH"},{"data":"Pot Of Greed","floor":23,"key":"SMITH"},{"data":"MysteriousBeam","floor":27,"key":"SMITH"},{"data":"Pot Of Greed","floor":32,"key":"SMITH"},{"data":"BinaryStars","floor":41,"key":"SMITH"},{"data":"MysteriousBeam","floor":46,"key":"SMITH"},{"data":"Gensokyo:UnhurriedMind","floor":49,"key":"SMITH"}],"circlet_count":0,"master_deck":["EventHorizon","SporeBomb","EventHorizon","MysteriousBeam+1","PulseMagic+1","MysteriousBeam+1","Acceleration","MysteriousBeam","MysteriousBeam","EarthLightRay+1","Pot Of Greed+1","BinaryStars+1","Orbital","MysteriousBeam+1","OrrerysSun+1","SporeBomb+1","Pot Of Greed+1","EnergyFlow","MillisecondPulsars","MysteriousBeam+1","Gensokyo:UnhurriedMind+1","Singularity+1","Gensokyo:CustomPotion","CasketOfStar","EarthLightRay"],"relics":["BewitchedHakkero","DaveBox","REME_ComplimentaryCards","MetatronsCube","SynthV:TestCard","SynthV:C4","Bag of Preparation","Grinning Jar","ChiXiaoBlade","BirthdayGift-Icosahedron","TungstenRod","Lantern","Dream Catcher","Gensokyo:DualWield","Strawberry","ReplayTheSpireMod:Lightbulb","ReplayTheSpireMod:Ninjato","REME_PuzzleBoxRelic","TentaclePot:ReiMu"],"acts_visited":["Exordium","TheCity","TheCity"],"potions_floor_usage":[],"damage_taken":[{"damage":4,"enemies":"2_ Uuma","floor":1,"turns":4},{"damage":0,"enemies":"Hallownest:monsterHuskWarrior","floor":3,"turns":3},{"damage":10,"enemies":"Hallownest:2_Baldur","floor":5,"turns":2},{"damage":16,"enemies":"Hallownest:MossCreep_and_Mosskin","floor":7,"turns":3},{"damage":2,"enemies":"Hallownest:eliteCrystalGuardian","floor":8,"turns":3},{"damage":4,"enemies":"Hallownest:2_Tiktiks_1_Baldur_1_Crawlid","floor":10,"turns":1},{"damage":0,"enemies":"Hallownest:monsterFoolEater","floor":14,"turns":1},{"damage":15,"enemies":"Hallownest:BossFalseKnight","floor":16,"turns":2},{"damage":12,"enemies":"Chosen","floor":18,"turns":2},{"damage":2,"enemies":"2 Thieves","floor":19,"turns":2},{"damage":13,"enemies":"Snake Plant","floor":20,"turns":2},{"damage":3,"enemies":"Chosen and Byrds","floor":21,"turns":3},{"damage":0,"enemies":"Sentry and Sphere","floor":24,"turns":1},{"damage":0,"enemies":"Snecko","floor":28,"turns":1},{"damage":0,"enemies":"Snake Plant","floor":30,"turns":1},{"damage":0,"enemies":"REME_1_Revenger","floor":31,"turns":2},{"damage":0,"enemies":"Pondfish","floor":33,"turns":2},{"damage":0,"enemies":"Gensokyo:AncientGuardian","floor":35,"turns":2},{"damage":0,"enemies":"Gensokyo:3_Boulders","floor":37,"turns":1},{"damage":36,"enemies":"Gensokyo:3_Boulders","floor":38,"turns":7},{"damage":0,"enemies":"Gensokyo:Rafflesia","floor":39,"turns":2},{"damage":12,"enemies":"Gensokyo:Doremy","floor":40,"turns":3},{"damage":0,"enemies":"Gensokyo:AtlasGolem","floor":44,"turns":2},{"damage":0,"enemies":"Gensokyo:SeedOfUnknown","floor":45,"turns":2},{"damage":0,"enemies":"Gensokyo:Yuyuko","floor":50,"turns":3}],"seed_played":"-4891952413640654339","potions_obtained":[{"floor":1,"key":"Strength Potion"},{"floor":5,"key":"Regen Potion"},{"floor":8,"key":"Dexterity Potion"},{"floor":28,"key":"Swift Potion"},{"floor":44,"key":"PowerPotion"}],"is_trial":false,"path_per_floor":["M","$","M","$","M","R","M","E","T","M","R","?","?","M","R","B",null,"M","M","M","M","$","R","M","?","T","R","M","?","M","E","R","B",null,"M","?","M","?","M","E","R","?","T","M","M","R","?","$","R","B",null],"character_chosen":"MARISA","items_purchased":["SynthV:C4","BirthdayGift-Icosahedron","TungstenRod","ReplayTheSpireMod:Ninjato","REME_PuzzleBoxRelic","TentaclePot:ReiMu","EarthLightRay"],"campfire_rested":0,"item_purchase_floors":[2,22,22,48,48,48,48],"current_hp_per_floor":[71,71,71,71,61,61,49,51,51,47,47,47,56,60,60,51,84,72,76,69,72,72,72,73,73,73,73,80,80,81,84,84,84,84,84,84,84,84,84,80,80,80,80,87,91,91,91,91,91,91],"gold":10,"neow_bonus":"","is_daily":true,"chose_seed":false,"campfire_upgraded":9,"win_rate":0.0,"timestamp":1610593794,"path_taken":["M","$","?","?","M","R","M","E","T","M","R","?","?","M","R","BOSS","M","M","M","M","$","R","M","?","T","R","M","?","?","E","R","BOSS","M","?","M","?","M","E","R","?","T","M","M","R","?","$","R","BOSS"],"items_purchased_type":["Relic","Relic","Relic","Relic","Relic","Relic","Card"],"build_version":"2020-12-22","purchased_purges":49,"victory":true,"max_hp_per_floor":[75,75,75,75,75,75,75,75,75,75,75,75,84,84,84,84,84,84,84,84,84,84,84,84,84,84,84,84,84,84,84,84,84,84,84,84,84,84,84,91,91,91,91,91,91,91,91,91,91,91],"relic_stats":{"Dream Catcher":0,"counters":[25,56],"Bag of Preparation":[40],"obtain_stats":[{"Lantern":26,"ReplayTheSpireMod:Ninjato":48,"DaveBox":0,"TentaclePot:ReiMu":48,"Bag of Preparation":8,"BirthdayGift-Icosahedron":22,"SynthV:C4":2,"Gensokyo:DualWield":36,"Dream Catcher":31,"SynthV:TestCard":1,"Strawberry":40,"ChiXiaoBlade":17,"MiniHakkero":0,"Grinning Jar":9,"BewitchedHakkero":34,"REME_PuzzleBoxRelic":48,"ReplayTheSpireMod:Lightbulb":43,"TungstenRod":22,"REME_ComplimentaryCards":0,"MetatronsCube":0},{"Lantern":13,"ReplayTheSpireMod:Ninjato":24,"DaveBox":0,"TentaclePot:ReiMu":24,"Bag of Preparation":5,"BirthdayGift-Icosahedron":12,"SynthV:C4":1,"Gensokyo:DualWield":18,"Dream Catcher":16,"SynthV:TestCard":1,"Strawberry":22,"ChiXiaoBlade":8,"MiniHakkero":0,"Grinning Jar":5,"BewitchedHakkero":17,"REME_PuzzleBoxRelic":24,"ReplayTheSpireMod:Lightbulb":22,"TungstenRod":12,"REME_ComplimentaryCards":0,"MetatronsCube":0},{"Lantern":29,"ReplayTheSpireMod:Ninjato":53,"DaveBox":0,"TentaclePot:ReiMu":53,"Bag of Preparation":15,"BirthdayGift-Icosahedron":28,"SynthV:C4":4,"Gensokyo:DualWield":37,"Dream Catcher":33,"SynthV:TestCard":4,"Strawberry":49,"ChiXiaoBlade":19,"MiniHakkero":0,"Grinning Jar":15,"BewitchedHakkero":35,"REME_PuzzleBoxRelic":53,"ReplayTheSpireMod:Lightbulb":49,"TungstenRod":28,"REME_ComplimentaryCards":0,"MetatronsCube":0}],"TungstenRod":7},"card_choices":[{"not_picked":["PowerUp"],"picked":"MysteriousBeam","floor":1},{"not_picked":["PowerUp","EnergyRecoil","DoubleSpark"],"picked":"OpenUniverse","floor":3},{"not_picked":["WitchLeyline","GravityBeat","SporeBomb"],"picked":"EarthLightRay","floor":5},{"not_picked":["EnergyRecoil","OpenUniverse","ChargingUp","BlazingStar"],"picked":"SKIP","floor":7},{"not_picked":["ChargingUp","WitchOfGreed","IllusionStar","Orbital"],"picked":"SKIP","floor":8},{"not_picked":["ShootingEcho","Robbery","WitchLeyline","PowerUp"],"picked":"SKIP","floor":10},{"not_picked":["GravityBeat","Robbery","DarkMatter","FairyDestructionRay"],"picked":"SKIP","floor":14},{"not_picked":["JA","BlazingStar","CasketOfStar"],"picked":"BinaryStars","floor":16},{"not_picked":["DoubleSpark+1","OortCloud","GalacticHalo+1"],"picked":"MeteoricShower","floor":18},{"not_picked":["GravityBeat+1","RefractionSpark","DarkSpark"],"picked":"Orbital","floor":19},{"not_picked":["DoubleSpark+1","Robbery","PowerUp"],"picked":"MysteriousBeam","floor":20},{"not_picked":["EnergyRecoil","MilkyWay","LuminesStrike"],"picked":"OrrerysSun+1","floor":21},{"not_picked":["MilkyWay+1","AsteroidBelt+1","StarlightTyphoon"],"picked":"SporeBomb+1","floor":24},{"not_picked":["RefractionSpark","GalacticHalo+1","Acceleration"],"picked":"PulseMagic","floor":28},{"not_picked":["PowerUp","GravityBeat","NonDirectionalLaser"],"picked":"OortCloud","floor":30},{"not_picked":["MilkyWay","WitchOfGreed","SporeBomb"],"picked":"EnergyFlow","floor":31},{"not_picked":["AbsoluteMagnitude","BlazingStar","CollectingQuirk"],"picked":"MillisecondPulsars","floor":33},{"not_picked":["IllusionStar+1","PowerUp+1","PulseMagic+1","UnstableBomb+1"],"picked":"SKIP","floor":35},{"not_picked":["GalacticHalo","MilkyWay+1","LuminesStrike"],"picked":"MysteriousBeam+1","floor":37},{"not_picked":["Gensokyo:UnlikelyAid","Gensokyo:Dawn"],"picked":"Gensokyo:UnhurriedMind","floor":38},{"not_picked":["GrandCross+1","NonDirectionalLaser+1","WitchLeyline"],"picked":"Singularity+1","floor":39},{"not_picked":["UnstableBomb+1","WitchOfGreed","SporeBomb+1","DarkMatter"],"picked":"SKIP","floor":40},{"not_picked":["GrandCross+1","ShootingEcho","GravityBeat"],"picked":"CasketOfStar","floor":44},{"not_picked":["IllusionStar+1","GalacticHalo","GasGiant","NonDirectionalLaser"],"picked":"SKIP","floor":45}],"player_experience":22620,"relics_obtained":[{"floor":1,"key":"SynthV:TestCard"},{"floor":8,"key":"Bag of Preparation"},{"floor":9,"key":"Grinning Jar"},{"floor":26,"key":"Lantern"},{"floor":31,"key":"Dream Catcher"},{"floor":40,"key":"Strawberry"},{"floor":43,"key":"ReplayTheSpireMod:Lightbulb"}],"event_choices":[{"damage_healed":0,"gold_gain":99,"player_choice":"Stole From Cult","damage_taken":0,"max_hp_gain":0,"max_hp_loss":0,"event_name":"Nest","floor":25,"gold_loss":0},{"cards_removed":["GalacticHalo"],"damage_healed":0,"gold_gain":0,"player_choice":"Purged","damage_taken":0,"max_hp_gain":0,"max_hp_loss":0,"event_name":"Purifier","floor":29,"gold_loss":0}],"is_beta":false,"boss_relics":[{"not_picked":["MoonlightInvasionPlan","Replay:Bronze Core"],"picked":"ChiXiaoBlade"},{"not_picked":["Sozu","Coffee Dripper"],"picked":"BewitchedHakkero"}],"items_purged_floors":[2,2,2,2,2,2,2,2,2,2,2,2,2,2,2,2,2,2,2,2,2,2,2,2,2,2,2,4,4,4,4,4,4,4,4,4,4,4,4,4,4,22,22,48,48,48,48,48,48],"is_endless":false,"potions_floor_spawned":[1,5,8,20,21,28,31,44],"ascension_level":0}}