{"host":"6gwm7y0tp7acoxay","time":1610621213,"event":{"mods":["BaseMod","Colored Map","Keyboard Shortcuts","Minty Spire (QoL Compilation)","Quick Restart","StSLib","SuperFastMode","everything is the same but u backflip on backflip"],"gold_per_floor":[111,111,91,108,108,137,171,206,206,206,237,237,237,237],"floor_reached":13,"language":"KOR","playtime":409,"items_purged":[],"score":218,"play_id":"d37053ac-52f8-4c0e-884b-fcfbf1e462f2","local_time":"20210114194653","daily_mods":["SealedDeck","Heirloom","Flight"],"is_ascension_mode":true,"campfire_choices":[{"floor":10,"key":"REST"},{"floor":12,"key":"REST"}],"circlet_count":0,"master_deck":["AscendersBane","Outmaneuver","Deflect","PiercingWail","Blur","Bane","Poisoned Stab","Catalyst","Dagger Spray","PiercingWail","Deadly Poison","Leg Sweep","Venomology"],"relics":["Ring of the Snake","Incense Burner","Toy Ornithopter","InkBottle","Ninja Scroll","StoneCalendar"],"acts_visited":["Exordium"],"potions_floor_usage":[6,11,11],"damage_taken":[{"damage":0,"enemies":"2 Louse","floor":1,"turns":2},{"damage":0,"enemies":"Jaw Worm","floor":4,"turns":3},{"damage":17,"enemies":"Lagavulin","floor":6,"turns":6},{"damage":22,"enemies":"3 Sentries","floor":7,"turns":9},{"damage":12,"enemies":"Lagavulin","floor":8,"turns":8},{"damage":25,"enemies":"3 Sentries","floor":11,"turns":9},{"damage":41,"enemies":"Gremlin Nob","floor":13,"turns":3}],"seed_played":"2945851372687396833","potions_obtained":[{"floor":3,"key":"SneckoOil"},{"floor":4,"key":"ColorlessPotion"},{"floor":8,"key":"AttackPotion"}],"is_trial":true,"path_per_floor":["M","?","?","M","?","E","E","E","T","R","E","R","E"],"character_chosen":"THE_SILENT","items_purchased":[],"campfire_rested":2,"item_purchase_floors":[],"current_hp_per_floor":[59,59,59,59,59,42,20,8,8,27,12,31,0,0],"gold":237,"neow_bonus":"","is_daily":false,"chose_seed":false,"campfire_upgraded":0,"win_rate":0.0,"timestamp":1610621213,"path_taken":["M","?","?","?","?","E","E","E","T","R","E","R","E"],"items_purchased_type":[],"build_version":"2020-12-22","purchased_purges":0,"victory":false,"max_hp_per_floor":[66,66,66,66,66,66,66,66,66,66,66,66,66,66],"card_choices":[{"not_picked":["Poisoned Stab","Calculated Gamble","All Out Attack"],"picked":"SKIP","floor":1},{"not_picked":["Backstab","Concentrate"],"picked":"Leg Sweep","floor":4},{"not_picked":["Deflect","Heel Hook","Flying Knee"],"picked":"SKIP","floor":6},{"not_picked":["Deadly Poison","Outmaneuver","Backstab"],"picked":"SKIP","floor":7},{"not_picked":["PiercingWail","Dodge and Roll"],"picked":"Venomology","floor":8},{"not_picked":["Acrobatics","Blade Dance","Dagger Spray"],"picked":"SKIP","floor":11}],"player_experience":4399291,"relics_obtained":[{"floor":6,"key":"Toy Ornithopter"},{"floor":7,"key":"InkBottle"},{"floor":8,"key":"Ninja Scroll"},{"floor":11,"key":"StoneCalendar"}],"event_choices":[{"damage_healed":0,"gold_gain":0,"player_choice":"Ignored","damage_taken":0,"max_hp_gain":0,"max_hp_loss":0,"event_name":"Golden Wing","floor":2,"gold_loss":0},{"damage_healed":0,"gold_gain":0,"player_choice":"Bought 1 Potion","damage_taken":0,"max_hp_gain":0,"max_hp_loss":0,"event_name":"The Woman in Blue","floor":3,"gold_loss":0},{"damage_healed":0,"gold_gain":0,"player_choice":"Ignored","damage_taken":0,"max_hp_gain":0,"max_hp_loss":0,"event_name":"Liars Game","floor":5,"gold_loss":0}],"is_beta":false,"boss_relics":[],"items_purged_floors":[],"is_endless":false,"potions_floor_spawned":[4,8],"killed_by":"Gremlin Nob","ascension_level":20}}