{"host":"e1pm3b7xpcm97e5w","time":1610596719,"event":{"mods":["BaseMod","Better Skull","Googly Eyes","Minty Spire (QoL Compilation)","Relic Stats","Shop Mod","Spicy Shops","StSLib"],"gold_per_floor":[110,122,9,9,9,9,22,55,82,110,126,126,139,150,150,245,245,263,263,276,287,300,300,300],"floor_reached":23,"language":"ENG","playtime":10636,"items_purged":[],"score":395,"play_id":"0f8092e5-688d-42b8-994b-f8206d3c47d5","local_time":"20210113225839","is_ascension_mode":true,"campfire_choices":[{"data":"BattleHymn","floor":6,"key":"SMITH"},{"floor":12,"key":"REST"},{"data":"BattleHymn","floor":15,"key":"SMITH"}],"circlet_count":0,"master_deck":["AscendersBane","Strike_P","Strike_P","Strike_P","Strike_P","Defend_P","Defend_P","Defend_P","Defend_P","Eruption","Vigilance","PathToVictory","SpiritShield","BattleHymn+1","Consecrate","Protect","BattleHymn+1","Tantrum","FlurryOfBlows","SpiritShield","Establishment","CrushJoints"],"relics":["PureWater","NeowsBlessing","Pen Nib","Lantern","Oddly Smooth Stone","Black Star"],"acts_visited":["Exordium","TheCity"],"potions_floor_usage":[18,20,23],"damage_taken":[{"damage":0,"enemies":"Cultist","floor":1,"turns":1},{"damage":0,"enemies":"2 Louse","floor":2,"turns":2},{"damage":0,"enemies":"Jaw Worm","floor":7,"turns":1},{"damage":29,"enemies":"Lagavulin","floor":8,"turns":6},{"damage":15,"enemies":"3 Sentries","floor":10,"turns":4},{"damage":0,"enemies":"3 Louse","floor":11,"turns":2},{"damage":0,"enemies":"Looter","floor":13,"turns":3},{"damage":0,"enemies":"Large Slime","floor":14,"turns":2},{"damage":0,"enemies":"Slime Boss","floor":16,"turns":3},{"damage":3,"enemies":"2 Thieves","floor":18,"turns":3},{"damage":18,"enemies":"3 Byrds","floor":20,"turns":3},{"damage":20,"enemies":"Snake Plant","floor":21,"turns":4},{"damage":18,"enemies":"Cultist and Chosen","floor":22,"turns":8},{"damage":8,"enemies":"Slavers","floor":23,"turns":1}],"seed_played":"1221651166507569077","potions_obtained":[{"floor":8,"key":"Fire Potion"},{"floor":10,"key":"Dexterity Potion"},{"floor":11,"key":"SkillPotion"},{"floor":20,"key":"Ambrosia"},{"floor":21,"key":"GamblersBrew"}],"is_trial":false,"path_per_floor":["M","M","$","$","?","R","M","E","T","E","M","R","M","M","R","B",null,"M","?","M","M","M","E"],"character_chosen":"WATCHER","items_purchased":["BattleHymn"],"campfire_rested":1,"item_purchase_floors":[3],"current_hp_per_floor":[65,65,65,65,65,65,65,36,36,21,21,42,42,42,42,42,65,62,62,44,24,6,0,0],"gold":300,"neow_bonus":"THREE_ENEMY_KILL","is_daily":false,"chose_seed":false,"campfire_upgraded":2,"win_rate":0.0,"timestamp":1610596719,"path_taken":["M","?","?","$","?","R","M","E","T","E","?","R","M","M","R","BOSS","M","?","M","M","M","E"],"items_purchased_type":["Card"],"build_version":"2020-12-22","purchased_purges":0,"victory":false,"max_hp_per_floor":[72,72,72,72,72,72,72,72,72,72,72,72,72,72,72,72,72,72,72,72,72,72,72,72],"relic_stats":{"counters":[14,43],"Pen Nib":[6],"Black Star":0,"obtain_stats":[{"Lantern":9,"NeowsBlessing":0,"Oddly Smooth Stone":10,"Pen Nib":8,"Black Star":17,"PureWater":0},{"Lantern":4,"NeowsBlessing":0,"Oddly Smooth Stone":5,"Pen Nib":4,"Black Star":9,"PureWater":0},{"Lantern":10,"NeowsBlessing":0,"Oddly Smooth Stone":14,"Pen Nib":10,"Black Star":24,"PureWater":0}]},"card_choices":[{"not_picked":["Protect","WheelKick"],"picked":"PathToVictory","floor":1},{"not_picked":["FlurryOfBlows","Protect"],"picked":"SpiritShield","floor":2},{"not_picked":["Halt","EmptyMind"],"picked":"Consecrate","floor":7},{"not_picked":["Sanctity","FlurryOfBlows"],"picked":"Protect","floor":8},{"not_picked":["CutThroughFate","EmptyBody"],"picked":"BattleHymn","floor":10},{"not_picked":["ThirdEye","SashWhip"],"picked":"Tantrum","floor":11},{"not_picked":["CarveReality","Halt"],"picked":"FlurryOfBlows","floor":13},{"not_picked":["FollowUp","CutThroughFate"],"picked":"SpiritShield","floor":14},{"not_picked":["Wish","DeusExMachina"],"picked":"Establishment","floor":16},{"not_picked":["FollowUp","Conclude"],"picked":"CrushJoints","floor":18},{"not_picked":["Prostrate+1","ThirdEye","Swivel+1"],"picked":"SKIP","floor":20},{"not_picked":["SashWhip","Halt","CarveReality"],"picked":"SKIP","floor":21},{"not_picked":["Study+1","Adaptation","Protect"],"picked":"SKIP","floor":22}],"player_experience":521289,"relics_obtained":[{"floor":8,"key":"Pen Nib"},{"floor":9,"key":"Lantern"},{"floor":10,"key":"Oddly Smooth Stone"}],"event_choices":[{"damage_healed":0,"gold_gain":0,"player_choice":"Ignored","damage_taken":0,"max_hp_gain":0,"max_hp_loss":0,"event_name":"WeMeetAgain","floor":5,"gold_loss":0},{"damage_healed":0,"gold_gain":0,"player_choice":"Ignored","damage_taken":0,"max_hp_gain":0,"max_hp_loss":0,"event_name":"Ghosts","floor":19,"gold_loss":0}],"is_beta":false,"boss_relics":[{"not_picked":["Coffee Dripper","Ectoplasm"],"picked":"Black Star"}],"items_purged_floors":[],"is_endless":false,"potions_floor_spawned":[8,10,11,14,20,21,22],"killed_by":"Slavers","ascension_level":11}}