{"host":"lcnwkjlokfwcnxxu","time":1610590697,"event":{"mods":["BaseMod","Colored Map","Downfall","GifTheSpireLib","Marisa????????","Minty Spire (QoL Compilation)","Quick Restart","Replay The Spire","StSLib","The Disciple","The Mystic","The Servant 0.9.4"],"gold_per_floor":[115,115,115,133,11,11,44,44,95,106,119,19,19,33,33,136,136,150,162,87,87,102,135,135,10,10,0,0,0,11,11,11,28,28,127,127,140,151,1,19,38,38,70,70,70,70,70,117,0,14,14,14],"floor_reached":53,"language":"ENG","playtime":3517,"items_purged":["Defend_S","Strike_S","Defend_S","Strike_S"],"score":805,"play_id":"ec93e666-6f40-4747-885d-6e230f085ce8","local_time":"20210113181817","is_ascension_mode":false,"campfire_choices":[{"data":"ShatteredReality","floor":6.0,"key":"SMITH"},{"data":"ShatteredReality","floor":8.0,"key":"SMITH"},{"data":"Comet","floor":13.0,"key":"SMITH"},{"data":"FastForward","floor":15.0,"key":"SMITH"},{"data":"Initiator","floor":24,"key":"SMITH"},{"data":"KidneyShot","floor":28,"key":"SMITH"},{"data":"FloweringNight","floor":34,"key":"SMITH"},{"data":"TimeWarp","floor":42,"key":"SMITH"},{"data":"SoulSculpture","floor":46,"key":"SMITH"},{"floor":51,"key":"REST"}],"circlet_count":0,"master_deck":["Defend_S","Defend_S","KidneyShot+1","Exchange+1","ShatteredReality+1","FastForward+1","ShatteredReality+1","Comet+1","TimeWarp+1","ShiftingGears","Initiator+1","Alleviate+1","Read","FloweringNight+1","KidneyShot","SoulSculpture+1","GearUp+1","Advance","Writhe","Comet+1"],"relics":["Uniform","Boot","MealTicket","MysterySword","InkBottle","Meat on the Bone","SacredBark","Durian","PreservedInsect","CatCart","Red Mask"],"acts_visited":["Exordium","TheCity","TheBeyond"],"potions_floor_usage":[35,35,38,40,52,52],"damage_taken":[{"damage":5.0,"enemies":"Jaw Worm","floor":1.0,"turns":5.0},{"damage":0.0,"enemies":"Small Slimes","floor":4.0,"turns":3.0},{"damage":13.0,"enemies":"Lagavulin","floor":7.0,"turns":6.0},{"damage":0.0,"enemies":"Cultist","floor":10.0,"turns":3.0},{"damage":0.0,"enemies":"Looter","floor":11.0,"turns":2.0},{"damage":0.0,"enemies":"Large Slime","floor":14.0,"turns":2.0},{"damage":0.0,"enemies":"Hexaghost","floor":16.0,"turns":9.0},{"damage":2,"enemies":"3 Byrds","floor":18,"turns":2},{"damage":12,"enemies":"Shell Parasite","floor":19,"turns":3},{"damage":6,"enemies":"Chosen and Byrds","floor":22,"turns":5},{"damage":14,"enemies":"Book of Stabbing","floor":23,"turns":5},{"damage":17,"enemies":"Shelled Parasite and Fungi","floor":30,"turns":7},{"damage":3,"enemies":"Cultist and Chosen","floor":33,"turns":3},{"damage":0,"enemies":"Automaton","floor":35,"turns":8},{"damage":0,"enemies":"Orb Walker","floor":37,"turns":3},{"damage":5,"enemies":"3 Darklings","floor":38,"turns":3},{"damage":22,"enemies":"Jaw Worm Horde","floor":40,"turns":4},{"damage":0,"enemies":"Sphere and 2 Shapes","floor":41,"turns":3},{"damage":30,"enemies":"Nemesis","floor":43,"turns":5},{"damage":0,"enemies":"Orin","floor":48,"turns":10},{"damage":0,"enemies":"Maw","floor":50,"turns":7},{"damage":16,"enemies":"Awakened One","floor":52,"turns":11}],"seed_played":"5483130610839400204","potions_obtained":[{"floor":10.0,"key":"champ:CounterPotion"},{"floor":16.0,"key":"LiquidBronze"},{"floor":18,"key":"Guardian:BlockOnCardUsePotion"},{"floor":19,"key":"sneckomod:MuddlingPotion"},{"floor":22,"key":"SkillPotion"},{"floor":38,"key":"Fire Potion"},{"floor":43,"key":"Death Potion"},{"floor":50,"key":"Adrenaline Potion"}],"is_trial":false,"path_per_floor":["M","?","?","M","$","R","E","R","T","M","M","$","R","M","R","B",null,"M","M","?","$","M","E","R","$","T","?","R","?","M","PTL","PTL","M","R","B",null,"M","M","$","M","M","R","E","?","T","R","?","?","?","M","R","B",null],"character_chosen":"THE_SERVANT","items_purchased":["ShatteredReality"],"campfire_rested":1,"item_purchase_floors":[5],"current_hp_per_floor":[66,66,66,66,66,66,53,53,53,53,53,68,68,68,68,68,71,69,57,57,71,65,51,51,66,66,66,66,66,49,49,49,46,46,46,71,71,66,71,49,49,49,36,36,36,36,55,55,55,55,76,60],"gold":14,"neow_bonus":"TEN_PERCENT_HP_BONUS","is_daily":false,"chose_seed":false,"campfire_upgraded":9,"win_rate":0.0,"timestamp":1610590697,"path_taken":["M","?","?","M","$","R","E","R","T","M","M","$","R","M","R","BOSS","M","?","?","$","M","E","R","$","T","?","R","?","?","PTL","PTL","M","R","BOSS","M","M","?","M","?","R","E","?","T","R","?","?","?","M","R","BOSS"],"items_purchased_type":["Card"],"build_version":"2020-12-22","purchased_purges":4,"victory":true,"max_hp_per_floor":[71,71,71,71,71,71,71,71,71,71,71,71,71,71,71,71,71,71,71,71,71,71,71,71,71,71,71,71,71,71,71,71,71,71,71,71,71,71,71,71,71,71,76,76,76,76,76,76,76,76,76,76],"card_choices":[{"not_picked":["Starlight","Contraction"],"picked":"ShatteredReality","floor":1.0},{"not_picked":["Starlight","Rearm"],"picked":"FastForward","floor":4.0},{"not_picked":["DoubleEdge","Defy","Rearm"],"picked":"SKIP","floor":7.0},{"not_picked":["DoubleEdge","FastForward"],"picked":"Comet","floor":10.0},{"not_picked":["ShatteredReality","Spin"],"picked":"TimeWarp","floor":11.0},{"not_picked":["Rearm","Shuttle"],"picked":"ShiftingGears","floor":14.0},{"not_picked":["KillingDoll","FlawlessForm"],"picked":"Initiator","floor":16.0},{"not_picked":["Unruled+1","Ricochet","Shuttle+1"],"picked":"SKIP","floor":18},{"not_picked":["Collapse+1","Hightail+1"],"picked":"Alleviate+1","floor":19},{"not_picked":["Hightail","Alleviate","Shuttle"],"picked":"SKIP","floor":22},{"not_picked":["Sunlight","WasteNot"],"picked":"Read","floor":23},{"not_picked":["Desolation","InstantArmor","Starlight"],"picked":"SKIP","floor":30},{"not_picked":["RealityMarble","Replace","Snipe"],"picked":"SKIP","floor":33},{"not_picked":["Duplication","MurderousAura"],"picked":"SoulSculpture","floor":35},{"not_picked":["Luminosity","Defy+1"],"picked":"GearUp+1","floor":37},{"not_picked":["DoubleEdge+1","SpecialFormula"],"picked":"Advance","floor":38},{"not_picked":["Ricochet+1","ReturningBlade","GearUp"],"picked":"SKIP","floor":40},{"not_picked":["Replace+1","Defy+1","ForgedInTime"],"picked":"SKIP","floor":41},{"not_picked":["BestPractice","Foresight","Replace+1"],"picked":"SKIP","floor":43},{"not_picked":["BottledTime","ShiftingGears"],"picked":"Comet+1","floor":48},{"not_picked":["Rewind","Starlight","FastForward"],"picked":"SKIP","floor":50}],"player_experience":65703,"relics_obtained":[{"floor":7.0,"key":"Boot"},{"floor":9.0,"key":"MealTicket"},{"floor":23,"key":"InkBottle"},{"floor":26,"key":"Meat on the Bone"},{"floor":43,"key":"Durian"},{"floor":45,"key":"PreservedInsect"},{"floor":48,"key":"CatCart"}],"event_choices":[{"damage_healed":0.0,"max_hp_gain":0.0,"max_hp_loss":0.0,"gold_gain":0.0,"event_name":"Accursed Blacksmith","player_choice":"Forge","floor":3.0,"gold_loss":0.0,"damage_taken":0.0,"cards_upgraded":["Exchange"]},{"cards_removed":["Strike_S"],"damage_healed":0,"gold_gain":0,"player_choice":"Gave Gold","damage_taken":0,"max_hp_gain":0,"max_hp_loss":0,"event_name":"Beggar","floor":20,"gold_loss":75},{"damage_healed":0,"gold_gain":0,"player_choice":"Paid Fearfully","damage_taken":0,"max_hp_gain":0,"max_hp_loss":0,"event_name":"Masked Bandits","floor":27,"gold_loss":10},{"damage_healed":0,"gold_gain":0,"player_choice":"2 cards matched","damage_taken":0,"max_hp_gain":0,"max_hp_loss":0,"event_name":"Match and Keep!","floor":29,"gold_loss":0,"cards_obtained":["FloweringNight","KidneyShot"]},{"damage_healed":0,"gold_gain":0,"player_choice":"2 cards matched","damage_taken":0,"max_hp_gain":0,"max_hp_loss":0,"event_name":"Match and Keep!","floor":29,"gold_loss":0,"cards_obtained":["FloweringNight","KidneyShot"]},{"damage_healed":0,"gold_gain":0,"player_choice":"Memory 1","damage_taken":0,"max_hp_gain":0,"max_hp_loss":0,"event_name":"SensoryStone","floor":44,"gold_loss":0},{"damage_healed":19,"gold_gain":0,"player_choice":"Writhe","damage_taken":0,"max_hp_gain":0,"max_hp_loss":0,"event_name":"Winding Halls","floor":47,"gold_loss":0,"cards_obtained":["Writhe"]},{"damage_healed":0,"gold_gain":0,"player_choice":"Fight","damage_taken":0,"max_hp_gain":0,"max_hp_loss":0,"event_name":"OrinTheCat","floor":48,"gold_loss":0},{"damage_healed":0,"gold_gain":0,"player_choice":"Paid","damage_taken":0,"relics_obtained":["Red Mask"],"max_hp_gain":0,"max_hp_loss":0,"event_name":"Tomb of Lord Red Mask","floor":49,"gold_loss":117}],"is_beta":false,"boss_relics":[{"not_picked":["ChewingGum","Replay:Bronze Core"],"picked":"MysterySword"},{"not_picked":["Calling Bell","Replay:Drink Me"],"picked":"SacredBark"}],"items_purged_floors":[5,12,25,39],"is_endless":false,"potions_floor_spawned":[10,16,18,19,22,38,43,50],"ascension_level":0}}