{"host":"wonp23fsqqcu31ie","time":1610666746,"event":{"mods":["2.2 Compatiblity","AchievementEnabler","Aspiration","BaseMod","Bestiary","Better Altar","Better Match","Better Sensory Stone","Better Skull","Better Third Choice","BetterRewards","Block Reminder","Colored Map","Colored Powertips","Conspire","Curses Come First","DeckTracker","Displayed Cursed Tome","Downfall","Energized Spire","Evolution","Hermit","Highlight Path","Hubris","Infinite Spire","Marisa????????","Minty Spire (QoL Compilation)","Permanent Neow","Prisma Mod","Quick Restart","Rare Cards Sparkle","Relic Stats","Replay The Spire","Robot Space Explorer","Shade Mod","Shop Mod","StSLib","SuperFastMode","The Animator","The Bug Knight","The Construct","The Cursed","The Disciple","The Dragon Tamer","The Gatherer","The Hierophant","The Marked","The Necromancer","The Poker Player","The Runesmith","The Saiyan","The Servant 0.9.4","TheBandit"],"gold_per_floor":[119,56,66,66,86,120,120,225,225,244,244,244,296,11,11,116,116,129,129,149,149,1,1,30,30,57,57,84,113,113,115,115,115],"floor_reached":31,"language":"ENG","playtime":657,"items_purged":["Replay:Hysterical Blindness"],"score":304,"play_id":"0307d9aa-a291-453d-ab16-040863206e11","local_time":"20210115102546","is_ascension_mode":true,"metric_token":3410,"campfire_choices":[{"floor":7,"key":"RECALL"},{"data":"PokerPlayerMod:Club9","floor":12,"key":"SMITH"},{"data":"hubris:DuctTapeCard","floor":15,"key":"SMITH"},{"data":"PokerPlayerMod:Club1","floor":23,"key":"SMITH"},{"floor":30,"key":"REST"}],"circlet_count":0,"master_deck":["PokerPlayerMod:Diamond1","PokerPlayerMod:Diamond2","PokerPlayerMod:Diamond3","PokerPlayerMod:Diamond4","PokerPlayerMod:Diamond5","PokerPlayerMod:Spade1","PokerPlayerMod:Spade2","PokerPlayerMod:Spade3","PokerPlayerMod:Spade4","PokerPlayerMod:Club2","PokerPlayerMod:Club2","PokerPlayerMod:Heart2","PokerPlayerMod:BadJoker","PokerPlayerMod:Mulligan","PokerPlayerMod:Diamond8","PokerPlayerMod:Club3","PokerPlayerMod:Club3","PokerPlayerMod:Club4","PokerPlayerMod:Club5","PokerPlayerMod:Club6","hubris:DuctTapeCard+2","PokerPlayerMod:Club10+","Inflame","Inflame","PokerPlayerMod:Diamond10+","PokerPlayerMod:ClubShade","PokerPlayerMod:CloakAndDiamond","PokerPlayerMod:CloakAndDiamond","Injury","PokerPlayerMod:ClubsClub","PokerPlayerMod:Spade7"],"relics":["PokerPlayerMod:DeckCase","EVO:Axolotl","aspiration:Nostalgia","m_ScarletBlood","hubris:MedicalManual","hubris:DuctTape","Juzu Bracelet","Guardian:PocketSentry","ReplayTheSpireMod:CursedCoin","Bronze Scales","aspiration:Lifesprig","Cursed Key","hubris:Icosahedron","Replay:Bandana","Blue Candle","CeramicFish","Pen Nib"],"acts_visited":["Exordium","TheCity"],"potions_floor_usage":[16,31],"damage_taken":[{"damage":7,"enemies":"Small Slimes","floor":1,"turns":3},{"damage":4,"enemies":"Cultist","floor":3,"turns":3},{"damage":2,"enemies":"Jaw Worm","floor":5,"turns":3},{"damage":0,"enemies":"Gremlin Nob","floor":6,"turns":3},{"damage":0,"enemies":"2 Fungi Beasts","floor":10,"turns":1},{"damage":29,"enemies":"The Guardian","floor":16,"turns":7},{"damage":9,"enemies":"Shell Parasite","floor":18,"turns":4},{"damage":16,"enemies":"Spheric Guardian","floor":20,"turns":4},{"damage":29,"enemies":"Book of Stabbing","floor":24,"turns":4},{"damage":31,"enemies":"Snake Plant","floor":28,"turns":3},{"damage":1,"enemies":"Shelled Parasite and Fungi","floor":29,"turns":3},{"damage":25,"enemies":"Colosseum Slavers","floor":31,"turns":2}],"seed_played":"4943806709830428048","potions_obtained":[{"floor":1,"key":"Milkshake"},{"floor":10,"key":"Slimebound:ThreeZeroPotion"},{"floor":24,"key":"sneckomod:MuddlingPotion"},{"floor":28,"key":"AttackPotion"}],"is_trial":false,"path_per_floor":["M","?","M","?","M","E","R","?","T","M","?","R","T","$","R","B",null,"M","?","M","?","$","R","E","?","T","AVR","M","M","R","?"],"character_chosen":"THE_POKER_PLAYER","items_purchased":["ReplayTheSpireMod:CursedCoin","Bronze Scales","aspiration:Lifesprig","Inflame","Replay:Bandana"],"campfire_rested":1,"item_purchase_floors":[14,14,14,14,22],"current_hp_per_floor":[45,45,45,45,43,46,46,25,25,25,42,42,42,42,42,15,52,43,43,27,52,52,52,23,40,40,40,9,10,25,0,0,0],"gold":115,"neow_bonus":"NOSTALGIA","is_daily":false,"chose_seed":false,"campfire_upgraded":3,"win_rate":0.0,"timestamp":1610666746,"path_taken":["M","?","?","?","M","E","R","?","T","M","?","R","?","$","R","BOSS","M","?","M","?","$","R","E","?","T","AVR","M","M","R","?"],"items_purchased_type":["Relic","Relic","Relic","Card","Relic"],"build_version":"2020-12-22","purchased_purges":1,"victory":false,"max_hp_per_floor":[52,52,52,52,52,52,52,52,52,52,52,52,52,52,52,52,52,52,52,52,52,52,52,52,52,52,52,52,52,52,52,52,52],"relic_stats":{"counters":[12,40],"Bronze Scales":[87],"Blue Candle":[1],"CeramicFish":18,"Pen Nib":[0],"Juzu Bracelet":2,"Cursed Key":1,"obtain_stats":[{"aspiration:Lifesprig":14,"hubris:DuctTape":6,"aspiration:Nostalgia":0,"ReplayTheSpireMod:CursedCoin":14,"Blue Candle":24,"CeramicFish":26,"hubris:MedicalManual":2,"Pen Nib":27,"Juzu Bracelet":8,"Guardian:PocketSentry":9,"EVO:Axolotl":0,"Cursed Key":17,"PokerPlayerMod:DeckCase":0,"m_ScarletBlood":0,"Replay:Bandana":22,"hubris:Icosahedron":19,"Bronze Scales":14},{"aspiration:Lifesprig":5,"hubris:DuctTape":4,"aspiration:Nostalgia":0,"ReplayTheSpireMod:CursedCoin":5,"Blue Candle":9,"CeramicFish":9,"hubris:MedicalManual":1,"Pen Nib":9,"Juzu Bracelet":4,"Guardian:PocketSentry":4,"EVO:Axolotl":0,"Cursed Key":6,"PokerPlayerMod:DeckCase":0,"m_ScarletBlood":0,"Replay:Bandana":8,"hubris:Icosahedron":7,"Bronze Scales":5},{"aspiration:Lifesprig":13,"hubris:DuctTape":12,"aspiration:Nostalgia":0,"ReplayTheSpireMod:CursedCoin":13,"Blue Candle":32,"CeramicFish":32,"hubris:MedicalManual":3,"Pen Nib":32,"Juzu Bracelet":12,"Guardian:PocketSentry":12,"EVO:Axolotl":0,"Cursed Key":20,"PokerPlayerMod:DeckCase":0,"m_ScarletBlood":0,"Replay:Bandana":28,"hubris:Icosahedron":24,"Bronze Scales":13}]},"card_choices":[{"not_picked":["PokerPlayerMod:Club1","PokerPlayerMod:Heart3"],"picked":"PokerPlayerMod:Diamond8","floor":1},{"not_picked":["PokerPlayerMod:RiskyBet","PokerPlayerMod:CardBurn"],"picked":"PokerPlayerMod:SpadeStrike","floor":3},{"not_picked":["PokerPlayerMod:Fold","Heavy Blade","PokerPlayerMod:Configure"],"picked":"SKIP","floor":5},{"not_picked":["PokerPlayerMod:Diamond2","PokerPlayerMod:MagicTrick","PokerPlayerMod:Raise"],"picked":"SKIP","floor":6},{"not_picked":["PokerPlayerMod:Diamond2","PokerPlayerMod:CardBurn"],"picked":"PokerPlayerMod:Club9","floor":10},{"not_picked":["PokerPlayerMod:Club9","PokerPlayerMod:Promotion"],"picked":"PokerPlayerMod:Diamond10+","floor":16},{"not_picked":["PokerPlayerMod:Spade2","PokerPlayerMod:Club3"],"picked":"PokerPlayerMod:ClubShade","floor":18},{"not_picked":["PokerPlayerMod:Spade5","PokerPlayerMod:Heart1"],"picked":"PokerPlayerMod:CloakAndDiamond","floor":20},{"not_picked":["PokerPlayerMod:Overdeal","PokerPlayerMod:Heart3"],"picked":"PokerPlayerMod:CloakAndDiamond","floor":24},{"not_picked":["PokerPlayerMod:Spade5","PokerPlayerMod:Club4"],"picked":"PokerPlayerMod:ClubsClub","floor":28},{"not_picked":["PokerPlayerMod:Club1","PokerPlayerMod:MagicTrick"],"picked":"PokerPlayerMod:Spade7","floor":29}],"player_experience":525994,"relics_obtained":[{"floor":6,"key":"hubris:DuctTape"},{"floor":9,"key":"Guardian:PocketSentry"},{"floor":24,"key":"Blue Candle"},{"floor":26,"key":"CeramicFish"}],"event_choices":[{"damage_healed":0,"gold_gain":0,"player_choice":"Paid Gold","damage_taken":0,"relics_obtained":["hubris:MedicalManual"],"max_hp_gain":0,"max_hp_loss":0,"event_name":"WeMeetAgain","floor":2,"gold_loss":63},{"damage_healed":0,"gold_gain":0,"player_choice":"Jackpot","damage_taken":0,"max_hp_gain":0,"max_hp_loss":0,"event_name":"PokerPlayerMod:ExordiumClub","floor":4,"gold_loss":0,"cards_obtained":["PokerPlayerMod:Club2","PokerPlayerMod:Club3","PokerPlayerMod:Club4","PokerPlayerMod:Club5","PokerPlayerMod:Club6"]},{"damage_healed":0,"gold_gain":0,"player_choice":"Jackpot","damage_taken":0,"max_hp_gain":0,"max_hp_loss":0,"event_name":"PokerPlayerMod:ExordiumClub","floor":4,"gold_loss":0,"cards_obtained":["PokerPlayerMod:Club2","PokerPlayerMod:Club3","PokerPlayerMod:Club4","PokerPlayerMod:Club5","PokerPlayerMod:Club6"]},{"damage_healed":0,"gold_gain":0,"player_choice":"Jackpot","damage_taken":0,"max_hp_gain":0,"max_hp_loss":0,"event_name":"PokerPlayerMod:ExordiumClub","floor":4,"gold_loss":0,"cards_obtained":["PokerPlayerMod:Club2","PokerPlayerMod:Club3","PokerPlayerMod:Club4","PokerPlayerMod:Club5","PokerPlayerMod:Club6"]},{"damage_healed":0,"gold_gain":0,"player_choice":"Jackpot","damage_taken":0,"max_hp_gain":0,"max_hp_loss":0,"event_name":"PokerPlayerMod:ExordiumClub","floor":4,"gold_loss":0,"cards_obtained":["PokerPlayerMod:Club2","PokerPlayerMod:Club3","PokerPlayerMod:Club4","PokerPlayerMod:Club5","PokerPlayerMod:Club6"]},{"damage_healed":0,"gold_gain":0,"player_choice":"Jackpot","damage_taken":0,"max_hp_gain":0,"max_hp_loss":0,"event_name":"PokerPlayerMod:ExordiumClub","floor":4,"gold_loss":0,"cards_obtained":["PokerPlayerMod:Club2","PokerPlayerMod:Club3","PokerPlayerMod:Club4","PokerPlayerMod:Club5","PokerPlayerMod:Club6"]},{"damage_healed":0,"gold_gain":105,"player_choice":"RE UP GO ","damage_taken":26,"relics_obtained":["Juzu Bracelet"],"max_hp_gain":0,"max_hp_loss":0,"event_name":"betterSkull:BetterSkull","floor":8,"gold_loss":0,"cards_upgraded":["PokerPlayerMod:Club2"]},{"damage_healed":17,"gold_gain":0,"player_choice":"Banana","damage_taken":0,"max_hp_gain":0,"max_hp_loss":0,"event_name":"Big Fish","floor":11,"gold_loss":0},{"damage_healed":25,"gold_gain":0,"player_choice":"Full Heal","damage_taken":0,"max_hp_gain":0,"max_hp_loss":0,"event_name":"Wheel of Change","floor":21,"gold_loss":0},{"damage_healed":17,"gold_gain":0,"player_choice":"Heal","damage_taken":0,"max_hp_gain":0,"max_hp_loss":0,"event_name":"The Library","floor":25,"gold_loss":0},{"damage_healed":0,"gold_gain":0,"player_choice":"Fight","damage_taken":0,"max_hp_gain":0,"max_hp_loss":0,"event_name":"Colosseum","floor":31,"gold_loss":0}],"is_beta":false,"boss_relics":[{"not_picked":["Astrolabe","Runic Dome"],"picked":"Cursed Key"}],"items_purged_floors":[14],"is_endless":false,"potions_floor_spawned":[1,10,24,28],"killed_by":"Colosseum Slavers","ascension_level":2}}