{"host":"6r3ioyv75hs1gp74","time":1610610389,"event":{"mods":["AchievementEnabler","Act Like it!","BaseMod","Better Sensory Stone","Better Third Choice","Block Reminder","Colored Map","Colored Powertips","Curses Come First","Minty Spire (QoL Compilation)","StSLib"],"gold_per_floor":[117,117,134,4,19,46,66,16,16,16,16,16,30,30,30,131,131,147,2,2,16,16,16,16,16,16,30,44,61,61,81,81,185,185,195,195,205,224,34,34,62,75,75,87,112,112,122,135,135,135,135],"floor_reached":50,"language":"ENG","playtime":4180,"items_purged":["Strike_B","Defend_B"],"score":636,"play_id":"10b6a9de-414e-4e6e-afa6-05a5494a53a2","local_time":"20210114074629","is_ascension_mode":true,"campfire_choices":[{"floor":11,"key":"REST"},{"data":"Zap","floor":15,"key":"SMITH"},{"floor":23,"key":"RECALL"},{"floor":25,"key":"REST"},{"data":"Dualcast","floor":32,"key":"SMITH"},{"floor":40,"key":"REST"},{"floor":49,"key":"REST"}],"circlet_count":0,"master_deck":["Defend_B","Zap+1","Dualcast+1","Loop","Beam Cell","Cold Snap","Melter","Streamline","Doom and Gloom","Genetic Algorithm","Steam","Apotheosis+1","Ball Lightning","Machine Learning","Fusion+1","Cold Snap+1","Creative AI+1","Hologram","Steam","Tempest+1","Self Repair","Storm","Leap+1","Sweeping Beam","Conserve Battery","Fission+1","Sunder+1","Undo+1","White Noise+1","BootSequence","Thunder Strike","Parasite","Redo+1","Tempest+1","Heatsinks+1"],"relics":["Cracked Core","Potion Belt","Blood Vial","Tiny Chest","White Beast Statue","Astrolabe","MutagenicStrength","Orichalcum","HornCleat","Snecko Eye","Ginger","Gambling Chip","Bag of Preparation"],"acts_visited":["Exordium","TheCity","TheBeyond"],"potions_floor_usage":[6,16,21,27,28,29,33,33,35,35,36,38,38,41,41,42,45,45,48,48,50,50],"damage_taken":[{"damage":7,"enemies":"2 Louse","floor":1,"turns":3},{"damage":7,"enemies":"Small Slimes","floor":3,"turns":3},{"damage":1,"enemies":"Cultist","floor":5,"turns":3},{"damage":21,"enemies":"Lagavulin","floor":6,"turns":5},{"damage":9,"enemies":"Looter","floor":7,"turns":3},{"damage":14,"enemies":"Red Slaver","floor":13,"turns":2},{"damage":13,"enemies":"Slime Boss","floor":16,"turns":8},{"damage":30,"enemies":"Shell Parasite","floor":18,"turns":5},{"damage":16,"enemies":"2 Thieves","floor":21,"turns":3},{"damage":0,"enemies":"Centurion and Healer","floor":27,"turns":3},{"damage":8,"enemies":"Sentry and Sphere","floor":28,"turns":4},{"damage":6,"enemies":"Snake Plant","floor":29,"turns":4},{"damage":31,"enemies":"Shelled Parasite and Fungi","floor":31,"turns":5},{"damage":34,"enemies":"Automaton","floor":33,"turns":10},{"damage":25,"enemies":"3 Darklings","floor":35,"turns":6},{"damage":6,"enemies":"3 Shapes","floor":37,"turns":3},{"damage":43,"enemies":"Transient","floor":38,"turns":5},{"damage":44,"enemies":"Reptomancer","floor":41,"turns":6},{"damage":0,"enemies":"Writhing Mass","floor":42,"turns":5},{"damage":11,"enemies":"4 Shapes","floor":44,"turns":4},{"damage":0,"enemies":"Giant Head","floor":45,"turns":5},{"damage":21,"enemies":"Sphere and 2 Shapes","floor":47,"turns":4},{"damage":13,"enemies":"Writhing Mass","floor":48,"turns":5},{"damage":79,"enemies":"Awakened One","floor":50,"turns":5}],"seed_played":"-8353989690044148320","potions_obtained":[{"floor":1,"key":"LiquidMemories"},{"floor":5,"key":"SpeedPotion"},{"floor":13,"key":"Weak Potion"},{"floor":16,"key":"FocusPotion"},{"floor":18,"key":"CultistPotion"},{"floor":21,"key":"DistilledChaos"},{"floor":27,"key":"PotionOfCapacity"},{"floor":28,"key":"ColorlessPotion"},{"floor":29,"key":"EssenceOfSteel"},{"floor":31,"key":"LiquidBronze"},{"floor":33,"key":"BlessingOfTheForge"},{"floor":35,"key":"EssenceOfSteel"},{"floor":36,"key":"Fruit Juice"},{"floor":36,"key":"SneckoOil"},{"floor":37,"key":"FearPotion"},{"floor":38,"key":"Energy Potion"},{"floor":41,"key":"ColorlessPotion"},{"floor":42,"key":"SpeedPotion"},{"floor":44,"key":"Swift Potion"},{"floor":45,"key":"AttackPotion"},{"floor":47,"key":"BlessingOfTheForge"},{"floor":48,"key":"FairyPotion"}],"is_trial":false,"path_per_floor":["M","?","M","$","M","E","M","$","T","?","R","?","M","T","R","B",null,"M","$","?","M","?","R","$","R","T","M","M","M","T","M","R","B",null,"M","?","M","M","$","R","E","M","T","M","E","?","M","M","R","B"],"character_chosen":"DEFECT","items_purchased":["Melter","Streamline","Energy Potion","Steam","Explosive Potion","FocusPotion","BootSequence"],"campfire_rested":4,"item_purchase_floors":[4,4,8,19,19,39,39],"current_hp_per_floor":[68,68,61,61,60,39,32,32,32,32,54,54,42,42,42,31,75,45,45,45,31,31,31,31,53,53,65,59,62,62,40,40,8,75,57,62,65,24,24,48,16,28,28,19,31,31,22,18,42,0,0],"gold":135,"neow_bonus":"RANDOM_COMMON_RELIC","is_daily":false,"chose_seed":false,"campfire_upgraded":2,"win_rate":0.0,"timestamp":1610610389,"path_taken":["M","?","M","$","M","E","M","$","T","?","R","?","?","?","R","BOSS","M","$","?","M","?","R","$","R","T","M","?","M","?","M","R","BOSS","M","?","M","M","?","R","E","M","T","M","E","?","M","M","R","BOSS"],"items_purchased_type":["Card","Card","Potion","Card","Potion","Potion","Card"],"build_version":"2020-12-22","purchased_purges":2,"victory":false,"max_hp_per_floor":[75,75,75,75,75,75,75,75,75,75,75,75,75,75,75,75,75,75,75,75,75,75,75,75,75,75,75,75,75,75,75,75,75,75,75,80,80,80,80,80,80,80,80,80,80,80,80,80,80,80,80],"card_choices":[{"not_picked":["Rip and Tear","Turbo"],"picked":"Loop","floor":1},{"not_picked":["Redo","Rip and Tear"],"picked":"Cold Snap","floor":3},{"not_picked":["BootSequence","White Noise"],"picked":"Doom and Gloom","floor":5},{"not_picked":["Sweeping Beam","Redo"],"picked":"Genetic Algorithm","floor":6},{"not_picked":["Gash","Stack"],"picked":"Steam","floor":7},{"not_picked":["Stack","Chaos"],"picked":"Ball Lightning","floor":13},{"not_picked":["Seek","Meteor Strike"],"picked":"Machine Learning","floor":16},{"not_picked":["Reinforced Body","Beam Cell"],"picked":"Hologram","floor":18},{"not_picked":["Doom and Gloom+1","Stack"],"picked":"Tempest+1","floor":21},{"not_picked":["Gash","Aggregate"],"picked":"Storm","floor":27},{"not_picked":["Turbo","Reinforced Body"],"picked":"Leap+1","floor":28},{"not_picked":["Tempest","Turbo"],"picked":"Sweeping Beam","floor":29},{"not_picked":["Stack","Streamline"],"picked":"Conserve Battery","floor":31},{"not_picked":["Rainbow","Biased Cognition"],"picked":"Fission","floor":33},{"not_picked":["Gash","Steam+1"],"picked":"Sunder+1","floor":35},{"not_picked":["Self Repair","Coolheaded+1"],"picked":"Undo+1","floor":37},{"not_picked":["Tempest","Leap"],"picked":"White Noise+1","floor":38},{"not_picked":["Compile Driver+1","Cold Snap"],"picked":"Thunder Strike","floor":41},{"not_picked":["Barrage","Cold Snap+1"],"picked":"Redo+1","floor":42},{"not_picked":["Cold Snap+1","Gash"],"picked":"Tempest+1","floor":44},{"not_picked":["Leap","Reinforced Body"],"picked":"Heatsinks+1","floor":45},{"not_picked":["Conserve Battery","Barrage+1","Force Field"],"picked":"SKIP","floor":47},{"not_picked":["Stack","White Noise","Ball Lightning"],"picked":"SKIP","floor":48}],"player_experience":77252,"relics_obtained":[{"floor":6,"key":"Blood Vial"},{"floor":9,"key":"Tiny Chest"},{"floor":26,"key":"Orichalcum"},{"floor":30,"key":"HornCleat"},{"floor":41,"key":"Ginger"},{"floor":43,"key":"Gambling Chip"},{"floor":45,"key":"Bag of Preparation"}],"event_choices":[{"damage_healed":0,"gold_gain":0,"cards_transformed":["Strike_B"],"player_choice":"Change","damage_taken":0,"max_hp_gain":0,"max_hp_loss":0,"event_name":"Living Wall","floor":2,"gold_loss":0,"cards_obtained":["Beam Cell"]},{"damage_healed":32,"gold_gain":0,"player_choice":"Embrace","damage_taken":0,"max_hp_gain":0,"max_hp_loss":75,"event_name":"betterThird:BetterShining","floor":10,"gold_loss":0},{"damage_healed":0,"gold_gain":0,"player_choice":"Gave Potion","damage_taken":0,"relics_obtained":["White Beast Statue"],"max_hp_gain":0,"max_hp_loss":0,"event_name":"WeMeetAgain","floor":12,"gold_loss":0},{"damage_healed":0,"gold_gain":0,"player_choice":"Inject Mutagens","damage_taken":0,"relics_obtained":["MutagenicStrength"],"max_hp_gain":0,"max_hp_loss":0,"event_name":"Drug Dealer","floor":20,"gold_loss":0},{"damage_healed":0,"gold_gain":0,"cards_transformed":["Defend_B"],"player_choice":"Transformed","damage_taken":0,"max_hp_gain":0,"max_hp_loss":0,"event_name":"Transmorgrifier","floor":22,"gold_loss":0,"cards_obtained":["Self Repair"]},{"damage_healed":0,"gold_gain":0,"player_choice":"Got Potions","damage_taken":0,"max_hp_gain":0,"max_hp_loss":0,"event_name":"Lab","floor":36,"gold_loss":0},{"damage_healed":0,"gold_gain":0,"player_choice":"Forge","damage_taken":0,"max_hp_gain":0,"max_hp_loss":0,"event_name":"Accursed Blacksmith","floor":46,"gold_loss":0,"cards_upgraded":["Fission"]}],"is_beta":false,"boss_relics":[{"not_picked":["Sozu","SacredBark"],"picked":"Astrolabe"},{"not_picked":["Velvet Choker","Coffee Dripper"],"picked":"Snecko Eye"}],"items_purged_floors":[19,39],"is_endless":false,"potions_floor_spawned":[1,5,13,16,18,21,27,28,29,31,33,35,37,38,41,42,44,45,47,48],"killed_by":"Awakened One","ascension_level":3}}