{"host":"d9m9v0h6vo0edadb","time":1610641106,"event":{"mods":["BaseMod","Hermit","Keyboard Shortcuts","Minty Spire (QoL Compilation)","StSLib","SuperFastMode","The Cursed"],"gold_per_floor":[119,119,69,69,79,104,104,114,114,74,74,74,100,112,112,189,189,203,220,231,231,231],"floor_reached":21,"language":"KOR","playtime":318,"items_purged":[],"score":428,"play_id":"913e87bd-4bf6-48c1-ba60-22c234fdd4e0","local_time":"20210115011826","is_ascension_mode":true,"campfire_choices":[{"data":"Bouncing Flask","floor":7.0,"key":"SMITH"},{"floor":15.0,"key":"REST"}],"circlet_count":0,"master_deck":["AscendersBane","Survivor","Neutralize","Footwork","Blade Dance","Bouncing Flask+1","Acrobatics","Noxious Fumes","Catalyst","Corpse Explosion","Escape Plan","After Image","Accuracy","Reflex","Doppelganger","PiercingWail","Envenom","Reflex","Poisoned Stab","Footwork","A Thousand Cuts","Eviscerate","Cloak And Dagger"],"relics":["Ring of the Snake","NeowsBlessing","StrikeDummy","Omamori","Vajra","Incense Burner","Pandora\u0027s Box"],"acts_visited":["Exordium","TheCity"],"potions_floor_usage":[19],"damage_taken":[{"damage":0.0,"enemies":"Jaw Worm","floor":1.0,"turns":1.0},{"damage":0.0,"enemies":"Cultist","floor":5.0,"turns":1.0},{"damage":0.0,"enemies":"Lagavulin","floor":6.0,"turns":1.0},{"damage":4.0,"enemies":"Small Slimes","floor":8.0,"turns":4.0},{"damage":1.0,"enemies":"Looter","floor":10.0,"turns":4.0},{"damage":19.0,"enemies":"3 Sentries","floor":13.0,"turns":7.0},{"damage":6.0,"enemies":"Blue Slaver","floor":14.0,"turns":6.0},{"damage":16.0,"enemies":"Hexaghost","floor":16.0,"turns":8.0},{"damage":4.0,"enemies":"Chosen","floor":18.0,"turns":3.0},{"damage":0,"enemies":"3 Byrds","floor":19,"turns":2},{"damage":35,"enemies":"Centurion and Healer","floor":20,"turns":7},{"damage":24,"enemies":"Snake Plant","floor":21,"turns":1}],"seed_played":"-5941032021076374534","potions_obtained":[{"floor":1.0,"key":"Poison Potion"},{"floor":8.0,"key":"Fruit Juice"},{"floor":14.0,"key":"EssenceOfSteel"},{"floor":16.0,"key":"Poison Potion"},{"floor":18.0,"key":"ColorlessPotion"}],"is_trial":false,"path_per_floor":["M","?","$","?","M","E","R","M","T","M","$","$","E","M","R","B",null,"M","M","M","M"],"character_chosen":"THE_SILENT","items_purchased":["Blade Dance"],"campfire_rested":1,"item_purchase_floors":[3],"current_hp_per_floor":[59,52,52,52,52,52,52,48,48,47,47,47,28,22,41,25,56,57,57,22,0,0],"gold":231,"neow_bonus":"THREE_ENEMY_KILL","is_daily":false,"chose_seed":false,"campfire_upgraded":1,"win_rate":0.0,"timestamp":1610641106,"path_taken":["M","?","$","?","?","E","R","M","T","M","?","$","E","M","R","BOSS","M","M","M","M"],"items_purchased_type":["Card"],"build_version":"2020-12-22","purchased_purges":0,"victory":false,"max_hp_per_floor":[66,66,66,66,66,66,66,66,66,66,66,66,66,66,66,66,66,71,71,71,71,71],"card_choices":[{"not_picked":["Sucker Punch","Calculated Gamble"],"picked":"Footwork","floor":1.0},{"not_picked":["Flying Knee","Cloak And Dagger"],"picked":"Bouncing Flask","floor":5.0},{"not_picked":["Deadly Poison","Concentrate"],"picked":"Acrobatics","floor":6.0},{"not_picked":["PiercingWail","Slice"],"picked":"Noxious Fumes","floor":8.0},{"not_picked":["Quick Slash","Prepared"],"picked":"Catalyst","floor":10.0},{"not_picked":["Outmaneuver","Prepared"],"picked":"Corpse Explosion","floor":13.0},{"not_picked":["Dodge and Roll","Calculated Gamble"],"picked":"Escape Plan","floor":14.0},{"not_picked":["A Thousand Cuts","Envenom"],"picked":"After Image","floor":16.0},{"not_picked":["Masterful Stab+1","Endless Agony"],"picked":"Eviscerate","floor":18.0},{"not_picked":["Dodge and Roll+1","PiercingWail"],"picked":"Cloak And Dagger","floor":19},{"not_picked":["Deflect+1","Dagger Spray","Dash+1"],"picked":"SKIP","floor":20}],"player_experience":970147,"relics_obtained":[{"floor":6.0,"key":"Omamori"},{"floor":9.0,"key":"Vajra"},{"floor":13.0,"key":"Incense Burner"}],"event_choices":[{"cards_removed":["Strike_G"],"damage_healed":0.0,"max_hp_gain":0.0,"max_hp_loss":0.0,"gold_gain":0.0,"event_name":"Golden Wing","player_choice":"Card Removal","floor":2.0,"gold_loss":0.0,"damage_taken":7.0},{"damage_healed":0.0,"max_hp_gain":0.0,"max_hp_loss":0.0,"gold_gain":0.0,"event_name":"WeMeetAgain","player_choice":"Gave Potion","floor":4.0,"gold_loss":0.0,"damage_taken":0.0,"relics_obtained":["StrikeDummy"]}],"is_beta":false,"boss_relics":[{"not_picked":["Astrolabe","Snecko Eye"],"picked":"Pandora\u0027s Box"}],"items_purged_floors":[],"is_endless":false,"potions_floor_spawned":[1,8,14,16,18],"killed_by":"Snake Plant","ascension_level":20}}