{"host":"8t5dkgm85abdp22d","time":1610629680,"event":{"mods":["Act Like it!","BaseMod","Colored Powertips","Dota2Spire","Downfall","Gensokyo","GungeonMod","Hallownest","Luminous","Marisa£®ÏF”Í°°ƒß¿Ì…≥£©","Minty Spire (QoL Compilation)","StSLib","TheWitcher","UnlockEverythingMod","Waifu the Spire","Yakumo Yukari mod","vexMod","°æ“≈ŒÔø®≈∆°øREMEMod"],"gold_per_floor":[109,209,209,209,209,235,253,253,253,263,282,142,142,170,170,273,939,958,958,883,937,614,614,642,642,642,672,349,99,99,454,454,549,549,564,484,399,24,44,75,75,91,117,117,128,128,103,121,121,121],"floor_reached":51,"language":"ZHS","playtime":1784,"items_purged":["Pride","Pride","DemoMod:Strike_Huntress"],"score":890,"play_id":"8c74552a-57b0-4278-94c4-5aca3cfc815b","local_time":"20210114210800","is_ascension_mode":false,"campfire_choices":[{"data":"DemoMod:ManualReload","floor":8,"key":"SMITH"},{"data":"REME_Flogging","floor":13,"key":"SMITH"},{"floor":15,"key":"REST"},{"data":"DemoMod:BSG","floor":23,"key":"SMITH"},{"data":"Master of Strategy","floor":25,"key":"SMITH"},{"data":"DemoMod:FastSwitch","floor":30,"key":"SMITH"},{"data":"DemoMod:LifeOrb","floor":32,"key":"SMITH"},{"data":"Hallownest:skillKingdomsEdgeMap","floor":41,"key":"SMITH"},{"data":"DemoMod:HardPowerCard","floor":44,"key":"SMITH"},{"data":"DemoMod:Roll","floor":49,"key":"SMITH"}],"circlet_count":0,"master_deck":["DemoMod:Strike_Huntress","DemoMod:Strike_Huntress","DemoMod:Defend_Huntress","DemoMod:Defend_Huntress","DemoMod:Defend_Huntress","DemoMod:Defend_Huntress","DemoMod:Roll+1","DemoMod:ManualReload+1","DemoMod:RustySidearm+1","DemoMod:CrossBow","REME_Flogging+1","Master of Strategy+1","DemoMod:Evolver+","DemoMod:BSG+1","DemoMod:LifeOrb+1","DemoMod:HardPowerCard+1","REME_Flogging+1","DemoMod:FastSwitch+1","DemoMod:Eureka","Hallownest:attackMasterDashSlash+1","Hallownest:skillKingdomsEdgeMap+1"],"relics":["DemoMod:Dog","REME_ComplimentaryCards","Happy Flower","Lizard Tail","DemoMod:MeltedRock","Ginger","DemoMod:OrangeGuonStone","vexMod:RockOfEvil","vexMod:FocusSash","DemoMod:SerJunkan","DemoMod:Junk","DollysMirror","Omamori","Hallownest:UnbreakableCardRelic","Sozu","DemoMod:MemoryAlloy","Whetstone","DemoMod:GlassGuonStoneRelic"],"acts_visited":["Exordium","Gensokyo:Gensokyo","Hallownest:CityofTears"],"potions_floor_usage":[16,16,22,33,50],"damage_taken":[{"damage":2,"enemies":"Gensokyo:Gryphon","floor":1,"turns":3},{"damage":46,"enemies":"Gensokyo:Cirno","floor":6,"turns":8},{"damage":0,"enemies":"Gensokyo:Python","floor":7,"turns":3},{"damage":0,"enemies":"Gensokyo:2_Kodama","floor":10,"turns":2},{"damage":1,"enemies":"Gensokyo:Kitsune","floor":11,"turns":3},{"damage":0,"enemies":"Gensokyo:Aya","floor":14,"turns":3},{"damage":11,"enemies":"Gensokyo:Yukari","floor":16,"turns":6},{"damage":14,"enemies":"Hallownest:Guard_and_Sentry","floor":18,"turns":3},{"damage":0,"enemies":"Hallownest:Nosk","floor":24,"turns":4},{"damage":13,"enemies":"Hallownest:eliteWatcherKnight","floor":27,"turns":7},{"damage":24,"enemies":"Hallownest:BossMantisLord","floor":33,"turns":4},{"damage":0,"enemies":"Hallownest:2_Littles","floor":35,"turns":1},{"damage":0,"enemies":"Hallownest:Shield_Heavy","floor":39,"turns":2},{"damage":4,"enemies":"Hallownest:eliteHiveKnight","floor":40,"turns":3},{"damage":0,"enemies":"Hallownest:Shield_Sturdy","floor":42,"turns":2},{"damage":0,"enemies":"Hallownest:monsterPrimalAspid","floor":45,"turns":3},{"damage":14,"enemies":"Hallownest:Slobbering_and_Violent","floor":48,"turns":3},{"damage":0,"enemies":"Hallownest:Radiance","floor":50,"turns":6}],"seed_played":"-1536153413583200218","potions_obtained":[{"floor":1,"key":"DistilledChaos"},{"floor":11,"key":"EssenceOfSteel"}],"is_trial":false,"path_per_floor":["M","?","?","?","?","E","M","R","T","M","M","?","R","E","R","B",null,"M","?","$","T","$","R","E","R","T","E","$","?","R","?","R","B",null,"M","?","?","$","M","E","R","M","T","R","M","$","?","M","R","B",null],"character_chosen":"HUNTRESS","items_purchased":["EntropicBrew","DemoMod:LifeOrb","DemoMod:HardPowerCard","DollysMirror","DemoMod:FastSwitch","Omamori","DemoMod:MemoryAlloy"],"campfire_rested":1,"item_purchase_floors":[22,22,22,28,28,28,38],"current_hp_per_floor":[61,61,61,67,67,21,21,21,21,21,20,20,20,20,40,29,69,55,69,69,69,69,69,69,69,69,56,56,56,56,56,56,32,69,69,69,69,69,69,65,65,65,65,65,65,65,65,51,51,51],"gold":121,"neow_bonus":"RANDOM_COLORLESS_2","is_daily":false,"chose_seed":false,"campfire_upgraded":9,"win_rate":0.0,"timestamp":1610629680,"path_taken":["M","?","?","?","?","E","M","R","T","M","M","?","R","E","R","BOSS","M","?","?","?","$","R","E","R","T","E","?","?","R","?","R","BOSS","M","?","?","$","?","E","R","M","T","R","?","?","?","M","R","BOSS"],"items_purchased_type":["Potion","Card","Card","Relic","Card","Relic","Relic"],"build_version":"2020-12-22","purchased_purges":3,"victory":true,"max_hp_per_floor":[63,63,63,69,69,69,69,69,69,69,69,69,69,69,69,69,69,69,69,69,69,69,69,69,69,69,69,69,69,69,69,69,69,69,69,69,69,69,69,69,69,69,69,69,69,69,69,69,69,69],"card_choices":[{"not_picked":["Secret Technique","Apotheosis"],"picked":"Master of Strategy","floor":0},{"not_picked":["DemoMod:HuntsMan","DemoMod:Ejector","DemoMod:BattleInHaste"],"picked":"SKIP","floor":1},{"not_picked":["DemoMod:TripleGun","DemoMod:SAA"],"picked":"DemoMod:Purify","floor":3},{"not_picked":["DemoMod:SkilledReload","DemoMod:AC15"],"picked":"DemoMod:Evolver","floor":6},{"not_picked":["DemoMod:Unmoved","DemoMod:DoubleSwitch","DemoMod:AC15"],"picked":"SKIP","floor":7},{"not_picked":["DemoMod:HungryBullets","DemoMod:DoubleSwitch","DemoMod:HighKaliber"],"picked":"SKIP","floor":10},{"not_picked":["DemoMod:TripleGun","DemoMod:HuntsMan"],"picked":"DemoMod:BattleInHaste","floor":11},{"not_picked":["DemoMod:AC15","DemoMod:MegaHand","DemoMod:StickyCrossBow"],"picked":"SKIP","floor":14},{"not_picked":["DemoMod:DoubleVision","DemoMod:Eureka"],"picked":"DemoMod:BSG","floor":16},{"not_picked":["DemoMod:TripleGun","DemoMod:ZorGun","DemoMod:JK47+1"],"picked":"SKIP","floor":18},{"not_picked":["DemoMod:TableSutra","DemoMod:Unmoved","DemoMod:ZorGun"],"picked":"SKIP","floor":24},{"not_picked":["DemoMod:BoxingGlove","DemoMod:GunstockTap","DemoMod:TeaPot"],"picked":"SKIP","floor":27},{"not_picked":["DemoMod:BalloonGun","DemoMod:BlackHoleGun"],"picked":"DemoMod:Eureka","floor":33},{"not_picked":["DemoMod:PotionOfGunFriendShip+1","DemoMod:SpreadAmmo+1","DemoMod:SniperShot"],"picked":"SKIP","floor":35},{"not_picked":["DemoMod:Ejector","DemoMod:Rummage","DemoMod:FastSwitch+1"],"picked":"SKIP","floor":39},{"not_picked":["DemoMod:AWP","DemoMod:JK47","DemoMod:Unmoved+1"],"picked":"SKIP","floor":40},{"not_picked":["DemoMod:StickyCrossBow+1","DemoMod:SAA+1","DemoMod:MegaHand"],"picked":"SKIP","floor":42},{"not_picked":["DemoMod:MachoBrace+1","DemoMod:Evolver","DemoMod:Camera+1"],"picked":"SKIP","floor":45},{"not_picked":["DemoMod:Polaris","DemoMod:PotionOfGunFriendShip+1","DemoMod:ConditionalReflex"],"picked":"SKIP","floor":48}],"player_experience":107309,"relics_obtained":[{"floor":6,"key":"Lizard Tail"},{"floor":9,"key":"DemoMod:MeltedRock"},{"floor":14,"key":"DemoMod:OrangeGuonStone"},{"floor":21,"key":"vexMod:FocusSash"},{"floor":24,"key":"DemoMod:SerJunkan"},{"floor":26,"key":"Bottled Tornado"},{"floor":27,"key":"DemoMod:Junk"},{"floor":40,"key":"DemoMod:Junk"},{"floor":43,"key":"Whetstone"}],"event_choices":[],"is_beta":false,"boss_relics":[{"not_picked":["Astrolabe","DemoMod:ElasticCartridgeClip"],"picked":"vexMod:RockOfEvil"},{"not_picked":["vexMod:ImprovementManual","Pandora\u0027s Box"],"picked":"Sozu"}],"items_purged_floors":[20,22,38],"is_endless":false,"potions_floor_spawned":[1,11,24,27,39,45,48],"ascension_level":0}}