{"host":"mdbnki27vzqujy5q","time":1610613472,"event":{"mods":["BaseMod","Better Note","Better Skull","Colored Map","Colored Powertips","DeckTracker","Highlight Path","Minty Spire (QoL Compilation)","Quick Restart","Rare Cards Sparkle","StSLib"],"gold_per_floor":[117,117,117,134,57,57,90,90,90,120,120,131,142,170,170,266,266,280,299,299,299,299],"floor_reached":21,"language":"ENG","playtime":664,"items_purged":[],"score":244,"play_id":"d1abd123-7f1a-47c2-a3a0-4dfbd5373110","local_time":"20210114003752","is_ascension_mode":true,"campfire_choices":[{"data":"Barrage","floor":6,"key":"SMITH"},{"data":"Beam Cell","floor":8,"key":"SMITH"},{"floor":15,"key":"REST"}],"circlet_count":0,"master_deck":["Strike_B+1","Strike_B","Strike_B+1","Strike_B","Defend_B","Defend_B","Defend_B","Defend_B","Zap","Dualcast","Sweeping Beam","Go for the Eyes","Beam Cell+1","Barrage+1","Gash","Streamline","Aggregate","Redo","Gash","Electrodynamics","Conserve Battery","Redo+1","Echo Form+1"],"relics":["Cracked Core","NeowsBlessing","Du-Vu Doll","Question Card","Happy Flower","TungstenRod","Inserter"],"acts_visited":["Exordium","TheCity"],"potions_floor_usage":[14],"damage_taken":[{"damage":0.0,"enemies":"Small Slimes","floor":1.0,"turns":1.0},{"damage":0,"enemies":"2 Louse","floor":4,"turns":1},{"damage":0,"enemies":"Lagavulin","floor":7,"turns":1},{"damage":39,"enemies":"3 Sentries","floor":10,"turns":6},{"damage":0,"enemies":"Cultist","floor":12,"turns":2},{"damage":14,"enemies":"Blue Slaver","floor":13,"turns":3},{"damage":18,"enemies":"Lagavulin","floor":14,"turns":3},{"damage":47,"enemies":"The Guardian","floor":16,"turns":10},{"damage":20,"enemies":"3 Byrds","floor":18,"turns":4},{"damage":31,"enemies":"Shell Parasite","floor":19,"turns":6},{"damage":36,"enemies":"Masked Bandits","floor":21,"turns":3}],"seed_played":"100868215028302570","potions_obtained":[{"floor":4,"key":"SpeedPotion"},{"floor":11,"key":"PotionOfCapacity"},{"floor":11,"key":"FairyPotion"},{"floor":11,"key":"PowerPotion"},{"floor":16,"key":"FearPotion"}],"is_trial":false,"path_per_floor":["M","?","?","M","$","R","E","R","T","E","?","M","M","E","R","B",null,"M","M","?","?"],"character_chosen":"DEFECT","items_purchased":["Beam Cell","Barrage"],"campfire_rested":1,"item_purchase_floors":[5,5],"current_hp_per_floor":[75,60,65,65,65,65,65,65,65,26,26,26,12,24,48,1,80,60,29,29,0,0],"gold":299,"neow_bonus":"THREE_ENEMY_KILL","is_daily":false,"chose_seed":false,"campfire_upgraded":2,"win_rate":0.0,"timestamp":1610613472,"path_taken":["M","?","?","M","$","R","E","R","T","E","?","?","M","E","R","BOSS","M","M","?","?"],"items_purchased_type":["Card","Card"],"build_version":"2020-12-22","purchased_purges":0,"victory":false,"max_hp_per_floor":[75,75,80,80,80,80,80,80,80,80,80,80,80,80,80,80,80,80,80,80,80,80],"card_choices":[{"not_picked":["Coolheaded","Aggregate"],"picked":"Sweeping Beam","floor":1.0},{"not_picked":["Turbo","Steam"],"picked":"Go for the Eyes","floor":4},{"not_picked":["Rebound","Heatsinks"],"picked":"Gash","floor":7},{"not_picked":["Redo","Sweeping Beam","Aggregate"],"picked":"Streamline","floor":10},{"not_picked":["Double Energy","Barrage","Streamline"],"picked":"Aggregate","floor":12},{"not_picked":["Heatsinks","Stack","Beam Cell"],"picked":"Redo","floor":13},{"not_picked":["Chill","Amplify","Redo"],"picked":"Gash","floor":14},{"not_picked":["Hyperbeam","Fission","Machine Learning"],"picked":"Electrodynamics","floor":16},{"not_picked":["Genetic Algorithm","Redo","Rebound"],"picked":"Conserve Battery","floor":18},{"not_picked":["Genetic Algorithm","Turbo","Chaos"],"picked":"Redo+1","floor":19}],"player_experience":83228,"relics_obtained":[{"floor":7,"key":"Du-Vu Doll"},{"floor":9,"key":"Question Card"},{"floor":10,"key":"Happy Flower"},{"floor":14,"key":"TungstenRod"}],"event_choices":[{"damage_healed":0.0,"max_hp_gain":0.0,"max_hp_loss":0.0,"gold_gain":0.0,"event_name":"Shining Light","player_choice":"Entered Light","floor":2.0,"gold_loss":0.0,"damage_taken":15.0,"cards_upgraded":["Strike_B","Strike_B"]},{"damage_healed":0,"gold_gain":0,"player_choice":"Donut","damage_taken":0,"max_hp_gain":5,"max_hp_loss":0,"event_name":"Big Fish","floor":3,"gold_loss":0},{"damage_healed":0,"gold_gain":0,"player_choice":"Got Potions","damage_taken":0,"max_hp_gain":0,"max_hp_loss":0,"event_name":"Lab","floor":11,"gold_loss":0},{"cards_removed":["Streamline"],"damage_healed":0,"gold_gain":0,"player_choice":"Take \u0026 Give","damage_taken":0,"max_hp_gain":0,"max_hp_loss":0,"event_name":"betterNote:BetterNote","floor":20,"gold_loss":0,"cards_obtained":["Echo Form"]},{"damage_healed":0,"gold_gain":0,"player_choice":"Fought Bandits","damage_taken":0,"max_hp_gain":0,"max_hp_loss":0,"event_name":"Masked Bandits","floor":21,"gold_loss":0}],"is_beta":false,"boss_relics":[{"not_picked":["Nuclear Battery","Cursed Key"],"picked":"Inserter"}],"items_purged_floors":[],"is_endless":false,"potions_floor_spawned":[4,13,16],"killed_by":"Masked Bandits","ascension_level":2}}