{"host":"eejrqhjknvwl59ep","time":1610626336,"event":{"mods":["BaseMod","Hubris","Infinite Spire","Minty Spire (QoL Compilation)","StSLib"],"gold_per_floor":[110,123,123,123,123,157,157,157,157,157,157,168,195,195,195,290,290,307,320,345,345,360,391,406,441,467,467,469,53,53,66,66,166,166,184,209,223,223,278,309,341,341,365,365,415,415,440,440,440,442,442],"floor_reached":50,"language":"ENG","playtime":2452,"items_purged":[],"score":710,"play_id":"09688c41-993b-4cc2-bf4b-e89cd802b445","local_time":"20210114131216","daily_mods":["SealedDeck","Heirloom","Flight"],"is_ascension_mode":false,"campfire_choices":[{"data":"Dodge and Roll","floor":7,"key":"SMITH"},{"data":"Dodge and Roll","floor":8,"key":"SMITH"},{"data":"Dodge and Roll","floor":10,"key":"SMITH"},{"data":"Bouncing Flask","floor":15,"key":"SMITH"},{"data":"A Thousand Cuts","floor":30,"key":"SMITH"},{"data":"Leg Sweep","floor":32,"key":"SMITH"},{"data":"Calculated Gamble","floor":44,"key":"SMITH"},{"data":"Infinite Blades","floor":46,"key":"SMITH"},{"data":"Prepared","floor":49,"key":"SMITH"}],"circlet_count":0,"master_deck":["Bane+1","Catalyst+1","hubris:TrickCloak","Dagger Spray","Bouncing Flask+1","Dodge and Roll+1","Dodge and Roll+1","Backflip","Dodge and Roll+1","Leg Sweep+1","Escape Plan","Poisoned Stab+1","A Thousand Cuts+1","PiercingWail+1","Cloak And Dagger+1","Tactician+1","Acrobatics+1","Backflip","Escape Plan","Infinite Blades+1","Deadly Poison+1","Cloak And Dagger+1","Backflip+1","Calculated Gamble+1","Escape Plan+1","Prepared+1","Master of Strategy"],"relics":["Ring of the Serpent","Torii","Art of War","hubris:Reverence","Odd Mushroom","Sozu","hubris:TenFootPole","Oddly Smooth Stone","infinitespire:Midas Blood","Tiny Chest","hubris:BottledHeart","Matryoshka","Akabeko","Regal Pillow","PreservedInsect","Bag of Preparation","Orichalcum","MealTicket","Whetstone","Boot","infinitespire:Magic Flask"],"acts_visited":["Exordium","TheCity","TheBeyond"],"potions_floor_usage":[23,25,50],"damage_taken":[{"damage":1,"enemies":"Jaw Worm","floor":1,"turns":6},{"damage":0,"enemies":"2 Louse","floor":2,"turns":2},{"damage":18,"enemies":"Gremlin Nob","floor":6,"turns":3},{"damage":0,"enemies":"Cultist","floor":12,"turns":2},{"damage":0,"enemies":"The Mushroom Lair","floor":13,"turns":4},{"damage":2,"enemies":"Hexaghost","floor":16,"turns":6},{"damage":2,"enemies":"2 Thieves","floor":18,"turns":4},{"damage":0,"enemies":"Spheric Guardian","floor":19,"turns":3},{"damage":2,"enemies":"Shelled Parasite and Fungi","floor":22,"turns":6},{"damage":7,"enemies":"Gremlin Leader","floor":23,"turns":4},{"damage":1,"enemies":"Cultist and Chosen","floor":24,"turns":7},{"damage":11,"enemies":"Slavers","floor":25,"turns":5},{"damage":0,"enemies":"Snecko","floor":31,"turns":3},{"damage":0,"enemies":"hubris:MusketHawk","floor":33,"turns":7},{"damage":0,"enemies":"3 Shapes","floor":35,"turns":4},{"damage":0,"enemies":"Orb Walker","floor":37,"turns":3},{"damage":0,"enemies":"Giant Head","floor":40,"turns":5},{"damage":0,"enemies":"Nemesis","floor":41,"turns":5},{"damage":0,"enemies":"Mind Bloom Boss Battle","floor":45,"turns":5},{"damage":0,"enemies":"Reptomancer","floor":47,"turns":4},{"damage":1,"enemies":"Donu and Deca","floor":50,"turns":6}],"seed_played":"-3440655120774444400","potions_obtained":[{"floor":2,"key":"Fire Potion"},{"floor":6,"key":"SteroidPotion"},{"floor":12,"key":"AttackPotion"}],"is_trial":true,"path_per_floor":["M","M","?","$","?","E","R","R","T","R","?","M","?","?","R","B",null,"M","M","T","?","M","E","M","E","T","?","?","$","R","M","R","B",null,"M","T","M","?","T","E","E","T","T","R","?","R","E","?","R","B"],"character_chosen":"THE_SILENT","items_purchased":["Escape Plan","Infinite Blades","Matryoshka"],"campfire_rested":0,"item_purchase_floors":[29,29,29],"current_hp_per_floor":[69,69,69,69,69,51,51,51,51,51,51,51,51,70,70,68,70,68,68,68,68,66,59,58,47,47,47,1,1,1,1,1,1,1,1,1,1,1,1,1,1,1,1,1,1,1,1,1,1,0,0],"gold":442,"neow_bonus":"","is_daily":false,"chose_seed":false,"campfire_upgraded":9,"win_rate":0.0,"timestamp":1610626336,"path_taken":["M","M","?","$","?","E","R","R","T","R","?","?","?","?","R","BOSS","M","M","?","?","M","E","M","E","T","?","?","$","R","?","R","BOSS","M","?","?","?","?","E","E","?","T","R","?","R","E","?","R","BOSS"],"items_purchased_type":["Card","Card","Relic"],"build_version":"2020-12-22","purchased_purges":0,"victory":false,"max_hp_per_floor":[70,70,70,70,70,70,70,70,70,70,70,70,70,70,70,70,70,70,70,70,70,70,70,70,70,70,70,1,1,1,1,1,1,1,1,1,1,1,1,1,1,1,1,1,1,1,1,1,1,1,1],"card_choices":[{"not_picked":["Eviscerate","Slice"],"picked":"Leg Sweep","floor":1},{"not_picked":["Concentrate","Dash","hubris:TrickCloak"],"picked":"SKIP","floor":2},{"not_picked":["Outmaneuver","Eviscerate"],"picked":"Escape Plan","floor":6},{"not_picked":["Underhanded Strike","Quick Slash","Dagger Throw"],"picked":"SKIP","floor":12},{"not_picked":["Masterful Stab","Blade Dance"],"picked":"Poisoned Stab","floor":13},{"not_picked":["Tools of the Trade","Corpse Explosion"],"picked":"A Thousand Cuts","floor":16},{"not_picked":["Leg Sweep","Bane+1"],"picked":"PiercingWail+1","floor":18},{"not_picked":["Acrobatics","Tactician"],"picked":"Cloak And Dagger+1","floor":19},{"not_picked":["Cloak And Dagger","Dagger Spray"],"picked":"Tactician+1","floor":22},{"not_picked":["Flechettes","Eviscerate"],"picked":"Acrobatics+1","floor":23},{"not_picked":["Quick Slash","Setup"],"picked":"Backflip","floor":24},{"not_picked":["Outmaneuver","Flying Knee"],"picked":"Masterful Stab","floor":25},{"not_picked":["Quick Slash","Dodge and Roll+1"],"picked":"Deadly Poison+1","floor":31},{"not_picked":["Poisoned Stab","Backstab+1"],"picked":"Cloak And Dagger+1","floor":35},{"not_picked":["Masterful Stab+1","Underhanded Strike"],"picked":"Backflip+1","floor":37},{"not_picked":["Sucker Punch+1","hubris:Counter+1","Cloak And Dagger"],"picked":"SKIP","floor":40},{"not_picked":["Dagger Throw","Flechettes"],"picked":"Calculated Gamble","floor":41},{"not_picked":["Predator","Die Die Die"],"picked":"Escape Plan+1","floor":45},{"not_picked":["Infinite Blades+1","Outmaneuver+1"],"picked":"Prepared","floor":47},{"not_picked":["Bandage Up","Enlightenment"],"picked":"Master of Strategy","floor":48}],"player_experience":234142,"relics_obtained":[{"floor":6,"key":"Art of War"},{"floor":9,"key":"hubris:Reverence"},{"floor":13,"key":"Odd Mushroom"},{"floor":20,"key":"hubris:TenFootPole"},{"floor":23,"key":"Oddly Smooth Stone"},{"floor":25,"key":"infinitespire:Midas Blood"},{"floor":26,"key":"Tiny Chest"},{"floor":36,"key":"Akabeko"},{"floor":36,"key":"Regal Pillow"},{"floor":39,"key":"PreservedInsect"},{"floor":39,"key":"Bag of Preparation"},{"floor":40,"key":"Orichalcum"},{"floor":41,"key":"MealTicket"},{"floor":42,"key":"Whetstone"},{"floor":43,"key":"Boot"},{"floor":45,"key":"infinitespire:Magic Flask"}],"event_choices":[{"damage_healed":0,"gold_gain":0,"player_choice":"Ignored","damage_taken":0,"max_hp_gain":0,"max_hp_loss":0,"event_name":"Golden Wing","floor":3,"gold_loss":0},{"damage_healed":0,"gold_gain":0,"player_choice":"Leave","damage_taken":0,"max_hp_gain":0,"max_hp_loss":0,"event_name":"The Cleric","floor":5,"gold_loss":0},{"damage_healed":0,"gold_gain":0,"player_choice":"Fought Mushrooms","damage_taken":0,"max_hp_gain":0,"max_hp_loss":0,"event_name":"Mushrooms","floor":13,"gold_loss":0},{"cards_removed":["Reflex"],"damage_healed":19,"gold_gain":0,"player_choice":"Offered Uncommon","damage_taken":0,"max_hp_gain":0,"max_hp_loss":0,"event_name":"Bonfire Elementals","floor":14,"gold_loss":0},{"damage_healed":0,"gold_gain":0,"player_choice":"Ignored","damage_taken":0,"max_hp_gain":0,"max_hp_loss":0,"event_name":"Vampires","floor":27,"gold_loss":0},{"cards_removed":["Masterful Stab"],"damage_healed":0,"gold_gain":0,"player_choice":"Removed Attack","damage_taken":0,"max_hp_gain":0,"max_hp_loss":0,"event_name":"Falling","floor":38,"gold_loss":0},{"damage_healed":0,"gold_gain":0,"player_choice":"Fight","damage_taken":0,"max_hp_gain":0,"max_hp_loss":0,"event_name":"MindBloom","floor":45,"gold_loss":0},{"damage_healed":0,"gold_gain":0,"player_choice":"Memory 1","damage_taken":0,"max_hp_gain":0,"max_hp_loss":0,"event_name":"SensoryStone","floor":48,"gold_loss":0}],"is_beta":false,"boss_relics":[{"not_picked":["hubris:BlackHole","Velvet Choker"],"picked":"Sozu"},{"not_picked":["Runic Pyramid","SacredBark"],"picked":"Ring of the Serpent"}],"items_purged_floors":[],"is_endless":false,"potions_floor_spawned":[2,6,12,16,19,22,23,25,40,45,47],"killed_by":"Donu and Deca","ascension_level":0}}