{"host":"9jj9tzo2iym4bpat","time":1610665324,"event":{"mods":["Act Like it!","BaseMod","CapriCore","Dark Map","Luminous","Marisa????????","Minty Spire (QoL Compilation)","Permanent Neow","StSLib","Td1madao Mod","The Animator","The Immortal","The Marked","The Servant 0.9.4","Yakumo Yukari mod"],"gold_per_floor":[135,135,145,157,432,432,460,5,52,62,80,80,93,112,112,215,215,228,245,260,260,271,296,308,323,323,340,356,366,366,281,293,407,419,446,458,19,34,50,50,50,50,50,100,114,114,34,50,50,50],"floor_reached":51,"language":"ENG","playtime":1674,"items_purged":["Regret","AT_purpleEX"],"score":802,"play_id":"b64bd3ac-6592-4d76-b2f4-749a794a80c9","local_time":"20210114170204","is_ascension_mode":false,"campfire_choices":[{"data":"Observe_purple_1","floor":6,"key":"SMITH"},{"floor":12,"key":"REST"},{"floor":15,"key":"REST"},{"floor":30,"key":"REST"},{"floor":32,"key":"REST"},{"floor":40,"key":"REST"},{"floor":42,"key":"REST"},{"floor":46,"key":"REST"},{"floor":49,"key":"REST"}],"circlet_count":0,"master_deck":["AT_purpleEX","AT_purpleEX","Defend_purpleEX","Defend_purpleEX","Defend_purpleEX","Defend_purpleEX","Observe_purple_1+1","Observe_purple_2+1","Line_surface_state_purple","OmniscientAndOmnipotent_Monster_purple","ProofOfUnderstanding_purple","StateErode_purple","CommonSense_AntiCommonSense_purple","Shallow_ocean_purpleEX","WatchEChange_purple","Umbrella_purple","Line_surface_state_purple","D_absorption_purple","MeetDecomposer_purple+1","Shallow_ocean_purpleEX","SfantasyHide_purple+1","Line_surface_state_purple+1","Fantasy_PerpetualMotionMachine_purple","Shallow_ocean_purpleEX","RuleDissolution_purple","Boundary_DreamRealityDamnation_purple+1","WorldDissolvedintheRealm_purple","StateErode_purple","Human_Monster_Realm_purple","OmniscientAndOmnipotent_Monster_purple","MeetDecomposer_purple","Charmbait_purple","AdvanceAttack_purple","StateErode_purple","Line_surface_state_purple+1","RuleDissolution_purple+1"],"relics":["Boundary_crack","Memoryfragments_purpleEX","Antimatter_spacedebris","Akabeko","HandDrill","Lantern","Fusion Hammer","Regal Pillow","The Courier","MawBank","Seventeenyearold_girl_Forever","TheEssenceOfRealm","Pen Nib","Oddly Smooth Stone","Singing Bowl","Prayer Wheel"],"acts_visited":["Exordium","TheCity","TheBeyond"],"potions_floor_usage":[3,23,24,33,50,50,50],"damage_taken":[{"damage":0,"enemies":"2 Louse","floor":1,"turns":3},{"damage":0,"enemies":"Cultist","floor":3,"turns":3},{"damage":0,"enemies":"Small Slimes","floor":4,"turns":2},{"damage":50,"enemies":"Lagavulin","floor":7,"turns":7},{"damage":0,"enemies":"Red Slaver","floor":10,"turns":1},{"damage":0,"enemies":"Exordium Wildlife","floor":11,"turns":1},{"damage":0,"enemies":"Gremlin Gang","floor":13,"turns":1},{"damage":0,"enemies":"3 Louse","floor":14,"turns":1},{"damage":18,"enemies":"The Guardian","floor":16,"turns":6},{"damage":0,"enemies":"Shell Parasite","floor":18,"turns":3},{"damage":10,"enemies":"Chosen","floor":19,"turns":3},{"damage":0,"enemies":"Sentry and Sphere","floor":20,"turns":1},{"damage":0,"enemies":"Cultist and Chosen","floor":22,"turns":4},{"damage":23,"enemies":"Slavers","floor":23,"turns":3},{"damage":10,"enemies":"Snake Plant","floor":24,"turns":3},{"damage":3,"enemies":"Centurion and Healer","floor":25,"turns":3},{"damage":2,"enemies":"Snecko","floor":27,"turns":3},{"damage":0,"enemies":"Cultist and Chosen","floor":28,"turns":3},{"damage":1,"enemies":"Snake Plant","floor":29,"turns":3},{"damage":0,"enemies":"Champ","floor":33,"turns":5},{"damage":0,"enemies":"3 Darklings","floor":35,"turns":1},{"damage":0,"enemies":"3 Shapes","floor":38,"turns":1},{"damage":18,"enemies":"Maw","floor":39,"turns":6},{"damage":4,"enemies":"Mind Bloom Boss Battle","floor":44,"turns":4},{"damage":0,"enemies":"Sphere and 2 Shapes","floor":45,"turns":1},{"damage":0,"enemies":"Jaw Worm Horde","floor":48,"turns":1},{"damage":31,"enemies":"Donu and Deca","floor":50,"turns":8}],"seed_played":"8817894601120110932","potions_obtained":[{"floor":1,"key":"Explosive Potion"},{"floor":4,"key":"Block Potion"},{"floor":11,"key":"DistilledChaos"},{"floor":14,"key":"SneckoOil"},{"floor":19,"key":"DistilledChaos"},{"floor":24,"key":"Fire Potion"},{"floor":28,"key":"Fire Potion"},{"floor":33,"key":"LiquidMemories"},{"floor":35,"key":"DistilledChaos"}],"is_trial":false,"path_per_floor":["M","?","M","M","?","R","E","$","T","M","M","R","M","M","R","B",null,"M","M","M","?","M","E","M","M","T","M","M","M","R","?","R","B",null,"M","?","$","M","M","R","?","R","T","?","M","R","$","M","R","B",null],"character_chosen":"Youkari","items_purchased":["Akabeko","HandDrill","StateErode_purple","CommonSense_AntiCommonSense_purple","MeetDecomposer_purple","Charmbait_purple","TheEssenceOfRealm","Pen Nib","Oddly Smooth Stone","AdvanceAttack_purple"],"campfire_rested":8,"item_purchase_floors":[8,8,8,8,37,37,37,37,37,37],"current_hp_per_floor":[70,70,70,70,70,70,24,24,24,24,24,45,47,47,68,55,70,70,65,65,58,59,38,28,26,26,24,26,25,61,61,70,70,70,70,70,70,70,59,72,72,72,72,70,74,78,78,80,80,56],"gold":50,"neow_bonus":"UPGRADE_CARD","is_daily":false,"chose_seed":false,"campfire_upgraded":1,"win_rate":0.0,"timestamp":1610665324,"path_taken":["M","?","?","?","?","R","E","$","T","M","?","R","M","M","R","BOSS","M","M","M","?","?","E","M","M","T","M","?","M","R","?","R","BOSS","M","?","$","M","M","R","?","R","T","?","M","R","?","M","R","BOSS"],"items_purchased_type":["Relic","Relic","Card","Card","Card","Card","Relic","Relic","Relic","Card"],"build_version":"2020-12-22","purchased_purges":2,"victory":true,"max_hp_per_floor":[70,70,70,70,70,70,70,70,70,70,70,70,70,70,70,70,70,70,70,70,70,70,70,70,70,70,70,70,70,70,70,70,70,70,70,70,70,70,72,72,72,72,72,74,78,78,78,80,80,82],"card_choices":[{"not_picked":["Boundary_DreamRealityDamnation_purple","StateDuplicate_purple"],"picked":"Line_surface_state_purple","floor":1},{"not_picked":["DimensionStaggered_purple","Mirror_FormAndEmptin_purple"],"picked":"OmniscientAndOmnipotent_Monster_purple","floor":3},{"not_picked":["Realm_recovery_purpleEX","Boundary_ObjectiveBoundary_purple","RuptureOfTimeAndSpace_purple"],"picked":"SKIP","floor":4},{"not_picked":["StateErode_purple","AdvanceAttack_purple"],"picked":"ProofOfUnderstanding_purple","floor":7},{"not_picked":["SfantasyHide_purple","WingOfChimera_purple"],"picked":"Shallow_ocean_purpleEX","floor":10},{"not_picked":["Boundary_ObjectiveBoundary_purple","Extrememeaning_purpleEX"],"picked":"WatchEChange_purple","floor":11},{"not_picked":["Mirror_FormAndEmptin_purple","SharpContractionReality_purple"],"picked":"Umbrella_purple","floor":13},{"not_picked":["SharpContractionReality_purple","StateErode_purple"],"picked":"Line_surface_state_purple","floor":14},{"not_picked":["WangLiang_LineAndCurveDreams_purple","Fancifulhole_purple"],"picked":"D_absorption_purple","floor":16},{"not_picked":["PurpleNeedle_purple","StateDuplicate_purple+1"],"picked":"MeetDecomposer_purple+1","floor":18},{"not_picked":["Mirror_FourBoundary_purple+1","Mirror_WaveAndshot_purple+1"],"picked":"Shallow_ocean_purpleEX","floor":19},{"not_picked":["Realm_recovery_purpleEX","StateDuplicate_purple"],"picked":"SfantasyHide_purple+1","floor":20},{"not_picked":["Price_of_realm_purpleEX","SharpContractionReality_purple"],"picked":"Line_surface_state_purple+1","floor":22},{"not_picked":["Nest_LightFlightworm_purple","Boundary_DynamicStaticEquilibrium_purple"],"picked":"Fantasy_PerpetualMotionMachine_purple","floor":23},{"not_picked":["Line_surface_state_purple","Realm_recovery_purpleEX"],"picked":"Shallow_ocean_purpleEX","floor":24},{"not_picked":["SfantasyHide_purple","ExistenceContinue_purple"],"picked":"RuleDissolution_purple","floor":25},{"not_picked":["UniverseChoice_purple","CommonSense_AntiCommonSense_purple"],"picked":"Boundary_DreamRealityDamnation_purple+1","floor":27},{"not_picked":["WeekHit_purple","WatchEChange_purple"],"picked":"WorldDissolvedintheRealm_purple","floor":28},{"not_picked":["RealityDreamConfluencek_purple","WatchEChange_purple"],"picked":"StateErode_purple","floor":29},{"not_picked":["LoveAcrossDimensions_purple","Theboundaryofcreation_purpleEX"],"picked":"Human_Monster_Realm_purple","floor":33},{"not_picked":["RealityDreamConfluencek_purple","ExistenceContinue_purple"],"picked":"OmniscientAndOmnipotent_Monster_purple","floor":35},{"not_picked":["AdvanceAttack_purple","Extrememeaning_purpleEX+1"],"picked":"StateErode_purple","floor":38},{"not_picked":["SharpContractionReality_purple","Charmbait_purple"],"picked":"Line_surface_state_purple+1","floor":39},{"not_picked":["SharpContractionReality_purple","Bait_HighSpeedFlying_purple","DimensionStaggered_purple"],"picked":"Singing Bowl","floor":44},{"not_picked":["Mirror_FormAndEmptin_purple","AdvanceAttack_purple","ExistenceContinue_purple+1"],"picked":"Singing Bowl","floor":45},{"not_picked":["Mirror_Drifter_purple+1","Umbrella_purple","RuleDissolution_purple"],"picked":"Singing Bowl","floor":45},{"not_picked":["Boundary_ObjectiveBoundary_purple+1","DimensionStaggered_purple"],"picked":"RuleDissolution_purple+1","floor":48},{"not_picked":["MNeedle_purple+1","OmniscientAndOmnipotent_Monster_purple+1","Boundary_DreamRealityDamnation_purple"],"picked":"Singing Bowl","floor":48}],"player_experience":240946,"relics_obtained":[{"floor":7,"key":"Antimatter_spacedebris"},{"floor":9,"key":"Lantern"},{"floor":23,"key":"Regal Pillow"},{"floor":26,"key":"The Courier"},{"floor":43,"key":"Singing Bowl"},{"floor":44,"key":"Prayer Wheel"}],"event_choices":[{"damage_healed":0,"gold_gain":0,"cards_transformed":["AT_purpleEX"],"player_choice":"Transformed","damage_taken":0,"max_hp_gain":0,"max_hp_loss":0,"event_name":"Transmorgrifier","floor":2,"gold_loss":0,"cards_obtained":["Bait_HighSpeedFlying_purple"]},{"damage_healed":0,"gold_gain":275,"player_choice":"Desecrate","damage_taken":0,"max_hp_gain":0,"max_hp_loss":0,"event_name":"Golden Shrine","floor":5,"gold_loss":0,"cards_obtained":["Regret"]},{"damage_healed":0,"gold_gain":0,"player_choice":"Damaged","damage_taken":7,"max_hp_gain":0,"max_hp_loss":0,"event_name":"Wheel of Change","floor":21,"gold_loss":0},{"damage_healed":0,"gold_gain":0,"player_choice":"Obtained Relic","damage_taken":0,"relics_obtained":["MawBank"],"max_hp_gain":0,"max_hp_loss":0,"event_name":"Addict","floor":31,"gold_loss":85},{"cards_removed":["Bait_HighSpeedFlying_purple"],"damage_healed":0,"gold_gain":0,"player_choice":"Removed Attack","damage_taken":0,"max_hp_gain":0,"max_hp_loss":0,"event_name":"Falling","floor":36,"gold_loss":0},{"damage_healed":0,"gold_gain":0,"player_choice":"Memory 1","damage_taken":0,"max_hp_gain":0,"max_hp_loss":0,"event_name":"SensoryStone","floor":41,"gold_loss":0},{"damage_healed":0,"gold_gain":0,"player_choice":"Fight","damage_taken":0,"max_hp_gain":0,"max_hp_loss":0,"event_name":"MindBloom","floor":44,"gold_loss":0}],"is_beta":false,"boss_relics":[{"not_picked":["Coffee Dripper","Snecko Eye"],"picked":"Fusion Hammer"},{"not_picked":["SlaversCollar","Cursed Key"],"picked":"Seventeenyearold_girl_Forever"}],"items_purged_floors":[8,47],"is_endless":false,"potions_floor_spawned":[1,4,11,14,19,24,28,33,35,44],"ascension_level":0}}