{"host":"5raohst9sk3kvp5v","time":1610601673,"event":{"mods":["BaseMod","Colored Powertips","Highlight Path","Minty Spire (QoL Compilation)","Quick Restart","Relic Stats","StSLib"],"gold_per_floor":[112,24,174,174,174,174,208,208,208,208,226,258,272,283,283,357,357,372,389,404,421,432,432,432,432],"floor_reached":24,"language":"ENG","playtime":1005,"items_purged":[],"score":466,"play_id":"57940d58-60bf-4c86-90e2-26e342db39c0","local_time":"20210113232113","is_ascension_mode":true,"campfire_choices":[{"data":"Bash","floor":6.0,"key":"SMITH"},{"data":"Power Through","floor":8.0,"key":"SMITH"},{"floor":10.0,"key":"RECALL"},{"data":"Sword Boomerang","floor":15.0,"key":"SMITH"},{"floor":23.0,"key":"REST"}],"circlet_count":0,"master_deck":["AscendersBane","Strike_R","Strike_R","Strike_R","Strike_R","Strike_R","Defend_R","Defend_R","Defend_R","Defend_R","Bash+1","Power Through+1","Impervious","Doubt","Entrench+1","Flame Barrier+1","Shrug It Off+1","Spot Weakness+1","Sword Boomerang+1","Barricade","Entrench+1","Body Slam","Flex+1","Headbutt","Thunderclap+1"],"relics":["Burning Blood","NeowsBlessing","Toxic Egg 2","Mercury Hourglass","Boot","Black Star"],"acts_visited":["Exordium","TheCity"],"potions_floor_usage":[24],"damage_taken":[{"damage":0.0,"enemies":"Small Slimes","floor":1.0,"turns":1.0},{"damage":0.0,"enemies":"Gremlin Nob","floor":7.0,"turns":1.0},{"damage":0.0,"enemies":"2 Louse","floor":11.0,"turns":1.0},{"damage":35.0,"enemies":"3 Sentries","floor":12.0,"turns":9.0},{"damage":0.0,"enemies":"Cultist","floor":13.0,"turns":3.0},{"damage":1.0,"enemies":"3 Louse","floor":14.0,"turns":3.0},{"damage":51.0,"enemies":"The Guardian","floor":16.0,"turns":12.0},{"damage":4.0,"enemies":"Spheric Guardian","floor":18.0,"turns":9.0},{"damage":12.0,"enemies":"3 Byrds","floor":19.0,"turns":6.0},{"damage":44.0,"enemies":"3 Cultists","floor":20.0,"turns":7.0},{"damage":7.0,"enemies":"Centurion and Healer","floor":21.0,"turns":8.0},{"damage":12.0,"enemies":"Snake Plant","floor":22.0,"turns":5.0},{"damage":4,"enemies":"Gremlin Leader","floor":24,"turns":4}],"seed_played":"-6763728546473242204","potions_obtained":[{"floor":5.0,"key":"BlessingOfTheForge"},{"floor":5.0,"key":"EssenceOfSteel"},{"floor":7.0,"key":"Fruit Juice"},{"floor":13.0,"key":"DuplicationPotion"},{"floor":16.0,"key":"PowerPotion"},{"floor":19.0,"key":"Energy Potion"},{"floor":20.0,"key":"LiquidBronze"},{"floor":22.0,"key":"LiquidMemories"}],"is_trial":false,"path_per_floor":["M","$","?","?","?","R","E","R","T","R","M","E","M","M","R","B",null,"M","M","M","M","M","R","E"],"character_chosen":"IRONCLAD","items_purchased":["Impervious"],"campfire_rested":1,"item_purchase_floors":[2],"current_hp_per_floor":[74,74,74,56,56,56,67,67,67,67,73,44,50,55,55,10,63,65,59,21,20,14,38,34,34],"gold":432,"neow_bonus":"THREE_ENEMY_KILL","is_daily":false,"chose_seed":false,"campfire_upgraded":3,"win_rate":0.0,"timestamp":1610601673,"path_taken":["M","$","?","?","?","R","E","R","T","R","M","E","M","M","R","BOSS","M","?","M","M","M","R","E"],"items_purchased_type":["Card"],"build_version":"2020-12-22","purchased_purges":0,"victory":false,"max_hp_per_floor":[75,75,75,75,75,75,80,80,80,80,80,80,80,80,80,80,80,80,80,80,80,80,80,80,80],"relic_stats":{"counters":[13,67],"Black Star":0,"Boot":[45],"obtain_stats":[{"NeowsBlessing":0,"Black Star":17,"Toxic Egg 2":4,"Boot":12,"Burning Blood":0,"Mercury Hourglass":7},{"NeowsBlessing":0,"Black Star":7,"Toxic Egg 2":1,"Boot":4,"Burning Blood":0,"Mercury Hourglass":2},{"NeowsBlessing":0,"Black Star":28,"Toxic Egg 2":1,"Boot":12,"Burning Blood":0,"Mercury Hourglass":2}],"Burning Blood":72,"Mercury Hourglass":[275]},"card_choices":[{"not_picked":["Cleave","Warcry"],"picked":"Power Through","floor":1.0},{"not_picked":["Sentinel+1","Clash"],"picked":"Entrench+1","floor":7.0},{"not_picked":["Rage+1","Flex+1"],"picked":"Flame Barrier+1","floor":11.0},{"not_picked":["Pommel Strike","Intimidate+1"],"picked":"Shrug It Off+1","floor":12.0},{"not_picked":["Anger","Sword Boomerang"],"picked":"Spot Weakness+1","floor":13.0},{"not_picked":["Rage+1","Twin Strike"],"picked":"Sword Boomerang","floor":14.0},{"not_picked":["Offering+1","Brutality"],"picked":"Barricade","floor":16.0},{"not_picked":["Wild Strike","Cleave"],"picked":"Entrench+1","floor":18.0},{"not_picked":["Warcry+1","Iron Wave"],"picked":"Body Slam","floor":19.0},{"not_picked":["Wild Strike","Exhume+1"],"picked":"Flex+1","floor":20.0},{"not_picked":["Searing Blow+1","Warcry+1"],"picked":"Headbutt","floor":21.0},{"not_picked":["Blood for Blood+1","Anger"],"picked":"Thunderclap+1","floor":22.0}],"player_experience":1698088,"relics_obtained":[{"floor":7.0,"key":"Mercury Hourglass"},{"floor":12.0,"key":"Boot"}],"event_choices":[{"damage_healed":0.0,"max_hp_gain":0.0,"max_hp_loss":0.0,"gold_gain":150.0,"event_name":"Liars Game","player_choice":"AGREE","floor":3.0,"gold_loss":0.0,"damage_taken":0.0,"cards_obtained":["Doubt"]},{"damage_healed":0.0,"max_hp_gain":0.0,"max_hp_loss":0.0,"gold_gain":0.0,"event_name":"Scrap Ooze","player_choice":"Success","floor":4.0,"gold_loss":0.0,"damage_taken":18.0,"relics_obtained":["Toxic Egg 2"]},{"damage_healed":0.0,"max_hp_gain":0.0,"max_hp_loss":0.0,"gold_gain":0.0,"event_name":"Lab","player_choice":"Got Potions","floor":5.0,"gold_loss":0.0,"damage_taken":0.0}],"is_beta":false,"boss_relics":[{"not_picked":["Tiny House","Calling Bell"],"picked":"Black Star"}],"items_purged_floors":[],"is_endless":false,"potions_floor_spawned":[7,13,16,19,20,22],"killed_by":"Gremlin Leader","ascension_level":20}}