{"host":"9w1j3v3kvq5208ps","time":1610637246,"event":{"mods":["2.2 Compatiblity","BaseMod","CapriCore","Colored Map","DeckTracker","Highlight Path","Keyboard Shortcuts","Minty Spire (QoL Compilation)","Permanent Neow","Quick Restart","StSLib","SuperFastMode","The Immortal","everything is the same but u backflip on backflip"],"gold_per_floor":[115,128,128,147,5,5,5,24,24,24,34,34,34,47,47,145,145,157,175,94,111,111,111],"floor_reached":22,"language":"KOR","playtime":816,"items_purged":["Strike_R"],"score":205,"play_id":"e1086b18-765d-465a-834d-8d5154902550","local_time":"20210115001406","is_ascension_mode":true,"campfire_choices":[{"data":"Battle Trance","floor":6,"key":"SMITH"},{"data":"Warcry","floor":10,"key":"SMITH"},{"data":"Reckless Charge","floor":13,"key":"SMITH"},{"data":"Blood for Blood","floor":15,"key":"SMITH"}],"circlet_count":0,"master_deck":["Strike_R","Strike_R","Strike_R","Defend_R","Defend_R","Defend_R","Defend_R","Bash","Warcry+1","Blood for Blood+1","Thunderclap","Battle Trance+1","Feel No Pain","Dual Wield","Reckless Charge+1","Pommel Strike","Reaper","Disarm","Dark Embrace","Evolve","Ghostly Armor+1"],"relics":["Burning Blood","Eternal Feather","Singing Bowl","Mark of Pain"],"acts_visited":["Exordium","TheCity"],"potions_floor_usage":[11,16,16,16,16,16,16],"damage_taken":[{"damage":19,"enemies":"Jaw Worm","floor":1,"turns":5},{"damage":8,"enemies":"2 Louse","floor":2,"turns":2},{"damage":1,"enemies":"Cultist","floor":4,"turns":3},{"damage":25,"enemies":"2 Fungi Beasts","floor":8,"turns":4},{"damage":8,"enemies":"Red Slaver","floor":11,"turns":4},{"damage":17,"enemies":"Looter","floor":14,"turns":4},{"damage":26,"enemies":"Hexaghost","floor":16,"turns":4},{"damage":28,"enemies":"2 Thieves","floor":18,"turns":4},{"damage":7,"enemies":"3 Byrds","floor":19,"turns":6},{"damage":51,"enemies":"Snake Plant","floor":21,"turns":6},{"damage":33,"enemies":"Shelled Parasite and Fungi","floor":22,"turns":3}],"seed_played":"-4105201575879692799","potions_obtained":[{"floor":1,"key":"Block Potion"},{"floor":4,"key":"Strength Potion"},{"floor":8,"key":"LiquidBronze"},{"floor":14,"key":"EntropicBrew"},{"floor":18,"key":"GamblersBrew"}],"is_trial":false,"path_per_floor":["M","M","?","M","$","R","?","M","T","R","M","?","R","M","R","B",null,"M","M","$","M","M"],"character_chosen":"IRONCLAD","items_purchased":["Feel No Pain","Evolve"],"campfire_rested":0,"item_purchase_floors":[5,20],"current_hp_per_floor":[67,65,65,70,70,70,67,48,48,57,55,55,64,53,62,42,80,64,69,69,24,0,0],"gold":111,"neow_bonus":"THREE_CARDS","is_daily":false,"chose_seed":false,"campfire_upgraded":4,"win_rate":0.0,"timestamp":1610637246,"path_taken":["M","M","?","M","$","R","?","M","T","R","?","?","R","M","R","BOSS","M","M","$","M","?"],"items_purchased_type":["Card","Card"],"build_version":"2020-12-22","purchased_purges":1,"victory":false,"max_hp_per_floor":[80,80,80,80,80,80,80,80,80,80,80,80,80,80,80,80,80,80,80,80,80,80,80],"card_choices":[{"not_picked":["Perfected Strike","Anger"],"picked":"Warcry","floor":0},{"not_picked":["Perfected Strike","Twin Strike"],"picked":"Blood for Blood","floor":1},{"not_picked":["Anger","Barricade"],"picked":"Thunderclap","floor":2},{"not_picked":["Twin Strike","Cleave"],"picked":"Battle Trance","floor":4},{"not_picked":["Sword Boomerang","Body Slam"],"picked":"Dual Wield","floor":8},{"not_picked":["Body Slam","Burning Pact"],"picked":"Reckless Charge","floor":11},{"not_picked":["Warcry","Flex"],"picked":"Pommel Strike","floor":14},{"not_picked":["Bludgeon","Double Tap"],"picked":"Reaper","floor":16},{"not_picked":["Heavy Blade","Sword Boomerang"],"picked":"Disarm","floor":18},{"not_picked":["Body Slam","Armaments"],"picked":"Dark Embrace","floor":19},{"not_picked":["Pommel Strike","Dual Wield"],"picked":"Ghostly Armor+1","floor":21}],"player_experience":225940,"relics_obtained":[{"floor":9,"key":"Singing Bowl"}],"event_choices":[{"damage_healed":0,"gold_gain":0,"player_choice":"Ignored","damage_taken":0,"max_hp_gain":0,"max_hp_loss":0,"event_name":"Liars Game","floor":3,"gold_loss":0},{"damage_healed":0,"gold_gain":0,"player_choice":"Success","damage_taken":3,"relics_obtained":["Eternal Feather"],"max_hp_gain":0,"max_hp_loss":0,"event_name":"Scrap Ooze","floor":7,"gold_loss":0},{"cards_removed":["Strike_R"],"damage_healed":0,"gold_gain":0,"player_choice":"Purged","damage_taken":0,"max_hp_gain":0,"max_hp_loss":0,"event_name":"Purifier","floor":12,"gold_loss":0}],"is_beta":false,"boss_relics":[{"not_picked":["Cursed Key","Fusion Hammer"],"picked":"Mark of Pain"}],"items_purged_floors":[5],"is_endless":false,"potions_floor_spawned":[1,4,8,14,18],"killed_by":"Shelled Parasite and Fungi","ascension_level":3}}