{"host":"ojme7g6xlqwffsso","time":1610632678,"event":{"mods":["BaseMod","Downfall","Minty Spire (QoL Compilation)","Shop Mod","StSLib"],"gold_per_floor":[99,118,130,230,230,230,230,248,273,288,301,326,251,55,69,170,170,170,189,205,61,61,61,61,61],"floor_reached":23,"language":"ENG","playtime":1031,"items_purged":[],"score":271,"play_id":"e3b03e22-5281-40a6-aca6-8081ff6ee8c1","local_time":"20210114225758","is_ascension_mode":true,"campfire_choices":[{"data":"hexamod:Float","floor":1,"key":"SMITH"},{"data":"hexamod:SkipABeat","floor":13,"key":"SMITH"},{"floor":18,"key":"RECALL"}],"circlet_count":0,"master_deck":["hexamod:Strike","hexamod:Strike","hexamod:Strike","hexamod:Strike","hexamod:Defend","hexamod:Defend","hexamod:Defend","hexamod:Defend","hexamod:Sear","hexamod:Float+1","hexamod:PhantomFireball","hexamod:SkipABeat+1","Regret","hexamod:FirstSeal","hexamod:ExtraCrispy","hexamod:NightmareGuise","hexamod:SkipABeat","hexamod:ThirdSeal","hexamod:AdvancingGuard","hexamod:FastForward","hexamod:SuperheatedStrike","hexamod:StepThrough","hexamod:SwordOfDarkness","hexamod:ParanormalForm","hexamod:Hexaguard","hexamod:BacktrackSmack+1","hexamod:TimeOfNeed","hexamod:SixthSeal","hexamod:CatchUp+1","hexamod:Hexaguard","hexamod:ApocalypticArmor"],"relics":["hexamod:SpiritBrand","Boot","StrikeDummy","Torii","Happy Flower","downfall:HeartBlessingGreen","Coffee Dripper","MerchantsRug"],"acts_visited":["Exordium","TheCity"],"potions_floor_usage":[3,10,15,21],"damage_taken":[{"damage":0,"enemies":"Cultist","floor":2,"turns":3},{"damage":1,"enemies":"Jaw Worm","floor":3,"turns":3},{"damage":9,"enemies":"2 Louse","floor":8,"turns":2},{"damage":35,"enemies":"3 Sentries","floor":9,"turns":11},{"damage":3,"enemies":"Lots of Slimes","floor":10,"turns":4},{"damage":8,"enemies":"2 Fungi Beasts","floor":11,"turns":4},{"damage":15,"enemies":"Lagavulin","floor":12,"turns":7},{"damage":2,"enemies":"downfall:FleeingMerchant","floor":14,"turns":4},{"damage":13,"enemies":"Gremlin Gang","floor":15,"turns":3},{"damage":21,"enemies":"downfall:Ironclad","floor":16,"turns":9},{"damage":0,"enemies":"Shell Parasite","floor":19,"turns":4},{"damage":18,"enemies":"Spheric Guardian","floor":20,"turns":4},{"damage":2,"enemies":"downfall:FleeingMerchant","floor":21,"turns":4},{"damage":76,"enemies":"Cultist and Chosen","floor":23,"turns":8}],"seed_played":"-8067475564200498122","potions_obtained":[{"floor":2,"key":"Regen Potion"},{"floor":3,"key":"Fruit Juice"},{"floor":9,"key":"Fire Potion"},{"floor":11,"key":"Explosive Potion"},{"floor":16,"key":"Fire Potion"},{"floor":20,"key":"DuplicationPotion"}],"is_trial":false,"path_per_floor":["R","M","M","?","?","?","T","M","E","M","M","E","R","$","M","B",null,"R","M","M","$","?","M"],"character_chosen":"THE_SPIRIT","items_purchased":["hexamod:SwordOfDarkness","hexamod:ParanormalForm","hexamod:Hexaguard","MerchantsRug"],"campfire_rested":0,"item_purchase_floors":[14,14,14,21],"current_hp_per_floor":[63,65,71,71,71,64,64,64,38,44,45,39,39,46,42,30,64,64,73,64,71,71,0,0,0],"gold":61,"neow_bonus":"RANDOM_COMMON_RELIC","is_daily":false,"chose_seed":false,"campfire_upgraded":2,"win_rate":0.0,"timestamp":1610632678,"path_taken":["R","M","M","?","?","?","T","?","E","M","M","E","R","?","M","BOSS","R","M","M","$","?","M"],"items_purchased_type":["Card","Card","Card","Relic"],"build_version":"2020-12-22","purchased_purges":0,"victory":false,"max_hp_per_floor":[70,70,75,75,75,75,75,75,75,75,75,75,75,75,75,75,75,75,75,75,75,75,75,75,75],"card_choices":[{"not_picked":["hexamod:RainOfEmbers","hexamod:GhostShield"],"picked":"hexamod:PhantomFireball","floor":2},{"not_picked":["hexamod:NightmareStrike","hexamod:BacktrackSmack"],"picked":"hexamod:SkipABeat","floor":3},{"not_picked":["hexamod:GhostOfSpirePresent","hexamod:ChargedBarrage"],"picked":"hexamod:ExtraCrispy","floor":8},{"not_picked":["hexamod:RainOfEmbers","hexamod:PhantomCloak"],"picked":"hexamod:NightmareGuise","floor":9},{"not_picked":["hexamod:BurningTouch","hexamod:ShieldOfDarkness"],"picked":"hexamod:SkipABeat","floor":10},{"not_picked":["hexamod:RecurringNightmare","hexamod:ShieldOfDarkness"],"picked":"hexamod:ThirdSeal","floor":11},{"not_picked":["hexamod:ApocalypseNow","hexamod:BurningTouch"],"picked":"hexamod:AdvancingGuard","floor":12},{"not_picked":["hexamod:HauntingEcho","hexamod:NightmareStrike"],"picked":"hexamod:FastForward","floor":12},{"not_picked":["hexamod:RainOfEmbers","hexamod:SpectersWail"],"picked":"hexamod:SuperheatedStrike","floor":14},{"not_picked":["hexamod:SwordOfDarkness","hexamod:HauntingEcho"],"picked":"hexamod:StepThrough","floor":14},{"not_picked":["hexamod:SwordOfDarkness","hexamod:NightmareStrike"],"picked":"hexamod:BacktrackSmack","floor":15},{"not_picked":["hexamod:FlamesFromBeyond","hexamod:SpectersWail","hexamod:RainOfEmbers"],"picked":"SKIP","floor":15},{"not_picked":["hexamod:ParanormalForm","hexamod:ApocalypticArmor"],"picked":"hexamod:TimeOfNeed","floor":16},{"not_picked":["hexamod:ParanormalForm","hexamod:EmpoweringStance"],"picked":"hexamod:SixthSeal","floor":16},{"not_picked":["hexamod:Firestarter","hexamod:HauntingEcho"],"picked":"hexamod:CatchUp+1","floor":19},{"not_picked":["hexamod:FlamesFromBeyond","hexamod:HeatMetal","hexamod:GhostLash+1"],"picked":"SKIP","floor":20},{"not_picked":["hexamod:RainOfEmbers","hexamod:GhostLash"],"picked":"hexamod:Hexaguard","floor":21},{"not_picked":["hexamod:ShieldOfDarkness+1","hexamod:GhostShield","hexamod:SuperheatedStrike"],"picked":"SKIP","floor":21}],"player_experience":853272,"relics_obtained":[{"floor":7,"key":"StrikeDummy"},{"floor":9,"key":"Torii"},{"floor":12,"key":"Happy Flower"}],"event_choices":[{"damage_healed":0,"gold_gain":0,"player_choice":"Box","damage_taken":0,"relics_obtained":["Boot"],"max_hp_gain":0,"max_hp_loss":0,"event_name":"Big Fish","floor":5,"gold_loss":0,"cards_obtained":["Regret"]}],"is_beta":false,"boss_relics":[{"not_picked":["Busted Crown","Fusion Hammer"],"picked":"Coffee Dripper"}],"items_purged_floors":[],"is_endless":false,"potions_floor_spawned":[2,3,9,11,16,20],"killed_by":"Cultist and Chosen","ascension_level":7}}