{"host":"pno9h1fupbyz205f","time":1610585602,"event":{"mods":["Aspiration","BaseMod","Better Altar","Better Match","Better Note","Better Sensory Stone","Better Skull","Better Third Choice","Colored Map","Colored Powertips","Downfall","Hubris","Infinite Spire","Jedi Mod","Mad Scientist","Marisa????????","Minty Spire (QoL Compilation)","Permanent Neow","Potionbrewer","Replay The Spire","Shop Mod","Spicy Shops","StSLib","Td1madao Mod","The Blackbeard","The Gatherer","The Hierophant","The Poker Player","The Runesmith","The Servant 0.9.4","The Vixen","thorton","vexMod"],"gold_per_floor":[0,11,21,21,21,21,45,45,72,87,34,34,34,52,71,71,71,71],"floor_reached":16,"language":"ENG","playtime":679,"items_purged":[],"score":100,"play_id":"372fae15-7b51-4cc9-9840-aa6183b3bda8","local_time":"20210113165322","is_ascension_mode":false,"campfire_choices":[{"data":"Guardian:TwinSlam","floor":1,"key":"SMITH"},{"data":"Guardian:ShieldCharger","floor":6,"key":"SMITH"},{"data":"Guardian:Planning","floor":13,"key":"SMITH"}],"circlet_count":0,"master_deck":["Guardian:Strike_Guardian","Guardian:Strike_Guardian+1","Guardian:Strike_Guardian","Guardian:Strike_Guardian","Guardian:Defend_Guardian","Guardian:Defend_Guardian+1","Guardian:Defend_Guardian","Guardian:Defend_Guardian+1","Guardian:CurlUp","Guardian:TwinSlam+1","Guardian:Planning+1","Guardian:ShieldCharger+1","Regret","Injury","Guardian:ArmoredProtocol+1","Guardian:ShieldCharger","Guardian:SphericShield"],"relics":["Guardian:ModeShifter","Incense Burner","Frozen Egg 2","Mummified Hand","Question Card"],"acts_visited":["Exordium"],"potions_floor_usage":[11],"damage_taken":[{"damage":0,"enemies":"Small Slimes","floor":2,"turns":3},{"damage":2,"enemies":"2 Louse","floor":3,"turns":2},{"damage":11,"enemies":"Lagavulin","floor":9,"turns":8},{"damage":7,"enemies":"Cultist","floor":10,"turns":4},{"damage":14,"enemies":"downfall:FleeingMerchant","floor":11,"turns":4},{"damage":10,"enemies":"Exordium Thugs","floor":14,"turns":5},{"damage":12,"enemies":"Gremlin Gang","floor":15,"turns":5},{"damage":24,"enemies":"downfall:Watcher","floor":16,"turns":12}],"seed_played":"-6376014334670325610","potions_obtained":[{"floor":9,"key":"sneckomod:MuddlingPotion"},{"floor":14,"key":"potionbrewer:BoundlessPotion"}],"is_trial":false,"path_per_floor":["R","M","M","?","?","R","T","?","E","M","$","T","R","M","M","B"],"character_chosen":"GUARDIAN","items_purchased":["Guardian:ArmoredProtocol+1"],"campfire_rested":0,"item_purchase_floors":[11],"current_hp_per_floor":[80,80,78,78,78,78,78,78,67,60,46,46,46,36,24,0,0,0],"gold":71,"neow_bonus":"ONE_RARE_RELIC","is_daily":false,"chose_seed":false,"campfire_upgraded":3,"win_rate":0.0,"timestamp":1610585602,"path_taken":["R","M","M","?","?","R","T","?","E","?","$","?","R","M","M","BOSS"],"items_purchased_type":["Card"],"build_version":"2020-12-22","purchased_purges":0,"victory":false,"max_hp_per_floor":[80,80,80,80,80,80,80,80,80,80,80,80,80,80,80,80,80,80],"card_choices":[{"not_picked":["Guardian:Reroute","Guardian:Gem_Purple"],"picked":"Guardian:Planning","floor":2},{"not_picked":["Guardian:ChargeCore","Guardian:Gem_Green"],"picked":"Guardian:ShieldCharger","floor":3},{"not_picked":["Guardian:ConstructionForm+1","Guardian:PrismaticBarrier","Guardian:Suspension"],"picked":"SKIP","floor":9},{"not_picked":["Guardian:RollAttack","Guardian:Preprogram","Guardian:Recover"],"picked":"SKIP","floor":10},{"not_picked":["Guardian:Reroute","Guardian:PrimingBeam"],"picked":"Guardian:Gem_Crimson","floor":11},{"not_picked":["Guardian:ArmoredProtocol+1","Guardian:Gem_Purple","Guardian:RollAttack"],"picked":"Guardian:ShieldCharger","floor":14},{"not_picked":["Guardian:Gem_Crimson","Guardian:ShieldSpikes","Guardian:Emergency"],"picked":"Guardian:SphericShield","floor":15}],"player_experience":172614,"relics_obtained":[{"floor":9,"key":"Mummified Hand"},{"floor":12,"key":"Question Card"}],"event_choices":[],"is_beta":false,"boss_relics":[],"items_purged_floors":[],"is_endless":false,"potions_floor_spawned":[9,14],"killed_by":"downfall:Watcher","ascension_level":0}}