{"host":"xh3brefae6wm9kl8","time":1610653723,"event":{"mods":["AchievementEnabler","BaseMod","GifTheSpireLib","Keyboard Shortcuts","Minty Spire (QoL Compilation)","Permanent Neow","Relic Stats","StSLib","SuperFastMode"],"gold_per_floor":[215,35,55,55,55,55,87,101,101,136,166,166,178,191,191,268,268,285,200,200,217,66,66,79,79,79,79,93,125,51,86,86,165,215,226,104,114,139,139,169,169,202,202,228,240,266,304,331,343,355],"floor_reached":51,"language":"KOR","playtime":2468,"items_purged":["Strike_G"],"score":1397,"play_id":"d278dd89-66cf-476f-9f97-320f6d453ad9","local_time":"20210115044843","is_ascension_mode":true,"campfire_choices":[{"data":"Neutralize","floor":6.0,"key":"SMITH"},{"data":"Footwork","floor":12.0,"key":"SMITH"},{"data":"Deadly Poison","floor":15.0,"key":"SMITH"},{"data":"Noxious Fumes","floor":23.0,"key":"SMITH"},{"floor":25.0,"key":"REST"},{"data":"Well Laid Plans","floor":27.0,"key":"SMITH"},{"data":"Catalyst","floor":32.0,"key":"SMITH"},{"data":"Burst","floor":41.0,"key":"SMITH"},{"floor":45,"key":"REST"},{"floor":49,"key":"REST"}],"circlet_count":0,"master_deck":["AscendersBane","Strike_G","Strike_G","Strike_G","Defend_G","Defend_G","Defend_G","Defend_G","Defend_G","Survivor","Neutralize+1","Flying Knee","Quick Slash","Dagger Spray+1","Deadly Poison+1","Masterful Stab","Footwork+1","Deadly Poison","Well Laid Plans+1","Prepared+1","Noxious Fumes+1","Catalyst+1","Acrobatics+1","Tactician+1","After Image","Crippling Poison","Catalyst+1","Burst+1","Caltrops+1","Expertise","Backflip","Backflip","Calculated Gamble+1","Escape Plan","Footwork"],"relics":["Ring of the Snake","Snake Skull","Pantograph","Akabeko","Nunchaku","Happy Flower","Odd Mushroom","SlaversCollar","Bronze Scales","Incense Burner","Mummified Hand","Molten Egg 2","Ginger","Tiny House","Mango","Gambling Chip","White Beast Statue","MawBank","Dream Catcher"],"acts_visited":["Exordium","TheCity","TheBeyond"],"potions_floor_usage":[44,48],"damage_taken":[{"damage":1.0,"enemies":"Small Slimes","floor":1.0,"turns":3.0},{"damage":0.0,"enemies":"Jaw Worm","floor":3.0,"turns":5.0},{"damage":15.0,"enemies":"3 Sentries","floor":7.0,"turns":8.0},{"damage":0.0,"enemies":"2 Louse","floor":8.0,"turns":2.0},{"damage":15.0,"enemies":"Lagavulin","floor":10.0,"turns":6.0},{"damage":1.0,"enemies":"The Mushroom Lair","floor":11.0,"turns":4.0},{"damage":0.0,"enemies":"Exordium Thugs","floor":13.0,"turns":1.0},{"damage":4.0,"enemies":"Gremlin Gang","floor":14.0,"turns":4.0},{"damage":9.0,"enemies":"Hexaghost","floor":16.0,"turns":9.0},{"damage":8.0,"enemies":"Shell Parasite","floor":18.0,"turns":5.0},{"damage":9.0,"enemies":"2 Thieves","floor":21.0,"turns":4.0},{"damage":18.0,"enemies":"Chosen and Byrds","floor":24.0,"turns":6.0},{"damage":0.0,"enemies":"Snecko","floor":28.0,"turns":4.0},{"damage":13.0,"enemies":"Gremlin Leader","floor":29.0,"turns":4.0},{"damage":14.0,"enemies":"Book of Stabbing","floor":31.0,"turns":4.0},{"damage":14.0,"enemies":"Champ","floor":33.0,"turns":5.0},{"damage":9.0,"enemies":"3 Shapes","floor":35.0,"turns":5.0},{"damage":15.0,"enemies":"Orb Walker","floor":37.0,"turns":5.0},{"damage":15.0,"enemies":"Mind Bloom Boss Battle","floor":38.0,"turns":4.0},{"damage":9.0,"enemies":"Giant Head","floor":40.0,"turns":6.0},{"damage":28.0,"enemies":"Nemesis","floor":42.0,"turns":3.0},{"damage":18,"enemies":"Reptomancer","floor":44,"turns":6},{"damage":24,"enemies":"Transient","floor":46,"turns":5},{"damage":7,"enemies":"Giant Head","floor":47,"turns":5},{"damage":0,"enemies":"Maw","floor":48,"turns":4},{"damage":1,"enemies":"Donu and Deca","floor":50,"turns":7}],"seed_played":"-1323365510217663898","potions_obtained":[{"floor":1.0,"key":"DistilledChaos"},{"floor":7.0,"key":"GhostInAJar"},{"floor":10.0,"key":"FearPotion"},{"floor":16.0,"key":"Fire Potion"},{"floor":21.0,"key":"AttackPotion"},{"floor":31.0,"key":"Block Potion"},{"floor":34.0,"key":"CunningPotion"},{"floor":44,"key":"SteroidPotion"},{"floor":46,"key":"GhostInAJar"},{"floor":47,"key":"LiquidMemories"},{"floor":48,"key":"Regen Potion"}],"is_trial":false,"path_per_floor":["M","$","M","?","?","R","E","M","T","E","?","R","M","M","R","B",null,"M","?","T","M","$","R","M","R","T","R","M","E","$","E","R","B",null,"M","$","M","?","?","E","R","E","T","E","R","M","E","M","R","B",null],"character_chosen":"THE_SILENT","items_purchased":["Snake Skull","Quick Slash","Noxious Fumes","Catalyst","Crippling Poison","Backflip"],"campfire_rested":3,"item_purchase_floors":[2,2,22,22,30,36],"current_hp_per_floor":[62,62,62,62,44,44,29,29,29,14,13,13,13,9,9,25,59,51,51,51,42,42,42,24,45,45,45,45,32,32,18,18,29,65,56,56,41,65,65,56,56,28,28,10,36,12,5,5,31,55],"gold":367,"neow_bonus":"HUNDRED_GOLD","is_daily":false,"chose_seed":false,"campfire_upgraded":7,"win_rate":0.0,"timestamp":1610653723,"path_taken":["M","$","M","?","?","R","E","M","T","E","?","R","M","M","R","BOSS","M","?","?","M","$","R","M","R","T","R","?","E","$","E","R","BOSS","M","$","M","?","?","E","R","E","T","E","R","?","E","M","R","BOSS"],"items_purchased_type":["Relic","Card","Card","Card","Card","Card"],"build_version":"2020-12-22","purchased_purges":1,"victory":true,"max_hp_per_floor":[70,70,70,70,70,70,70,70,70,70,70,70,70,70,70,70,70,70,70,70,70,70,70,70,70,70,70,70,70,70,70,70,70,75,75,75,75,89,89,89,89,89,89,89,89,89,89,89,89,89],"relic_stats":{"Happy Flower":[33],"counters":[26,124],"Snake Skull":[131],"Ginger":[8],"MawBank":84,"Nunchaku":[16],"Dream Catcher":1,"Mummified Hand":[62],"Pantograph":100,"Bronze Scales":[161],"Gambling Chip":[17],"obtain_stats":[{"Tiny House":34,"Happy Flower":10,"Mango":38,"Snake Skull":2,"Incense Burner":20,"Ginger":31,"Odd Mushroom":11,"MawBank":44,"Akabeko":7,"White Beast Statue":42,"SlaversCollar":17,"Nunchaku":9,"Dream Catcher":47,"Mummified Hand":26,"Pantograph":5,"Bronze Scales":19,"Gambling Chip":40,"Molten Egg 2":29,"Ring of the Snake":0},{"Tiny House":16,"Happy Flower":5,"Mango":19,"Snake Skull":1,"Incense Burner":10,"Ginger":15,"Odd Mushroom":6,"MawBank":22,"Akabeko":3,"White Beast Statue":21,"SlaversCollar":9,"Nunchaku":4,"Dream Catcher":24,"Mummified Hand":12,"Pantograph":2,"Bronze Scales":10,"Gambling Chip":20,"Molten Egg 2":14,"Ring of the Snake":0},{"Tiny House":74,"Happy Flower":24,"Mango":88,"Snake Skull":3,"Incense Burner":47,"Ginger":69,"Odd Mushroom":28,"MawBank":103,"Akabeko":16,"White Beast Statue":97,"SlaversCollar":42,"Nunchaku":18,"Dream Catcher":113,"Mummified Hand":57,"Pantograph":8,"Bronze Scales":47,"Gambling Chip":94,"Molten Egg 2":65,"Ring of the Snake":0}],"Ring of the Snake":[52]},"card_choices":[{"not_picked":["Prepared","Well Laid Plans"],"picked":"Flying Knee","floor":1.0},{"not_picked":["Catalyst","Backflip"],"picked":"Dagger Spray","floor":3.0},{"not_picked":["Quick Slash","Masterful Stab"],"picked":"Deadly Poison","floor":7.0},{"not_picked":["Choke","Phantasmal Killer"],"picked":"Masterful Stab","floor":8.0},{"not_picked":["Outmaneuver","Poisoned Stab"],"picked":"Footwork","floor":10.0},{"not_picked":["Skewer","Deflect"],"picked":"Deadly Poison","floor":11.0},{"not_picked":["Tactician","Dagger Throw","Wraith Form v2"],"picked":"SKIP","floor":13.0},{"not_picked":["Slice","Infinite Blades","Setup"],"picked":"SKIP","floor":14.0},{"not_picked":["Tactician","Backstab"],"picked":"Well Laid Plans","floor":18.0},{"not_picked":["Deadly Poison","Sucker Punch"],"picked":"Prepared+1","floor":21.0},{"not_picked":["Poisoned Stab","Dagger Spray"],"picked":"Acrobatics+1","floor":24.0},{"not_picked":["Backstab","Escape Plan"],"picked":"Tactician","floor":28.0},{"not_picked":["All Out Attack+1","Dagger Throw+1"],"picked":"After Image","floor":29.0},{"not_picked":["Dodge and Roll","Phantasmal Killer"],"picked":"Catalyst+1","floor":31.0},{"not_picked":["Adrenaline","After Image"],"picked":"Burst","floor":33.0},{"not_picked":["Underhanded Strike+1","Setup"],"picked":"Caltrops+1","floor":34.0},{"not_picked":["Terror","Dagger Spray+1"],"picked":"Expertise","floor":35.0},{"not_picked":["Dagger Spray+1","Skewer+1"],"picked":"Backflip","floor":37.0},{"not_picked":["Catalyst","Bane+1","Backflip"],"picked":"SKIP","floor":40.0},{"not_picked":["Concentrate","Distraction","Choke+1"],"picked":"SKIP","floor":42.0},{"not_picked":["Riddle With Holes+1","Dodge and Roll+1"],"picked":"Calculated Gamble+1","floor":44},{"not_picked":["Cloak And Dagger","Bane+1","Underhanded Strike+1"],"picked":"SKIP","floor":46},{"not_picked":["Choke+1","Bullet Time","Bane+1"],"picked":"SKIP","floor":47},{"not_picked":["Distraction+1","Dash+1"],"picked":"Escape Plan","floor":48},{"not_picked":["Poisoned Stab+1","Dodge and Roll"],"picked":"Footwork","floor":49}],"player_experience":389129,"relics_obtained":[{"floor":7.0,"key":"Akabeko"},{"floor":9.0,"key":"Nunchaku"},{"floor":10.0,"key":"Happy Flower"},{"floor":11.0,"key":"Odd Mushroom"},{"floor":20.0,"key":"Incense Burner"},{"floor":26.0,"key":"Mummified Hand"},{"floor":29.0,"key":"Molten Egg 2"},{"floor":31.0,"key":"Ginger"},{"floor":38.0,"key":"Mango"},{"floor":40.0,"key":"Gambling Chip"},{"floor":42.0,"key":"White Beast Statue"},{"floor":44,"key":"MawBank"},{"floor":47,"key":"Dream Catcher"}],"event_choices":[{"damage_healed":0.0,"max_hp_gain":0.0,"max_hp_loss":0.0,"gold_gain":0.0,"event_name":"Living Wall","player_choice":"Grow","floor":4.0,"gold_loss":0.0,"damage_taken":0.0,"cards_upgraded":["Dagger Spray"]},{"damage_healed":0.0,"max_hp_gain":0.0,"max_hp_loss":0.0,"gold_gain":0.0,"event_name":"Scrap Ooze","player_choice":"Success","floor":5.0,"gold_loss":0.0,"damage_taken":18.0,"relics_obtained":["Pantograph"]},{"damage_healed":0.0,"max_hp_gain":0.0,"max_hp_loss":0.0,"gold_gain":0.0,"event_name":"Mushrooms","player_choice":"Fought Mushrooms","floor":11.0,"gold_loss":0.0,"damage_taken":0.0},{"damage_healed":0.0,"max_hp_gain":0.0,"max_hp_loss":0.0,"gold_gain":0.0,"event_name":"Addict","player_choice":"Obtained Relic","floor":19.0,"gold_loss":85.0,"damage_taken":0.0,"relics_obtained":["Bronze Scales"]},{"damage_healed":0.0,"max_hp_gain":0.0,"max_hp_loss":0.0,"gold_gain":0.0,"event_name":"MindBloom","player_choice":"Fight","floor":38.0,"gold_loss":0.0,"damage_taken":0.0},{"cards_removed":["Strike_G"],"damage_healed":0.0,"max_hp_gain":0.0,"max_hp_loss":0.0,"gold_gain":0.0,"event_name":"Purifier","player_choice":"Purged","floor":39.0,"gold_loss":0.0,"damage_taken":0.0}],"is_beta":false,"boss_relics":[{"not_picked":["HoveringKite","Calling Bell"],"picked":"SlaversCollar"},{"not_picked":["Sozu","Coffee Dripper"],"picked":"Tiny House"}],"items_purged_floors":[36],"is_endless":false,"potions_floor_spawned":[1,7,10,16,21,31,35,37,44,46,47,48],"ascension_level":13}}