{"host":"aibqmozag2xz7y1n","time":1610637980,"event":{"mods":["AchievementEnabler","BaseMod","Colored Map","Colored Powertips","Marisa????????","Minty Spire (QoL Compilation)","Rare Cards Sparkle","StSLib","The Servant 0.9.4"],"gold_per_floor":[111,111,131,96,96,96,113,113,113,124,142,142,4,36,36,135,135,154,154,154,154,170,199,199,45,71,87,99,127,127,144,144,245,245,255,1254,1254,1266,542,542,556,556,556,149,0,0,15,30,30,30],"floor_reached":51,"language":"ENG","playtime":4309,"items_purged":["Normality","Normality"],"score":685,"play_id":"c50f11c6-1ced-4ad4-b08c-60b025e101e2","local_time":"20210114162620","is_ascension_mode":false,"campfire_choices":[{"data":"Pray","floor":6,"key":"SMITH"},{"data":"CutThroughFate","floor":8,"key":"SMITH"},{"data":"CarveReality","floor":12,"key":"SMITH"},{"data":"ForeignInfluence","floor":15,"key":"SMITH"},{"floor":24,"key":"REST"},{"floor":30,"key":"REST"},{"floor":32,"key":"REST"},{"floor":40,"key":"REST"},{"data":"Apotheosis","floor":42,"key":"SMITH"},{"data":"Devotion","floor":46,"key":"SMITH"},{"floor":49,"key":"REST"}],"circlet_count":0,"master_deck":["Strike_P","Defend_P+1","Defend_P","Defend_P","Defend_P","Eruption","Vigilance","Protect+1","Pray+1","CutThroughFate+1","CarveReality+1","Vengeance","Establishment","ForeignInfluence+1","DeusExMachina","Evaluate+1","Collect+1","Evaluate+1","EmptyFist+1","Necronomicurse","FlurryOfBlows","ReachHeaven","DeusExMachina","Consecrate+1","Halt+1","LikeWater","FlyingSleeves","ClearTheMind","Devotion+1","Apotheosis+1","FlurryOfBlows","Protect+1","SandsOfTime+1","Prostrate"],"relics":["PureWater","Shuriken","Mango","Necronomicon","Question Card","Nloth\u0027s Gift","InkBottle","Dream Catcher","Orichalcum","Bird Faced Urn","SlaversCollar","Ornamental Fan","Darkstone Periapt","Sling","White Beast Statue","Regal Pillow","Strange Spoon","Red Mask"],"acts_visited":["TheCity","TheBeyond"],"potions_floor_usage":[16,28,33,38,48,50,50,50],"damage_taken":[{"damage":0,"enemies":"Small Slimes","floor":1,"turns":3},{"damage":1,"enemies":"2 Louse","floor":3,"turns":4},{"damage":0,"enemies":"Jaw Worm","floor":7,"turns":5},{"damage":2,"enemies":"Exordium Wildlife","floor":10,"turns":6},{"damage":0,"enemies":"Large Slime","floor":11,"turns":4},{"damage":13,"enemies":"Gremlin Nob","floor":14,"turns":3},{"damage":26,"enemies":"The Guardian","floor":16,"turns":9},{"damage":12,"enemies":"2 Thieves","floor":18,"turns":5},{"damage":0,"enemies":"Chosen","floor":22,"turns":2},{"damage":53,"enemies":"Slavers","floor":23,"turns":4},{"damage":2,"enemies":"Centurion and Healer","floor":27,"turns":4},{"damage":5,"enemies":"Snake Plant","floor":28,"turns":3},{"damage":17,"enemies":"Book of Stabbing","floor":29,"turns":3},{"damage":0,"enemies":"Cultist and Chosen","floor":31,"turns":4},{"damage":57,"enemies":"Automaton","floor":33,"turns":9},{"damage":5,"enemies":"Orb Walker","floor":35,"turns":2},{"damage":24,"enemies":"3 Shapes","floor":38,"turns":4},{"damage":22,"enemies":"Sphere and 2 Shapes","floor":41,"turns":3},{"damage":41,"enemies":"3 Darklings","floor":47,"turns":6},{"damage":19,"enemies":"Spire Growth","floor":48,"turns":5},{"damage":39,"enemies":"Awakened One","floor":50,"turns":11}],"seed_played":"-884980689593790842","potions_obtained":[{"floor":1,"key":"Ancient Potion"},{"floor":7,"key":"FearPotion"},{"floor":14,"key":"BottledMiracle"},{"floor":16,"key":"Ancient Potion"},{"floor":22,"key":"Fire Potion"},{"floor":23,"key":"SkillPotion"},{"floor":28,"key":"StancePotion"},{"floor":29,"key":"SteroidPotion"},{"floor":33,"key":"Swift Potion"},{"floor":38,"key":"AttackPotion"},{"floor":47,"key":"Block Potion"},{"floor":48,"key":"LiquidMemories"}],"is_trial":false,"path_per_floor":["M","?","M","?","$","R","M","R","T","M","M","R","$","E","R","B",null,"M","?","T","?","M","E","R","$","T","M","M","E","R","M","R","B",null,"M","?","?","M","$","R","M","R","T","$","?","R","M","M","R","B",null],"character_chosen":"WATCHER","items_purchased":["Establishment","Dream Catcher","Ornamental Fan","Darkstone Periapt","Sling","Regal Pillow","Strange Spoon"],"campfire_rested":5,"item_purchase_floors":[13,25,39,39,39,44,44],"current_hp_per_floor":[79,63,62,79,79,79,79,79,79,77,77,77,77,78,78,52,93,81,65,65,65,65,12,39,39,39,37,32,15,42,46,73,22,93,88,88,88,66,66,93,71,71,71,71,71,71,36,23,65,32],"gold":30,"neow_bonus":"TEN_PERCENT_HP_BONUS","is_daily":false,"chose_seed":false,"campfire_upgraded":6,"win_rate":0.0,"timestamp":1610637980,"path_taken":["M","?","M","?","?","R","M","R","T","?","M","R","$","E","R","BOSS","M","?","?","?","M","E","R","$","T","M","?","E","R","M","R","BOSS","M","?","?","M","$","R","M","R","T","?","?","R","M","M","R","BOSS"],"items_purchased_type":["Card","Relic","Relic","Relic","Relic","Relic","Relic"],"build_version":"2020-12-22","purchased_purges":2,"victory":true,"max_hp_per_floor":[79,79,79,79,79,79,79,79,79,79,79,79,79,93,93,93,93,93,93,93,93,93,93,93,93,93,93,93,93,93,93,93,93,93,93,93,93,93,93,93,93,93,93,93,93,93,93,93,93,93],"card_choices":[{"not_picked":["WheelKick","Collect"],"picked":"Protect","floor":1},{"not_picked":["CutThroughFate","JustLucky"],"picked":"Pray","floor":3},{"not_picked":["Evaluate","CarveReality"],"picked":"CutThroughFate","floor":7},{"not_picked":["FlyingSleeves","ThirdEye"],"picked":"CarveReality","floor":10},{"not_picked":["BowlingBash","EmptyFist"],"picked":"Vengeance","floor":11},{"not_picked":["Indignation","FlyingSleeves"],"picked":"ForeignInfluence","floor":14},{"not_picked":["Alpha","Establishment"],"picked":"DeusExMachina","floor":16},{"not_picked":["ThirdEye","WreathOfFlame"],"picked":"EmptyFist+1","floor":18},{"not_picked":["Swivel","Consecrate","BowlingBash+1"],"picked":"FlurryOfBlows","floor":22},{"not_picked":["Indignation","Ragnarok","FlyingSleeves"],"picked":"ReachHeaven","floor":23},{"not_picked":["BattleHymn","BowlingBash","Adaptation"],"picked":"DeusExMachina","floor":27},{"not_picked":["Wallop","DeceiveReality","Protect"],"picked":"Consecrate+1","floor":28},{"not_picked":["ReachHeaven","ConjureBlade","Vengeance+1"],"picked":"Halt+1","floor":29},{"not_picked":["Conclude","Consecrate","ReachHeaven"],"picked":"LikeWater","floor":30},{"not_picked":["Protect+1","WindmillStrike+1","ThirdEye+1"],"picked":"FlyingSleeves","floor":31},{"not_picked":["Consecrate+1","WheelKick","ThirdEye"],"picked":"ClearTheMind","floor":32},{"not_picked":["Judgement","Omniscience","SpiritShield"],"picked":"Devotion","floor":33},{"not_picked":["ReachHeaven+1","FlyingSleeves+1","Crescendo","WheelKick+1"],"picked":"SKIP","floor":35},{"not_picked":["Violence","Secret Weapon","Purity"],"picked":"Apotheosis","floor":37},{"not_picked":["FlyingSleeves+1","CarveReality","MentalFortress+1"],"picked":"FlurryOfBlows","floor":38},{"not_picked":["BowlingBash","Crescendo","ClearTheMind+1","Indignation"],"picked":"SKIP","floor":41},{"not_picked":["PathToVictory+1","Crescendo","Blasphemy"],"picked":"Protect+1","floor":47},{"not_picked":["Crescendo","FlurryOfBlows+1","BowlingBash+1"],"picked":"SandsOfTime+1","floor":48},{"not_picked":["ThirdEye+1","BowlingBash+1","PathToVictory+1"],"picked":"Prostrate","floor":49}],"player_experience":227290,"relics_obtained":[{"floor":9,"key":"Shuriken"},{"floor":14,"key":"Mango"},{"floor":19,"key":"Necronomicon"},{"floor":20,"key":"Question Card"},{"floor":23,"key":"InkBottle"},{"floor":26,"key":"Orichalcum"},{"floor":29,"key":"Bird Faced Urn"},{"floor":43,"key":"White Beast Statue"}],"event_choices":[{"damage_healed":0,"gold_gain":0,"player_choice":"Entered Light","damage_taken":16,"max_hp_gain":0,"max_hp_loss":0,"event_name":"Shining Light","floor":2,"gold_loss":0,"cards_upgraded":["Protect","Defend_P"]},{"damage_healed":19,"gold_gain":0,"player_choice":"Healed","damage_taken":0,"max_hp_gain":0,"max_hp_loss":0,"event_name":"The Cleric","floor":4,"gold_loss":35},{"damage_healed":0,"gold_gain":0,"player_choice":"Obtained Book","damage_taken":16,"max_hp_gain":0,"max_hp_loss":0,"event_name":"Cursed Tome","floor":19,"gold_loss":0},{"damage_healed":0,"gold_gain":0,"player_choice":"Traded Relic","damage_taken":0,"relics_obtained":["Nloth\u0027s Gift"],"max_hp_gain":0,"max_hp_loss":0,"event_name":"N\u0027loth","floor":21,"relics_lost":["Astrolabe"],"gold_loss":0},{"damage_healed":0,"gold_gain":999,"player_choice":"Gold","damage_taken":0,"max_hp_gain":0,"max_hp_loss":0,"event_name":"MindBloom","floor":36,"gold_loss":0,"cards_obtained":["Normality","Normality"]},{"damage_healed":0,"gold_gain":0,"player_choice":"Memory 1","damage_taken":0,"max_hp_gain":0,"max_hp_loss":0,"event_name":"SensoryStone","floor":37,"gold_loss":0},{"damage_healed":0,"gold_gain":0,"player_choice":"Paid","damage_taken":0,"relics_obtained":["Red Mask"],"max_hp_gain":0,"max_hp_loss":0,"event_name":"Tomb of Lord Red Mask","floor":45,"gold_loss":149}],"is_beta":false,"boss_relics":[{"not_picked":["Snecko Eye","Pandora\u0027s Box"],"picked":"Astrolabe"},{"not_picked":["Philosopher\u0027s Stone","Tiny House"],"picked":"SlaversCollar"}],"items_purged_floors":[39,44],"is_endless":false,"potions_floor_spawned":[1,7,14,16,22,23,28,29,33,38,47,48],"ascension_level":0}}