{"host":"zdhcon9z6t4xbcdl","time":1610635073,"event":{"mods":["BaseMod","Minty Spire (QoL Compilation)"],"gold_per_floor":[114,129,144,159,9,39,54,69,94,94,109,109,12,27,27,127,127,142,157,172,187,150,150,165,165,190,190,205,232,232,262,262,262,262],"floor_reached":33,"language":"ENG","playtime":1769,"items_purged":[],"score":398,"play_id":"08e4ebd6-0107-45db-8d2e-fa8689624506","local_time":"20210114143753","daily_mods":["Insanity","Uncertain Future","Binary"],"is_ascension_mode":false,"campfire_choices":[{"floor":12,"key":"REST"},{"floor":15,"key":"REST"},{"floor":23,"key":"REST"},{"floor":27,"key":"REST"},{"floor":32,"key":"REST"}],"circlet_count":0,"master_deck":["Dash","Sucker Punch","Accuracy","Distraction","Deadly Poison","Terror","Poisoned Stab","Distraction","Backstab","Blade Dance","Dagger Throw","Dodge and Roll","Crippling Poison","Acrobatics","Distraction","Dash","Skewer","Expertise","Deflect","Heel Hook","Deadly Poison","Deflect","Acrobatics","PiercingWail","Dodge and Roll","Distraction","Dodge and Roll","Cloak And Dagger","Outmaneuver","Leg Sweep","Bane+1","Prepared","Catalyst","Blade Dance","Flying Knee","Acrobatics","Prepared","All Out Attack","Backflip","Reflex","Predator","Dagger Spray","Catalyst","Slice","Tactician","Eviscerate","PiercingWail","Well Laid Plans","Deadly Poison","Blade Dance","Blade Dance","Finisher+1","Adrenaline","Cloak And Dagger","Infinite Blades","Blade Dance","Night Terror","Deadly Poison+1","Deflect","Infinite Blades","Blade Dance+1","Infinite Blades","Slice","Backstab"],"relics":["Ring of the Snake","Chemical X","Regal Pillow","Oddly Smooth Stone","Sozu","Whetstone","Red Mask","Smiling Mask"],"acts_visited":["Exordium","TheCity"],"potions_floor_usage":[6,16,16,33,33],"damage_taken":[{"damage":2,"enemies":"Cultist","floor":1,"turns":3},{"damage":0,"enemies":"2 Louse","floor":2,"turns":2},{"damage":8,"enemies":"Small Slimes","floor":3,"turns":2},{"damage":5,"enemies":"Blue Slaver","floor":4,"turns":3},{"damage":19,"enemies":"Lagavulin","floor":6,"turns":5},{"damage":14,"enemies":"3 Louse","floor":7,"turns":3},{"damage":0,"enemies":"Gremlin Gang","floor":8,"turns":4},{"damage":2,"enemies":"Red Slaver","floor":11,"turns":4},{"damage":0,"enemies":"Blue Slaver","floor":14,"turns":1},{"damage":10,"enemies":"Slime Boss","floor":16,"turns":7},{"damage":5,"enemies":"Chosen","floor":18,"turns":5},{"damage":12,"enemies":"2 Thieves","floor":19,"turns":4},{"damage":22,"enemies":"Centurion and Healer","floor":20,"turns":6},{"damage":14,"enemies":"Snake Plant","floor":21,"turns":3},{"damage":33,"enemies":"Sentry and Sphere","floor":24,"turns":6},{"damage":0,"enemies":"Snecko","floor":28,"turns":3},{"damage":20,"enemies":"Masked Bandits","floor":29,"turns":4},{"damage":12,"enemies":"Slavers","floor":31,"turns":5},{"damage":71,"enemies":"Champ","floor":33,"turns":8}],"seed_played":"-4891952413640654339","potions_obtained":[{"floor":1,"key":"Dexterity Potion"},{"floor":2,"key":"SteroidPotion"},{"floor":4,"key":"Poison Potion"},{"floor":7,"key":"SmokeBomb"},{"floor":11,"key":"SkillPotion"},{"floor":16,"key":"SpeedPotion"}],"is_trial":false,"path_per_floor":["M","M","M","M","$","E","M","M","T","?","M","R","$","M","R","B",null,"M","M","M","M","$","R","M","?","T","R","M","?","?","E","R","B"],"character_chosen":"THE_SILENT","items_purchased":["Chemical X","Infinite Blades","Blade Dance","Infinite Blades"],"campfire_rested":5,"item_purchase_floors":[5,13,13,22],"current_hp_per_floor":[68,68,60,55,55,36,22,22,22,22,20,56,56,56,70,60,70,65,53,31,17,17,53,20,20,20,56,56,36,36,24,60,0,0],"gold":262,"neow_bonus":"","is_daily":true,"chose_seed":false,"campfire_upgraded":0,"win_rate":0.0,"timestamp":1610635073,"path_taken":["M","M","M","?","?","E","M","M","T","?","M","R","$","M","R","BOSS","M","M","M","M","$","R","M","?","T","R","M","?","?","E","R","BOSS"],"items_purchased_type":["Relic","Card","Card","Card"],"build_version":"2020-12-22","purchased_purges":0,"victory":false,"max_hp_per_floor":[70,70,70,70,70,70,70,70,70,70,70,70,70,70,70,70,70,70,70,70,70,70,70,70,70,70,70,70,70,70,70,70,70,70],"card_choices":[{"not_picked":["Dodge and Roll"],"picked":"Blade Dance","floor":1},{"not_picked":["Sucker Punch","PiercingWail"],"picked":"SKIP","floor":2},{"not_picked":["Acrobatics","Underhanded Strike"],"picked":"SKIP","floor":3},{"not_picked":["Flying Knee"],"picked":"Blade Dance","floor":4},{"not_picked":["PiercingWail"],"picked":"Finisher","floor":6},{"not_picked":["Dagger Throw","Crippling Poison"],"picked":"SKIP","floor":7},{"not_picked":["Prepared"],"picked":"Adrenaline","floor":8},{"not_picked":["Calculated Gamble"],"picked":"Cloak And Dagger","floor":11},{"not_picked":["Prepared","Calculated Gamble"],"picked":"SKIP","floor":14},{"not_picked":["Malaise"],"picked":"Night Terror","floor":16},{"not_picked":["Sucker Punch+1"],"picked":"Deadly Poison+1","floor":18},{"not_picked":["Outmaneuver","Unload"],"picked":"SKIP","floor":19},{"not_picked":["Sucker Punch","Prepared"],"picked":"SKIP","floor":20},{"not_picked":["Dodge and Roll"],"picked":"Deflect","floor":21},{"not_picked":["Flying Knee"],"picked":"Blade Dance+1","floor":24},{"not_picked":["Flying Knee"],"picked":"Infinite Blades","floor":28},{"not_picked":["Dash"],"picked":"Backstab","floor":31}],"player_experience":52253,"relics_obtained":[{"floor":6,"key":"Regal Pillow"},{"floor":9,"key":"Oddly Smooth Stone"},{"floor":26,"key":"Whetstone"},{"floor":29,"key":"Red Mask"},{"floor":31,"key":"Smiling Mask"}],"event_choices":[{"damage_healed":0,"gold_gain":0,"player_choice":"Fled","damage_taken":0,"max_hp_gain":0,"max_hp_loss":0,"event_name":"Scrap Ooze","floor":10,"gold_loss":0},{"damage_healed":0,"gold_gain":0,"player_choice":"Ignored","damage_taken":0,"max_hp_gain":0,"max_hp_loss":0,"event_name":"The Mausoleum","floor":25,"gold_loss":0},{"damage_healed":0,"gold_gain":0,"player_choice":"Fought Bandits","damage_taken":0,"max_hp_gain":0,"max_hp_loss":0,"event_name":"Masked Bandits","floor":29,"gold_loss":0},{"damage_healed":0,"gold_gain":0,"cards_transformed":["Concentrate"],"player_choice":"Transformed","damage_taken":0,"max_hp_gain":0,"max_hp_loss":0,"event_name":"Transmorgrifier","floor":30,"gold_loss":0,"cards_obtained":["Slice"]}],"is_beta":false,"boss_relics":[{"not_picked":["SacredBark","Ectoplasm"],"picked":"Sozu"}],"items_purged_floors":[],"is_endless":false,"potions_floor_spawned":[1,2,4,7,11,16,20,21,29,31],"killed_by":"Champ","ascension_level":0}}