{"host":"y76x98twjnyyxs83","time":1610664707,"event":{"mods":["BaseMod","Colored Powertips","Minty Spire (QoL Compilation)","Permanent Neow","Quick Restart","Rare Cards Sparkle","Relic Stats","StSLib"],"gold_per_floor":[111,111,123,135,147,147,175,175,175,175,202,202,221,296,296,375,375,392,406,406,406,122,122,28,28,28],"floor_reached":25,"language":"ENG","playtime":711,"items_purged":["Strike_P","Strike_P"],"score":518,"play_id":"0bf67814-ad85-405c-8e82-c8f25746162a","local_time":"20210115065147","is_ascension_mode":true,"campfire_choices":[{"data":"Blasphemy","floor":6,"key":"SMITH"},{"floor":8,"key":"REST"},{"data":"Wallop","floor":12,"key":"SMITH"},{"data":"WheelKick","floor":15,"key":"SMITH"},{"floor":23,"key":"REST"}],"circlet_count":0,"master_deck":["AscendersBane","Strike_P","Strike_P","Defend_P","Defend_P","Defend_P","Defend_P","Eruption","Vigilance","Brilliance","WheelKick+1","Blasphemy+1","Wallop+1","TalkToTheHand+1","FearNoEvil","Wireheading","Consecrate","CutThroughFate","SpiritShield","InnerPeace","EmptyFist","Ghostly","Ghostly","Ghostly","Vengeance","WheelKick"],"relics":["HolyWater","Smiling Mask","Sundial","Blood Vial"],"acts_visited":["Exordium","TheCity"],"potions_floor_usage":[16],"damage_taken":[{"damage":0.0,"enemies":"Jaw Worm","floor":1.0,"turns":3.0},{"damage":0,"enemies":"Cultist","floor":3,"turns":1},{"damage":0,"enemies":"Small Slimes","floor":4,"turns":3},{"damage":11,"enemies":"Red Slaver","floor":5,"turns":4},{"damage":38,"enemies":"3 Sentries","floor":7,"turns":6},{"damage":14,"enemies":"Gremlin Nob","floor":11,"turns":4},{"damage":0,"enemies":"Looter","floor":13,"turns":3},{"damage":0,"enemies":"Slime Boss","floor":16,"turns":3},{"damage":0,"enemies":"Chosen","floor":18,"turns":3},{"damage":47,"enemies":"3 Byrds","floor":19,"turns":6},{"damage":100002,"enemies":"Slavers","floor":25,"turns":3}],"seed_played":"-164130864170683422","potions_obtained":[{"floor":3,"key":"SneckoOil"},{"floor":5,"key":"BlessingOfTheForge"},{"floor":18,"key":"FearPotion"}],"is_trial":false,"path_per_floor":["M","?","M","M","M","R","E","R","T","?","E","R","M","?","R","B",null,"M","M","?","?","$","R","$","E"],"character_chosen":"WATCHER","items_purchased":["Blood Vial","Vengeance","WheelKick"],"campfire_rested":2,"item_purchase_floors":[22,22,24],"current_hp_per_floor":[61,61,61,61,50,50,12,30,30,30,16,16,16,5,5,5,48,48,1,1,1,1,10,10,0,0],"gold":28,"neow_bonus":"THREE_RARE_CARDS","is_daily":false,"chose_seed":false,"campfire_upgraded":3,"win_rate":0.0,"timestamp":1610664707,"path_taken":["M","?","M","?","M","R","E","R","T","?","E","R","?","?","R","BOSS","M","M","?","?","$","R","?","E"],"items_purchased_type":["Relic","Card","Card"],"build_version":"2020-12-22","purchased_purges":2,"victory":false,"max_hp_per_floor":[62,62,62,62,62,62,62,62,62,62,62,62,62,62,62,62,62,62,62,31,31,31,31,31,31,31],"relic_stats":{"Blood Vial":2,"counters":[11,38],"Sundial":[0],"Smiling Mask":75,"obtain_stats":[{"Blood Vial":22,"Sundial":11,"HolyWater":17,"PureWater":0,"Smiling Mask":7},{"Blood Vial":10,"Sundial":6,"HolyWater":8,"PureWater":0,"Smiling Mask":5},{"Blood Vial":36,"Sundial":21,"HolyWater":27,"PureWater":0,"Smiling Mask":17}]},"card_choices":[{"not_picked":["Scrawl","ConjureBlade"],"picked":"Brilliance","floor":0.0},{"not_picked":["Consecrate","ThirdEye"],"picked":"WheelKick","floor":1.0},{"not_picked":["Crescendo","FlyingSleeves"],"picked":"Wallop","floor":3},{"not_picked":["Prostrate","WheelKick"],"picked":"TalkToTheHand","floor":4},{"not_picked":["JustLucky","EmptyFist"],"picked":"FearNoEvil","floor":5},{"not_picked":["DevaForm","Worship"],"picked":"Wireheading","floor":7},{"not_picked":["Worship","ForeignInfluence"],"picked":"Consecrate","floor":11},{"not_picked":["Consecrate","WreathOfFlame"],"picked":"CutThroughFate","floor":13},{"not_picked":["Ragnarok","Brilliance"],"picked":"SpiritShield","floor":16},{"not_picked":["JustLucky","SashWhip"],"picked":"InnerPeace","floor":18},{"not_picked":["Fasting2","Perseverance"],"picked":"EmptyFist","floor":19}],"player_experience":1150605,"relics_obtained":[{"floor":7,"key":"Smiling Mask"},{"floor":11,"key":"Sundial"}],"event_choices":[{"damage_healed":0,"gold_gain":0,"player_choice":"1 cards matched","damage_taken":0,"max_hp_gain":0,"max_hp_loss":0,"event_name":"Match and Keep!","floor":2,"gold_loss":0,"cards_obtained":["Blasphemy"]},{"damage_healed":0,"gold_gain":0,"player_choice":"Upgraded","damage_taken":0,"max_hp_gain":0,"max_hp_loss":0,"event_name":"Upgrade Shrine","floor":10,"gold_loss":0,"cards_upgraded":["TalkToTheHand"]},{"damage_healed":0,"gold_gain":75,"player_choice":"Gather Gold","damage_taken":11,"max_hp_gain":0,"max_hp_loss":0,"event_name":"World of Goop","floor":14,"gold_loss":0},{"damage_healed":0,"gold_gain":0,"player_choice":"Became a Ghost","damage_taken":0,"max_hp_gain":0,"max_hp_loss":31,"event_name":"Ghosts","floor":20,"gold_loss":0,"cards_obtained":["Ghostly","Ghostly","Ghostly"]},{"damage_healed":0,"gold_gain":0,"player_choice":"Ignored","damage_taken":0,"max_hp_gain":0,"max_hp_loss":0,"event_name":"The Mausoleum","floor":21,"gold_loss":0}],"is_beta":false,"boss_relics":[{"not_picked":["Tiny House","Fusion Hammer"],"picked":"HolyWater"}],"items_purged_floors":[22,24],"is_endless":false,"potions_floor_spawned":[3,5,7,13,18,19],"killed_by":"Slavers","ascension_level":20}}