{"host":"jggt5i9rbuoqvque","time":1610651778,"event":{"mods":["BaseMod","Colored Map","Minty Spire (QoL Compilation)","StSLib"],"gold_per_floor":[109,126,126,146,164,193,193,249,249,249,262,42,69,83,83,183,183,200,299,318,62,62,62],"floor_reached":22,"language":"KOR","playtime":505,"items_purged":["Strike_R","Strike_R"],"score":265,"play_id":"02d83282-e11b-4795-a28b-ddac1b709d34","local_time":"20210115041618","is_ascension_mode":true,"campfire_choices":[{"data":"Double Tap","floor":7.0,"key":"SMITH"},{"data":"Rampage","floor":15.0,"key":"SMITH"}],"circlet_count":0,"master_deck":["Strike_R","Strike_R","Strike_R","Defend_R","Defend_R","Defend_R","Defend_R","Bash+1","Ghostly Armor","Heavy Blade","Seeing Red","Double Tap+1","Cleave","Rampage+1"],"relics":["Burning Blood","NeowsBlessing","Sundial","Kunai","HandDrill","Bottled Flame","Black Star","Tiny Chest"],"acts_visited":["Exordium","TheCity"],"potions_floor_usage":[20,22],"damage_taken":[{"damage":0.0,"enemies":"Small Slimes","floor":1.0,"turns":1.0},{"damage":0.0,"enemies":"Cultist","floor":2.0,"turns":1.0},{"damage":0.0,"enemies":"Jaw Worm","floor":4.0,"turns":1.0},{"damage":11.0,"enemies":"Looter","floor":5.0,"turns":2.0},{"damage":46.0,"enemies":"Lagavulin","floor":6.0,"turns":7.0},{"damage":7.0,"enemies":"3 Louse","floor":11.0,"turns":4.0},{"damage":23.0,"enemies":"Gremlin Nob","floor":13.0,"turns":4.0},{"damage":15.0,"enemies":"2 Fungi Beasts","floor":14.0,"turns":3.0},{"damage":17.0,"enemies":"Slime Boss","floor":16.0,"turns":11.0},{"damage":45.0,"enemies":"Shell Parasite","floor":18.0,"turns":6.0},{"damage":12,"enemies":"3 Byrds","floor":20,"turns":3},{"damage":29,"enemies":"Shelled Parasite and Fungi","floor":22,"turns":2}],"seed_played":"4569624081335847576","potions_obtained":[{"floor":1.0,"key":"DuplicationPotion"},{"floor":5.0,"key":"PowerPotion"},{"floor":6.0,"key":"Dexterity Potion"},{"floor":11.0,"key":"ColorlessPotion"},{"floor":14.0,"key":"LiquidBronze"},{"floor":18.0,"key":"SteroidPotion"}],"is_trial":false,"path_per_floor":["M","M","?","M","M","E","R","?","T","?","M","$","E","M","R","B",null,"M","?","M","$","M"],"character_chosen":"IRONCLAD","items_purchased":["HandDrill","Tiny Chest"],"campfire_rested":0,"item_purchase_floors":[12,21],"current_hp_per_floor":[78,80,80,80,75,35,35,35,35,61,60,60,43,34,34,23,66,27,27,21,21,0,0],"gold":62,"neow_bonus":"THREE_ENEMY_KILL","is_daily":false,"chose_seed":false,"campfire_upgraded":2,"win_rate":0.0,"timestamp":1610651778,"path_taken":["M","M","?","?","M","E","R","?","T","?","M","$","E","M","R","BOSS","M","?","M","$","M"],"items_purchased_type":["Relic","Relic"],"build_version":"2020-12-22","purchased_purges":2,"victory":false,"max_hp_per_floor":[80,80,80,80,80,80,80,80,80,80,80,80,80,80,80,80,80,80,80,80,80,80,80],"card_choices":[{"not_picked":["Clothesline","Anger"],"picked":"Ghostly Armor","floor":1.0},{"not_picked":["Feel No Pain","Sword Boomerang"],"picked":"Heavy Blade","floor":2.0},{"not_picked":["Heavy Blade","Cleave","Pommel Strike"],"picked":"SKIP","floor":4.0},{"not_picked":["Pommel Strike","Heavy Blade"],"picked":"Seeing Red","floor":5.0},{"not_picked":["Sentinel","Dark Embrace"],"picked":"Double Tap","floor":6.0},{"not_picked":["True Grit","Reckless Charge"],"picked":"Cleave","floor":11.0},{"not_picked":["Pommel Strike","Anger"],"picked":"Rampage","floor":13.0},{"not_picked":["Warcry","Infernal Blade","Thunderclap"],"picked":"SKIP","floor":14.0},{"not_picked":["Heavy Blade","Pommel Strike+1","Flex"],"picked":"SKIP","floor":18.0},{"not_picked":["Sentinel+1","Carnage","Entrench+1"],"picked":"SKIP","floor":20}],"player_experience":340634,"relics_obtained":[{"floor":6.0,"key":"Sundial"},{"floor":9.0,"key":"Kunai"},{"floor":13.0,"key":"Bottled Flame"}],"event_choices":[{"damage_healed":0.0,"max_hp_gain":0.0,"max_hp_loss":0.0,"gold_gain":0.0,"event_name":"Upgrade Shrine","player_choice":"Upgraded","floor":3.0,"gold_loss":0.0,"damage_taken":0.0,"cards_upgraded":["Bash"]},{"damage_healed":0.0,"max_hp_gain":0.0,"max_hp_loss":0.0,"gold_gain":56.0,"event_name":"Golden Wing","player_choice":"Gained Gold","floor":8.0,"gold_loss":0.0,"damage_taken":0.0},{"damage_healed":26.0,"max_hp_gain":0.0,"max_hp_loss":0.0,"gold_gain":0.0,"event_name":"Big Fish","player_choice":"Banana","floor":10.0,"gold_loss":0.0,"damage_taken":0.0},{"damage_healed":0.0,"max_hp_gain":0.0,"max_hp_loss":0.0,"gold_gain":99.0,"event_name":"Nest","player_choice":"Stole From Cult","floor":19.0,"gold_loss":0.0,"damage_taken":0.0}],"is_beta":false,"boss_relics":[{"not_picked":["Mark of Pain","Runic Cube"],"picked":"Black Star"}],"items_purged_floors":[12,21],"is_endless":false,"potions_floor_spawned":[1,5,6,11,14,18],"killed_by":"Shelled Parasite and Fungi","ascension_level":7}}