{"host":"y6zg4wwu39otf01a","time":1610586177,"event":{"mods":["Act Like it!","Aspiration","BaseMod","Better Altar","Better Match","Better Note","Better Sensory Stone","Better Skull","Better Third Choice","Challenge The Spire","Colored Map","Colored Powertips","Conspire","GifTheSpireLib","Glutton Mod","Halation","Hermit","Highlight Path","Hubris","Infinite Spire","Mimic Mod","Minty Spire (QoL Compilation)","Quick Restart","Random Character Button","Rare Cards Sparkle","Replay The Spire","Retaliation","Shade Mod","Spicy Shops","StSLib","Stuff the Spire","The Blue Laboratory","The Jungle","TheArtist","thorton","vexMod"],"gold_per_floor":[113,88,9,19,19,50,50,81,117,127,213,213,57,76,76,76,76],"floor_reached":16,"playtime":632,"items_purged":[],"score":133,"play_id":"bb2a1d3d-cf9d-45f2-a72d-4cafdca8fe2b","local_time":"20210113200257","is_ascension_mode":false,"campfire_choices":[{"data":"Eruption","floor":7.0,"key":"SMITH"},{"floor":12.0,"key":"DIG"},{"floor":15,"key":"REST"}],"circlet_count":0,"master_deck":["Strike_P","Strike_P","Strike_P","Strike_P","Defend_P","Defend_P","Defend_P","Defend_P","Eruption+1","Vigilance","ReachHeaven","FlurryOfBlows","EmptyFist","Prostrate","ReplayTheSpireMod:Splinters","Study","Brilliance"],"relics":["PureWater","NeowsBlessing","halation:LostSnail","aspiration:ChemicalBlood","Shovel","hubris:OldNail","Happy Flower","StuffTheSpire:Barrel"],"acts_visited":["Exordium"],"potions_floor_usage":[14,14,14],"damage_taken":[{"damage":0.0,"enemies":"Jaw Worm","floor":1.0,"turns":1.0},{"damage":0.0,"enemies":"Small Slimes","floor":4.0,"turns":1.0},{"damage":0.0,"enemies":"Gremlin Nob","floor":6.0,"turns":1.0},{"damage":22.0,"enemies":"Lagavulin","floor":8.0,"turns":3.0},{"damage":6.0,"enemies":"2 Louse","floor":9.0,"turns":5.0},{"damage":0.0,"enemies":"2 Louse","floor":10.0,"turns":2.0},{"damage":21,"enemies":"Exordium Thugs","floor":14,"turns":4},{"damage":2,"enemies":"Slime Boss","floor":16,"turns":3}],"seed_played":"-8285791954923400373","potions_obtained":[{"floor":4.0,"key":"blueLaboratory:HorrorPotion"},{"floor":10.0,"key":"blueLaboratory:LouseDecoction"},{"floor":14,"key":"Block Potion"}],"is_trial":false,"path_per_floor":["M","?","$","M","$","E","R","E","MIM","M","?","R","$","M","R","B"],"character_chosen":"WATCHER","items_purchased":["halation:LostSnail","Brilliance"],"campfire_rested":1,"item_purchase_floors":[3,13],"current_hp_per_floor":[72,72,72,72,72,72,72,50,44,44,44,44,44,23,44,42,42],"gold":76,"neow_bonus":"THREE_ENEMY_KILL","is_daily":false,"chose_seed":false,"campfire_upgraded":1,"win_rate":0.0,"timestamp":1610586177,"path_taken":["M","?","$","M","?","E","R","E","MIM","M","?","R","$","?","R","BOSS"],"items_purchased_type":["Relic","Card"],"build_version":"2020-12-22","purchased_purges":0,"victory":false,"max_hp_per_floor":[72,72,72,72,72,72,72,72,72,72,72,72,72,72,72,72,72],"card_choices":[{"not_picked":["FlyingSleeves","EmptyBody"],"picked":"ReachHeaven","floor":1.0},{"not_picked":["PathToVictory","WheelKick","EmptyFist"],"picked":"SKIP","floor":4.0},{"not_picked":["Wallop","Protect"],"picked":"FlurryOfBlows","floor":6.0},{"not_picked":["FlyingSleeves","ThirdEye"],"picked":"EmptyFist","floor":8.0},{"not_picked":["EmptyBody","Perseverance"],"picked":"Prostrate","floor":9.0},{"not_picked":["Crescendo","FollowUp","EmptyBody"],"picked":"SKIP","floor":10.0},{"not_picked":["Sanctity","Replay:LoomingThreat"],"picked":"Study","floor":11.0},{"not_picked":["Evaluate","Replay:BluntJabs","ThirdEye"],"picked":"SKIP","floor":14}],"player_experience":707959,"relics_obtained":[{"floor":6.0,"key":"aspiration:ChemicalBlood"},{"floor":8.0,"key":"Shovel"},{"floor":9.0,"key":"hubris:OldNail"},{"floor":11.0,"key":"Happy Flower"},{"floor":12.0,"key":"StuffTheSpire:Barrel"}],"event_choices":[],"is_beta":false,"boss_relics":[],"items_purged_floors":[],"is_endless":false,"potions_floor_spawned":[4,10,14],"killed_by":"Slime Boss","ascension_level":0}}