{"host":"f5y45f7z7ziu0smp","time":1610603454,"event":{"mods":["AchievementEnabler","Ascension Reborn","BaseMod","Koishi","Marisa£¨Ùöéë¡¡Øª×âÞÞ£©","Minty Spire (QoL Compilation)","StSLib","SuperFastMode"],"gold_per_floor":[117,135,153,171,2,38,56,74,104,104,122,122,122,140,140,260,260,278,296,314,332,144,144,162,162,192,192,210,242,572,608,608,728,728,746,764,782,800,818,818,854,854,914,932,950,980,628,628,628,628],"floor_reached":51,"language":"KOR","playtime":1355,"items_purged":[],"score":1107,"play_id":"99bfd615-a490-4fae-beab-6bf0deeefcc1","local_time":"20210114145054","daily_mods":["Insanity","Uncertain Future","Binary"],"is_ascension_mode":false,"campfire_choices":[{"floor":12,"key":"REST"},{"data":"Adaptation","floor":15,"key":"SMITH"},{"data":"Blasphemy","floor":23,"key":"SMITH"},{"data":"Tantrum","floor":27,"key":"SMITH"},{"floor":32,"key":"REST"},{"data":"Vault","floor":40,"key":"SMITH"},{"floor":42,"key":"REST"},{"data":"Mayhem","floor":49,"key":"SMITH"}],"circlet_count":0,"master_deck":["Wireheading+1","PathToVictory+1","Wallop+1","Wireheading+1","Halt+1","CarveReality+1","BowlingBash+1","SignatureMove+1","Sanctity+1","CutThroughFate+1","Prostrate+1","CrushJoints+1","ReachHeaven+1","ForeignInfluence+1","JustLucky+1","MentalFortress+1","CarveReality+1","Collect+1","Fasting2+1","Evaluate+1","Collect+1","Halt+1","Evaluate+1","JustLucky+1","FollowUp+1","CrushJoints+1","WaveOfTheHand+1","CrushJoints+1","Consecrate+1","ClearTheMind+1","SignatureMove+1","SashWhip+1","SignatureMove+1","CutThroughFate+1","EmptyFist+1","JustLucky+1","EmptyBody+1","Weave+1","Crescendo+1","Vengeance+1","ForeignInfluence+1","FlurryOfBlows+1","Study+1","ThirdEye+1","Perseverance+1","InnerPeace+1","FollowUp+1","Collect+1","Halt+1","CutThroughFate+1","PathToVictory+1","Adaptation+1","SandsOfTime+1","Blasphemy+1","PathToVictory+1","FollowUp+1","Tantrum+1","Shame","PathToVictory+1","Regret","CutThroughFate+1","Vault+1","Weave+1","Injury","Crescendo+1","PathToVictory+1","Decay","Mayhem+1"],"relics":["PureWater","Regal Pillow","Happy Flower","Oddly Smooth Stone","Whetstone","Smiling Mask","Ancient Tea Set","Letter Opener","Pocketwatch","Cursed Key","Meat on the Bone","Bottled Lightning","HornCleat","Strawberry","Bag of Preparation","Damaru","Red Mask","Lizard Tail","TungstenRod","Philosopher\u0027s Stone","Lantern","Potion Belt","Dream Catcher","Toy Ornithopter","Boot","Vajra","HandDrill","CeramicFish"],"acts_visited":["Exordium","TheCity","TheBeyond"],"potions_floor_usage":[6,6,21,24,33,38,39,41,50,50,50,50,50,50],"damage_taken":[{"damage":0,"enemies":"Cultist","floor":1,"turns":1},{"damage":0,"enemies":"2 Louse","floor":2,"turns":1},{"damage":0,"enemies":"Small Slimes","floor":3,"turns":1},{"damage":0,"enemies":"Blue Slaver","floor":4,"turns":1},{"damage":0,"enemies":"Lagavulin","floor":6,"turns":2},{"damage":0,"enemies":"3 Louse","floor":7,"turns":1},{"damage":0,"enemies":"Gremlin Gang","floor":8,"turns":2},{"damage":0,"enemies":"Red Slaver","floor":11,"turns":1},{"damage":0,"enemies":"Blue Slaver","floor":14,"turns":1},{"damage":0,"enemies":"Slime Boss","floor":16,"turns":1},{"damage":0,"enemies":"Chosen","floor":18,"turns":3},{"damage":0,"enemies":"2 Thieves","floor":19,"turns":1},{"damage":0,"enemies":"Centurion and Healer","floor":20,"turns":1},{"damage":13,"enemies":"Snake Plant","floor":21,"turns":2},{"damage":0,"enemies":"Sentry and Sphere","floor":24,"turns":1},{"damage":0,"enemies":"Snecko","floor":28,"turns":2},{"damage":0,"enemies":"Masked Bandits","floor":29,"turns":1},{"damage":0,"enemies":"Slavers","floor":31,"turns":1},{"damage":0,"enemies":"Champ","floor":33,"turns":3},{"damage":5,"enemies":"3 Darklings","floor":35,"turns":2},{"damage":0,"enemies":"3 Shapes","floor":36,"turns":1},{"damage":0,"enemies":"Jaw Worm Horde","floor":37,"turns":1},{"damage":0,"enemies":"Spire Growth","floor":38,"turns":1},{"damage":0,"enemies":"Transient","floor":39,"turns":4},{"damage":0,"enemies":"Reptomancer","floor":41,"turns":1},{"damage":0,"enemies":"Sphere and 2 Shapes","floor":44,"turns":2},{"damage":4,"enemies":"Jaw Worm Horde","floor":45,"turns":2},{"damage":11,"enemies":"Donu and Deca","floor":50,"turns":3}],"seed_played":"-4891952413640654339","potions_obtained":[{"floor":1,"key":"Dexterity Potion"},{"floor":1,"key":"SteroidPotion"},{"floor":2,"key":"Swift Potion"},{"floor":6,"key":"FearPotion"},{"floor":7,"key":"SpeedPotion"},{"floor":16,"key":"BottledMiracle"},{"floor":21,"key":"Regen Potion"},{"floor":24,"key":"Fire Potion"},{"floor":33,"key":"StancePotion"},{"floor":37,"key":"Fruit Juice"},{"floor":37,"key":"Swift Potion"},{"floor":38,"key":"DistilledChaos"},{"floor":41,"key":"Dexterity Potion"},{"floor":41,"key":"Fire Potion"},{"floor":44,"key":"EntropicBrew"},{"floor":45,"key":"FairyPotion"}],"is_trial":false,"path_per_floor":["M","M","M","M","$","E","M","M","T","?","M","R","$","M","R","B",null,"M","M","M","M","$","R","M","?","T","R","M","?","?","E","R","B",null,"M","M","M","M","M","R","E","R","T","M","M","T","$","?","R","B",null],"character_chosen":"WATCHER","items_purchased":["Adaptation","Happy Flower","Bottled Lightning","HandDrill","CeramicFish","Mayhem"],"campfire_rested":3,"item_purchase_floors":[5,5,22,47,47,47],"current_hp_per_floor":[76,76,76,76,76,76,76,76,76,64,64,76,76,76,76,80,80,80,80,80,67,67,67,67,67,77,77,77,77,77,77,87,91,91,86,86,86,93,93,93,93,96,96,96,92,92,92,92,92,100],"gold":628,"neow_bonus":"","is_daily":true,"chose_seed":false,"campfire_upgraded":5,"win_rate":0.0,"timestamp":1610603454,"path_taken":["M","M","M","?","?","E","M","M","T","?","M","R","$","M","R","BOSS","M","M","M","M","$","R","M","?","T","R","M","?","?","E","R","BOSS","M","M","?","M","M","R","E","R","T","M","M","?","$","?","R","BOSS"],"items_purchased_type":["Card","Relic","Relic","Relic","Relic","Card"],"build_version":"2020-12-22","purchased_purges":0,"victory":true,"max_hp_per_floor":[76,76,76,76,76,76,76,76,76,76,76,76,76,76,76,80,80,80,80,80,80,80,80,80,80,87,87,87,87,87,87,87,91,91,91,91,91,96,96,96,96,96,96,96,96,96,96,96,96,100],"card_choices":[{"not_picked":["CrushJoints"],"picked":"CutThroughFate","floor":1},{"not_picked":["FollowUp"],"picked":"PathToVictory+1","floor":2},{"not_picked":["JustLucky","FlyingSleeves"],"picked":"SKIP","floor":3},{"not_picked":["EmptyFist","CutThroughFate"],"picked":"SKIP","floor":4},{"not_picked":["Consecrate","Prostrate"],"picked":"SKIP","floor":6},{"not_picked":["CrushJoints","Wish"],"picked":"SKIP","floor":6},{"not_picked":["FlurryOfBlows","FollowUp"],"picked":"SKIP","floor":7},{"not_picked":["CutThroughFate"],"picked":"SandsOfTime+1","floor":8},{"not_picked":["ThirdEye","EmptyBody+1"],"picked":"SKIP","floor":11},{"not_picked":["WindmillStrike","ClearTheMind"],"picked":"SKIP","floor":14},{"not_picked":["MasterReality"],"picked":"Blasphemy","floor":16},{"not_picked":["Halt+1"],"picked":"PathToVictory+1","floor":18},{"not_picked":["Halt+1","JustLucky+1"],"picked":"SKIP","floor":19},{"not_picked":["Prostrate"],"picked":"FollowUp+1","floor":20},{"not_picked":["WheelKick"],"picked":"Tantrum","floor":21},{"not_picked":["Pray+1","EmptyFist"],"picked":"SKIP","floor":24},{"not_picked":["CutThroughFate","WindmillStrike"],"picked":"SKIP","floor":28},{"not_picked":["WaveOfTheHand+1"],"picked":"PathToVictory+1","floor":29},{"not_picked":["Weave+1"],"picked":"CutThroughFate+1","floor":31},{"not_picked":["Scrawl"],"picked":"Vault","floor":33},{"not_picked":["Evaluate+1","Conclude+1"],"picked":"SKIP","floor":35},{"not_picked":["BattleHymn","JustLucky"],"picked":"SKIP","floor":36},{"not_picked":["Fasting2+1","EmptyFist+1"],"picked":"SKIP","floor":37},{"not_picked":["Protect+1","Vengeance+1"],"picked":"SKIP","floor":38},{"not_picked":["Evaluate+1"],"picked":"Weave+1","floor":39},{"not_picked":["Fasting2","Swivel+1"],"picked":"SKIP","floor":41},{"not_picked":["FollowUp+1"],"picked":"Crescendo+1","floor":44},{"not_picked":["Evaluate+1"],"picked":"PathToVictory+1","floor":45}],"player_experience":97342,"relics_obtained":[{"floor":4,"key":"Regal Pillow"},{"floor":6,"key":"Oddly Smooth Stone"},{"floor":9,"key":"Whetstone"},{"floor":9,"key":"Smiling Mask"},{"floor":11,"key":"Letter Opener"},{"floor":16,"key":"Pocketwatch"},{"floor":18,"key":"Meat on the Bone"},{"floor":26,"key":"Strawberry"},{"floor":26,"key":"Bag of Preparation"},{"floor":28,"key":"Damaru"},{"floor":29,"key":"Red Mask"},{"floor":31,"key":"Lizard Tail"},{"floor":33,"key":"TungstenRod"},{"floor":38,"key":"Lantern"},{"floor":41,"key":"Potion Belt"},{"floor":43,"key":"Dream Catcher"},{"floor":43,"key":"Toy Ornithopter"},{"floor":46,"key":"Boot"},{"floor":46,"key":"Vajra"}],"event_choices":[{"damage_healed":0,"gold_gain":0,"player_choice":"Success","damage_taken":12,"relics_obtained":["Ancient Tea Set"],"max_hp_gain":0,"max_hp_loss":0,"event_name":"Scrap Ooze","floor":10,"gold_loss":0},{"damage_healed":0,"gold_gain":0,"player_choice":"Opened","damage_taken":0,"relics_obtained":["HornCleat"],"max_hp_gain":0,"max_hp_loss":0,"event_name":"The Mausoleum","floor":25,"gold_loss":0},{"damage_healed":0,"gold_gain":0,"player_choice":"Fought Bandits","damage_taken":0,"max_hp_gain":0,"max_hp_loss":0,"event_name":"Masked Bandits","floor":29,"gold_loss":0},{"damage_healed":0,"gold_gain":275,"player_choice":"Desecrate","damage_taken":0,"max_hp_gain":0,"max_hp_loss":0,"event_name":"Golden Shrine","floor":30,"gold_loss":0,"cards_obtained":["Regret"]},{"cards_removed":["EmptyBody"],"damage_healed":0,"gold_gain":0,"player_choice":"Removed Skill","damage_taken":0,"max_hp_gain":0,"max_hp_loss":0,"event_name":"Falling","floor":48,"gold_loss":0}],"is_beta":false,"boss_relics":[{"not_picked":["Busted Crown","Snecko Eye"],"picked":"Cursed Key"},{"not_picked":["Astrolabe","Runic Pyramid"],"picked":"Philosopher\u0027s Stone"}],"items_purged_floors":[],"is_endless":false,"potions_floor_spawned":[1,3,11,16,18,19,28,29,36,37,38,41,45],"ascension_level":0}}