{"host":"71m6b5pyuze2esq2","time":1610587159,"event":{"mods":["2.2 Compatiblity","AchievementEnabler","Act Like it!","Aspiration","Astrologer","BaseMod","Better Note","Better Sensory Stone","Better Third Choice","CapriCore","Chat Monstrosity","Colored Powertips","Conspire","Defective Defect","Dota2Spire","EXCEPTION","Ekko","Elementarium","Energized Spire","Friendly Minions","Gensokyo","GifTheSpireLib","Googly Eyes","Halation","Hallownest","Hermit","HexUI Lib","HololiveMod","Hubris","Infinite Spire","Ironclad Rager","Jedi Mod","Mad Scientist","Marisa（霧雨　魔理沙）","Melee Mod","Menagerie","Mimic Mod","Minty Spire (QoL Compilation)","MostiFishMod","Permanent Neow","Quarter Circle Forward PUNCH!","Random Character Button","Rare Cards Sparkle","RatMod","Replay The Spire","Robot Space Explorer","Ryuuou龙王","Shade Mod","Shedinja","Shop Mod","Small Relic Pack","Somnambulant","Spicy Shops","Spikes Relics","StSLib","The Animator","The Blackbeard","The Bladedancer","The Blue Laboratory","The Bug Knight","The Construct","The Cursed","The Dragon Tamer","The Edgeheg","The Elementalist","The Gatherer","The Hayseed","The Hierophant","The Immortal","The Mystic","The Necromancer","The Poker Player","The Runesmith","The Servant 0.9.4","The Valiant","The Wild Card","TheFirefly","Trackpad","Uncapped","Useless Jewels Mod","Virulent Crown","Waifu the Spire","Wandering Minibosses","WarShipGirlsR/战舰少女R mod","egg","everything is the same but u backflip on backflip","slay the spire mod where everything is the same but ironclad has a cowboy hat","vexMod","【遗物卡牌】REMEMod"],"gold_per_floor":[119,169,169,188,73,102,128,128,128,138,148,185,220,220,220,322,322,334,334,350,207,226,304,304,304,304],"floor_reached":25,"language":"ENG","playtime":2148,"items_purged":[],"score":209,"play_id":"6d36a141-5d9a-4797-a0d1-351c9152fe97","local_time":"20210113191919","is_ascension_mode":false,"campfire_choices":[{"floor":8,"key":"RECALL"}],"circlet_count":0,"master_deck":["Strike_B","Strike_B","Strike_B","Strike_B","Defend_B","Defend_B","Defend_B","Defend_B","Zap","ekkoTheBoyWhoShatteredTime:Discharge","Sweeping Beam","REME_FirmDetermination","Redo","Hello World","MostiFishMod:Impulse","Glacier","ReplayTheSpireMod:Splinters","Conserve Battery","DiskWipe+1","Darkness","Machine Learning","jedi:meditation","Bash","Creative AI","BasicCrystalCard+1","hubris:PowerSurge","Chill","Capacitor","Glacier"],"relics":["DaveBox","REME_ComplimentaryCards","Sling","trackpad:MiracleGrow","SynthV:TestCard","halation:Pancakes","Ice Cream","Boot","Replay:Multitool","Iron Core","xbg","relicPack:DSword","halation:PinkSoulGem"],"acts_visited":["Exordium","Hallownest:CityofTears"],"potions_floor_usage":[6,12,16],"damage_taken":[{"damage":4,"enemies":"Jaw Worm","floor":1,"turns":5},{"damage":5,"enemies":"2 Louse","floor":4,"turns":3},{"damage":39,"enemies":"Lagavulin","floor":6,"turns":6},{"damage":0,"enemies":"conspire:RoseBush","floor":10,"turns":1},{"damage":0,"enemies":"Looter","floor":11,"turns":4},{"damage":1,"enemies":"conspire:MimicChest","floor":12,"turns":7},{"damage":14,"enemies":"HollowMod:MossKnight","floor":13,"turns":5},{"damage":62,"enemies":"Fading Forest","floor":16,"turns":11},{"damage":0,"enemies":"Hallownest:3_Youths","floor":18,"turns":8},{"damage":15,"enemies":"Hallownest:2_Mistakes","floor":20,"turns":7},{"damage":0,"enemies":"Hallownest:2_Flukemon","floor":22,"turns":6}],"seed_played":"3833122569584287271","potions_obtained":[{"floor":1,"key":"LiquidMemories"},{"floor":10,"key":"SpeedPotion"},{"floor":11,"key":"blueLaboratory:SystemWipe"},{"floor":16,"key":"Block Potion"},{"floor":20,"key":"blueLaboratory:FruitPunch"}],"is_trial":false,"path_per_floor":["M","?","?","M","$","E","?","R","T","M","M","?","E","?","R","B",null,"M","?","M","$","M","R","?","?"],"character_chosen":"DEFECT","items_purchased":["Hello World","MostiFishMod:Impulse","Chill","Capacitor"],"campfire_rested":0,"item_purchase_floors":[5,5,21,21],"current_hp_per_floor":[50,50,50,45,45,57,57,57,57,57,57,56,42,42,64,14,75,75,40,25,25,25,25,25,0,0],"gold":304,"neow_bonus":"ONE_RARE_RELIC","is_daily":false,"chose_seed":false,"campfire_upgraded":0,"win_rate":0.0,"timestamp":1610587159,"path_taken":["M","?","?","M","$","E","?","R","T","M","?","?","E","?","R","BOSS","M","?","M","$","M","R","?","?"],"items_purchased_type":["Card","Card","Card","Card"],"build_version":"2020-12-22","purchased_purges":0,"victory":false,"max_hp_per_floor":[75,75,75,75,75,75,75,75,75,75,75,75,75,75,75,75,75,75,75,75,75,75,75,75,75,75],"card_choices":[{"not_picked":["Stack","Beam Cell"],"picked":"Sweeping Beam","floor":1},{"not_picked":["Replay:Parry","Impatience","Mind Blast","Bandage Up"],"picked":"REME_FirmDetermination","floor":3},{"not_picked":["jedi:BurstLightning","Sweeping Beam","ReplayGash","Panic Button"],"picked":"Redo","floor":4},{"not_picked":["Steam","jedi:locknload","MostiFishMod:LinkProtocol","Hologram"],"picked":"Glacier","floor":6},{"not_picked":["Cold Snap","jedi:BurstFrost","Gash","Coolheaded"],"picked":"Conserve Battery","floor":7},{"not_picked":["jedi:sharpshooter","MostiFishMod:TalkingToTheRain","jedi:BurstFrost","Double Energy"],"picked":"DiskWipe","floor":10},{"not_picked":["jedi:BurstLightning","Gash","Redo","Panic Button"],"picked":"Darkness","floor":11},{"not_picked":["Steam","Leap","Redo","jedi:blockon"],"picked":"Machine Learning","floor":12},{"not_picked":["Compile Driver","MostiFishMod:GoodWordForIt","Coolheaded","Rebound"],"picked":"jedi:meditation","floor":13},{"not_picked":["ReplayRNGCard","MostiFishMod:StarOceanB","MostiFishMod:ReadyAimFire","Reaper"],"picked":"Creative AI","floor":16},{"not_picked":["Compile Driver+1","Rebound+1","MostiFishMod:FluxCapactior+1","Hologram"],"picked":"BasicCrystalCard+1","floor":18},{"not_picked":["Redo+1","BootSequence","BasicCrystalCard","jedi:blockon"],"picked":"hubris:PowerSurge","floor":20},{"not_picked":["Redo","jedi:BurstLightning","Ball Lightning","Steam"],"picked":"Glacier","floor":22}],"player_experience":484596,"relics_obtained":[{"floor":1,"key":"SynthV:TestCard"},{"floor":6,"key":"halation:Pancakes"},{"floor":7,"key":"Ice Cream"},{"floor":12,"key":"Boot"},{"floor":13,"key":"Replay:Multitool"}],"event_choices":[{"damage_healed":0,"gold_gain":1,"player_choice":"1","damage_taken":0,"max_hp_gain":0,"max_hp_loss":0,"event_name":"betterStone:BetterStone","floor":3,"gold_loss":0}],"is_beta":false,"boss_relics":[{"not_picked":["Ectoplasm","aspiration:PoetsPen"],"picked":"xbg"}],"items_purged_floors":[],"is_endless":false,"potions_floor_spawned":[1,10,11,16,20],"ascension_level":0}}