{"host":"uq4ng344qg9ygyoi","time":1610641010,"event":{"mods":["BaseMod","Minty Spire (QoL Compilation)","Quick Restart","Shop Mod","StSLib"],"gold_per_floor":[113,133,308,64,77,77,94,19,46,66,66,80,106,132,144,254,266,298,330,6,26,46,46,66,93,142,159,159,159,159,176,176,176,176],"floor_reached":33,"language":"ZHS","playtime":5154,"items_purged":["Doubt","Strike_R"],"score":287,"play_id":"91dc865e-17d1-49b9-bb05-0f66b280355e","local_time":"20210115001650","is_ascension_mode":true,"campfire_choices":[{"data":"Armaments","floor":6.0,"key":"SMITH"},{"data":"Battle Trance","floor":11.0,"key":"SMITH"},{"data":"Forethought","floor":15.0,"key":"SMITH"},{"floor":23,"key":"REST"},{"floor":28,"key":"REST"},{"floor":32,"key":"REST"}],"circlet_count":0,"master_deck":["Strike_R","Strike_R","Strike_R","Strike_R","Defend_R","Defend_R","Defend_R","Defend_R","Bash","Forethought+1","Cleave","Flame Barrier","Flash of Steel","Armaments+1","Headbutt","Battle Trance+1","Anger","Iron Wave","Berserk","Disarm","True Grit","Shockwave+1","Seeing Red","Body Slam"],"relics":["Burning Blood","Regal Pillow","Nunchaku","Mark of Pain","MerchantsRug","ClockworkSouvenir","Red Skull","Potion Belt"],"acts_visited":["Exordium","TheCity"],"potions_floor_usage":[21,22,25,29],"damage_taken":[{"damage":10.0,"enemies":"Small Slimes","floor":1.0,"turns":3.0},{"damage":8.0,"enemies":"Jaw Worm","floor":2.0,"turns":4.0},{"damage":1.0,"enemies":"Cultist","floor":5.0,"turns":4.0},{"damage":10.0,"enemies":"Looter","floor":7.0,"turns":3.0},{"damage":14.0,"enemies":"Large Slime","floor":10.0,"turns":5.0},{"damage":0.0,"enemies":"2 Fungi Beasts","floor":12.0,"turns":3.0},{"damage":18.0,"enemies":"Lagavulin","floor":13.0,"turns":7.0},{"damage":9.0,"enemies":"Gremlin Gang","floor":14.0,"turns":4.0},{"damage":41.0,"enemies":"Hexaghost","floor":16.0,"turns":10.0},{"damage":27,"enemies":"2 Thieves","floor":18,"turns":5},{"damage":15,"enemies":"3 Byrds","floor":19,"turns":6},{"damage":5,"enemies":"Cultist and Chosen","floor":21,"turns":8},{"damage":34,"enemies":"3 Cultists","floor":22,"turns":7},{"damage":12,"enemies":"Snake Plant","floor":24,"turns":5},{"damage":29,"enemies":"Slavers","floor":25,"turns":8},{"damage":10,"enemies":"Centurion and Healer","floor":27,"turns":5},{"damage":13,"enemies":"Colosseum Slavers","floor":29,"turns":3},{"damage":4,"enemies":"Cultist and Chosen","floor":31,"turns":7},{"damage":89,"enemies":"Collector","floor":33,"turns":7}],"seed_played":"444547834266392171","potions_obtained":[{"floor":5.0,"key":"Ancient Potion"},{"floor":7.0,"key":"GamblersBrew"},{"floor":10.0,"key":"AttackPotion"},{"floor":21,"key":"Energy Potion"},{"floor":22,"key":"Block Potion"},{"floor":24,"key":"PowerPotion"}],"is_trial":false,"path_per_floor":["M","M","?","$","M","R","M","$","T","M","R","M","E","M","R","B",null,"M","M","$","M","M","R","M","E","T","M","R","?","?","M","R","B"],"character_chosen":"IRONCLAD","items_purchased":["Regal Pillow","Flash of Steel","MerchantsRug","ClockworkSouvenir"],"campfire_rested":3,"item_purchase_floors":[4,4,20,20],"current_hp_per_floor":[76,74,74,74,79,79,75,75,75,67,67,73,61,58,58,23,80,59,50,50,51,23,62,56,33,33,29,68,61,46,48,85,0,0],"gold":176,"neow_bonus":"RANDOM_COLORLESS","is_daily":false,"chose_seed":false,"campfire_upgraded":3,"win_rate":0.0,"timestamp":1610641010,"path_taken":["M","M","?","$","M","R","M","?","T","M","R","?","E","M","R","BOSS","M","M","$","M","M","R","M","E","T","M","R","?","?","M","R","BOSS"],"items_purchased_type":["Relic","Card","Relic","Relic"],"build_version":"2020-12-22","purchased_purges":2,"victory":false,"max_hp_per_floor":[80,80,80,80,80,80,80,80,80,80,80,80,80,80,80,80,80,80,80,80,80,80,80,80,80,80,80,80,80,85,85,85,85,85],"card_choices":[{"not_picked":["Finesse","PanicButton"],"picked":"Forethought","floor":0.0},{"not_picked":["Power Through","Reckless Charge"],"picked":"Cleave","floor":1.0},{"not_picked":["True Grit","Fire Breathing"],"picked":"Flame Barrier","floor":2.0},{"not_picked":["Shockwave","True Grit"],"picked":"Armaments","floor":5.0},{"not_picked":["Heavy Blade","Pommel Strike"],"picked":"Headbutt","floor":7.0},{"not_picked":["Infernal Blade","Whirlwind"],"picked":"Battle Trance","floor":10.0},{"not_picked":["Sword Boomerang","Bludgeon"],"picked":"Anger","floor":12.0},{"not_picked":["Anger","Wild Strike","Feed"],"picked":"SKIP","floor":13.0},{"not_picked":["Pommel Strike","Whirlwind"],"picked":"Iron Wave","floor":14.0},{"not_picked":["Feed","Reaper"],"picked":"Berserk","floor":16.0},{"not_picked":["Anger","Perfected Strike+1"],"picked":"Disarm","floor":18},{"not_picked":["Cleave","Infernal Blade"],"picked":"True Grit","floor":19},{"not_picked":["Iron Wave","Armaments","Pommel Strike"],"picked":"SKIP","floor":21},{"not_picked":["Second Wind","Armaments"],"picked":"Shockwave+1","floor":22},{"not_picked":["Twin Strike","True Grit+1"],"picked":"Seeing Red","floor":24},{"not_picked":["Power Through","Iron Wave","Corruption"],"picked":"SKIP","floor":25},{"not_picked":["Power Through","Entrench"],"picked":"Body Slam","floor":27},{"not_picked":["Shockwave","Havoc","True Grit"],"picked":"SKIP","floor":31}],"player_experience":400379,"relics_obtained":[{"floor":9.0,"key":"Nunchaku"},{"floor":13.0,"key":"MawBank"},{"floor":25,"key":"Red Skull"},{"floor":26,"key":"Potion Belt"}],"event_choices":[{"damage_healed":0.0,"max_hp_gain":0.0,"max_hp_loss":0.0,"gold_gain":175.0,"event_name":"Liars Game","player_choice":"AGREE","floor":3.0,"gold_loss":0.0,"damage_taken":0.0,"cards_obtained":["Doubt"]},{"damage_healed":0,"gold_gain":0,"player_choice":"Fight","damage_taken":0,"max_hp_gain":0,"max_hp_loss":0,"event_name":"Colosseum","floor":29,"gold_loss":0},{"damage_healed":0,"gold_gain":0,"player_choice":"Fled From Nobs","damage_taken":0,"max_hp_gain":0,"max_hp_loss":0,"event_name":"Colosseum","floor":29,"gold_loss":0},{"damage_healed":0,"gold_gain":0,"player_choice":"Shed Blood","damage_taken":20,"max_hp_gain":5,"max_hp_loss":0,"event_name":"Forgotten Altar","floor":30,"gold_loss":0}],"is_beta":false,"boss_relics":[{"not_picked":["Black Star","Pandora\u0027s Box"],"picked":"Mark of Pain"}],"items_purged_floors":[8,20],"is_endless":false,"potions_floor_spawned":[5,7,10,21,22,24],"killed_by":"Collector","ascension_level":1}}