{"host":"wonp23fsqqcu31ie","time":1610666084,"event":{"mods":["2.2 Compatiblity","AchievementEnabler","Aspiration","BaseMod","Bestiary","Better Altar","Better Match","Better Sensory Stone","Better Skull","Better Third Choice","BetterRewards","Block Reminder","Colored Map","Colored Powertips","Conspire","Curses Come First","DeckTracker","Displayed Cursed Tome","Downfall","Energized Spire","Evolution","Hermit","Highlight Path","Hubris","Infinite Spire","Marisa????????","Minty Spire (QoL Compilation)","Permanent Neow","Prisma Mod","Quick Restart","Rare Cards Sparkle","Relic Stats","Replay The Spire","Robot Space Explorer","Shade Mod","Shop Mod","StSLib","SuperFastMode","The Animator","The Bug Knight","The Construct","The Cursed","The Disciple","The Dragon Tamer","The Gatherer","The Hierophant","The Marked","The Necromancer","The Poker Player","The Runesmith","The Saiyan","The Servant 0.9.4","TheBandit"],"gold_per_floor":[110,110,110,13,26,55,71,71,71,85,85,151,151,180,180,282,282,295,295,295,295,295,295,295],"floor_reached":22,"language":"ENG","playtime":416,"items_purged":[],"score":209,"play_id":"86d3502d-940a-42b0-9270-6877110b707b","local_time":"20210115101444","is_ascension_mode":true,"metric_token":3410,"campfire_choices":[{"data":"PokerPlayerMod:Club1","floor":8,"key":"SMITH"},{"floor":11,"key":"RECALL"},{"floor":15,"key":"DIG"}],"circlet_count":0,"master_deck":["PokerPlayerMod:Diamond1","PokerPlayerMod:Diamond2","PokerPlayerMod:Diamond3","PokerPlayerMod:Diamond4","PokerPlayerMod:Diamond5","PokerPlayerMod:Spade1","PokerPlayerMod:Spade2","PokerPlayerMod:Spade3","PokerPlayerMod:Spade4","PokerPlayerMod:Club2","PokerPlayerMod:Club2","PokerPlayerMod:Heart2","PokerPlayerMod:TrumpStrike","PokerPlayerMod:BadJoker","PokerPlayerMod:Mulligan","PokerPlayerMod:Heart6","PokerPlayerMod:DartThrow","PokerPlayerMod:DartThrow","Noxious Fumes","Panacea","PokerPlayerMod:Heart4","PokerPlayerMod:Spade8","PokerPlayerMod:Trickery","PokerPlayerMod:Sharpen","PokerPlayerMod:FakeSymbols","PokerPlayerMod:DiamondStrike"],"relics":["PokerPlayerMod:DeckCase","EVO:Axolotl","Snack Pack","HollowMod:QueensCombRelic","MerchantsRug","Replay:Lucky Slots","hubris:Icosahedron","conspire:Dentures","infinitespire:EmpoweringShard","hubris:FunFungus","hubris:64BitClover","hubris:ToyBattleship","Philosopher\u0027s Stone","hubris:BottledHeart","conspire:SpecialSausage","Chameleon Ring"],"acts_visited":["Exordium","TheCity"],"potions_floor_usage":[6,16,16],"damage_taken":[{"damage":0,"enemies":"Jaw Worm","floor":1,"turns":3},{"damage":0,"enemies":"Small Slimes","floor":5,"turns":3},{"damage":19,"enemies":"Lagavulin","floor":6,"turns":5},{"damage":0,"enemies":"2 Louse","floor":7,"turns":2},{"damage":2,"enemies":"Looter","floor":10,"turns":2},{"damage":20,"enemies":"Gremlin Nob","floor":14,"turns":4},{"damage":7,"enemies":"Hexaghost","floor":16,"turns":8},{"damage":4,"enemies":"Chosen","floor":18,"turns":4},{"damage":1,"enemies":"3 Byrds","floor":22,"turns":1}],"seed_played":"3264603246139855813","potions_obtained":[{"floor":1,"key":"Strength Potion"},{"floor":5,"key":"Weak Potion"},{"floor":7,"key":"SteroidPotion"},{"floor":14,"key":"SteroidPotion"}],"is_trial":false,"path_per_floor":["M","?","?","$","M","E","M","R","T","M","R","?","?","E","R_BF","B",null,"M","?","?","AVR","M"],"character_chosen":"THE_POKER_PLAYER","items_purchased":["Snack Pack","PokerPlayerMod:Heart6","MerchantsRug","Replay:Lucky Slots","PokerPlayerMod:DartThrow","Panacea"],"campfire_rested":0,"item_purchase_floors":[0,0,0,0,0,4],"current_hp_per_floor":[34,34,14,14,33,21,34,34,34,34,34,34,34,16,16,34,34,34,34,1,1,0,0,0],"gold":295,"neow_bonus":"","is_daily":false,"chose_seed":false,"campfire_upgraded":1,"win_rate":0.0,"timestamp":1610666084,"path_taken":["M","?","?","$","M","E","M","R","T","M","R","?","?","E","R_BF","BOSS","M","?","?","AVR","M"],"items_purchased_type":["Relic","Card","Relic","Relic","Card","Card"],"build_version":"2020-12-22","purchased_purges":0,"victory":false,"max_hp_per_floor":[34,34,34,34,34,34,34,34,34,34,34,34,34,34,34,34,34,34,34,1,1,1,1,1],"relic_stats":{"counters":[9,32],"obtain_stats":[{"conspire:Dentures":3,"HollowMod:QueensCombRelic":0,"MerchantsRug":0,"hubris:64BitClover":14,"conspire:SpecialSausage":21,"EVO:Axolotl":0,"PokerPlayerMod:DeckCase":0,"hubris:Icosahedron":2,"Chameleon Ring":21,"hubris:BottledHeart":20,"Philosopher\u0027s Stone":17,"Replay:Lucky Slots":0,"hubris:FunFungus":9,"Snack Pack":0,"infinitespire:EmpoweringShard":6,"hubris:ToyBattleship":15},{"conspire:Dentures":1,"HollowMod:QueensCombRelic":0,"MerchantsRug":0,"hubris:64BitClover":6,"conspire:SpecialSausage":8,"EVO:Axolotl":0,"PokerPlayerMod:DeckCase":0,"hubris:Icosahedron":1,"Chameleon Ring":8,"hubris:BottledHeart":8,"Philosopher\u0027s Stone":7,"Replay:Lucky Slots":0,"hubris:FunFungus":4,"Snack Pack":0,"infinitespire:EmpoweringShard":3,"hubris:ToyBattleship":6},{"conspire:Dentures":3,"HollowMod:QueensCombRelic":0,"MerchantsRug":0,"hubris:64BitClover":19,"conspire:SpecialSausage":31,"EVO:Axolotl":0,"PokerPlayerMod:DeckCase":0,"hubris:Icosahedron":3,"Chameleon Ring":31,"hubris:BottledHeart":31,"Philosopher\u0027s Stone":27,"Replay:Lucky Slots":0,"hubris:FunFungus":13,"Snack Pack":0,"infinitespire:EmpoweringShard":11,"hubris:ToyBattleship":19}]},"card_choices":[{"not_picked":["PokerPlayerMod:Heart2","PokerPlayerMod:Spade1"],"picked":"PokerPlayerMod:DartThrow","floor":1},{"not_picked":["PokerPlayerMod:Club3","PokerPlayerMod:SpadeStrike"],"picked":"PokerPlayerMod:Heart4","floor":5},{"not_picked":["PokerPlayerMod:Extraction","PokerPlayerMod:HiddenCard"],"picked":"PokerPlayerMod:Spade8","floor":6},{"not_picked":["PokerPlayerMod:Diamond1","PokerPlayerMod:FlyingCard"],"picked":"PokerPlayerMod:Trickery","floor":7},{"not_picked":["PokerPlayerMod:Diamond4","PokerPlayerMod:Diamond2"],"picked":"PokerPlayerMod:Sharpen","floor":10},{"not_picked":["PokerPlayerMod:Diamond2","PokerPlayerMod:Spade1","PokerPlayerMod:Diamond3"],"picked":"SKIP","floor":14},{"not_picked":["PokerPlayerMod:Diamond8","PokerPlayerMod:Club8"],"picked":"PokerPlayerMod:FakeSymbols","floor":16},{"not_picked":["PokerPlayerMod:HiddenCard","PokerPlayerMod:Diamond6"],"picked":"PokerPlayerMod:DiamondStrike","floor":18}],"player_experience":525994,"relics_obtained":[{"floor":6,"key":"infinitespire:EmpoweringShard"},{"floor":9,"key":"hubris:FunFungus"},{"floor":14,"key":"hubris:64BitClover"},{"floor":15,"key":"hubris:ToyBattleship"}],"event_choices":[{"damage_healed":0,"gold_gain":66,"player_choice":"Gained Gold","damage_taken":0,"max_hp_gain":0,"max_hp_loss":0,"event_name":"Golden Wing","floor":12,"gold_loss":0},{"damage_healed":0,"gold_gain":0,"player_choice":"Disagree","damage_taken":0,"max_hp_gain":0,"max_hp_loss":0,"event_name":"conspire:LoneGhost","floor":13,"gold_loss":0}],"is_beta":false,"boss_relics":[{"not_picked":["energizedSpire:StickyHand","Empty Cage"],"picked":"Philosopher\u0027s Stone"}],"items_purged_floors":[],"is_endless":false,"potions_floor_spawned":[1,5,7,14],"killed_by":"3 Byrds","ascension_level":2}}