{"host":"6he3f0ic6yesrium","time":1610594002,"event":{"mods":["BaseMod","Better Altar","Better Match","Better Note","Better Sensory Stone","Better Skull","Better Third Choice","Colored Map","Conspire","Hubris","Marisa????????","Minty Spire (QoL Compilation)","Replay The Spire","Shade Mod","StSLib","The Alterego","The Mystic","The Necromancer","The Runesmith"],"gold_per_floor":[117,131,81,135,151,178,178,203,203,203,215,228,248,304,304,404,404,414,431,142,155,166,198,198,198,251,276,276,23,34,53,53,151,151,167,167,167,185,203,203,213,245,245,271,287,307,307,307,307,307,307,307,83,87,87,87],"floor_reached":55,"language":"ENG","playtime":4147,"items_purged":["alterego_mod:Defend"],"score":909,"play_id":"cdb2d20a-2b44-4185-9449-3971d97a861b","local_time":"20210113221322","is_ascension_mode":true,"campfire_choices":[{"data":"alterego_mod:Impale","floor":10,"key":"SMITH"},{"floor":24,"key":"REST"},{"floor":28,"key":"REST"},{"floor":32,"key":"REST"},{"floor":40,"key":"REST"},{"floor":47,"key":"REST"},{"floor":49,"key":"RECALL"},{"data":"alterego_mod:BigMeatyClaws","floor":52,"key":"SMITH"}],"circlet_count":0,"master_deck":["alterego_mod:Strike","alterego_mod:Strike","alterego_mod:Strike","alterego_mod:Defend","alterego_mod:Defend","alterego_mod:Defend","alterego_mod:Impale+1","alterego_mod:BigMeatyClaws+1","alterego_mod:BrynhildrsRune","alterego_mod:Rip","alterego_mod:Punishment","alterego_mod:SakuraFive","alterego_mod:BeGentle","alterego_mod:Undulate","alterego_mod:PainIsPleasure","alterego_mod:Bloomers","alterego_mod:Birthday","alterego_mod:BiFurious","alterego_mod:MaintainEyeContact","alterego_mod:TrashNCrash","alterego_mod:Punishment+1","Writhe","alterego_mod:Tantrum+1","alterego_mod:Jiggle"],"relics":["alterego_mod:MasochisticConstitution","NeowsBlessing","Singing Bowl","hubris:Reverence","Onion Ring","hubris:GlazedTorus","Vajra","hubris:Backtick","Shuriken","Chemical X","Boot","Pondfish Scales","Juzu Bracelet","hubris:TenFootPole","Replay:Wax Seal","HandDrill","ReplayTheSpireMod:DimensionalGlitch","conspire:GiftBox","Dead Branch","Replay:Towering Pillar of Hats"],"acts_visited":["Exordium","TheCity","TheBeyond","TheEnding"],"potions_floor_usage":[6,6,6,14,18,23,23,30,33,33,39,42,46,50,55,55],"damage_taken":[{"damage":0,"enemies":"Jaw Worm","floor":1,"turns":1},{"damage":0,"enemies":"Small Slimes","floor":2,"turns":1},{"damage":0,"enemies":"Cultist","floor":5,"turns":1},{"damage":24,"enemies":"Lagavulin","floor":6,"turns":5},{"damage":37,"enemies":"Gremlin Nob","floor":8,"turns":5},{"damage":5,"enemies":"Large Slime","floor":11,"turns":4},{"damage":4,"enemies":"2 Fungi Beasts","floor":12,"turns":3},{"damage":1,"enemies":"Exordium Wildlife","floor":13,"turns":4},{"damage":26,"enemies":"3 Sentries","floor":14,"turns":8},{"damage":12,"enemies":"Slime Boss","floor":16,"turns":7},{"damage":14,"enemies":"3 Byrds","floor":18,"turns":4},{"damage":18,"enemies":"Shell Parasite","floor":19,"turns":5},{"damage":21,"enemies":"conspire:HollyBat","floor":21,"turns":5},{"damage":0,"enemies":"Chosen and Byrds","floor":22,"turns":3},{"damage":53,"enemies":"Slavers","floor":23,"turns":5},{"damage":33,"enemies":"Gremlin Leader","floor":27,"turns":7},{"damage":9,"enemies":"Shelled Parasite and Fungi","floor":30,"turns":3},{"damage":29,"enemies":"Centurion and Healer","floor":31,"turns":3},{"damage":31,"enemies":"Automaton","floor":33,"turns":8},{"damage":49,"enemies":"3 Shapes","floor":35,"turns":5},{"damage":0,"enemies":"Orb Walker","floor":38,"turns":2},{"damage":38,"enemies":"Sphere and 2 Shapes","floor":39,"turns":6},{"damage":27,"enemies":"Writhing Mass","floor":41,"turns":4},{"damage":39,"enemies":"Nemesis","floor":42,"turns":8},{"damage":32,"enemies":"R_Hoarder","floor":44,"turns":5},{"damage":15,"enemies":"3 Darklings","floor":45,"turns":3},{"damage":53,"enemies":"Jaw Worm Horde","floor":46,"turns":5},{"damage":47,"enemies":"Time Eater","floor":50,"turns":8},{"damage":15,"enemies":"Shield and Spear","floor":54,"turns":5},{"damage":144,"enemies":"The Heart","floor":55,"turns":6}],"seed_played":"-1837771758420312265","potions_obtained":[{"floor":2,"key":"LiquidBronze"},{"floor":4,"key":"Explosive Potion"},{"floor":5,"key":"Dexterity Potion"},{"floor":12,"key":"Block Potion"},{"floor":16,"key":"AttackPotion"},{"floor":21,"key":"Weak Potion"},{"floor":22,"key":"EssenceOfSteel"},{"floor":27,"key":"conspire:TimeTravelPotion"},{"floor":30,"key":"Explosive Potion"},{"floor":35,"key":"PowerPotion"},{"floor":38,"key":"SpeedPotion"},{"floor":41,"key":"Block Potion"},{"floor":45,"key":"Fire Potion"},{"floor":46,"key":"Fire Potion"}],"is_trial":false,"path_per_floor":["M","M","?","?","M","E","?","E","T","R","M","M","M","?","R_BF","B",null,"M","M","$","M","M","E","R","?","T","E","R","$","M","M","R","B",null,"M","?","?","M","M","R","M","E","T","E","M","M","R","?","R","B",null,"R","$","E","B"],"character_chosen":"The_Alterego","items_purchased":["Chemical X","Boot","Replay:Wax Seal","HandDrill","SpeedPotion","CultistPotion","alterego_mod:Jiggle"],"campfire_rested":5,"item_purchase_floors":[20,20,29,29,29,53,53],"current_hp_per_floor":[70,70,70,70,70,49,49,34,34,34,39,52,56,42,67,81,87,78,85,85,67,69,28,56,56,56,42,71,71,65,41,72,101,107,62,90,90,93,70,104,81,75,75,61,49,13,52,52,52,11,134,134,134,135,0,0],"gold":87,"neow_bonus":"THREE_ENEMY_KILL","is_daily":false,"chose_seed":false,"campfire_upgraded":2,"win_rate":0.0,"timestamp":1610594002,"path_taken":["M","M","?","?","?","E","?","E","T","R","M","M","M","?","R_BF","BOSS","M","M","$","M","M","E","R","?","T","E","R","$","M","M","R","BOSS","M","?","?","M","M","R","M","E","T","E","M","M","R","?","R","BOSS","R","$","E","BOSS"],"items_purchased_type":["Relic","Relic","Relic","Relic","Potion","Potion","Card"],"build_version":"2020-12-22","purchased_purges":1,"victory":false,"max_hp_per_floor":[70,70,70,70,70,73,73,74,74,74,75,78,81,84,84,87,87,90,91,91,92,92,95,95,95,95,98,98,98,101,104,104,107,107,110,110,110,112,115,115,118,121,121,124,127,133,133,133,133,134,134,134,134,137,137,137],"card_choices":[{"not_picked":["alterego_mod:Skirt","alterego_mod:DeftHands","alterego_mod:GachaTicket"],"picked":"SKIP","floor":1},{"not_picked":["alterego_mod:RocketPunch","alterego_mod:DestructionOfProperty"],"picked":"alterego_mod:Rip","floor":2},{"not_picked":["alterego_mod:Collar","alterego_mod:SakuraPetals"],"picked":"alterego_mod:Punishment","floor":4},{"not_picked":["alterego_mod:DiscoLights","alterego_mod:Undulate"],"picked":"alterego_mod:SakuraFive","floor":5},{"not_picked":["alterego_mod:BoobPocket","alterego_mod:DeftHands","alterego_mod:Cooking"],"picked":"Singing Bowl","floor":6},{"not_picked":["alterego_mod:BeGentle","alterego_mod:Cooking"],"picked":"alterego_mod:Birthday","floor":8},{"not_picked":["alterego_mod:DestructionOfProperty","alterego_mod:MagicResistance"],"picked":"alterego_mod:BiFurious","floor":11},{"not_picked":["alterego_mod:Jiggle","alterego_mod:DustData","alterego_mod:GoddessCore"],"picked":"Singing Bowl","floor":12},{"not_picked":["alterego_mod:Undulate","alterego_mod:Nekomimi","alterego_mod:Maid"],"picked":"Singing Bowl","floor":13},{"not_picked":["alterego_mod:Exercise","alterego_mod:Bloomers","alterego_mod:Lift"],"picked":"Singing Bowl","floor":14},{"not_picked":["alterego_mod:IdEs","alterego_mod:InsideBaseball","alterego_mod:AlterEgo"],"picked":"Singing Bowl","floor":16},{"not_picked":["alterego_mod:Schoolgirl","alterego_mod:1TonWallop","alterego_mod:Skirt+1"],"picked":"Singing Bowl","floor":18},{"not_picked":["alterego_mod:Skirt+1","alterego_mod:Schoolgirl"],"picked":"alterego_mod:MaintainEyeContact","floor":19},{"not_picked":["alterego_mod:GoddessCore","alterego_mod:Belle+1"],"picked":"alterego_mod:TrashNCrash","floor":21},{"not_picked":["alterego_mod:GoddessCore","alterego_mod:DeftHands"],"picked":"alterego_mod:Punishment+1","floor":22},{"not_picked":["alterego_mod:Bloomers","alterego_mod:Jiggle","alterego_mod:Table"],"picked":"Singing Bowl","floor":23},{"not_picked":["alterego_mod:Table","alterego_mod:SuperDuperMasochism","alterego_mod:Exercise"],"picked":"Singing Bowl","floor":27},{"not_picked":["alterego_mod:DiscoLights","alterego_mod:Bounce+1","alterego_mod:Punishment"],"picked":"Singing Bowl","floor":30},{"not_picked":["alterego_mod:DustData+1","alterego_mod:Bloomers+1","alterego_mod:Alter"],"picked":"Singing Bowl","floor":31},{"not_picked":["alterego_mod:Valkyrie","alterego_mod:GIGAMILK","alterego_mod:Weigh"],"picked":"Singing Bowl","floor":33},{"not_picked":["alterego_mod:Undulate","alterego_mod:Skirt","alterego_mod:Punishment+1"],"picked":"Singing Bowl","floor":35},{"not_picked":["alterego_mod:Swimsuit+1","alterego_mod:Skirt+1","alterego_mod:MagicResistance"],"picked":"Singing Bowl","floor":38},{"not_picked":["alterego_mod:Maid","alterego_mod:Lingerie","alterego_mod:Schoolgirl+1"],"picked":"Singing Bowl","floor":39},{"not_picked":["alterego_mod:Rake","alterego_mod:TrashNCrash","alterego_mod:Cycle"],"picked":"Singing Bowl","floor":41},{"not_picked":["alterego_mod:STier","alterego_mod:PainIsPleasure"],"picked":"alterego_mod:Tantrum","floor":42},{"not_picked":["alterego_mod:TrashNCrash","alterego_mod:BusterCard","alterego_mod:MaintainEyeContact"],"picked":"Singing Bowl","floor":42},{"not_picked":["alterego_mod:PerceptionDisorder+1","alterego_mod:Santa+1","alterego_mod:DiscoLights"],"picked":"Singing Bowl","floor":44},{"not_picked":["alterego_mod:Cooking+1","alterego_mod:Mirror+1","alterego_mod:GoddessCore+1"],"picked":"Singing Bowl","floor":45},{"not_picked":["alterego_mod:Complex","alterego_mod:HighServant","alterego_mod:Rip+1"],"picked":"Singing Bowl","floor":46},{"not_picked":["alterego_mod:TrashNCrash+1","alterego_mod:Swimsuit+1","alterego_mod:Jiggle+1"],"picked":"Singing Bowl","floor":54}],"player_experience":306807,"relics_obtained":[{"floor":4,"key":"Singing Bowl"},{"floor":6,"key":"hubris:Reverence"},{"floor":8,"key":"Onion Ring"},{"floor":9,"key":"hubris:GlazedTorus"},{"floor":14,"key":"Vajra"},{"floor":23,"key":"Pondfish Scales"},{"floor":26,"key":"Juzu Bracelet"},{"floor":27,"key":"hubris:TenFootPole"},{"floor":42,"key":"conspire:GiftBox"},{"floor":44,"key":"Dead Branch"},{"floor":54,"key":"Replay:Towering Pillar of Hats"}],"event_choices":[{"cards_removed":["alterego_mod:Strike"],"damage_healed":0,"gold_gain":0,"player_choice":"Card Removal","damage_taken":0,"max_hp_gain":0,"max_hp_loss":0,"event_name":"The Cleric","floor":3,"gold_loss":50},{"damage_healed":0,"gold_gain":0,"player_choice":"Searched \u00271\u0027 times","damage_taken":0,"max_hp_gain":0,"max_hp_loss":0,"event_name":"Dead Adventurer","floor":14,"gold_loss":0},{"damage_healed":0,"gold_gain":0,"player_choice":"Leave","damage_taken":0,"max_hp_gain":0,"max_hp_loss":0,"event_name":"conspire:Investor","floor":25,"gold_loss":0},{"damage_healed":28,"gold_gain":0,"player_choice":"Writhe","damage_taken":0,"max_hp_gain":0,"max_hp_loss":0,"event_name":"Winding Halls","floor":36,"gold_loss":0,"cards_obtained":["Writhe"]},{"cards_removed":["alterego_mod:Valentines"],"damage_healed":0,"gold_gain":0,"player_choice":"Removed Skill","damage_taken":0,"max_hp_gain":0,"max_hp_loss":0,"event_name":"Falling","floor":37,"gold_loss":0}],"is_beta":false,"boss_relics":[{"not_picked":["Ring of Chaos","hubris:TerracottaHorce"],"picked":"hubris:Backtick"},{"not_picked":["conspire:RoyalGoblet","hubris:HollowSoul"],"picked":"ReplayTheSpireMod:DimensionalGlitch"}],"items_purged_floors":[53],"is_endless":false,"potions_floor_spawned":[2,5,12,16,21,22,27,30,35,38,41,45,46],"killed_by":"The Heart","ascension_level":2}}