{"host":"vyjryxuuuxkt43k4","time":1610635206,"event":{"mods":["BaseMod","Colored Map","DeckTracker","Minty Spire (QoL Compilation)","Permanent Neow","Quick Restart","StSLib","SuperFastMode","everything is the same but u backflip on backflip"],"gold_per_floor":[18,18,34,48,68,99,99,110,110,145,145,67,77,2,2,100,100,111,126,146,166,183,214,214,239,311,311,338,338,338,351,351,450,450,470,482,92,92,0,34,34,53,99,125,142,153,153,453,453,453,453],"floor_reached":50,"language":"KOR","playtime":2928,"items_purged":["Strike_G"],"score":736,"play_id":"ed3bc28c-863d-4ba0-8d50-b39fd7536da4","local_time":"20210114234006","is_ascension_mode":true,"campfire_choices":[{"data":"Neutralize","floor":7.0,"key":"SMITH"},{"floor":15.0,"key":"REST"},{"data":"Footwork","floor":24.0,"key":"SMITH"},{"floor":27.0,"key":"REST"},{"floor":29.0,"key":"REST"},{"floor":32.0,"key":"REST"},{"floor":41.0,"key":"REST"},{"floor":49.0,"key":"RECALL"}],"circlet_count":0,"master_deck":["Strike_G","Strike_G","Defend_G","Defend_G","Defend_G","Defend_G","Survivor+1","Neutralize+1","Die Die Die","After Image+1","Dagger Spray","Cloak And Dagger","Dagger Throw","Backflip","Endless Agony","Blade Dance","Crippling Poison+1","Footwork+1","Malaise","Heel Hook+1","Dash","PiercingWail","Dodge and Roll","Reflex+1","Accuracy","Accuracy","Phantasmal Killer","Outmaneuver+1","Madness","Madness","Infinite Blades+1","Skewer+1","Accuracy+1","Escape Plan","Well Laid Plans+1"],"relics":["Ring of the Snake","CaptainsWheel","Paper Crane","Snake Skull","WingedGreaves","Sozu","Question Card","Omamori","HornCleat","War Paint","WristBlade","Kunai","Medical Kit","Red Mask","Bag of Marbles","Vajra"],"acts_visited":["Exordium","TheCity","TheBeyond"],"potions_floor_usage":[],"damage_taken":[{"damage":0.0,"enemies":"2 Louse","floor":1.0,"turns":1.0},{"damage":0.0,"enemies":"Jaw Worm","floor":3.0,"turns":6.0},{"damage":0.0,"enemies":"Cultist","floor":4.0,"turns":3.0},{"damage":27.0,"enemies":"Large Slime","floor":5.0,"turns":7.0},{"damage":8.0,"enemies":"Gremlin Nob","floor":6.0,"turns":5.0},{"damage":5.0,"enemies":"Exordium Thugs","floor":8.0,"turns":5.0},{"damage":6.0,"enemies":"3 Sentries","floor":10.0,"turns":6.0},{"damage":1.0,"enemies":"Exordium Wildlife","floor":13.0,"turns":5.0},{"damage":0.0,"enemies":"Slime Boss","floor":16.0,"turns":7.0},{"damage":6.0,"enemies":"Shell Parasite","floor":18.0,"turns":6.0},{"damage":0.0,"enemies":"Spheric Guardian","floor":19.0,"turns":6.0},{"damage":1.0,"enemies":"Chosen and Byrds","floor":20.0,"turns":6.0},{"damage":10.0,"enemies":"Snecko","floor":21.0,"turns":8.0},{"damage":0.0,"enemies":"Shelled Parasite and Fungi","floor":22.0,"turns":8.0},{"damage":27.0,"enemies":"Slavers","floor":23.0,"turns":8.0},{"damage":30.0,"enemies":"Gremlin Leader","floor":25.0,"turns":9.0},{"damage":16.0,"enemies":"Slavers","floor":28.0,"turns":6.0},{"damage":14.0,"enemies":"Snake Plant","floor":31.0,"turns":7.0},{"damage":29.0,"enemies":"Automaton","floor":33.0,"turns":16.0},{"damage":3.0,"enemies":"Orb Walker","floor":35.0,"turns":2.0},{"damage":13.0,"enemies":"3 Darklings","floor":36.0,"turns":5.0},{"damage":39.0,"enemies":"Giant Head","floor":40.0,"turns":13.0},{"damage":0.0,"enemies":"Sphere and 2 Shapes","floor":42.0,"turns":7.0},{"damage":11.0,"enemies":"Reptomancer","floor":44.0,"turns":7.0},{"damage":0.0,"enemies":"Spire Growth","floor":45.0,"turns":4.0},{"damage":0.0,"enemies":"4 Shapes","floor":46.0,"turns":5.0},{"damage":28,"enemies":"Awakened One","floor":50,"turns":5}],"seed_played":"349742392595599489","potions_obtained":[{"floor":1.0,"key":"Dexterity Potion"},{"floor":6.0,"key":"CultistPotion"},{"floor":8.0,"key":"LiquidBronze"},{"floor":10.0,"key":"Fruit Juice"}],"is_trial":false,"path_per_floor":["M","?","M","M","M","E","R","M","T","E","?","$","M","$","R","B",null,"M","M","M","M","M","E","R","E","T","R","E","R","?","M","R","B",null,"M","M","$","?","?","E","R","M","T","E","M","M","?","?","R","B"],"character_chosen":"THE_SILENT","items_purchased":["Footwork","Kunai","Medical Kit"],"campfire_rested":5,"item_purchase_floors":[12,37,37],"current_hp_per_floor":[70,70,70,70,43,35,35,30,30,29,4,4,3,3,25,25,75,69,69,68,58,58,31,31,1,1,23,7,29,29,15,37,8,75,72,59,59,50,50,11,33,33,33,22,22,22,22,22,22,0,0],"gold":453,"neow_bonus":"TRANSFORM_TWO_CARDS","is_daily":false,"chose_seed":false,"campfire_upgraded":2,"win_rate":0.0,"timestamp":1610635206,"path_taken":["M","?","M","M","M","E","R","M","T","E","?","?","?","$","R","BOSS","M","M","M","M","M","E","R","E","T","R","E","R","?","M","R","BOSS","M","M","$","?","?","E","R","M","T","E","M","M","?","?","R","BOSS"],"items_purchased_type":["Card","Relic","Relic"],"build_version":"2020-12-22","purchased_purges":1,"victory":false,"max_hp_per_floor":[70,70,70,70,70,70,70,70,70,75,75,75,75,75,75,75,75,75,75,75,75,75,75,75,75,75,75,75,75,75,75,75,75,75,75,75,75,75,75,75,75,75,75,75,75,75,75,75,75,75,75],"card_choices":[{"not_picked":["Heel Hook","Riddle With Holes"],"picked":"Dagger Spray","floor":1.0},{"not_picked":["Predator","Bane"],"picked":"Cloak And Dagger","floor":3.0},{"not_picked":["Sucker Punch","Dagger Spray"],"picked":"Dagger Throw","floor":4.0},{"not_picked":["Caltrops","Sucker Punch"],"picked":"Backflip","floor":5.0},{"not_picked":["Poisoned Stab","Quick Slash"],"picked":"Endless Agony","floor":6.0},{"not_picked":["Phantasmal Killer","Cloak And Dagger"],"picked":"Blade Dance","floor":8.0},{"not_picked":["Dagger Spray","All Out Attack"],"picked":"Crippling Poison","floor":10.0},{"not_picked":["Underhanded Strike","Dagger Spray","Acrobatics"],"picked":"SKIP","floor":13.0},{"not_picked":["Night Terror","After Image"],"picked":"Malaise","floor":16.0},{"not_picked":["Dagger Throw","Backflip"],"picked":"Heel Hook+1","floor":18.0},{"not_picked":["Quick Slash","Dagger Spray"],"picked":"Dash","floor":19.0},{"not_picked":["Dagger Throw","Escape Plan"],"picked":"PiercingWail","floor":20.0},{"not_picked":["Phantasmal Killer","Crippling Poison+1"],"picked":"Dodge and Roll","floor":21.0},{"not_picked":["Cloak And Dagger","Dagger Spray"],"picked":"Reflex+1","floor":22.0},{"not_picked":["Footwork+1","Eviscerate"],"picked":"Accuracy","floor":23.0},{"not_picked":["Cloak And Dagger+1","Caltrops","Noxious Fumes","Quick Slash"],"picked":"SKIP","floor":25.0},{"not_picked":["Deadly Poison","Riddle With Holes+1","Dagger Spray","Sucker Punch"],"picked":"SKIP","floor":28.0},{"not_picked":["Deflect","Bane","Tools of the Trade"],"picked":"Accuracy","floor":31.0},{"not_picked":["Venomology","Malaise","Envenom"],"picked":"Phantasmal Killer","floor":33.0},{"not_picked":["Quick Slash","Accuracy","Reflex+1"],"picked":"Leg Sweep","floor":35.0},{"not_picked":["Acrobatics","PiercingWail","Dodge and Roll"],"picked":"Outmaneuver+1","floor":36.0},{"not_picked":["Backflip+1","Endless Agony","Dagger Throw"],"picked":"Infinite Blades+1","floor":40.0},{"not_picked":["Accuracy+1","Doppelganger","Dagger Throw+1"],"picked":"Skewer+1","floor":42.0},{"not_picked":["Blade Dance","Noxious Fumes+1","Slice"],"picked":"Accuracy+1","floor":44.0},{"not_picked":["Skewer","Predator","Underhanded Strike+1"],"picked":"Escape Plan","floor":45.0},{"not_picked":["PiercingWail","Riddle With Holes+1","Leg Sweep+1"],"picked":"Well Laid Plans+1","floor":46.0}],"player_experience":299578,"relics_obtained":[{"floor":6.0,"key":"CaptainsWheel"},{"floor":9.0,"key":"Paper Crane"},{"floor":10.0,"key":"Snake Skull"},{"floor":23.0,"key":"Question Card"},{"floor":25.0,"key":"Omamori"},{"floor":26.0,"key":"HornCleat"},{"floor":28.0,"key":"War Paint"},{"floor":40.0,"key":"Bag of Marbles"},{"floor":44.0,"key":"Vajra"}],"event_choices":[{"damage_healed":0.0,"max_hp_gain":0.0,"max_hp_loss":0.0,"gold_gain":0.0,"event_name":"Living Wall","player_choice":"Grow","floor":2.0,"gold_loss":0.0,"damage_taken":0.0,"cards_upgraded":["After Image"]},{"damage_healed":0.0,"max_hp_gain":0.0,"max_hp_loss":0.0,"gold_gain":0.0,"event_name":"Scrap Ooze","player_choice":"Success","floor":11.0,"gold_loss":0.0,"damage_taken":25.0,"relics_obtained":["WingedGreaves"]},{"cards_removed":["Strike_G"],"damage_healed":0.0,"max_hp_gain":0.0,"max_hp_loss":0.0,"gold_gain":0.0,"event_name":"Purifier","player_choice":"Purged","floor":30.0,"gold_loss":0.0,"damage_taken":0.0},{"damage_healed":0.0,"max_hp_gain":0.0,"max_hp_loss":0.0,"gold_gain":0.0,"event_name":"Winding Halls","player_choice":"Embrace Madness","floor":38.0,"gold_loss":0.0,"damage_taken":9.0,"cards_obtained":["Madness","Madness"]},{"damage_healed":0.0,"max_hp_gain":0.0,"max_hp_loss":0.0,"gold_gain":0.0,"event_name":"Tomb of Lord Red Mask","player_choice":"Paid","floor":39.0,"gold_loss":92.0,"damage_taken":0.0,"relics_obtained":["Red Mask"]},{"cards_removed":["Leg Sweep"],"damage_healed":0.0,"max_hp_gain":0.0,"max_hp_loss":0.0,"gold_gain":0.0,"event_name":"Falling","player_choice":"Removed Skill","floor":47.0,"gold_loss":0.0,"damage_taken":0.0},{"damage_healed":0.0,"max_hp_gain":0.0,"max_hp_loss":0.0,"gold_gain":300.0,"event_name":"Wheel of Change","player_choice":"Gold","floor":48.0,"gold_loss":0.0,"damage_taken":0.0}],"is_beta":false,"boss_relics":[{"not_picked":["Philosopher\u0027s Stone","Runic Dome"],"picked":"Sozu"},{"not_picked":["Snecko Eye","Runic Pyramid"],"picked":"WristBlade"}],"items_purged_floors":[14],"is_endless":false,"potions_floor_spawned":[1,6,8,10,18,20,23,28,42,45,46],"killed_by":"Awakened One","ascension_level":2}}