{"host":"p9t7qd83igtcp2bh","time":1610613964,"event":{"mods":["2.2 Compatiblity","AchievementEnabler","BaseMod","Colored Map","Colored Powertips","Custom Start","DeckTracker","Keyboard Shortcuts","Minty Spire (QoL Compilation)","Permanent Neow","StSLib","SuperFastMode","everything is the same but u backflip on backflip"],"gold_per_floor":[119,132,95,112,131,159,159,184,229,249,44,44,44,9,9,107,107,123,123,173,188,188,188,188,188],"floor_reached":24,"language":"KOR","playtime":446,"items_purged":[],"score":398,"play_id":"a6caf6e0-1957-4126-b54a-b1118924a5a9","local_time":"20210114174604","is_ascension_mode":true,"campfire_choices":[{"data":"Capacitor","floor":7.0,"key":"SMITH"},{"floor":12.0,"key":"REST"},{"data":"Redo","floor":15.0,"key":"SMITH"},{"data":"Coolheaded","floor":23,"key":"SMITH"}],"circlet_count":0,"master_deck":["AscendersBane","Strike_B","Strike_B","Strike_B","Defend_B","Defend_B","Defend_B","Defend_B","Zap","Dualcast","Lockon","Ball Lightning","FTL","Coolheaded+1","Capacitor+1","Capacitor","Loop","Redo+1","Rip and Tear","Tempest","Steam+1","Hologram"],"relics":["Cracked Core","Mercury Hourglass","Matryoshka","Bronze Scales","Vajra","Bloody Idol","Coffee Dripper"],"acts_visited":["Exordium","TheCity"],"potions_floor_usage":[24,24],"damage_taken":[{"damage":1.0,"enemies":"Cultist","floor":1.0,"turns":3.0},{"damage":3.0,"enemies":"Small Slimes","floor":2.0,"turns":4.0},{"damage":0.0,"enemies":"2 Louse","floor":4.0,"turns":3.0},{"damage":12.0,"enemies":"Large Slime","floor":5.0,"turns":3.0},{"damage":22.0,"enemies":"3 Sentries","floor":6.0,"turns":7.0},{"damage":22.0,"enemies":"Lagavulin","floor":8.0,"turns":7.0},{"damage":7.0,"enemies":"2 Fungi Beasts","floor":10.0,"turns":2.0},{"damage":18.0,"enemies":"Slime Boss","floor":16.0,"turns":6.0},{"damage":43,"enemies":"Chosen","floor":18,"turns":4},{"damage":18,"enemies":"2 Thieves","floor":21,"turns":3},{"damage":15,"enemies":"Gremlin Leader","floor":24,"turns":5}],"seed_played":"-697493400966829442","potions_obtained":[{"floor":1.0,"key":"SneckoOil"},{"floor":2.0,"key":"FearPotion"},{"floor":8.0,"key":"Energy Potion"},{"floor":10.0,"key":"BlessingOfTheForge"},{"floor":18,"key":"LiquidBronze"}],"is_trial":false,"path_per_floor":["M","M","$","M","M","E","R","E","T","M","$","R","?","?","R","B",null,"M","?","?","M","?","R","E"],"character_chosen":"DEFECT","items_purchased":["FTL","Loop","Redo","Rip and Tear"],"campfire_rested":1,"item_purchase_floors":[3,11,11,11],"current_hp_per_floor":[70,67,67,67,55,33,33,11,11,4,4,27,27,44,44,26,60,17,17,22,14,14,14,0,0],"gold":188,"neow_bonus":"TEN_PERCENT_HP_BONUS","is_daily":false,"chose_seed":false,"campfire_upgraded":3,"win_rate":0.0,"timestamp":1610613964,"path_taken":["M","M","?","?","M","E","R","E","T","M","$","R","?","?","R","BOSS","M","?","?","M","?","R","E"],"items_purchased_type":["Card","Card","Card","Card"],"build_version":"2020-12-22","purchased_purges":0,"victory":false,"max_hp_per_floor":[78,78,78,78,78,78,78,78,78,78,78,78,71,71,71,71,71,71,71,71,71,71,71,71,71],"card_choices":[{"not_picked":["Skim","Steam"],"picked":"Lockon","floor":1.0},{"not_picked":["Cold Snap","Coolheaded"],"picked":"Ball Lightning","floor":2.0},{"not_picked":["Rebound","Double Energy"],"picked":"Coolheaded","floor":4.0},{"not_picked":["Hologram","Go for the Eyes"],"picked":"Capacitor","floor":5.0},{"not_picked":["Redo","Hyperbeam","Reprogram"],"picked":"SKIP","floor":6.0},{"not_picked":["Stack","Amplify"],"picked":"Capacitor","floor":8.0},{"not_picked":["Rip and Tear","Go for the Eyes","Beam Cell"],"picked":"SKIP","floor":10.0},{"not_picked":["Streamline","Go for the Eyes"],"picked":"Tempest","floor":18},{"not_picked":["Tempest+1","Ball Lightning"],"picked":"Steam+1","floor":21}],"player_experience":641976,"relics_obtained":[{"floor":6.0,"key":"Mercury Hourglass"},{"floor":8.0,"key":"Matryoshka"},{"floor":9.0,"key":"Bronze Scales"},{"floor":9.0,"key":"Vajra"}],"event_choices":[{"damage_healed":0.0,"max_hp_gain":0.0,"max_hp_loss":7.0,"gold_gain":0.0,"event_name":"Golden Idol","player_choice":"Lose Max HP","floor":13.0,"gold_loss":0.0,"damage_taken":0.0,"relics_obtained":["Golden Idol"]},{"damage_healed":17.0,"max_hp_gain":0.0,"max_hp_loss":0.0,"gold_gain":0.0,"event_name":"The Cleric","player_choice":"Healed","floor":14.0,"gold_loss":35.0,"damage_taken":0.0},{"damage_healed":0,"gold_gain":0,"player_choice":"Gave Idol","damage_taken":0,"relics_obtained":["Bloody Idol"],"max_hp_gain":0,"max_hp_loss":0,"event_name":"Forgotten Altar","floor":19,"relics_lost":["Golden Idol"],"gold_loss":0},{"damage_healed":0,"gold_gain":50,"player_choice":"Stole From Cult","damage_taken":0,"max_hp_gain":0,"max_hp_loss":0,"event_name":"Nest","floor":20,"gold_loss":0},{"damage_healed":0,"gold_gain":0,"cards_transformed":["Strike_B"],"player_choice":"Transformed","damage_taken":0,"max_hp_gain":0,"max_hp_loss":0,"event_name":"Transmorgrifier","floor":22,"gold_loss":0,"cards_obtained":["Hologram"]}],"is_beta":false,"boss_relics":[{"not_picked":["Busted Crown","Runic Pyramid"],"picked":"Coffee Dripper"}],"items_purged_floors":[],"is_endless":false,"potions_floor_spawned":[1,2,8,10,18,21],"killed_by":"Gremlin Leader","ascension_level":19}}