{"host":"s8k08j4eybfen9r6","time":1610595642,"event":{"mods":["Aspiration","BaseMod","Better Altar","Better Match","Better Note","Better Sensory Stone","Better Skull","Better Third Choice","BetterRewards","Downfall","Duelist Mod","Hubris","Jedi Mod","Minty Spire (QoL Compilation)","MostiFishMod","Rare Cards Sparkle","Shop Mod","Spicy Shops","StSLib","The Animator"],"gold_per_floor":[109,125,138,157,173,206,206,216,263,295,306,339,359,378,378,480,480,495,512,712,233,251,281,294,294,369,369,384,415,427,456,456,551,551,564,564,582,582,601,630,641,675,701,734,751,771,789,807,807,807,807,807,146,180,180,180],"floor_reached":55,"language":"ENG","playtime":3267,"items_purged":["Strike_R","Strike_R","Strike_R"],"score":995,"play_id":"ddbc9738-6dfd-41f4-b332-0844f1a24c56","local_time":"20210114134042","is_ascension_mode":true,"campfire_choices":[{"data":"jedi:harder","floor":7.0,"key":"SMITH"},{"data":"Limit Break","floor":15.0,"key":"SMITH"},{"floor":25.0,"key":"RECALL"},{"data":"jedi:controlledanger","floor":27.0,"key":"SMITH"},{"data":"jedi:harder","floor":32.0,"key":"SMITH"},{"data":"MostiFishMod:FlyOverUtopia","floor":49,"key":"SMITH"},{"data":"MostiFishMod:DarkDeal","floor":52,"key":"SMITH"}],"circlet_count":0,"master_deck":["Strike_R","Strike_R","Defend_R","Defend_R","Defend_R","Defend_R+1","Bash+1","Spot Weakness","jedi:MakeshiftSword","Shrug It Off+1","jedi:controlledanger+1","Shrug It Off","jedi:harder+1","Limit Break+1","Heavy Blade","Rupture","hubris:ReadiedAction","MostiFishMod:DarkDeal+1","jedi:fear","Rampage+1","jedi:harder+1","MostiFishMod:FlyOverUtopia+1","MostiFishMod:FireWorks","Madness","Madness","Exhume","Infernal Blade","Infernal Blade+1"],"relics":["Burning Blood","DaveBox","PreservedInsect","GuanYuAspect","SynthV:TestCard","aspiration:SeaSaltIceCream","aspiration:Nostalgia","theDuelist:BoosterPackPoolRelic","War Paint","jedi:arcanewood","Matryoshka","JellyFishMachine","Lantern","Lee\u0027s Waffle","aspiration:HummingbirdHeart","Strawberry","Blood Vial","Whetstone","HereWithMe","Transparent","FossilizedHelix","Bottled Lightning","hubris:ChampionShield","jedi:shrinkray","jedi:heavyjacket","aspiration:Lifesprig","Strange Spoon","Orichalcum","Red Skull","Paper Frog"],"acts_visited":["Exordium","TheCity","TheBeyond","TheEnding"],"potions_floor_usage":[55,55,55],"damage_taken":[{"damage":1.0,"enemies":"Cultist","floor":1.0,"turns":3.0},{"damage":3.0,"enemies":"Small Slimes","floor":2.0,"turns":4.0},{"damage":1.0,"enemies":"2 Louse","floor":3.0,"turns":2.0},{"damage":2.0,"enemies":"Blue Slaver","floor":4.0,"turns":3.0},{"damage":2.0,"enemies":"Exordium Thugs","floor":5.0,"turns":5.0},{"damage":14.0,"enemies":"Gremlin Nob","floor":6.0,"turns":3.0},{"damage":5.0,"enemies":"3 Louse","floor":8.0,"turns":4.0},{"damage":4.0,"enemies":"3 Sentries","floor":10.0,"turns":3.0},{"damage":0.0,"enemies":"Large Slime","floor":11.0,"turns":5.0},{"damage":18.0,"enemies":"Lagavulin","floor":12.0,"turns":7.0},{"damage":8.0,"enemies":"Red Slaver","floor":13.0,"turns":3.0},{"damage":8.0,"enemies":"Blue Slaver","floor":14.0,"turns":5.0},{"damage":16.0,"enemies":"Hexaghost","floor":16.0,"turns":7.0},{"damage":25.0,"enemies":"2 Thieves","floor":18.0,"turns":3.0},{"damage":11.0,"enemies":"Spheric Guardian","floor":19.0,"turns":3.0},{"damage":18.0,"enemies":"Centurion and Healer","floor":22.0,"turns":4.0},{"damage":34.0,"enemies":"Gremlin Leader","floor":23.0,"turns":7.0},{"damage":5.0,"enemies":"Cultist and Chosen","floor":24.0,"turns":3.0},{"damage":6.0,"enemies":"Snake Plant","floor":28.0,"turns":2.0},{"damage":0.0,"enemies":"theDuelist:KaibaA2","floor":29.0,"turns":3.0},{"damage":6.0,"enemies":"Centurion and Healer","floor":30.0,"turns":4.0},{"damage":12.0,"enemies":"Book of Stabbing","floor":31.0,"turns":5.0},{"damage":36.0,"enemies":"Automaton","floor":33.0,"turns":7.0},{"damage":43,"enemies":"3 Shapes","floor":35,"turns":3},{"damage":4,"enemies":"Orb Walker","floor":37,"turns":3},{"damage":12,"enemies":"Jaw Worm Horde","floor":39,"turns":2},{"damage":13,"enemies":"Giant Head","floor":40,"turns":2},{"damage":22,"enemies":"Spire Growth","floor":41,"turns":3},{"damage":9,"enemies":"Nemesis","floor":42,"turns":1},{"damage":17,"enemies":"Giant Head","floor":44,"turns":2},{"damage":5,"enemies":"Maw","floor":45,"turns":1},{"damage":13,"enemies":"Transient","floor":46,"turns":2},{"damage":18,"enemies":"Writhing Mass","floor":47,"turns":3},{"damage":19,"enemies":"4 Shapes","floor":48,"turns":3},{"damage":19,"enemies":"hubris:GrandSnecko","floor":50,"turns":2},{"damage":8,"enemies":"Shield and Spear","floor":54,"turns":2},{"damage":83,"enemies":"The Heart","floor":55,"turns":3}],"seed_played":"-930614277458434524","potions_obtained":[{"floor":5.0,"key":"ColorlessPotion"},{"floor":8.0,"key":"SteroidPotion"},{"floor":11.0,"key":"Regen Potion"},{"floor":22.0,"key":"PowerPotion"},{"floor":24.0,"key":"jedi:tentaclejuice"},{"floor":31.0,"key":"ColorlessPotion"},{"floor":33.0,"key":"PowerPotion"},{"floor":39,"key":"jedi:StrikingPotion"},{"floor":54,"key":"PowerPotion"}],"is_trial":false,"path_per_floor":["M","M","M","M","M","E","R","M","T","E","M","E","M","M","R","B",null,"M","M","?","$","M","E","M","R","T","R","M","E","M","E","R","B",null,"M","?","M","?","M","E","M","E","T","E","M","M","M","M","R","B",null,"R","$","E","B"],"character_chosen":"IRONCLAD","items_purchased":["Lantern","Lee\u0027s Waffle","aspiration:Lifesprig","Strange Spoon","Orichalcum","Red Skull"],"campfire_rested":0,"item_purchase_floors":[21,21,53,53,53,53],"current_hp_per_floor":[40,40,40,40,40,31,31,39,39,40,40,36,35,38,38,40,40,29,23,23,47,35,34,47,47,51,51,54,54,54,54,54,49,54,21,14,22,22,41,41,41,41,41,41,41,41,41,41,41,41,41,41,41,41,0,0],"gold":180,"neow_bonus":"RANDOM_COMMON_RELIC","is_daily":false,"chose_seed":false,"campfire_upgraded":6,"win_rate":0.0,"timestamp":1610595642,"path_taken":["M","M","?","M","M","E","R","M","T","E","M","E","M","M","R","BOSS","M","M","?","?","M","E","M","R","T","R","M","E","M","E","R","BOSS","M","?","M","?","M","E","M","E","T","E","M","?","M","M","R","BOSS","R","$","E","BOSS"],"items_purchased_type":["Relic","Relic","Relic","Relic","Relic","Relic"],"build_version":"2020-12-22","purchased_purges":3,"victory":false,"max_hp_per_floor":[40,40,40,40,40,40,40,40,40,40,40,40,40,40,40,40,40,40,40,40,47,47,47,47,47,54,54,54,54,54,54,54,54,54,54,54,54,41,41,41,41,41,41,41,41,41,41,41,41,41,41,41,41,41,41,41],"card_choices":[{"not_picked":["Wild Strike","Pommel Strike"],"picked":"Spot Weakness","floor":1.0},{"not_picked":["Headbutt","Sword Boomerang","Perfected Strike","Havoc"],"picked":"jedi:MakeshiftSword","floor":2.0},{"not_picked":["Seeing Red","Body Slam","Combust","Sword Boomerang"],"picked":"Shrug It Off","floor":3.0},{"not_picked":["Sword Boomerang","Headbutt","Reaper","Twin Strike"],"picked":"jedi:controlledanger","floor":4.0},{"not_picked":["Sword Boomerang","Whirlwind","Pummel","Twin Strike"],"picked":"Shrug It Off","floor":5.0},{"not_picked":["hubris:SharpeningStone","jedi:collectorstrike","Pommel Strike","Havoc"],"picked":"jedi:harder","floor":6.0},{"not_picked":["Body Slam","Clash","Rage","Power Through","Twin Strike"],"picked":"SKIP","floor":8.0},{"not_picked":["Sword Boomerang","Evolve","jedi:MakeshiftSword","Thunderclap"],"picked":"Limit Break","floor":10.0},{"not_picked":["Body Slam","Anger","Shrug It Off","Rage"],"picked":"Heavy Blade","floor":11.0},{"not_picked":["Disarm","Pummel","Combust","Flame Barrier"],"picked":"Rupture","floor":12.0},{"not_picked":["Infernal Blade","Clash","Entrench","Shrug It Off"],"picked":"hubris:ReadiedAction","floor":13.0},{"not_picked":["Shrug It Off","Anger","Perfected Strike","Carnage","Ghostly Armor"],"picked":"SKIP","floor":14.0},{"not_picked":["MostiFishMod:ChineseTea","MostiFishMod:OrdinaryWorld","Berserk","Double Tap"],"picked":"MostiFishMod:DarkDeal","floor":16.0},{"not_picked":["Iron Wave+1","Warcry","Flame Barrier","Feel No Pain","Cleave+1"],"picked":"SKIP","floor":18.0},{"not_picked":["hubris:ReadiedAction","Body Slam+1","jedi:hate","Anger"],"picked":"jedi:fear","floor":19.0},{"not_picked":["Flex+1","Wild Strike","Thunderclap","Headbutt"],"picked":"Rampage","floor":22.0},{"not_picked":["Thunderclap","Infernal Blade","Ghostly Armor","Entrench","Shrug It Off"],"picked":"SKIP","floor":23.0},{"not_picked":["Havoc","Metallicize","Hemokinesis+1","Dropkick","Sword Boomerang"],"picked":"SKIP","floor":24.0},{"not_picked":["True Grit","Clash","Anger","Body Slam"],"picked":"jedi:harder","floor":28.0},{"not_picked":["Clothesline","Searing Blow+1","MostiFishMod:CullingBlade","Perfected Strike"],"picked":"MostiFishMod:FlyOverUtopia","floor":29.0},{"not_picked":["Searing Blow","Sword Boomerang","Warcry+1","Heavy Blade","Body Slam"],"picked":"SKIP","floor":30.0},{"not_picked":["Warcry","Body Slam","Iron Wave","jedi:fear","Shrug It Off"],"picked":"SKIP","floor":31.0},{"not_picked":["Offering","Exhume","MostiFishMod:OrdinaryWorld","Fiend Fire"],"picked":"MostiFishMod:FireWorks","floor":33.0},{"not_picked":["Iron Wave+1","Twin Strike","Dropkick","Armaments+1","Searing Blow"],"picked":"SKIP","floor":35},{"not_picked":["Armaments+1","Bloodletting+1","Body Slam+1","jedi:fear","Rampage"],"picked":"SKIP","floor":37},{"not_picked":["Clash+1","Body Slam","MostiFishMod:BrandingRite","Clothesline"],"picked":"Exhume","floor":39},{"not_picked":["jedi:fear","Carnage","Anger","Warcry","Clothesline"],"picked":"SKIP","floor":40},{"not_picked":["Sever Soul","Anger+1","jedi:fear+1","jedi:controlledanger"],"picked":"Infernal Blade","floor":41},{"not_picked":["Havoc+1","Body Slam+1","Clash","Inflame","MostiFishMod:Chiaki"],"picked":"SKIP","floor":42},{"not_picked":["jedi:fear+1","Thunderclap","Havoc","Clothesline","Cleave+1"],"picked":"SKIP","floor":44},{"not_picked":["jedi:collectorstrike","hubris:ReadiedAction","Whirlwind+1","Hemokinesis","MostiFishMod:UltimateDefense"],"picked":"SKIP","floor":45},{"not_picked":["Seeing Red+1","hubris:ReadiedAction+1","Sentinel","Thunderclap+1","Pommel Strike+1"],"picked":"SKIP","floor":46},{"not_picked":["Body Slam","Blood for Blood+1","Headbutt+1","Havoc"],"picked":"Infernal Blade+1","floor":47},{"not_picked":["hubris:ReadiedAction+1","Anger+1","Clothesline","Wild Strike+1","Iron Wave+1"],"picked":"SKIP","floor":48},{"not_picked":["Body Slam+1","Cleave+1","jedi:controlledanger+1","jedi:MakeshiftSword","Bludgeon"],"picked":"SKIP","floor":54}],"player_experience":418345,"relics_obtained":[{"floor":1.0,"key":"SynthV:TestCard"},{"floor":6.0,"key":"aspiration:SeaSaltIceCream"},{"floor":9.0,"key":"War Paint"},{"floor":10.0,"key":"jedi:arcanewood"},{"floor":12.0,"key":"Matryoshka"},{"floor":23.0,"key":"aspiration:HummingbirdHeart"},{"floor":26.0,"key":"Strawberry"},{"floor":29.0,"key":"Blood Vial"},{"floor":31.0,"key":"Whetstone"},{"floor":40,"key":"FossilizedHelix"},{"floor":42,"key":"Bottled Lightning"},{"floor":43,"key":"hubris:ChampionShield"},{"floor":43,"key":"jedi:shrinkray"},{"floor":44,"key":"jedi:heavyjacket"},{"floor":54,"key":"Paper Frog"}],"event_choices":[{"damage_healed":0.0,"max_hp_gain":0.0,"max_hp_loss":0.0,"gold_gain":200.0,"event_name":"Wheel of Change","player_choice":"Gold","floor":20.0,"gold_loss":0.0,"damage_taken":0.0},{"damage_healed":0,"gold_gain":0,"player_choice":"Embrace Madness","damage_taken":7,"max_hp_gain":0,"max_hp_loss":0,"event_name":"Winding Halls","floor":36,"gold_loss":0,"cards_obtained":["Madness","Madness"]}],"is_beta":false,"boss_relics":[{"not_picked":["aspiration:RitualDagger","SacredBark"],"picked":"JellyFishMachine"},{"not_picked":["NightmareShop","aspiration:DefectSkillbook"],"picked":"HereWithMe"}],"items_purged_floors":[21,21,53],"is_endless":false,"potions_floor_spawned":[5,8,11,14,18,22,24,31,33,35,37,39,46,54],"killed_by":"The Heart","ascension_level":1}}