{"host":"bq4pt811tk9yrmjl","time":1610656405,"event":{"mods":["AchievementEnabler","BaseMod","Colored Map","Colored Powertips","Defuse TimeMaze Blight","Hermit","Minty Spire (QoL Compilation)","StSLib","SuperFastMode"],"gold_per_floor":[116,116,116,116,135,135,168,183,259,302,302,272,287,307,307,426,489,514,534,93,106,106,106],"floor_reached":22,"language":"ENG","playtime":463,"items_purged":[],"score":232,"play_id":"a5df4f2a-2161-4597-9426-aa545c3d5fa7","local_time":"20210114183325","is_ascension_mode":true,"campfire_choices":[{"data":"hermit:Brawl","floor":6.0,"key":"SMITH"},{"data":"hermit:Snapshot","floor":11.0,"key":"SMITH"},{"floor":15.0,"key":"REST"}],"circlet_count":0,"master_deck":["hermit:Strike_Hermit","hermit:Strike_Hermit","hermit:Strike_Hermit","hermit:Strike_Hermit+1","hermit:Defend_Hermit","hermit:Defend_Hermit+1","hermit:Defend_Hermit","hermit:Defend_Hermit","hermit:Snapshot+1","hermit:Covet","hermit:Ricochet+1","Injury","hermit:Brawl+1","hermit:Quickdraw","hermit:Shortfuse","hermit:GhostlyPresence+1","hermit:BodyArmor+1","hermit:Dive+1"],"relics":["hermit:Momento","NeowsBlessing","Golden Idol","Blood Vial","Sundial","Tiny House","MealTicket","StoneCalendar"],"acts_visited":["Exordium","TheCity"],"potions_floor_usage":[21],"damage_taken":[{"damage":0.0,"enemies":"Jaw Worm","floor":1.0,"turns":1.0},{"damage":0.0,"enemies":"Small Slimes","floor":5.0,"turns":1.0},{"damage":0.0,"enemies":"Gremlin Nob","floor":7.0,"turns":1.0},{"damage":0.0,"enemies":"Cultist","floor":8.0,"turns":2.0},{"damage":10.0,"enemies":"Lagavulin","floor":10.0,"turns":6.0},{"damage":5.0,"enemies":"3 Louse","floor":13.0,"turns":3.0},{"damage":16.0,"enemies":"Lots of Slimes","floor":14.0,"turns":4.0},{"damage":41.0,"enemies":"The Guardian","floor":16.0,"turns":12.0},{"damage":13,"enemies":"3 Byrds","floor":18,"turns":6},{"damage":9,"enemies":"Chosen","floor":19,"turns":5},{"damage":44,"enemies":"Snecko","floor":21,"turns":7},{"damage":0,"enemies":"Chosen and Byrds","floor":22,"turns":1}],"seed_played":"-8448688581211163543","potions_obtained":[{"floor":5.0,"key":"DuplicationPotion"},{"floor":10.0,"key":"FairyPotion"},{"floor":12.0,"key":"DistilledChaos"},{"floor":12.0,"key":"SteroidPotion"},{"floor":14.0,"key":"Fire Potion"},{"floor":16.0,"key":"Energy Potion"},{"floor":17.0,"key":"Regen Potion"}],"is_trial":false,"path_per_floor":["M","?","$","?","M","R","E","M","T","E","R","?","M","M","R","B",null,"M","M","$","M","M"],"character_chosen":"HERMIT","items_purchased":["MealTicket","StoneCalendar"],"campfire_rested":1,"item_purchase_floors":[20,20],"current_hp_per_floor":[75,60,60,60,60,60,60,62,62,54,54,54,51,37,59,20,80,67,60,60,33,35,35],"gold":106,"neow_bonus":"THREE_ENEMY_KILL","is_daily":false,"chose_seed":false,"campfire_upgraded":2,"win_rate":0.0,"timestamp":1610656405,"path_taken":["M","?","$","?","M","R","E","M","T","E","R","?","M","M","R","BOSS","M","M","$","?","M"],"items_purchased_type":["Relic","Relic"],"build_version":"2020-12-22","purchased_purges":0,"victory":false,"max_hp_per_floor":[75,75,75,75,75,75,75,75,75,75,75,75,75,75,75,75,80,80,80,80,80,80,80],"card_choices":[{"not_picked":["hermit:Desperado","hermit:HighCaliber"],"picked":"hermit:Ricochet","floor":1.0},{"not_picked":["hermit:Coalescence","hermit:TakeCover"],"picked":"hermit:Brawl","floor":5.0},{"not_picked":["hermit:Magnum","hermit:FullyLoaded","hermit:SprayPray"],"picked":"SKIP","floor":7.0},{"not_picked":["hermit:ItchyTrigger","hermit:Ricochet"],"picked":"hermit:Quickdraw","floor":8.0},{"not_picked":["hermit:BodyArmor","hermit:SprayPray","hermit:Virtue"],"picked":"SKIP","floor":10.0},{"not_picked":["hermit:Roulette","hermit:CalledShot","hermit:Ricochet"],"picked":"SKIP","floor":13.0},{"not_picked":["hermit:Midnight","hermit:Horror","hermit:Headshot"],"picked":"SKIP","floor":14.0},{"not_picked":["hermit:Feint","hermit:Headshot"],"picked":"hermit:Shortfuse","floor":17.0},{"not_picked":["hermit:Shortfuse","hermit:Vantage"],"picked":"hermit:GhostlyPresence+1","floor":18},{"not_picked":["hermit:Combo","hermit:TrackingShot"],"picked":"hermit:BodyArmor+1","floor":19},{"not_picked":["hermit:Glare","hermit:LowProfile"],"picked":"hermit:Dive+1","floor":21}],"player_experience":158758,"relics_obtained":[{"floor":7.0,"key":"Blood Vial"},{"floor":10.0,"key":"Sundial"}],"event_choices":[{"damage_healed":0.0,"max_hp_gain":0.0,"max_hp_loss":0.0,"gold_gain":0.0,"event_name":"Shining Light","player_choice":"Entered Light","floor":2.0,"gold_loss":0.0,"damage_taken":15.0,"cards_upgraded":["hermit:Defend_Hermit","hermit:Ricochet"]},{"damage_healed":0.0,"max_hp_gain":0.0,"max_hp_loss":0.0,"gold_gain":0.0,"event_name":"Golden Idol","player_choice":"Take Wound","floor":4.0,"gold_loss":0.0,"damage_taken":0.0,"relics_obtained":["Golden Idol"],"cards_obtained":["Injury"]},{"damage_healed":0.0,"max_hp_gain":0.0,"max_hp_loss":0.0,"gold_gain":0.0,"event_name":"The Woman in Blue","player_choice":"Bought 2 Potions","floor":12.0,"gold_loss":0.0,"damage_taken":0.0}],"is_beta":false,"boss_relics":[{"not_picked":["Runic Pyramid","Snecko Eye"],"picked":"Tiny House"}],"items_purged_floors":[],"is_endless":false,"potions_floor_spawned":[5,10,14,16,18,19],"killed_by":"Chosen and Byrds","ascension_level":1}}