{"host":"ovxa65d68iy9l57e","time":1610654427,"event":{"mods":["AchievementEnabler","BaseMod","Better Altar","Better Skull","Better Vampires","Colored Map","Curses Come First","Minty Spire (QoL Compilation)","Relic Stats","StSLib"],"gold_per_floor":[118,136,148,163,15,42,42,53,104,104,123,133,160,180,180,277,277,297,316,316,221,246,281,294,594,640,674,674,687,722,104,104,208,208,220,230,31,43,56,56,6,26,49,49,67,67,81,101,101,101],"floor_reached":51,"language":"SPA","playtime":3890,"items_purged":["Strike_G+1","Strike_G+1","Strike_G+1","Strike_G+1"],"score":859,"play_id":"4dee620f-4746-4c36-9113-57391a988b8c","local_time":"20210114210027","is_ascension_mode":true,"campfire_choices":[{"data":"Crippling Poison","floor":7.0,"key":"SMITH"},{"data":"Blade Dance","floor":10.0,"key":"SMITH"},{"floor":15.0,"key":"REST"},{"data":"Glass Knife","floor":28.0,"key":"SMITH"},{"floor":32.0,"key":"REST"},{"data":"Burst","floor":40.0,"key":"SMITH"},{"data":"Bandage Up","floor":44.0,"key":"SMITH"},{"data":"Venomology","floor":46.0,"key":"SMITH"},{"data":"Blade Dance","floor":49,"key":"SMITH"}],"circlet_count":0,"master_deck":["Strike_G+1","Defend_G+1","Defend_G+1","Defend_G+1","Defend_G+1","Defend_G+1","Survivor","Neutralize","Flying Knee","Crippling Poison+1","Finisher","PiercingWail","Burst+1","Blade Dance+1","Dagger Spray","Accuracy+1","Blur","Blade Dance+1","Glass Knife+1","Blur","Acrobatics","Cloak And Dagger+1","Deflect","Prepared+1","Terror","Bandage Up+1","After Image+1","Acrobatics","Well Laid Plans+1","Venomology+1","Leg Sweep+1"],"relics":["Ring of the Snake","Oddly Smooth Stone","Frozen Egg 2","Smiling Mask","StrikeDummy","WristBlade","Red Mask","Bag of Marbles","Old Coin","Vajra","InkBottle","Pen Nib","Gremlin Horn","TwistedFunnel","Coffee Dripper","PreservedInsect"],"acts_visited":["Exordium","TheCity","TheBeyond"],"potions_floor_usage":[50,50],"damage_taken":[{"damage":4.0,"enemies":"Small Slimes","floor":1.0,"turns":4.0},{"damage":4.0,"enemies":"Jaw Worm","floor":2.0,"turns":5.0},{"damage":4.0,"enemies":"Cultist","floor":3.0,"turns":4.0},{"damage":4.0,"enemies":"Blue Slaver","floor":4.0,"turns":5.0},{"damage":26.0,"enemies":"3 Sentries","floor":6.0,"turns":13.0},{"damage":7.0,"enemies":"Exordium Thugs","floor":8.0,"turns":4.0},{"damage":2.0,"enemies":"Looter","floor":11.0,"turns":3.0},{"damage":0.0,"enemies":"2 Fungi Beasts","floor":12.0,"turns":2.0},{"damage":1.0,"enemies":"Gremlin Nob","floor":13.0,"turns":4.0},{"damage":4.0,"enemies":"Exordium Wildlife","floor":14.0,"turns":4.0},{"damage":37.0,"enemies":"The Guardian","floor":16.0,"turns":9.0},{"damage":3.0,"enemies":"Chosen","floor":18.0,"turns":2.0},{"damage":14.0,"enemies":"Spheric Guardian","floor":19.0,"turns":4.0},{"damage":21.0,"enemies":"Masked Bandits","floor":22.0,"turns":6.0},{"damage":0.0,"enemies":"Gremlin Leader","floor":23.0,"turns":6.0},{"damage":1.0,"enemies":"Centurion and Healer","floor":24.0,"turns":5.0},{"damage":0.0,"enemies":"Slavers","floor":27.0,"turns":3.0},{"damage":20.0,"enemies":"Shelled Parasite and Fungi","floor":29.0,"turns":5.0},{"damage":9.0,"enemies":"Book of Stabbing","floor":30.0,"turns":4.0},{"damage":10.0,"enemies":"Collector","floor":33.0,"turns":9.0},{"damage":7.0,"enemies":"3 Darklings","floor":35.0,"turns":3.0},{"damage":0.0,"enemies":"Orb Walker","floor":36.0,"turns":1.0},{"damage":6.0,"enemies":"Transient","floor":38.0,"turns":5.0},{"damage":6.0,"enemies":"4 Shapes","floor":39.0,"turns":4.0},{"damage":0.0,"enemies":"3 Darklings","floor":42.0,"turns":2.0},{"damage":0.0,"enemies":"Maw","floor":45.0,"turns":6.0},{"damage":0.0,"enemies":"Sphere and 2 Shapes","floor":47.0,"turns":4.0},{"damage":0,"enemies":"Transient","floor":48,"turns":5},{"damage":31,"enemies":"Donu and Deca","floor":50,"turns":6}],"seed_played":"-7266316631824688766","potions_obtained":[{"floor":1.0,"key":"CultistPotion"},{"floor":6.0,"key":"Block Potion"},{"floor":8.0,"key":"SkillPotion"},{"floor":11.0,"key":"Weak Potion"},{"floor":19.0,"key":"CunningPotion"},{"floor":22.0,"key":"PowerPotion"},{"floor":27.0,"key":"PowerPotion"},{"floor":30.0,"key":"PowerPotion"},{"floor":36.0,"key":"SkillPotion"}],"is_trial":false,"path_per_floor":["M","M","M","M","$","E","R","M","T","R","M","M","E","M","R","B",null,"M","M","?","$","?","E","M","T","T","E","R","M","E","$","R","B",null,"M","M","$","M","M","R","$","M","T","R","M","R","M","M","R","B",null],"character_chosen":"THE_SILENT","items_purchased":["Oddly Smooth Stone","Acrobatics","Block Potion","Bandage Up","Gremlin Horn","TwistedFunnel","Swift Potion","LiquidMemories","Well Laid Plans+1"],"campfire_rested":2,"item_purchase_floors":[5,21,31,31,31,31,31,37,37],"current_hp_per_floor":[73,69,65,61,61,35,35,28,28,28,26,26,25,21,44,7,77,74,60,60,60,39,39,38,38,38,38,38,18,9,9,32,30,77,70,70,70,71,69,69,69,77,77,77,77,77,77,77,77,52],"gold":101,"neow_bonus":"TEN_PERCENT_HP_BONUS","is_daily":false,"chose_seed":false,"campfire_upgraded":7,"win_rate":0.0,"timestamp":1610654427,"path_taken":["M","M","M","M","$","E","R","M","T","R","M","M","E","M","R","BOSS","M","M","?","$","?","E","M","?","T","E","R","M","E","$","R","BOSS","M","M","$","?","M","R","$","M","T","R","M","R","M","M","R","BOSS"],"items_purchased_type":["Relic","Card","Potion","Card","Relic","Relic","Potion","Potion","Card"],"build_version":"2020-12-22","purchased_purges":4,"victory":true,"max_hp_per_floor":[77,77,77,77,77,77,77,77,77,77,77,77,77,77,77,77,77,77,77,77,77,77,77,77,77,77,77,77,77,77,77,77,77,77,77,77,77,77,77,77,77,77,77,77,77,77,77,77,77,77],"relic_stats":{"Gremlin Horn":[14,14],"counters":[29,137],"Pen Nib":[12],"PreservedInsect":0,"Smiling Mask":250,"obtain_stats":[{"TwistedFunnel":31,"Gremlin Horn":31,"Oddly Smooth Stone":5,"Vajra":26,"Pen Nib":30,"PreservedInsect":43,"Frozen Egg 2":6,"Smiling Mask":9,"Old Coin":25,"WristBlade":17,"Red Mask":22,"Bag of Marbles":23,"Coffee Dripper":34,"StrikeDummy":13,"InkBottle":27,"Ring of the Snake":0},{"TwistedFunnel":19,"Gremlin Horn":19,"Oddly Smooth Stone":4,"Vajra":16,"Pen Nib":19,"PreservedInsect":25,"Frozen Egg 2":5,"Smiling Mask":6,"Old Coin":16,"WristBlade":11,"Red Mask":14,"Bag of Marbles":15,"Coffee Dripper":20,"StrikeDummy":9,"InkBottle":17,"Ring of the Snake":0},{"TwistedFunnel":92,"Gremlin Horn":92,"Oddly Smooth Stone":18,"Vajra":80,"Pen Nib":92,"PreservedInsect":116,"Frozen Egg 2":31,"Smiling Mask":35,"Old Coin":80,"WristBlade":57,"Red Mask":69,"Bag of Marbles":75,"Coffee Dripper":101,"StrikeDummy":44,"InkBottle":83,"Ring of the Snake":0}],"InkBottle":[29],"Ring of the Snake":[58]},"card_choices":[{"not_picked":["Distraction","Masterful Stab"],"picked":"Flying Knee","floor":1.0},{"not_picked":["Dodge and Roll","Outmaneuver"],"picked":"Crippling Poison","floor":2.0},{"not_picked":["Flying Knee","Heel Hook"],"picked":"Finisher","floor":3.0},{"not_picked":["Underhanded Strike","Blur"],"picked":"PiercingWail","floor":4.0},{"not_picked":["Predator","Deflect"],"picked":"Burst","floor":6.0},{"not_picked":["Slice","Quick Slash"],"picked":"Blade Dance","floor":8.0},{"not_picked":["Prepared","Masterful Stab"],"picked":"Dagger Spray","floor":11.0},{"not_picked":["Backflip","Slice"],"picked":"Accuracy+1","floor":12.0},{"not_picked":["Prepared","Quick Slash"],"picked":"Blur","floor":13.0},{"not_picked":["PiercingWail","A Thousand Cuts+1"],"picked":"Blade Dance","floor":14.0},{"not_picked":["Malaise","Unload"],"picked":"Glass Knife","floor":16.0},{"not_picked":["Underhanded Strike","Choke","Flying Knee"],"picked":"SKIP","floor":18.0},{"not_picked":["Flechettes+1","Deadly Poison+1"],"picked":"Blur","floor":19.0},{"not_picked":["Underhanded Strike","Bane"],"picked":"Cloak And Dagger+1","floor":22.0},{"not_picked":["Finisher","Flying Knee"],"picked":"Deflect","floor":23.0},{"not_picked":["Sucker Punch","Dagger Throw"],"picked":"Prepared+1","floor":24.0},{"not_picked":["Noxious Fumes+1","Night Terror","Predator"],"picked":"SKIP","floor":27.0},{"not_picked":["Bouncing Flask","Blade Dance"],"picked":"Terror","floor":29.0},{"not_picked":["Predator+1","Escape Plan","Slice+1"],"picked":"SKIP","floor":30.0},{"not_picked":["Malaise","Venomology"],"picked":"After Image+1","floor":33.0},{"not_picked":["Bane","Outmaneuver"],"picked":"Acrobatics","floor":35.0},{"not_picked":["Finisher","Dodge and Roll","PiercingWail"],"picked":"SKIP","floor":36.0},{"not_picked":["PiercingWail+1","Riddle With Holes+1","Reflex"],"picked":"SKIP","floor":38.0},{"not_picked":["Sucker Punch","Acrobatics+1","Slice"],"picked":"SKIP","floor":39.0},{"not_picked":["Tactician+1","Blade Dance","PiercingWail+1"],"picked":"SKIP","floor":42.0},{"not_picked":["Dagger Spray+1","Blade Dance+1"],"picked":"Venomology","floor":45.0},{"not_picked":["Slice","Choke+1","Riddle With Holes+1"],"picked":"SKIP","floor":47.0},{"not_picked":["Outmaneuver+1","Dagger Spray"],"picked":"Leg Sweep+1","floor":48}],"player_experience":273556,"relics_obtained":[{"floor":6.0,"key":"Frozen Egg 2"},{"floor":9.0,"key":"Smiling Mask"},{"floor":13.0,"key":"StrikeDummy"},{"floor":22.0,"key":"Red Mask"},{"floor":23.0,"key":"Bag of Marbles"},{"floor":25.0,"key":"Old Coin"},{"floor":26.0,"key":"Vajra"},{"floor":27.0,"key":"InkBottle"},{"floor":30.0,"key":"Pen Nib"},{"floor":43.0,"key":"PreservedInsect"}],"event_choices":[{"damage_healed":0.0,"max_hp_gain":0.0,"max_hp_loss":0.0,"gold_gain":0.0,"event_name":"Back to Basics","player_choice":"Simplicity","floor":20.0,"gold_loss":0.0,"damage_taken":0.0,"cards_upgraded":["Strike_G","Strike_G","Strike_G","Strike_G","Strike_G","Defend_G","Defend_G","Defend_G","Defend_G","Defend_G"]},{"damage_healed":0.0,"max_hp_gain":0.0,"max_hp_loss":0.0,"gold_gain":0.0,"event_name":"Masked Bandits","player_choice":"Fought Bandits","floor":22.0,"gold_loss":0.0,"damage_taken":0.0}],"is_beta":false,"boss_relics":[{"not_picked":["Ring of the Serpent","Runic Dome"],"picked":"WristBlade"},{"not_picked":["Tiny House","Astrolabe"],"picked":"Coffee Dripper"}],"items_purged_floors":[21,31,37,41],"is_endless":false,"potions_floor_spawned":[1,6,8,11,19,22,27,30,36,47,48],"ascension_level":3}}