{"host":"kig4ty9d1aubg29s","time":1610628127,"event":{"mods":["BaseMod","Minty Spire (QoL Compilation)","READ ME - Guardian Mod","READ ME - Snecko Mod","StSLib","The Cursed","The Gatherer","The Hierophant","The Runesmith"],"gold_per_floor":[116,116,116,166,185,185,197,197,197,225,225,238,238,273,273,351,351,351,363,363,363,363,391,391,419,419,53,53,64,25,41,41,41,41],"floor_reached":33,"language":"KOR","playtime":979,"items_purged":[],"score":582,"play_id":"9c08caf9-4f6b-4687-ae5c-7fcd5cc05185","local_time":"20210114214207","is_ascension_mode":true,"campfire_choices":[{"floor":6,"key":"REST"},{"floor":8,"key":"REST"},{"floor":15,"key":"REST"},{"floor":24,"key":"REST"},{"floor":28,"key":"REST"},{"data":"Defragment","floor":32,"key":"SMITH"}],"circlet_count":0,"master_deck":["AscendersBane","Strike_B+1","Strike_B+1","Strike_B","Defend_B","Defend_B","Zap","Dualcast","Amplify","Ball Lightning","Heatsinks","Thunder Strike","Cold Snap","Sweeping Beam","Electrodynamics","Heatsinks","Rebound","Defragment","White Noise","Defragment","Static Discharge+1","Defragment+1","Stack+1"],"relics":["Cracked Core","Sundial","Whetstone","Bronze Scales","Kunai","Happy Flower","Nuclear Battery","Anchor","Omamori","Mercury Hourglass","Toy Ornithopter","PreservedInsect"],"acts_visited":["Exordium","TheCity"],"potions_floor_usage":[14,14,18,19,31,31],"damage_taken":[{"damage":1,"enemies":"2 Louse","floor":1,"turns":3},{"damage":10,"enemies":"Small Slimes","floor":5,"turns":3},{"damage":1,"enemies":"Cultist","floor":7,"turns":3},{"damage":41,"enemies":"Gremlin Nob","floor":10,"turns":4},{"damage":9,"enemies":"Looter","floor":12,"turns":2},{"damage":12,"enemies":"3 Sentries","floor":14,"turns":5},{"damage":26,"enemies":"Hexaghost","floor":16,"turns":9},{"damage":0,"enemies":"Chosen","floor":18,"turns":2},{"damage":7,"enemies":"3 Byrds","floor":19,"turns":3},{"damage":39,"enemies":"Gremlin Leader","floor":23,"turns":6},{"damage":20,"enemies":"Slavers","floor":25,"turns":3},{"damage":14,"enemies":"Centurion and Healer","floor":29,"turns":4},{"damage":0,"enemies":"Chosen and Byrds","floor":31,"turns":3},{"damage":89,"enemies":"Champ","floor":33,"turns":7}],"seed_played":"2454801718981741430","potions_obtained":[{"floor":1,"key":"SkillPotion"},{"floor":12,"key":"DuplicationPotion"},{"floor":14,"key":"SmokeBomb"},{"floor":16,"key":"Explosive Potion"},{"floor":23,"key":"SkillPotion"},{"floor":25,"key":"Swift Potion"},{"floor":29,"key":"SteroidPotion"}],"is_trial":false,"path_per_floor":["M","?","?","?","M","R","M","R","T","E","?","M","?","E","R","B",null,"M","M","?","?","?","E","R","E","T","$","R","M","$","M","R","B"],"character_chosen":"DEFECT","items_purchased":["Toy Ornithopter","Defragment","PreservedInsect","Defragment"],"campfire_rested":5,"item_purchase_floors":[27,27,27,30],"current_hp_per_floor":[63,45,45,38,28,49,48,69,69,28,28,19,19,7,28,2,54,54,47,47,47,81,42,66,46,46,46,70,56,56,66,66,0,0],"gold":41,"neow_bonus":"ONE_RANDOM_RARE_CARD","is_daily":false,"chose_seed":false,"campfire_upgraded":1,"win_rate":0.0,"timestamp":1610628127,"path_taken":["M","?","?","?","?","R","M","R","T","E","?","?","?","E","R","BOSS","M","?","?","?","?","E","R","E","T","$","R","?","?","M","R","BOSS"],"items_purchased_type":["Relic","Card","Relic","Card"],"build_version":"2020-12-22","purchased_purges":0,"victory":false,"max_hp_per_floor":[71,71,71,71,71,71,71,71,71,71,71,71,71,71,71,71,71,71,71,71,71,81,81,81,81,81,81,81,81,81,81,81,81,81],"card_choices":[{"not_picked":["Lockon","Sweeping Beam"],"picked":"Ball Lightning","floor":1},{"not_picked":["Steam","Beam Cell"],"picked":"Heatsinks","floor":5},{"not_picked":["Beam Cell","Gash"],"picked":"Thunder Strike","floor":7},{"not_picked":["Streamline","Reprogram"],"picked":"Cold Snap","floor":10},{"not_picked":["Beam Cell","Blizzard"],"picked":"Streamline","floor":12},{"not_picked":["Hello World","Rebound"],"picked":"Sweeping Beam","floor":14},{"not_picked":["Seek","Creative AI"],"picked":"Electrodynamics","floor":16},{"not_picked":["Coolheaded","Leap"],"picked":"Heatsinks","floor":19},{"not_picked":["Consume","Ball Lightning"],"picked":"Defragment","floor":23},{"not_picked":["Steam Power+1","Darkness"],"picked":"White Noise","floor":25},{"not_picked":["Steam+1","Reprogram"],"picked":"Static Discharge+1","floor":29},{"not_picked":["Skim","Sweeping Beam"],"picked":"Stack+1","floor":31}],"player_experience":1950420,"relics_obtained":[{"floor":9,"key":"Whetstone"},{"floor":10,"key":"Bronze Scales"},{"floor":14,"key":"Happy Flower"},{"floor":23,"key":"Anchor"},{"floor":25,"key":"Omamori"},{"floor":26,"key":"Mercury Hourglass"}],"event_choices":[{"damage_healed":0,"gold_gain":0,"player_choice":"Success","damage_taken":18,"relics_obtained":["Sundial"],"max_hp_gain":0,"max_hp_loss":0,"event_name":"Scrap Ooze","floor":2,"gold_loss":0},{"damage_healed":0,"gold_gain":0,"player_choice":"Ignored","damage_taken":0,"max_hp_gain":0,"max_hp_loss":0,"event_name":"Shining Light","floor":3,"gold_loss":0},{"damage_healed":0,"gold_gain":50,"player_choice":"Touch","damage_taken":7,"max_hp_gain":0,"max_hp_loss":0,"event_name":"FaceTrader","floor":4,"gold_loss":0},{"cards_removed":["Defend_B"],"damage_healed":0,"gold_gain":0,"player_choice":"Purged","damage_taken":0,"max_hp_gain":0,"max_hp_loss":0,"event_name":"Purifier","floor":11,"gold_loss":0},{"cards_removed":["Streamline"],"damage_healed":0,"gold_gain":0,"player_choice":"Gave Card","damage_taken":0,"relics_obtained":["Kunai"],"max_hp_gain":0,"max_hp_loss":0,"event_name":"WeMeetAgain","floor":13,"gold_loss":0},{"damage_healed":0,"gold_gain":0,"player_choice":"Ignored","damage_taken":0,"max_hp_gain":0,"max_hp_loss":0,"event_name":"Beggar","floor":20,"gold_loss":0},{"damage_healed":0,"gold_gain":0,"cards_transformed":["Defend_B","Strike_B"],"player_choice":"Became Test Subject","damage_taken":0,"max_hp_gain":0,"max_hp_loss":0,"event_name":"Drug Dealer","floor":21,"gold_loss":0,"cards_obtained":["Rebound","Biased Cognition"]},{"cards_removed":["Biased Cognition"],"damage_healed":24,"gold_gain":0,"player_choice":"Offered Rare","damage_taken":0,"max_hp_gain":10,"max_hp_loss":0,"event_name":"Bonfire Elementals","floor":22,"gold_loss":0}],"is_beta":false,"boss_relics":[{"not_picked":["Pandora\u0027s Box","Runic Pyramid"],"picked":"Nuclear Battery"}],"items_purged_floors":[],"is_endless":false,"potions_floor_spawned":[1,12,14,16,23,25,29],"killed_by":"Champ","ascension_level":20}}