{"host":"bf1tnxyvjw6wp3cl","time":1610593890,"event":{"mods":["AchievementEnabler","BaseMod","Better Third Choice","Block Reminder","Colored Powertips","Curses Come First","Minty Spire (QoL Compilation)","Quick Restart","Relic Stats","StSLib","SuperFastMode"],"gold_per_floor":[111,125,200,47,47,75,75,100,176,186,221,233,248,260,260,356,356,367,386,309,336,251,278,296,296,296,296,296,316,316,329,329,430,430,459,471,499,524,547,559,583,595,607,619,681,711,743,79,79,79,79],"floor_reached":50,"language":"ENG","playtime":1792,"items_purged":["Defend_R"],"score":562,"play_id":"6806676f-b90a-40cd-ace6-12b785b5dff5","local_time":"20210113221130","is_ascension_mode":true,"campfire_choices":[{"floor":7.0,"key":"REST"},{"floor":15.0,"key":"REST"},{"floor":27,"key":"REST"},{"floor":32,"key":"REST"},{"floor":40,"key":"REST"},{"floor":42,"key":"REST"},{"data":"Brutality","floor":44,"key":"SMITH"},{"floor":49,"key":"REST"}],"circlet_count":0,"master_deck":["Strike_R","Strike_R","Strike_R","Strike_R","Strike_R","Defend_R","Defend_R","Defend_R","Bash","Flex","Sword Boomerang","Rupture","Brutality+1","Warcry","Sword Boomerang","Clash","Double Tap","Perfected Strike","Cleave","Rage","Impervious","Blood for Blood","Heavy Blade+1","Rupture+1","Thunderclap","Dropkick","Rage","Clash","J.A.X.","Sword Boomerang","Double Tap","CurseOfTheBell","Twin Strike","Seeing Red+1","Metallicize+1","Dropkick+1","Anger","Dual Wield+1","Pummel","Thunderclap+1","Metallicize+1","Blood for Blood","Shrug It Off","Secret Weapon"],"relics":["Burning Blood","Pen Nib","Frozen Egg 2","Gremlin Horn","Akabeko","Black Star","Red Mask","Vajra","Tiny Chest","Sundial","Charon\u0027s Ashes","Calling Bell","MawBank","HornCleat","Champion Belt","Bottled Lightning","Question Card","TungstenRod","Shuriken"],"acts_visited":["Exordium","TheCity","TheBeyond"],"potions_floor_usage":[33,33,39,39,41,50,50,50],"damage_taken":[{"damage":0.0,"enemies":"2 Louse","floor":1.0,"turns":4.0},{"damage":1.0,"enemies":"Jaw Worm","floor":2.0,"turns":4.0},{"damage":58.0,"enemies":"3 Sentries","floor":6.0,"turns":8.0},{"damage":22.0,"enemies":"Lagavulin","floor":8.0,"turns":4.0},{"damage":0.0,"enemies":"Cultist","floor":10.0,"turns":2.0},{"damage":25.0,"enemies":"3 Sentries","floor":11.0,"turns":7.0},{"damage":0.0,"enemies":"Gremlin Gang","floor":12.0,"turns":1.0},{"damage":0.0,"enemies":"Large Slime","floor":13.0,"turns":3.0},{"damage":0.0,"enemies":"2 Fungi Beasts","floor":14.0,"turns":1.0},{"damage":30.0,"enemies":"Hexaghost","floor":16.0,"turns":8.0},{"damage":12.0,"enemies":"Spheric Guardian","floor":18.0,"turns":3.0},{"damage":19.0,"enemies":"Chosen","floor":19.0,"turns":6.0},{"damage":43.0,"enemies":"Masked Bandits","floor":21.0,"turns":5.0},{"damage":23,"enemies":"Slavers","floor":23,"turns":6},{"damage":0,"enemies":"Centurion and Healer","floor":24,"turns":6},{"damage":4,"enemies":"Cultist and Chosen","floor":29,"turns":4},{"damage":10,"enemies":"Snake Plant","floor":31,"turns":4},{"damage":42,"enemies":"Collector","floor":33,"turns":4},{"damage":18,"enemies":"3 Shapes","floor":35,"turns":3},{"damage":23,"enemies":"3 Darklings","floor":37,"turns":4},{"damage":16,"enemies":"Spire Growth","floor":38,"turns":4},{"damage":20,"enemies":"Maw","floor":39,"turns":6},{"damage":29,"enemies":"4 Shapes","floor":41,"turns":2},{"damage":18,"enemies":"Mind Bloom Boss Battle","floor":45,"turns":4},{"damage":15,"enemies":"Spire Growth","floor":46,"turns":3},{"damage":13,"enemies":"3 Darklings","floor":47,"turns":5},{"damage":62,"enemies":"Awakened One","floor":50,"turns":7}],"seed_played":"-6623739412821971096","potions_obtained":[{"floor":0.0,"key":"HeartOfIron"},{"floor":0.0,"key":"ColorlessPotion"},{"floor":0.0,"key":"DistilledChaos"},{"floor":6.0,"key":"AttackPotion"},{"floor":10.0,"key":"SkillPotion"},{"floor":12.0,"key":"Regen Potion"},{"floor":24,"key":"Strength Potion"},{"floor":31,"key":"SkillPotion"},{"floor":33,"key":"Weak Potion"},{"floor":37,"key":"LiquidBronze"},{"floor":38,"key":"SkillPotion"},{"floor":46,"key":"Strength Potion"},{"floor":47,"key":"EssenceOfSteel"}],"is_trial":false,"path_per_floor":["M","M","?","$","?","E","R","E","T","M","E","M","M","M","R","B",null,"M","M","$","?","?","E","M","$","T","R","?","M","?","M","R","B",null,"M","T","M","M","M","R","M","R","T","R","?","M","M","$","R","B"],"character_chosen":"IRONCLAD","items_purchased":["Rupture","Rupture+1","Metallicize+1","Shuriken","Blood for Blood","Shrug It Off","Secret Weapon","Energy Potion"],"campfire_rested":7,"item_purchase_floors":[4,20,48,48,48,48,48,48],"current_hp_per_floor":[80,80,69,69,69,17,41,25,25,31,12,18,24,30,54,45,80,74,61,61,24,24,7,13,13,13,37,37,39,39,35,59,23,80,68,68,51,41,27,51,28,52,52,52,40,31,24,24,48,0,0],"gold":79,"neow_bonus":"THREE_SMALL_POTIONS","is_daily":false,"chose_seed":false,"campfire_upgraded":1,"win_rate":0.0,"timestamp":1610593890,"path_taken":["M","M","?","$","?","E","R","E","T","M","E","M","M","?","R","BOSS","M","?","$","?","?","E","M","$","T","R","?","?","?","M","R","BOSS","M","?","?","?","M","R","M","R","T","R","?","M","M","$","R","BOSS"],"items_purchased_type":["Card","Card","Card","Relic","Card","Card","Card","Potion"],"build_version":"2020-12-22","purchased_purges":1,"victory":false,"max_hp_per_floor":[80,80,80,80,80,80,80,80,80,80,80,80,80,80,80,80,80,80,80,80,80,80,80,80,80,80,80,80,80,80,80,80,80,80,80,80,80,80,80,80,80,80,80,80,80,80,80,80,80,80,80],"relic_stats":{"Gremlin Horn":[31,31],"counters":[27,118],"Pen Nib":[22],"Charon\u0027s Ashes":[86],"MawBank":168,"Question Card":3,"Burning Blood":145,"Sundial":[0],"Shuriken":[3],"Tiny Chest":1,"Black Star":1,"Champion Belt":[18],"obtain_stats":[{"Gremlin Horn":9,"Vajra":22,"Pen Nib":6,"Charon\u0027s Ashes":26,"Frozen Egg 2":8,"MawBank":34,"Question Card":43,"Burning Blood":0,"Akabeko":11,"Calling Bell":34,"HornCleat":34,"Sundial":23,"Shuriken":48,"Tiny Chest":23,"Black Star":17,"Red Mask":21,"Champion Belt":34,"Bottled Lightning":36,"TungstenRod":45},{"Gremlin Horn":4,"Vajra":13,"Pen Nib":3,"Charon\u0027s Ashes":15,"Frozen Egg 2":4,"MawBank":18,"Question Card":23,"Burning Blood":0,"Akabeko":6,"Calling Bell":18,"HornCleat":18,"Sundial":14,"Shuriken":26,"Tiny Chest":14,"Black Star":10,"Red Mask":13,"Champion Belt":18,"Bottled Lightning":19,"TungstenRod":24},{"Gremlin Horn":20,"Vajra":56,"Pen Nib":16,"Charon\u0027s Ashes":68,"Frozen Egg 2":20,"MawBank":80,"Question Card":99,"Burning Blood":0,"Akabeko":29,"Calling Bell":80,"HornCleat":80,"Sundial":62,"Shuriken":111,"Tiny Chest":62,"Black Star":42,"Red Mask":56,"Champion Belt":80,"Bottled Lightning":83,"TungstenRod":103}],"TungstenRod":24},"card_choices":[{"not_picked":["Infernal Blade","Berserk"],"picked":"Flex","floor":1.0},{"not_picked":["Disarm","Pommel Strike"],"picked":"Sword Boomerang","floor":2.0},{"not_picked":["Ghostly Armor","Havoc"],"picked":"Warcry","floor":6.0},{"not_picked":["Shrug It Off","Clash"],"picked":"Sword Boomerang","floor":8.0},{"not_picked":["Wild Strike","Perfected Strike"],"picked":"Clash","floor":10.0},{"not_picked":["Twin Strike","Headbutt"],"picked":"Double Tap","floor":11.0},{"not_picked":["Havoc","Armaments"],"picked":"Perfected Strike","floor":12.0},{"not_picked":["Shrug It Off","Headbutt"],"picked":"Cleave","floor":13.0},{"not_picked":["Havoc","Body Slam"],"picked":"Rage","floor":14.0},{"not_picked":["Offering","Barricade+1"],"picked":"Impervious","floor":16.0},{"not_picked":["Clash","Shrug It Off"],"picked":"Blood for Blood","floor":18.0},{"not_picked":["Spot Weakness","Twin Strike"],"picked":"Heavy Blade+1","floor":19.0},{"not_picked":["Shrug It Off","Headbutt"],"picked":"Thunderclap","floor":21.0},{"not_picked":["Whirlwind+1","Armaments+1"],"picked":"Dropkick","floor":23},{"not_picked":["Ghostly Armor","Intimidate"],"picked":"Rage","floor":24},{"not_picked":["Searing Blow","Havoc"],"picked":"Clash","floor":29},{"not_picked":["Sever Soul+1","True Grit+1"],"picked":"Sword Boomerang","floor":31},{"not_picked":["Reaper","Demon Form+1"],"picked":"Double Tap","floor":33},{"not_picked":["Flame Barrier","Headbutt"],"picked":"Twin Strike","floor":35},{"not_picked":["Rampage","Infernal Blade+1"],"picked":"Seeing Red+1","floor":37},{"not_picked":["Armaments+1","Pummel+1"],"picked":"Metallicize+1","floor":38},{"not_picked":["Body Slam+1","Warcry"],"picked":"Dropkick+1","floor":39},{"not_picked":["Headbutt","Heavy Blade"],"picked":"Anger","floor":41},{"not_picked":["Searing Blow+1","Clash+1","Blood for Blood"],"picked":"Dual Wield+1","floor":45},{"not_picked":["Pommel Strike+1","Dark Embrace+1","Armaments"],"picked":"Pummel","floor":46},{"not_picked":["Berserk+1","Disarm+1","Clash+1"],"picked":"Thunderclap+1","floor":47}],"player_experience":169246,"relics_obtained":[{"floor":6.0,"key":"Pen Nib"},{"floor":8.0,"key":"Frozen Egg 2"},{"floor":9.0,"key":"Gremlin Horn"},{"floor":11.0,"key":"Akabeko"},{"floor":21.0,"key":"Red Mask"},{"floor":23,"key":"Tiny Chest"},{"floor":23,"key":"Sundial"},{"floor":26,"key":"Charon\u0027s Ashes"},{"floor":34,"key":"MawBank"},{"floor":34,"key":"HornCleat"},{"floor":34,"key":"Champion Belt"},{"floor":36,"key":"Bottled Lightning"},{"floor":43,"key":"Question Card"},{"floor":45,"key":"TungstenRod"}],"event_choices":[{"damage_healed":0.0,"max_hp_gain":0.0,"max_hp_loss":0.0,"gold_gain":75.0,"event_name":"betterThird:BetterGoop","player_choice":"Gold","floor":3.0,"gold_loss":0.0,"damage_taken":11.0},{"damage_healed":0.0,"max_hp_gain":0.0,"max_hp_loss":0.0,"gold_gain":0.0,"event_name":"Match and Keep!","player_choice":"1 cards matched","floor":5.0,"gold_loss":0.0,"damage_taken":0.0,"cards_obtained":["Brutality"]},{"damage_healed":0.0,"max_hp_gain":0.0,"max_hp_loss":0.0,"gold_gain":0.0,"event_name":"Masked Bandits","player_choice":"Fought Bandits","floor":21.0,"gold_loss":0.0,"damage_taken":0.0},{"damage_healed":0.0,"max_hp_gain":0.0,"max_hp_loss":0.0,"gold_gain":0.0,"event_name":"Addict","player_choice":"Obtained Relic","floor":22.0,"gold_loss":85.0,"damage_taken":0.0,"relics_obtained":["Vajra"]},{"damage_healed":0,"gold_gain":0,"player_choice":"Ignored","damage_taken":0,"max_hp_gain":0,"max_hp_loss":0,"event_name":"Vampires","floor":28,"gold_loss":0},{"damage_healed":0,"gold_gain":0,"player_choice":"Obtain J.A.X.","damage_taken":0,"max_hp_gain":0,"max_hp_loss":0,"event_name":"Drug Dealer","floor":30,"gold_loss":0,"cards_obtained":["J.A.X."]},{"damage_healed":0,"gold_gain":0,"player_choice":"Fight","damage_taken":0,"max_hp_gain":0,"max_hp_loss":0,"event_name":"MindBloom","floor":45,"gold_loss":0}],"is_beta":false,"boss_relics":[{"not_picked":["Snecko Eye","Busted Crown"],"picked":"Black Star"},{"not_picked":["Cursed Key","Black Blood"],"picked":"Calling Bell"}],"items_purged_floors":[4],"is_endless":false,"potions_floor_spawned":[6,10,12,24,31,33,37,38,46,47],"killed_by":"Awakened One","ascension_level":1}}