{"host":"obplhmlw33xb91v8","time":1610632751,"event":{"mods":["BaseMod","Curses Come First","Evolution","Minty Spire (QoL Compilation)","Quick Restart","Relic Stats","Spicy Shops","StSLib","Uncapped","Waifu the Spire","slay the spire mod where everything is the same but ironclad has a cowboy hat"],"gold_per_floor":[113,31,44,44,55,55,81,81,130,130,163,174,191,156,156,258,258,270,545,561,251,14,14,45,63,63,63,63,63,63],"floor_reached":29,"language":"ENG","playtime":1052,"items_purged":["Shame"],"score":350,"play_id":"b16160f1-880b-40c8-8c7b-d128422b8eca","local_time":"20210114085911","is_ascension_mode":true,"campfire_choices":[{"data":"Leg Sweep","floor":6,"key":"SMITH"},{"data":"Glass Knife","floor":8,"key":"SMITH"},{"data":"Envenom","floor":15,"key":"SMITH"},{"data":"Adrenaline","floor":23,"key":"SMITH"}],"circlet_count":0,"master_deck":["Dagger Spray","Survivor","Neutralize","Leg Sweep+1","Accuracy","Glass Knife+1","Infinite Blades","Dodge and Roll","Envenom+1","Glass Knife","Distraction","Outmaneuver","Calculated Gamble","Outmaneuver","Venomology","Accuracy","Adrenaline+1","Finisher","Footwork","PiercingWail","Regret","Backflip","Accuracy","Caltrops","Sucker Punch","Decay"],"relics":["EVO:Axolotl","WristBlade","Mango","MealTicket","Pen Nib","Ornamental Fan","Pandora\u0027s Box","Blood Vial","Tingsha","Orichalcum","Strawberry"],"acts_visited":["Exordium","TheCity"],"potions_floor_usage":[7,7,7,16,18,27,27,29],"damage_taken":[{"damage":5,"enemies":"Cultist","floor":1,"turns":4},{"damage":4,"enemies":"Jaw Worm","floor":3,"turns":4},{"damage":1,"enemies":"2 Louse","floor":5,"turns":2},{"damage":13,"enemies":"Lagavulin","floor":7,"turns":10},{"damage":20,"enemies":"3 Sentries","floor":11,"turns":6},{"damage":11,"enemies":"Exordium Thugs","floor":12,"turns":4},{"damage":2,"enemies":"Looter","floor":13,"turns":3},{"damage":13,"enemies":"The Guardian","floor":16,"turns":11},{"damage":5,"enemies":"Chosen","floor":18,"turns":4},{"damage":32,"enemies":"3 Byrds","floor":20,"turns":5},{"damage":48,"enemies":"Gremlin Leader","floor":24,"turns":5},{"damage":7,"enemies":"Cultist and Chosen","floor":25,"turns":5},{"damage":8,"enemies":"Slavers","floor":27,"turns":2},{"damage":35,"enemies":"Book of Stabbing","floor":29,"turns":5}],"seed_played":"5145191867641454576","potions_obtained":[{"floor":3,"key":"Explosive Potion"},{"floor":5,"key":"EntropicBrew"},{"floor":11,"key":"SteroidPotion"},{"floor":18,"key":"SmokeBomb"},{"floor":24,"key":"Strength Potion"}],"is_trial":false,"path_per_floor":["M","$","M","$","M","R","E","R","T","T","E","M","M","?","R","B",null,"M","?","M","$","$","R","E","M","T","E","?","E"],"character_chosen":"THE_SILENT","items_purchased":["Mango","Blood Vial","Accuracy","Tingsha","Caltrops"],"campfire_rested":0,"item_purchase_floors":[2,21,21,22,22],"current_hp_per_floor":[65,79,75,75,74,74,61,61,61,61,41,30,28,49,49,36,84,79,79,47,62,77,77,31,26,33,27,27,0,0],"gold":63,"neow_bonus":"BOSS_RELIC","is_daily":false,"chose_seed":false,"campfire_upgraded":4,"win_rate":0.0,"timestamp":1610632751,"path_taken":["M","$","M","$","M","R","E","R","T","?","E","M","M","?","R","BOSS","M","?","M","?","$","R","E","M","T","E","?","E"],"items_purchased_type":["Relic","Relic","Card","Relic","Card"],"build_version":"2020-12-22","purchased_purges":1,"victory":false,"max_hp_per_floor":[70,84,84,84,84,84,84,84,84,84,84,84,84,84,84,84,84,84,84,84,84,84,84,84,84,91,91,91,91,91],"relic_stats":{"Blood Vial":8,"counters":[14,70],"Ornamental Fan":[40],"MealTicket":30,"Pandora\u0027s Box":["Distraction","Outmaneuver","Calculated Gamble","Outmaneuver","Venomology","Accuracy","Adrenaline","Finisher","Footwork"],"Tingsha":[51],"Pen Nib":[8],"Orichalcum":[18],"obtain_stats":[{"Blood Vial":21,"WristBlade":0,"Ornamental Fan":11,"Strawberry":26,"Mango":2,"MealTicket":7,"Pandora\u0027s Box":17,"Tingsha":22,"Pen Nib":9,"EVO:Axolotl":0,"Orichalcum":24,"Ring of the Snake":0},{"Blood Vial":10,"WristBlade":0,"Ornamental Fan":5,"Strawberry":12,"Mango":1,"MealTicket":4,"Pandora\u0027s Box":8,"Tingsha":10,"Pen Nib":4,"EVO:Axolotl":0,"Orichalcum":11,"Ring of the Snake":0},{"Blood Vial":53,"WristBlade":0,"Ornamental Fan":26,"Strawberry":63,"Mango":4,"MealTicket":20,"Pandora\u0027s Box":44,"Tingsha":53,"Pen Nib":20,"EVO:Axolotl":0,"Orichalcum":58,"Ring of the Snake":0}]},"card_choices":[{"not_picked":["PiercingWail","Deadly Poison"],"picked":"Leg Sweep","floor":1},{"not_picked":["Escape Plan","Poisoned Stab"],"picked":"Accuracy","floor":3},{"not_picked":["Dagger Spray","Expertise","Deadly Poison"],"picked":"SKIP","floor":5},{"not_picked":["Prepared","Blur"],"picked":"Glass Knife","floor":7},{"not_picked":["Tactician","Bane"],"picked":"Infinite Blades","floor":11},{"not_picked":["Endless Agony","Underhanded Strike"],"picked":"Dodge and Roll","floor":12},{"not_picked":["Slice","Dagger Spray"],"picked":"Envenom","floor":13},{"not_picked":["Storm of Steel","Envenom"],"picked":"Glass Knife","floor":16},{"not_picked":["Quick Slash","Dagger Spray"],"picked":"PiercingWail","floor":18},{"not_picked":["Dagger Throw","Flying Knee"],"picked":"Backflip","floor":20},{"not_picked":["Tools of the Trade","Catalyst+1","Outmaneuver+1"],"picked":"SKIP","floor":24},{"not_picked":["Reflex","Catalyst"],"picked":"Sucker Punch","floor":25}],"player_experience":184126,"relics_obtained":[{"floor":7,"key":"MealTicket"},{"floor":9,"key":"Pen Nib"},{"floor":11,"key":"Ornamental Fan"},{"floor":24,"key":"Orichalcum"},{"floor":26,"key":"Strawberry"}],"event_choices":[{"damage_healed":21,"gold_gain":0,"player_choice":"Healed","damage_taken":0,"max_hp_gain":0,"max_hp_loss":0,"event_name":"The Cleric","floor":14,"gold_loss":35},{"damage_healed":0,"gold_gain":275,"player_choice":"Desecrate","damage_taken":0,"max_hp_gain":0,"max_hp_loss":0,"event_name":"Golden Shrine","floor":19,"gold_loss":0,"cards_obtained":["Regret"]},{"damage_healed":0,"gold_gain":0,"player_choice":"Smashed Altar","damage_taken":0,"max_hp_gain":0,"max_hp_loss":0,"event_name":"Forgotten Altar","floor":28,"gold_loss":0,"cards_obtained":["Decay"]}],"is_beta":false,"boss_relics":[{"not_picked":["Coffee Dripper","Empty Cage"],"picked":"Pandora\u0027s Box"}],"items_purged_floors":[22],"is_endless":false,"potions_floor_spawned":[3,5,11,18,20,24],"killed_by":"Book of Stabbing","ascension_level":4}}