{"host":"xi8yg1ddhptuxb9d","time":1610667752,"event":{"mods":["AchievementEnabler","AlwaysNeverKeys","BaseMod","Block Reminder","Minty Spire (QoL Compilation)","Relic Sorter","StSLib"],"gold_per_floor":[111,121,196,196,207,207,236,511,511,524,524,108,120,60,60,135,135,155,155,155,155,155],"floor_reached":21,"language":"ENG","playtime":897,"items_purged":["Regret"],"score":458,"play_id":"e02e4179-8b1d-435a-9f4d-5dc8b3470f7e","local_time":"20210114184232","is_ascension_mode":true,"campfire_choices":[{"data":"MentalFortress","floor":6.0,"key":"SMITH"},{"floor":15.0,"key":"REST"}],"circlet_count":0,"master_deck":["AscendersBane","Strike_P","Strike_P","Strike_P","Strike_P","Defend_P","Defend_P","Defend_P","Defend_P","Eruption+1","Vigilance","MentalFortress+1","EmptyFist","Protect","EmptyBody","FollowUp","Chrysalis","Consecrate","BowlingBash","Scrawl","EmptyBody+1"],"relics":["HolyWater","Singing Bowl","Omamori"],"acts_visited":["Exordium","TheCity"],"potions_floor_usage":[21],"damage_taken":[{"damage":4.0,"enemies":"2 Louse","floor":1.0,"turns":3.0},{"damage":9.0,"enemies":"Cultist","floor":2.0,"turns":4.0},{"damage":0.0,"enemies":"Small Slimes","floor":5.0,"turns":3.0},{"damage":8.0,"enemies":"Lagavulin","floor":7.0,"turns":7.0},{"damage":10.0,"enemies":"Blue Slaver","floor":10.0,"turns":8.0},{"damage":0.0,"enemies":"Lots of Slimes","floor":11.0,"turns":1.0},{"damage":0.0,"enemies":"Exordium Thugs","floor":13.0,"turns":4.0},{"damage":7.0,"enemies":"Looter","floor":14.0,"turns":5.0},{"damage":0.0,"enemies":"Slime Boss","floor":16.0,"turns":6.0},{"damage":24.0,"enemies":"Shell Parasite","floor":18.0,"turns":4.0},{"damage":65,"enemies":"Chosen","floor":21,"turns":10}],"seed_played":"-6935101723679963737","potions_obtained":[{"floor":2.0,"key":"Dexterity Potion"},{"floor":5.0,"key":"DistilledChaos"},{"floor":10.0,"key":"SmokeBomb"},{"floor":13.0,"key":"Strength Potion"},{"floor":16.0,"key":"BottledMiracle"}],"is_trial":false,"path_per_floor":["M","M","?","?","M","R","E","?","T","M","M","$","M","M","R","B",null,"M","?","?","M"],"character_chosen":"WATCHER","items_purchased":["DuplicationPotion","FollowUp","Chrysalis"],"campfire_rested":1,"item_purchase_floors":[12,12,12],"current_hp_per_floor":[63,54,43,43,43,43,35,35,35,27,27,27,27,20,42,42,68,44,59,59,0,0],"gold":155,"neow_bonus":"TEN_PERCENT_HP_BONUS","is_daily":false,"chose_seed":false,"campfire_upgraded":1,"win_rate":0.0,"timestamp":1610667752,"path_taken":["M","M","?","?","?","R","E","?","T","?","M","$","M","M","R","BOSS","M","?","?","M"],"items_purchased_type":["Potion","Card","Card"],"build_version":"2020-12-22","purchased_purges":1,"victory":false,"max_hp_per_floor":[74,74,74,74,74,74,74,74,74,76,76,76,76,76,76,76,76,76,76,76,76,76],"card_choices":[{"not_picked":["Halt","EmptyMind"],"picked":"MentalFortress","floor":1.0},{"not_picked":["FlyingSleeves","Protect"],"picked":"EmptyFist","floor":2.0},{"not_picked":["ForeignInfluence","CrushJoints"],"picked":"Protect","floor":5.0},{"not_picked":["Evaluate","Study"],"picked":"EmptyBody","floor":7.0},{"not_picked":["PathToVictory","FlyingSleeves","Evaluate"],"picked":"Singing Bowl","floor":10.0},{"not_picked":["Prostrate","Pray"],"picked":"Consecrate","floor":13.0},{"not_picked":["Study","Evaluate"],"picked":"BowlingBash","floor":14.0},{"not_picked":["LessonLearned","SpiritShield"],"picked":"Scrawl","floor":16.0},{"not_picked":["EmptyFist+1","JustLucky+1"],"picked":"EmptyBody+1","floor":18.0}],"player_experience":639585,"relics_obtained":[{"floor":7.0,"key":"Singing Bowl"},{"floor":9.0,"key":"Omamori"}],"event_choices":[{"damage_healed":0.0,"max_hp_gain":0.0,"max_hp_loss":0.0,"gold_gain":75.0,"event_name":"World of Goop","player_choice":"Gather Gold","floor":3.0,"gold_loss":0.0,"damage_taken":11.0},{"damage_healed":0.0,"max_hp_gain":0.0,"max_hp_loss":0.0,"gold_gain":0.0,"event_name":"Upgrade Shrine","player_choice":"Upgraded","floor":4.0,"gold_loss":0.0,"damage_taken":0.0,"cards_upgraded":["Eruption"]},{"damage_healed":0.0,"max_hp_gain":0.0,"max_hp_loss":0.0,"gold_gain":275.0,"event_name":"Golden Shrine","player_choice":"Desecrate","floor":8.0,"gold_loss":0.0,"damage_taken":0.0,"cards_obtained":["Regret"]},{"damage_healed":15.0,"max_hp_gain":0.0,"max_hp_loss":0.0,"gold_gain":0.0,"event_name":"The Library","player_choice":"Heal","floor":19.0,"gold_loss":0.0,"damage_taken":0.0},{"damage_healed":0.0,"max_hp_gain":0.0,"max_hp_loss":0.0,"gold_gain":0.0,"event_name":"Beggar","player_choice":"Ignored","floor":20.0,"gold_loss":0.0,"damage_taken":0.0}],"is_beta":false,"boss_relics":[{"not_picked":["Pandora\u0027s Box","Snecko Eye"],"picked":"HolyWater"}],"items_purged_floors":[12],"is_endless":false,"potions_floor_spawned":[2,5,10,13,16],"killed_by":"Chosen","ascension_level":20}}