{"host":"rz8ryyppw1rffr47","time":1610632023,"event":{"mods":["BaseMod","BetterRewards","Downfall","Googly Eyes","Minty Spire (QoL Compilation)","Quick Restart","Replay The Spire","StSLib","slay the spire mod where everything is the same but ironclad has a cowboy hat"],"gold_per_floor":[118,133,133,150,168,168,183,209,209,239,239,266,344,357,357,457,457,476,476,173,188,168,168,200,212,236,161,176,193,193,193,193,288,288,301,312,312,165,175,175,201,223,235,267,279,279],"floor_reached":45,"language":"ENG","playtime":2312,"items_purged":["Strike_R"],"score":662,"play_id":"123acea7-cd11-42e3-bffb-687e7f2f1342","local_time":"20210114134703","is_ascension_mode":false,"campfire_choices":[{"data":"Infernal Blade","floor":6.0,"key":"SMITH"},{"data":"Life Link","floor":11,"key":"SMITH"},{"floor":15,"key":"REST"},{"floor":23,"key":"REST"},{"floor":30,"key":"DIG"},{"floor":32,"key":"REST"}],"circlet_count":0,"master_deck":["Strike_R+2","Strike_R","Strike_R+1","Strike_R","Defend_R+1","Defend_R","Defend_R","Bash","Inflame","Flex","Battle Trance","Shrug It Off","Infernal Blade+1","Life Link+1","Heavy Blade","Twin Strike","Cleave","Hemogenesis","Whirlwind+1","Sword Boomerang","Clash+1","Sword Boomerang+1","Madness","Madness"],"relics":["Burning Blood","Magic Flower","FossilizedHelix","Replay:Accelerometer","Gremlin Horn","Replay:Ringing Soul","Gremlin Food","Ancient Tea Set","Replay:Multitool","Mirror","Happy Flower","Red Skull","Black Star","Nunchaku","CaptainsWheel","MawBank","Simple Rune"],"acts_visited":["Exordium","TheCity","TheBeyond"],"potions_floor_usage":[10,16,16,16,24,24,33,33,33,39],"damage_taken":[{"damage":0.0,"enemies":"2 Louse","floor":1.0,"turns":2.0},{"damage":0.0,"enemies":"Small Slimes","floor":2.0,"turns":3.0},{"damage":7.0,"enemies":"Jaw Worm","floor":4.0,"turns":3.0},{"damage":0.0,"enemies":"Looter","floor":5.0,"turns":2.0},{"damage":0.0,"enemies":"Blue Slaver","floor":7.0,"turns":2.0},{"damage":18,"enemies":"3 Sentries","floor":8,"turns":6},{"damage":18,"enemies":"Lagavulin","floor":10,"turns":4},{"damage":0,"enemies":"Replay:BlueRogue","floor":12,"turns":3},{"damage":0,"enemies":"Red Slaver","floor":14,"turns":2},{"damage":23,"enemies":"Fading Forest","floor":16,"turns":11},{"damage":43,"enemies":"2 Thieves","floor":18,"turns":3},{"damage":0,"enemies":"Spheric Guardian","floor":21,"turns":3},{"damage":48,"enemies":"Replay:Snechameleon","floor":24,"turns":6},{"damage":25,"enemies":"Snake Plant","floor":25,"turns":4},{"damage":19,"enemies":"Cultist and Chosen","floor":28,"turns":5},{"damage":38,"enemies":"Centurion and Healer","floor":29,"turns":7},{"damage":58,"enemies":"Collector","floor":33,"turns":8},{"damage":22,"enemies":"3 Darklings","floor":35,"turns":2},{"damage":20,"enemies":"3 Shapes","floor":36,"turns":2},{"damage":39,"enemies":"3 Darklings","floor":39,"turns":3},{"damage":59,"enemies":"R_Hoarder","floor":41,"turns":10},{"damage":50,"enemies":"Transient","floor":42,"turns":5},{"damage":10,"enemies":"Jaw Worm Horde","floor":44,"turns":2},{"damage":18,"enemies":"4 Shapes","floor":45,"turns":2}],"seed_played":"-4617640273547179637","potions_obtained":[{"floor":1.0,"key":"FearPotion"},{"floor":5.0,"key":"Reflective Coating"},{"floor":13,"key":"Ancient Potion"},{"floor":13,"key":"BlessingOfTheForge"},{"floor":14,"key":"Venom Potion"},{"floor":16,"key":"Cursed Concoction"},{"floor":18,"key":"sneckomod:MuddlingPotion"},{"floor":22,"key":"SkillPotion"},{"floor":24,"key":"LiquidBronze"},{"floor":29,"key":"Venom Potion"},{"floor":35,"key":"GamblersBrew"}],"is_trial":false,"path_per_floor":["M","M","?","M","M","R","M","E","T","E","R","E","?","M","R","B",null,"M","?","$","M","?","R","E","M","T","$","M","M","R","?","R","B",null,"M","M","?","$","M","?","E","M","T","M","M"],"character_chosen":"IRONCLAD","items_purchased":["Magic Flower","Inflame","Flex","Replay:Multitool","Nunchaku"],"campfire_rested":3,"item_purchase_floors":[0,0,0,20,38],"current_hp_per_floor":[59,68,61,63,72,72,80,71,71,62,62,74,57,69,89,78,92,61,61,61,70,70,95,64,48,48,48,49,28,28,28,57,16,98,88,80,70,70,40,94,55,14,14,13,0,0],"gold":279,"neow_bonus":"","is_daily":false,"chose_seed":false,"campfire_upgraded":2,"win_rate":0.0,"timestamp":1610632023,"path_taken":["M","M","?","M","M","R","M","E","T","E","R","E","?","M","R","BOSS","M","?","$","M","?","R","E","?","T","$","M","M","R","?","R","BOSS","M","M","?","$","M","?","E","M","T","M","M"],"items_purchased_type":["Relic","Card","Card","Relic","Relic"],"build_version":"2020-12-22","purchased_purges":1,"victory":false,"max_hp_per_floor":[80,80,80,80,80,80,80,80,80,80,80,83,86,89,89,92,92,95,95,95,95,95,95,95,95,95,95,98,98,98,98,98,98,98,101,104,107,107,107,94,94,94,94,94,94,94],"card_choices":[{"not_picked":["Havoc","Cleave"],"picked":"Battle Trance","floor":1.0},{"not_picked":["Body Slam","Clothesline"],"picked":"Shrug It Off","floor":2.0},{"not_picked":["Wild Strike","Replay:Undeath\u0027s Touch","Feel No Pain"],"picked":"SKIP","floor":4.0},{"not_picked":["Intimidate","Wild Strike"],"picked":"Infernal Blade","floor":5.0},{"not_picked":["ReplayTheSpireMod:Corrosion Curse","Battle Trance","Headbutt"],"picked":"SKIP","floor":7.0},{"not_picked":["Wild Strike","Barricade"],"picked":"Life Link","floor":8},{"not_picked":["Havoc","Demonic Infusion","Rupture"],"picked":"SKIP","floor":10},{"not_picked":["ReplayTheSpireMod:Muscle Training","Pommel Strike"],"picked":"Heavy Blade","floor":12},{"not_picked":["Rampage","Burning Pact"],"picked":"Twin Strike","floor":13},{"not_picked":["Havoc","Run Through"],"picked":"Cleave","floor":14},{"not_picked":["Eclipse","Impervious"],"picked":"Hemogenesis","floor":16},{"not_picked":["Clash","Flex"],"picked":"Whirlwind","floor":18},{"not_picked":["Twin Strike","ReplayReversal+1","Combust+1"],"picked":"SKIP","floor":21},{"not_picked":["Anger","Juggernaut","Life Link"],"picked":"SKIP","floor":24},{"not_picked":["Flex","Evolve","Wild Strike"],"picked":"SKIP","floor":25},{"not_picked":["Shockwave","Body Slam"],"picked":"Sword Boomerang","floor":28},{"not_picked":["True Grit","Shockwave","Body Slam"],"picked":"SKIP","floor":29},{"not_picked":["Wild Strike","Metallicize+1"],"picked":"Clash+1","floor":35},{"not_picked":["ReplayTheSpireMod:Strike From Hell","True Grit+1"],"picked":"Sword Boomerang+1","floor":36},{"not_picked":["True Grit","Wild Strike+1","Whirlwind+1"],"picked":"SKIP","floor":39},{"not_picked":["Battle Trance","Cleave","ReplayTheSpireMod:Muscle Training"],"picked":"SKIP","floor":41},{"not_picked":["Clash+1","Dual Wield+1","Evolve+1"],"picked":"SKIP","floor":42},{"not_picked":["Wild Strike","Flex+1","Body Slam"],"picked":"SKIP","floor":44}],"player_experience":366335,"relics_obtained":[{"floor":8,"key":"Replay:Accelerometer"},{"floor":9,"key":"Gremlin Horn"},{"floor":10,"key":"Replay:Ringing Soul"},{"floor":12,"key":"Gremlin Food"},{"floor":13,"key":"Ancient Tea Set"},{"floor":24,"key":"Mirror"},{"floor":26,"key":"Happy Flower"},{"floor":30,"key":"Red Skull"},{"floor":41,"key":"CaptainsWheel"},{"floor":41,"key":"MawBank"},{"floor":43,"key":"Simple Rune"}],"event_choices":[{"cards_removed":["Defend_R"],"damage_healed":0.0,"max_hp_gain":0.0,"max_hp_loss":0.0,"gold_gain":0.0,"event_name":"Golden Wing","player_choice":"Card Removal","floor":3.0,"gold_loss":0.0,"damage_taken":7.0},{"damage_healed":0,"gold_gain":0,"player_choice":"Bought 1 Potion","damage_taken":0,"max_hp_gain":0,"max_hp_loss":0,"event_name":"The Woman in Blue","floor":22,"gold_loss":0},{"damage_healed":0,"gold_gain":0,"player_choice":"Ignored","damage_taken":0,"max_hp_gain":0,"max_hp_loss":0,"event_name":"Ghosts","floor":31,"gold_loss":0},{"damage_healed":0,"gold_gain":0,"player_choice":"Embrace Madness","damage_taken":13,"max_hp_gain":0,"max_hp_loss":0,"event_name":"Winding Halls","floor":37,"gold_loss":0,"cards_obtained":["Madness","Madness"]},{"damage_healed":94,"gold_gain":0,"player_choice":"Heal","damage_taken":0,"max_hp_gain":0,"max_hp_loss":13,"event_name":"The Moai Head","floor":40,"gold_loss":0}],"is_beta":false,"boss_relics":[{"not_picked":["Replay:Bronze Core","Sozu","Philosopher\u0027s Stone"]},{"not_picked":["Honey Jar","Tiny House"],"picked":"Black Star"}],"items_purged_floors":[27],"is_endless":false,"potions_floor_spawned":[1,5,14,16,18,24,29,35],"killed_by":"4 Shapes","ascension_level":0}}