{"host":"l84l8xigz5v5foa2","time":1610602950,"event":{"mods":["2.2 Compatiblity","AchievementEnabler","BaseMod","Better Note","Better Vampires","Card Filter","Colored Map","DeckTracker","Downfall","Gremlin Skip","Highlight Path","Keyboard Shortcuts","Minty Spire (QoL Compilation)","Permanent Neow","Quick Restart","Relic Filter","Relic Stats","StSLib","SuperFastMode","Transform Curses","Unknown Chances"],"gold_per_floor":[99,117,167,152,252,283,283,208,221,254,179,211,211,242,257,336,336,336,351,361,361,361,355,407,439,364,392,392,432,432,461,477,564,564,564,591,591,600,258,268,268,304,304,347,382,382,407,432,443,443,443,474,474,474,474],"floor_reached":56,"language":"ENG","playtime":5598,"items_purged":["Slimebound:Icky"],"score":3501,"play_id":"f6cc2ade-24e4-4b47-9283-4ad251957b48","local_time":"20210114144230","daily_mods":["Flight","DeadlyEvents","Elite Swarm"],"is_ascension_mode":true,"campfire_choices":[{"floor":1.0,"key":"RECALL"},{"data":"Guardian:Suspension","floor":8,"key":"SMITH"},{"data":"Guardian:RevengeProtocol","floor":11,"key":"SMITH"},{"data":"Guardian:AncientConstruct","floor":13,"key":"SMITH"},{"data":"Guardian:StasisEngine","floor":18,"key":"SMITH"},{"data":"Guardian:ExploitGems","floor":26,"key":"SMITH"},{"data":"Guardian:GemFinder","floor":28,"key":"SMITH"},{"data":"Guardian:FuturePlans","floor":30,"key":"SMITH"},{"data":"Guardian:ExploitGems","floor":35,"key":"SMITH"},{"data":"Guardian:TimeCapacitor","floor":43,"key":"SMITH"},{"data":"Guardian:PrismaticBeam","floor":46,"key":"SMITH"},{"data":"Guardian:PrismaticBarrier","floor":54,"key":"SMITH"}],"circlet_count":0,"master_deck":["Guardian:PrismaticBarrier+1","Guardian:CurlUp+1","Guardian:PrismaticBeam+1","Guardian:Suspension+1","Guardian:RevengeProtocol+1","Guardian:AncientConstruct+1","Guardian:StasisEngine+1","Guardian:ExploitGems+1","Guardian:FuturePlans+1","Guardian:StasisEngine+1","Guardian:GemFinder+1","Guardian:ExploitGems+1","Guardian:TimeCapacitor+1"],"relics":["Guardian:ModeShifter","champ:DeflectingBracers","Letter Opener","downfall:HeartBlessingRed","Guardian:GemstoneGun","downfall:HeartBlessingGreen","Mummified Hand","Bird Faced Urn","SlaversCollar","DollysMirror","Dream Catcher","Ginger","downfall:HeartBlessingBlue","Pear","CeramicFish","Unceasing Top","Sozu","Kunai","Akabeko","Singing Bowl","Smiling Mask","Centennial Puzzle","Mango","PreservedInsect"],"acts_visited":["Exordium","TheCity","TheBeyond","TheEnding"],"potions_floor_usage":[14,16],"damage_taken":[{"damage":0.0,"enemies":"2 Louse","floor":2.0,"turns":2.0},{"damage":0.0,"enemies":"downfall:FleeingMerchant","floor":4.0,"turns":4.0},{"damage":21,"enemies":"3 Sentries","floor":6,"turns":9},{"damage":0,"enemies":"Small Slimes","floor":9,"turns":1},{"damage":0,"enemies":"Lagavulin","floor":10,"turns":2},{"damage":0,"enemies":"Gremlin Nob","floor":12,"turns":2},{"damage":0,"enemies":"3 Sentries","floor":14,"turns":2},{"damage":0,"enemies":"Jaw Worm","floor":15,"turns":2},{"damage":0,"enemies":"downfall:Defect","floor":16,"turns":2},{"damage":0,"enemies":"Chosen","floor":19,"turns":1},{"damage":0,"enemies":"3 Byrds","floor":20,"turns":1},{"damage":0,"enemies":"downfall:FleeingMerchant","floor":23,"turns":1},{"damage":0,"enemies":"Gremlin Leader","floor":25,"turns":1},{"damage":0,"enemies":"Book of Stabbing","floor":27,"turns":1},{"damage":0,"enemies":"Slavers","floor":29,"turns":1},{"damage":0,"enemies":"Book of Stabbing","floor":31,"turns":1},{"damage":0,"enemies":"Snake Plant","floor":32,"turns":1},{"damage":0,"enemies":"downfall:Watcher","floor":33,"turns":1},{"damage":0,"enemies":"Orb Walker","floor":36,"turns":1},{"damage":0,"enemies":"3 Shapes","floor":40,"turns":1},{"damage":0,"enemies":"Nemesis","floor":42,"turns":1},{"damage":0,"enemies":"Reptomancer","floor":44,"turns":1},{"damage":0,"enemies":"Nemesis","floor":45,"turns":1},{"damage":0,"enemies":"Mind Bloom Boss Battle","floor":47,"turns":1},{"damage":0,"enemies":"Giant Head","floor":48,"turns":1},{"damage":0,"enemies":"Jaw Worm Horde","floor":49,"turns":1},{"damage":0,"enemies":"downfall:Silent","floor":50,"turns":1},{"damage":0,"enemies":"downfall:CharBossMerchant","floor":52,"turns":1},{"damage":0,"enemies":"downfall:NeowBoss","floor":55,"turns":7}],"seed_played":"-2022156391512252026","potions_obtained":[{"floor":2.0,"key":"ColorlessPotion"},{"floor":9,"key":"BlessingOfTheForge"},{"floor":10,"key":"Dexterity Potion"},{"floor":15,"key":"Explosive Potion"},{"floor":16,"key":"Fire Potion"}],"is_trial":true,"path_per_floor":["R","M","?","$","?","E","T","R","M","E","R","E","R","E","M","B",null,"R","M","M","?","T","$","T","E","R","E","R","E","R","E","M","B",null,"R","M","?","?","$","M","T","E","R","E","E","R","?","E","M","B",null,"E","$","R","B",null],"character_chosen":"GUARDIAN","items_purchased":["Guardian:FuturePlans","DollysMirror","Kunai","Guardian:TimeCapacitor"],"campfire_rested":0,"item_purchase_floors":[23,23,39,39],"current_hp_per_floor":[65,65,65,65,65,44,44,44,44,44,44,44,44,44,48,54,68,68,72,72,72,72,72,72,72,82,92,92,92,92,92,92,92,92,92,92,82,82,82,92,92,94,94,96,98,98,114,118,122,122,122,126,126,126,126],"gold":474,"neow_bonus":"","is_daily":false,"chose_seed":false,"campfire_upgraded":11,"win_rate":0.0,"timestamp":1610602950,"path_taken":["R","M","?","$","?","E","T","R","?","E","R","E","R","E","M","BOSS","R","M","M","?","?","$","T","E","R","E","R","E","R","E","M","BOSS","R","M","?","?","?","?","T","E","R","E","?","R","?","E","M","BOSS","E","$","R","BOSS"],"items_purchased_type":["Card","Relic","Relic","Card"],"build_version":"2020-12-22","purchased_purges":1,"victory":true,"max_hp_per_floor":[72,72,72,72,72,72,72,72,72,72,72,72,72,72,72,72,72,72,72,72,72,72,72,72,72,82,92,92,92,92,92,92,92,92,92,92,92,92,92,92,92,94,94,96,98,98,114,118,122,122,122,126,126,126,126],"relic_stats":{"Singing Bowl":20,"counters":[29,52],"CeramicFish":72,"PreservedInsect":105,"Letter Opener":[711],"Ginger":[0],"Smiling Mask":0,"Sozu":3,"Dream Catcher":0,"Centennial Puzzle":[0],"Mummified Hand":[141],"Bird Faced Urn":[24],"Kunai":[34],"obtain_stats":[{"Pear":27,"downfall:HeartBlessingRed":8,"Singing Bowl":42,"Guardian:GemstoneGun":10,"CeramicFish":29,"Guardian:ModeShifter":0,"downfall:HeartBlessingGreen":11,"Mango":47,"champ:DeflectingBracers":6,"PreservedInsect":48,"Letter Opener":7,"Ginger":25,"Smiling Mask":44,"Akabeko":41,"Sozu":34,"SlaversCollar":17,"Dream Catcher":24,"Centennial Puzzle":45,"Mummified Hand":12,"DollysMirror":23,"downfall:HeartBlessingBlue":26,"Bird Faced Urn":14,"Kunai":39,"Unceasing Top":31},{"Pear":14,"downfall:HeartBlessingRed":3,"Singing Bowl":21,"Guardian:GemstoneGun":5,"CeramicFish":15,"Guardian:ModeShifter":0,"downfall:HeartBlessingGreen":5,"Mango":24,"champ:DeflectingBracers":3,"PreservedInsect":25,"Letter Opener":3,"Ginger":13,"Smiling Mask":22,"Akabeko":20,"Sozu":18,"SlaversCollar":9,"Dream Catcher":12,"Centennial Puzzle":23,"Mummified Hand":6,"DollysMirror":12,"downfall:HeartBlessingBlue":13,"Bird Faced Urn":7,"Kunai":19,"Unceasing Top":16},{"Pear":31,"downfall:HeartBlessingRed":15,"Singing Bowl":38,"Guardian:GemstoneGun":18,"CeramicFish":32,"Guardian:ModeShifter":0,"downfall:HeartBlessingGreen":18,"Mango":41,"champ:DeflectingBracers":15,"PreservedInsect":42,"Letter Opener":15,"Ginger":30,"Smiling Mask":39,"Akabeko":37,"Sozu":35,"SlaversCollar":26,"Dream Catcher":29,"Centennial Puzzle":40,"Mummified Hand":20,"DollysMirror":29,"downfall:HeartBlessingBlue":30,"Bird Faced Urn":22,"Kunai":36,"Unceasing Top":33}],"Unceasing Top":[0]},"card_choices":[{"not_picked":["Guardian:DecasProtection","Guardian:ShieldCharger","Guardian:Gem_Crimson"],"picked":"SKIP","floor":2.0},{"not_picked":["Guardian:RollAttack","Guardian:Planning"],"picked":"Guardian:Suspension","floor":4.0},{"not_picked":["Guardian:HyperBeam_Guardian","Guardian:GatlingBeam"],"picked":"Guardian:Gem_Orange","floor":6},{"not_picked":["Guardian:Reroute","Guardian:RollAttack","Guardian:Gem_Green"],"picked":"SKIP","floor":9},{"not_picked":["Guardian:CompilePackage","Guardian:BaubleBeam"],"picked":"Guardian:RevengeProtocol","floor":10},{"not_picked":["Guardian:ConstructionForm","Guardian:StasisField"],"picked":"Guardian:AncientConstruct","floor":12},{"not_picked":["Guardian:FierceBash","Guardian:ConstructionForm"],"picked":"Guardian:StasisEngine","floor":14},{"not_picked":["Guardian:TemporalShield","Guardian:Recover","Guardian:DecasProtection"],"picked":"SKIP","floor":15},{"not_picked":["Guardian:GatlingBeam","Guardian:Gem_Synthetic"],"picked":"Guardian:ExploitGems","floor":16},{"not_picked":["Guardian:Clone","Guardian:CrystalBeam","Guardian:Gem_Green"],"picked":"SKIP","floor":19},{"not_picked":["Guardian:ChargeCore","Guardian:PiercingHide+1"],"picked":"Guardian:Gem_White","floor":20},{"not_picked":["Guardian:Gem_Red","Guardian:TimeBomb","Guardian:RollAttack"],"picked":"SKIP","floor":23},{"not_picked":["Guardian:StasisField","Guardian:BaubleBeam"],"picked":"Guardian:GemFinder","floor":25},{"not_picked":["Guardian:ConstructionForm","Guardian:Gem_Orange","Guardian:CompilePackage"],"picked":"SKIP","floor":27},{"not_picked":["Guardian:ConstructionForm","Guardian:Gem_Orange","Guardian:CompilePackage"],"picked":"SKIP","floor":27},{"not_picked":["Guardian:StasisStrike","Guardian:CompilePackage"],"picked":"Guardian:Gem_Synthetic","floor":29},{"not_picked":["Guardian:Gem_Orange","Guardian:FastForward","Guardian:BaubleBeam"],"picked":"SKIP","floor":31},{"not_picked":["Guardian:Gem_Cyan","Guardian:Recover","Guardian:Incinerate"],"picked":"SKIP","floor":32},{"not_picked":["Guardian:GatlingBeam","Guardian:FierceBash"],"picked":"Guardian:ExploitGems","floor":33},{"not_picked":["Guardian:ShieldSpikes+1","Guardian:MultiBeam"],"picked":"Guardian:Gem_White","floor":36},{"not_picked":["Guardian:TemporalStrike","Guardian:Gem_Green","Guardian:ShieldCharger"],"picked":"SKIP","floor":40},{"not_picked":["Guardian:Gem_Green","Guardian:Gem_Lightblue"],"picked":"Guardian:Gem_Red","floor":42},{"not_picked":["Guardian:BaubleBeam","Guardian:ExploitGems","Guardian:StasisEngine"],"picked":"Singing Bowl","floor":42},{"not_picked":["Guardian:StasisEngine","Guardian:StasisField","Guardian:TimeSifter"],"picked":"Singing Bowl","floor":44},{"not_picked":["Guardian:Gem_Cyan","Guardian:Gem_Lightblue"],"picked":"Guardian:Gem_Red","floor":44},{"not_picked":["Guardian:StasisEngine","Guardian:BaubleBeam"],"picked":"Guardian:Gem_Synthetic","floor":45},{"not_picked":["Guardian:Gem_Red","Guardian:Gem_Green","Guardian:Gem_Cyan"],"picked":"Singing Bowl","floor":45},{"not_picked":["Guardian:ChargeCore","Guardian:Incinerate","Guardian:PiercingHide+1"],"picked":"Singing Bowl","floor":47},{"not_picked":["Guardian:Gem_Lightblue","Guardian:Gem_Green","Guardian:Gem_Cyan"],"picked":"Singing Bowl","floor":48},{"not_picked":["Guardian:SphericShield","Guardian:Gem_Orange","Guardian:BaubleBeam"],"picked":"Singing Bowl","floor":48},{"not_picked":["Guardian:Gem_Lightblue","Guardian:Gem_Red","Guardian:Gem_Green"],"picked":"Singing Bowl","floor":49},{"not_picked":["Guardian:PiercingHide+1","Guardian:Emergency","Guardian:Reroute"],"picked":"Singing Bowl","floor":49},{"not_picked":["Guardian:Gem_Lightblue","Guardian:Gem_Red","Guardian:Gem_Green"],"picked":"Singing Bowl","floor":52},{"not_picked":["Guardian:RevengeProtocol","Guardian:ConstructionForm","Guardian:ExploitGems"],"picked":"Singing Bowl","floor":52}],"player_experience":3177047,"relics_obtained":[{"floor":6,"key":"champ:DeflectingBracers"},{"floor":7,"key":"Letter Opener"},{"floor":10,"key":"Guardian:GemstoneGun"},{"floor":12,"key":"Mummified Hand"},{"floor":14,"key":"Bird Faced Urn"},{"floor":24,"key":"Dream Catcher"},{"floor":25,"key":"Ginger"},{"floor":27,"key":"Pear"},{"floor":29,"key":"CeramicFish"},{"floor":31,"key":"Unceasing Top"},{"floor":41,"key":"Akabeko"},{"floor":42,"key":"Singing Bowl"},{"floor":44,"key":"Smiling Mask"},{"floor":45,"key":"Centennial Puzzle"},{"floor":47,"key":"Mango"},{"floor":48,"key":"PreservedInsect"}],"event_choices":[],"is_beta":false,"boss_relics":[{"not_picked":["Astrolabe","Fusion Hammer"],"picked":"SlaversCollar"},{"not_picked":["Cursed Key","Snecko Eye"],"picked":"Sozu"}],"items_purged_floors":[23],"is_endless":false,"potions_floor_spawned":[2,9,10,15,16,20,25,33,44,45,48],"ascension_level":20}}