{"host":"nn0yetzbeklxe8e9","time":1610626302,"event":{"mods":["Abigail Mod","AchievementEnabler","Act Like it!","Aspiration","BaseMod","Better Match","Better Vampires","BetterRewards","Colored Powertips","Curses Come First","Downfall","Friendly Minions","Gensokyo","Hallownest","Infinite Spire","Jorbs\u0027s Wanderer Trilogy","KinomotoSakuraMod(????)","Kiyohime????","Koishi","LagranYue(???·?)","Marisa????????","Minty Spire (QoL Compilation)","Permanent Neow","Prisma Mod","Quick Restart","READ ME - Snecko Mod","Rare Cards Sparkle","Remilia??????","Replay The Spire","Shade Mod","StSLib","The Animator","The Bug Knight","The Cursed","The Death Knight","The Gatherer","The Jungle","The Marked","The Necromancer","The Servant 0.9.4","The Wild Card","Waifu the Spire","WarShipGirlsR/????R mod","Youmu??????","Yuri Mod"],"gold_per_floor":[118,144,173,26,26,26,52,52,52,104,104,104,104,126,126,241,241,266,266,266,266,305,355,377,401,426,426,426,426,426,479,479,601,601,633,633,672,719,141,184,184,215,215,215,240,240,165,187,187,193],"floor_reached":51,"language":"ENG","playtime":6768,"items_purged":[],"score":715,"play_id":"ae53ba5a-fd2f-4b4f-a049-9fa46f9f4963","local_time":"20210114071142","is_ascension_mode":false,"campfire_choices":[{"floor":6,"key":"REST"},{"data":"TheCursedMod:CircleOfBlood","floor":8,"key":"SMITH"},{"data":"TheCursedMod:Hemoplague","floor":11,"key":"SMITH"},{"data":"TheCursedMod:ManaBullet","floor":13,"key":"SMITH"},{"data":"TheCursedMod:ManaBullet","floor":15,"key":"SMITH"},{"floor":27,"key":"REST"},{"floor":30,"key":"REST"},{"floor":32,"key":"REST"},{"floor":41,"key":"REST"},{"floor":44,"key":"REST"},{"floor":46,"key":"REST"},{"floor":49,"key":"DIG"}],"circlet_count":0,"master_deck":["TheCursedMod:Defend_TheCursed","TheCursedMod:Defend_TheCursed","TheCursedMod:Defend_TheCursed","TheCursedMod:Defend_TheCursed","TheCursedMod:CursedWand","TheCursedMod:CleanUpWorkshop","TheCursedMod:Dregs","TheCursedMod:AbyssShockwave","TheCursedMod:HellfireBreathing+1","TheCursedMod:WearCloak","TheCursedMod:Wield+1","stsjorbsmod:Procrastination","TheCursedMod:CircleOfFlame","TheCursedMod:CursedMace","TheCursedMod:Wield","TheCursedMod:CursedBlade+1","TheCursedMod:ManaBullet+1","TheCursedMod:ManaBullet+1","TheCursedMod:CircleOfBlood+1","TheCursedMod:CursedMace","TheCursedMod:Hemoplague+1","TheCursedMod:SpitefulStrike","TheCursedMod:NeowsMight","Collect+1","TheCursedMod:LuckyCharm","Pride","Replay:Vibes","Worship","TheCursedMod:CircleOfCorruption+1","Tantrum","Bite","Bite","Bite","Bite","TheCursedMod:ManaCirculation","Vault","EmptyFist+1","Pride","Evaluate","TheCursedMod:Torture","Violence+1","Prostrate","Blasphemy+1","Indignation","Prostrate","TheCursedMod:Grudge","Metamorphosis+1","Replay:ManipulateFuture"],"relics":["TheCursedMod:BlackMagic101","LagranYue:RandomDrawCardRelic","Blue Doll","Replay:Bandana","Ring of Panic","aspiration:HummingbirdHeart","Lantern","Replay:Bottled Steam","infinitespire:BottledMercury","aspiration:WatcherSkillbook","GreatHeart","Potion Belt","Blood Vial","LagranYue:ContractPerformanceRelic","infinitespire:CursedDice","Gremlin Food","Darkstone Periapt","Gremlin Horn"],"acts_visited":["Exordium","TheCity","Hallownest:KingdomsEdge"],"potions_floor_usage":[16,23,24,31,31,35,37,40,42],"damage_taken":[{"damage":0,"enemies":"2 Louse","floor":1,"turns":2},{"damage":0,"enemies":"Small Slimes","floor":2,"turns":2},{"damage":0,"enemies":"Jaw Worm","floor":3,"turns":3},{"damage":0,"enemies":"Exordium Wildlife","floor":7,"turns":2},{"damage":4,"enemies":"3 Sentries","floor":10,"turns":4},{"damage":0,"enemies":"Blue Slaver","floor":14,"turns":2},{"damage":44,"enemies":"Fading Forest","floor":16,"turns":11},{"damage":33,"enemies":"Spheric Guardian","floor":18,"turns":6},{"damage":0,"enemies":"3 Byrds","floor":22,"turns":2},{"damage":4,"enemies":"Book of Stabbing","floor":23,"turns":5},{"damage":26,"enemies":"Snake Plant","floor":24,"turns":5},{"damage":25,"enemies":"3 Cultists","floor":25,"turns":5},{"damage":4,"enemies":"HollowMod:Nosk","floor":31,"turns":4},{"damage":42,"enemies":"Champ","floor":33,"turns":9},{"damage":0,"enemies":"Hallownest:3_Siblings","floor":35,"turns":2},{"damage":1,"enemies":"Hallownest:Shield_Heavy","floor":37,"turns":2},{"damage":53,"enemies":"Hallownest:2_Soldiers_and_1_Guardian","floor":38,"turns":4},{"damage":13,"enemies":"Hallownest:eliteCollector","floor":40,"turns":6},{"damage":25,"enemies":"Hallownest:Shield_Sturdy","floor":42,"turns":5},{"damage":4,"enemies":"Hallownest:2_Great","floor":45,"turns":4},{"damage":17,"enemies":"Hallownest:Xero_Hu_Marmu","floor":48,"turns":6},{"damage":53,"enemies":"Hallownest:BossGreyPrinceZote","floor":50,"turns":10}],"seed_played":"928770927481801716","potions_obtained":[{"floor":7,"key":"Dexterity Potion"},{"floor":10,"key":"Block Potion"},{"floor":16,"key":"SkillPotion"},{"floor":18,"key":"Energy Potion"},{"floor":25,"key":"DistilledChaos"},{"floor":31,"key":"Dexterity Potion"},{"floor":33,"key":"Energy Potion"},{"floor":35,"key":"Cursed Concoction"},{"floor":40,"key":"Guardian:BlockOnCardUsePotion"},{"floor":42,"key":"Venom Potion"}],"is_trial":false,"path_per_floor":["M","M","M","$","?","R","M","R","T","E","R","?","R","M","R","B",null,"M","?","AVR","?","M","E","M","M","T","R","?","?","R","E","R","B",null,"M","?","M","M","$","E","R","M","T","R","M","R","?","M","R","B",null],"character_chosen":"THE_CURSED","items_purchased":["Blue Doll","Replay:Bandana","TheCursedMod:AbyssShockwave","TheCursedMod:HellfireBreathing","TheCursedMod:WearCloak","TheCursedMod:CursedBlade+1","TheCursedMod:ManaBullet","TheCursedMod:CircleOfBlood","Violence+1","Prostrate","infinitespire:CursedDice","Blasphemy"],"campfire_rested":7,"item_purchase_floors":[0,0,0,0,0,4,4,4,39,39,39,39],"current_hp_per_floor":[32,32,32,32,32,54,60,60,60,64,64,61,61,73,73,31,75,42,42,42,42,42,46,28,3,3,25,25,25,42,42,57,22,57,57,57,56,4,4,5,22,7,7,24,28,45,45,36,36,42],"gold":193,"neow_bonus":"","is_daily":false,"chose_seed":false,"campfire_upgraded":4,"win_rate":0.0,"timestamp":1610626302,"path_taken":["M","M","M","$","?","R","M","R","T","E","R","?","R","M","R","BOSS","M","?","AVR","?","M","E","M","M","T","R","?","?","R","E","R","BOSS","M","?","M","M","$","E","R","M","T","R","M","R","?","M","R","BOSS"],"items_purchased_type":["Relic","Relic","Card","Card","Card","Card","Card","Card","Card","Card","Relic","Card"],"build_version":"2020-12-22","purchased_purges":0,"victory":true,"max_hp_per_floor":[75,75,75,75,75,75,75,75,75,75,75,75,75,75,75,75,75,75,75,75,75,75,75,75,75,75,75,75,57,57,57,57,57,57,57,57,57,57,57,57,57,57,57,57,57,57,57,57,57,57],"card_choices":[{"not_picked":["TheCursedMod:CircleOfWindfury","TheCursedMod:RapidMovement"],"picked":"TheCursedMod:CircleOfFlame","floor":1},{"not_picked":["TheCursedMod:ManaBullet","TheCursedMod:WearCloak"],"picked":"TheCursedMod:CursedMace","floor":2},{"not_picked":["TheCursedMod:Stretching","TheCursedMod:ManaBullet"],"picked":"TheCursedMod:Wield","floor":3},{"not_picked":["TheCursedMod:BlessingInDisguise","TheCursedMod:Obscuration"],"picked":"TheCursedMod:CursedMace","floor":7},{"not_picked":["TheCursedMod:RapidMovement","TheCursedMod:WearCloak"],"picked":"TheCursedMod:Hemoplague","floor":10},{"not_picked":["TheCursedMod:CursedMace","TheCursedMod:CircleOfFlame"],"picked":"TheCursedMod:SpitefulStrike","floor":14},{"not_picked":["TheCursedMod:AntiAging","TheCursedMod:Neurasthenia"],"picked":"TheCursedMod:NeowsMight","floor":16},{"not_picked":["FollowUp","TheCursedMod:TacticalStrike","TheCursedMod:Stretching"],"picked":"Collect+1","floor":18},{"not_picked":["BowlingBash","TheCursedMod:ReleasedStrength","TheCursedMod:FleshFromBone"],"picked":"Replay:Vibes","floor":22},{"not_picked":["TheCursedMod:SpitefulStrike","Replay:Hum","Replay:ManipulateFuture+1"],"picked":"Worship","floor":23},{"not_picked":["TheCursedMod:CursedBlade","TheCursedMod:AshesToAshes","SpiritShield"],"picked":"TheCursedMod:CircleOfCorruption+1","floor":24},{"not_picked":["PathToVictory","TheCursedMod:SpitefulStrike","Protect"],"picked":"Tantrum","floor":25},{"not_picked":["TheCursedMod:CursedAmulet","TheCursedMod:CircleOfAmplification","TheCursedMod:TroublousMinions"],"picked":"TheCursedMod:ManaCirculation","floor":31},{"not_picked":["TheCursedMod:ManaCirculation","Replay:AllIn","TheCursedMod:AntiAging"],"picked":"Vault","floor":33},{"not_picked":["Conclude","TheCursedMod:FuryStrike","Swivel+1"],"picked":"EmptyFist+1","floor":35},{"not_picked":["ThirdEye+1","Protect","PathToVictory+1"],"picked":"Evaluate","floor":37},{"not_picked":["CarveReality+1","WreathOfFlame+1","TheCursedMod:Stigma"],"picked":"TheCursedMod:Torture","floor":38},{"not_picked":["Replay:Cycle+1","TheCursedMod:RapidMovement+1","TheCursedMod:VitalStrike"],"picked":"Indignation","floor":40},{"not_picked":["CutThroughFate","TheCursedMod:CircleOfCorruption","CarveReality+1"],"picked":"Prostrate","floor":42},{"not_picked":["Study+1","SignatureMove","TheCursedMod:SaltUponWound"],"picked":"TheCursedMod:Grudge","floor":45},{"not_picked":["HandOfGreed+1","Chrysalis+1","ReplayUltimateDefense+1"],"picked":"Metamorphosis+1","floor":47},{"not_picked":["TheCursedMod:Stretching","EmptyFist+1","TheCursedMod:CursedBlade"],"picked":"Replay:ManipulateFuture","floor":48}],"player_experience":243561,"relics_obtained":[{"floor":9,"key":"Lantern"},{"floor":10,"key":"Replay:Bottled Steam"},{"floor":23,"key":"Potion Belt"},{"floor":31,"key":"Blood Vial"},{"floor":40,"key":"Gremlin Food"},{"floor":43,"key":"Darkstone Periapt"},{"floor":49,"key":"Gremlin Horn"}],"event_choices":[{"damage_healed":0,"gold_gain":0,"player_choice":"Success","damage_taken":3,"relics_obtained":["infinitespire:BottledMercury"],"max_hp_gain":0,"max_hp_loss":0,"event_name":"Scrap Ooze","floor":12,"gold_loss":0},{"damage_healed":0,"gold_gain":0,"player_choice":"Read","damage_taken":0,"max_hp_gain":0,"max_hp_loss":0,"event_name":"The Library","floor":19,"gold_loss":0,"cards_obtained":["TheCursedMod:LuckyCharm"]},{"damage_healed":0,"gold_gain":0,"player_choice":"Ignored","damage_taken":0,"max_hp_gain":0,"max_hp_loss":0,"event_name":"Ghosts","floor":28,"gold_loss":0},{"damage_healed":0,"gold_gain":0,"player_choice":"Became a vampire","damage_taken":0,"max_hp_gain":0,"max_hp_loss":18,"event_name":"Vampires","floor":29,"gold_loss":0,"cards_obtained":["Bite","Bite","Bite","Bite"]},{"damage_healed":0,"gold_gain":0,"player_choice":"2","damage_taken":0,"max_hp_gain":0,"max_hp_loss":0,"event_name":"betterMatch:BetterMatch","floor":47,"gold_loss":0,"cards_obtained":["betterMatch:ColorlessRareCard"]}],"is_beta":false,"boss_relics":[{"not_picked":["aspiration:PoetsPen_weak","TheCursedMod:FourLeafCloverCharm"],"picked":"aspiration:WatcherSkillbook"},{"not_picked":["aspiration:RunicSpoon","Philosopher\u0027s Stone"],"picked":"LagranYue:ContractPerformanceRelic"}],"items_purged_floors":[],"is_endless":false,"potions_floor_spawned":[7,10,16,18,25,31,33,35,40,42],"ascension_level":0}}