{"host":"a0d98l75j0h1o085","time":1610640373,"event":{"mods":["AlwaysNeverKeys","BaseMod","Downfall","Highlight Path","Minty Spire (QoL Compilation)","StSLib"],"gold_per_floor":[113,130,130,150,170,203,48,58,58,69,103,103,120,148,148,148,148],"floor_reached":16,"language":"ENG","playtime":1452,"items_purged":[],"score":231,"play_id":"0066fe0e-9e88-4425-be00-ad931ffa88a6","local_time":"20210114160613","is_ascension_mode":true,"campfire_choices":[{"data":"Catalyst","floor":12,"key":"SMITH"},{"data":"Neutralize","floor":15,"key":"SMITH"}],"circlet_count":0,"master_deck":["AscendersBane","Strike_G","Strike_G","Strike_G","Strike_G","Strike_G","Defend_G","Defend_G","Defend_G","Defend_G","Defend_G","Survivor","Neutralize+1","Backstab","Reflex","Eviscerate","Catalyst+1","Poisoned Stab","Bane"],"relics":["SacredBark","Letter Opener","TwistedFunnel","Mercury Hourglass","Toy Ornithopter","Tough Bandages"],"acts_visited":["Exordium"],"potions_floor_usage":[6,6,11,14,14],"damage_taken":[{"damage":7,"enemies":"Cultist","floor":1,"turns":5},{"damage":0,"enemies":"Jaw Worm","floor":2,"turns":5},{"damage":0,"enemies":"2 Louse","floor":4,"turns":2},{"damage":3,"enemies":"Looter","floor":5,"turns":3},{"damage":12,"enemies":"Lagavulin","floor":6,"turns":5},{"damage":1,"enemies":"Lots of Slimes","floor":8,"turns":2},{"damage":1,"enemies":"Large Slime","floor":10,"turns":5},{"damage":16,"enemies":"Gremlin Nob","floor":11,"turns":3},{"damage":4,"enemies":"2 Fungi Beasts","floor":13,"turns":2},{"damage":0,"enemies":"3 Sentries","floor":14,"turns":2},{"damage":29,"enemies":"The Guardian","floor":16,"turns":10}],"seed_played":"-3942279349379593441","potions_obtained":[{"floor":1,"key":"Weak Potion"},{"floor":3,"key":"Strength Potion"},{"floor":3,"key":"EssenceOfSteel"},{"floor":6,"key":"Explosive Potion"},{"floor":8,"key":"FearPotion"},{"floor":11,"key":"SteroidPotion"},{"floor":13,"key":"Explosive Potion"}],"is_trial":false,"path_per_floor":["M","M","?","M","M","E","$","M","T","M","E","R","M","E","R","B"],"character_chosen":"THE_SILENT","items_purchased":["TwistedFunnel"],"campfire_rested":0,"item_purchase_floors":[7],"current_hp_per_floor":[56,56,56,56,53,41,41,40,40,39,23,23,19,29,29,0,0],"gold":148,"neow_bonus":"BOSS_RELIC","is_daily":false,"chose_seed":false,"campfire_upgraded":2,"win_rate":0.0,"timestamp":1610640373,"path_taken":["M","?","?","M","?","E","$","M","T","M","E","R","M","E","R","BOSS"],"items_purchased_type":["Relic"],"build_version":"2020-12-22","purchased_purges":0,"victory":false,"max_hp_per_floor":[70,70,70,70,70,70,70,70,70,70,70,70,70,70,70,70,70],"card_choices":[{"not_picked":["PiercingWail","Dagger Spray"],"picked":"Backstab","floor":1},{"not_picked":["Backstab","Backflip"],"picked":"Reflex","floor":2},{"not_picked":["Backflip","Caltrops"],"picked":"Eviscerate","floor":4},{"not_picked":["Dagger Throw","All Out Attack"],"picked":"Catalyst","floor":5},{"not_picked":["Quick Slash","Dagger Spray"],"picked":"Poisoned Stab","floor":6},{"not_picked":["Distraction","Sucker Punch","Cloak And Dagger"],"picked":"SKIP","floor":8},{"not_picked":["Bouncing Flask","Quick Slash","Reflex"],"picked":"SKIP","floor":10},{"not_picked":["Malaise","Outmaneuver"],"picked":"Bane","floor":11},{"not_picked":["Blade Dance","Deflect","Bane"],"picked":"SKIP","floor":13},{"not_picked":["Caltrops","Expertise","Finisher"],"picked":"SKIP","floor":14}],"player_experience":915199,"relics_obtained":[{"floor":6,"key":"Letter Opener"},{"floor":9,"key":"Mercury Hourglass"},{"floor":11,"key":"Toy Ornithopter"},{"floor":14,"key":"Tough Bandages"}],"event_choices":[{"damage_healed":0,"gold_gain":0,"player_choice":"Got Potions","damage_taken":0,"max_hp_gain":0,"max_hp_loss":0,"event_name":"Lab","floor":3,"gold_loss":0}],"is_beta":false,"boss_relics":[],"items_purged_floors":[],"is_endless":false,"potions_floor_spawned":[1,5,6,8,11,13],"killed_by":"The Guardian","ascension_level":11}}