{"host":"a1u4jo6xlg3w0wsm","time":1610664543,"event":{"mods":["BaseMod","Better Third Choice","DeckTracker","Downfall","Hermit","Hubris","Minty Spire (QoL Compilation)","Rare Cards Sparkle","Replay The Spire","StSLib","The Cursed"],"gold_per_floor":[119,47,47,57,73,107,40,71,71,89,14,27,27,39,39,135,135,147,147,52,52,52,52],"floor_reached":22,"playtime":1066,"items_purged":["hermit:Defend_Hermit"],"score":233,"play_id":"9085eca4-279a-4f7a-bd40-4debb14c4f7f","local_time":"20210115114903","is_ascension_mode":true,"campfire_choices":[{"data":"hermit:Maintenance","floor":13.0,"key":"SMITH"},{"floor":15.0,"key":"REST"}],"circlet_count":0,"master_deck":["hermit:Strike_Hermit","hermit:Strike_Hermit","hermit:Strike_Hermit","hermit:Strike_Hermit","hermit:Defend_Hermit","hermit:Defend_Hermit","hermit:Defend_Hermit","hermit:Snapshot","hermit:Covet","hermit:Determination+1","hermit:Maintenance+1","hermit:HighNoon","hermit:Gestalt","hermit:ShadowCloak","hermit:HoleUp","hermit:Snipe","hermit:FinalCanter","hermit:Coalescence","RitualDagger","hermit:Showdown","hermit:HoleUp"],"relics":["hermit:Momento","NeowsBlessing","Replay:Accelerometer","Boot","Darkstone Periapt","Sozu"],"acts_visited":["Exordium","TheCity"],"potions_floor_usage":[],"damage_taken":[{"damage":0.0,"enemies":"2 Louse","floor":1.0,"turns":1.0},{"damage":0.0,"enemies":"Cultist","floor":4.0,"turns":1.0},{"damage":0.0,"enemies":"Jaw Worm","floor":5.0,"turns":1.0},{"damage":14.0,"enemies":"Lagavulin","floor":6.0,"turns":7.0},{"damage":12.0,"enemies":"Gremlin Nob","floor":8.0,"turns":5.0},{"damage":2.0,"enemies":"Blue Slaver","floor":10.0,"turns":4.0},{"damage":9.0,"enemies":"Exordium Wildlife","floor":12.0,"turns":6.0},{"damage":11.0,"enemies":"3 Louse","floor":14.0,"turns":4.0},{"damage":41,"enemies":"Hexaghost","floor":16,"turns":13},{"damage":13,"enemies":"Spheric Guardian","floor":18,"turns":4},{"damage":0,"enemies":"3 Byrds","floor":22,"turns":1}],"seed_played":"-6897795560467348885","potions_obtained":[{"floor":1.0,"key":"Guardian:BlockOnCardUsePotion"},{"floor":5.0,"key":"Energy Potion"},{"floor":6.0,"key":"CultistPotion"},{"floor":10.0,"key":"SteroidPotion"}],"is_trial":false,"path_per_floor":["M","$","?","M","M","E","$","E","T","M","$","M","R","M","R","B",null,"M","?","$","?","M"],"character_chosen":"HERMIT","items_purchased":["hermit:Determination","hermit:Gestalt","hermit:Showdown","hermit:HoleUp"],"campfire_rested":1,"item_purchase_floors":[2,7,20,20],"current_hp_per_floor":[75,75,75,75,75,61,61,49,49,47,47,38,38,27,49,8,75,62,56,56,14,14,14],"gold":52,"neow_bonus":"THREE_ENEMY_KILL","is_daily":false,"chose_seed":false,"campfire_upgraded":1,"win_rate":0.0,"timestamp":1610664543,"path_taken":["M","$","?","M","M","E","$","E","T","M","$","M","R","M","R","BOSS","M","?","$","?","M"],"items_purchased_type":["Card","Card","Card","Card"],"build_version":"2020-12-13","purchased_purges":1,"victory":false,"max_hp_per_floor":[75,75,75,75,75,75,75,75,75,75,75,75,75,75,75,75,75,75,75,75,75,75,75],"card_choices":[{"not_picked":["hermit:PistolWhip","hermit:Snipe","hermit:Headshot"],"picked":"SKIP","floor":1.0},{"not_picked":["hermit:Brawl","hermit:ItchyTrigger"],"picked":"hermit:Maintenance","floor":4.0},{"not_picked":["hermit:Roulette","hermit:Combo","hermit:Desperado"],"picked":"SKIP","floor":5.0},{"not_picked":["hermit:TrackingShot","hermit:CursedWeapon"],"picked":"hermit:HighNoon","floor":6.0},{"not_picked":["hermit:Gestalt","hermit:Brawl"],"picked":"hermit:ShadowCloak","floor":8.0},{"not_picked":["hermit:NoHoldsBarred","hermit:TakeCover"],"picked":"hermit:HoleUp","floor":10.0},{"not_picked":["hermit:Ricochet","hermit:Vantage","hermit:Misfire"],"picked":"SKIP","floor":12.0},{"not_picked":["hermit:ItchyTrigger","hermit:Coalescence"],"picked":"hermit:Snipe","floor":14.0},{"not_picked":["hermit:DeadOrAlive","hermit:EternalForm"],"picked":"hermit:FinalCanter","floor":16},{"not_picked":["hermit:LowProfile","hermit:TrackingShot"],"picked":"hermit:Coalescence","floor":18}],"player_experience":332426,"relics_obtained":[{"floor":6.0,"key":"Replay:Accelerometer"},{"floor":8.0,"key":"Boot"},{"floor":9.0,"key":"Darkstone Periapt"}],"event_choices":[{"damage_healed":0.0,"max_hp_gain":0.0,"max_hp_loss":0.0,"gold_gain":0.0,"event_name":"Accursed Blacksmith","player_choice":"Forge","floor":3.0,"gold_loss":0.0,"damage_taken":0.0,"cards_upgraded":["hermit:Determination"]},{"damage_healed":0,"gold_gain":0,"player_choice":"Dagger","damage_taken":6,"max_hp_gain":0,"max_hp_loss":0,"event_name":"betterThird:BetterNest","floor":19,"gold_loss":0,"cards_obtained":["RitualDagger"]}],"is_beta":false,"boss_relics":[{"not_picked":["Pandora\u0027s Box","Ectoplasm"],"picked":"Sozu"}],"items_purged_floors":[11],"is_endless":false,"potions_floor_spawned":[1,5,6,10,18],"killed_by":"3 Byrds","ascension_level":4}}