{"host":"94aus4jnk6thj94q","time":1610646329,"event":{"mods":["BaseMod","Minty Spire (QoL Compilation)","Quick Restart","StSLib"],"gold_per_floor":[12,32,43,60,60,86,103,103,103,119,152,165,165,197,197,292,292,310,310,320,332,71,71,86,86,109,62,62,78,91,108,108,213,213,233,244,4,24,37,37,63,63,63,93,93,105,105,120,120,120,120,120,120,149,149,149],"floor_reached":55,"language":"ENG","playtime":5801,"items_purged":[],"score":755,"play_id":"398b9cf0-d196-48ba-8cf8-8549805967d7","local_time":"20210114194529","is_ascension_mode":false,"campfire_choices":[{"floor":8.0,"key":"REST"},{"floor":13.0,"key":"REST"},{"floor":15.0,"key":"RECALL"},{"floor":23.0,"key":"REST"},{"floor":28.0,"key":"REST"},{"floor":32.0,"key":"REST"},{"floor":45,"key":"REST"},{"floor":47,"key":"REST"},{"floor":49,"key":"REST"},{"floor":52,"key":"REST"}],"circlet_count":0,"master_deck":["Strike_B+1","Strike_B+1","Strike_B+1","Strike_B+1","Defend_B+1","Defend_B+1","Defend_B+1","Defend_B+1","Zap","Dualcast","Electrodynamics","Coolheaded","Conserve Battery","BootSequence","Sunder","Ball Lightning","Double Energy+1","Melter","Capacitor","Conserve Battery","Core Surge","Cold Snap+1","Defragment","Conserve Battery+1"],"relics":["Cracked Core","Oddly Smooth Stone","FossilizedHelix","Singing Bowl","Fusion Hammer","Sling","Bronze Scales","Sozu","Cables","Dream Catcher","Kunai","Juzu Bracelet","Art of War"],"acts_visited":["Exordium","TheCity","TheBeyond","TheEnding"],"potions_floor_usage":[41],"damage_taken":[{"damage":2.0,"enemies":"Small Slimes","floor":1.0,"turns":3.0},{"damage":1.0,"enemies":"Jaw Worm","floor":2.0,"turns":4.0},{"damage":0.0,"enemies":"Cultist","floor":3.0,"turns":3.0},{"damage":5.0,"enemies":"Blue Slaver","floor":4.0,"turns":3.0},{"damage":11.0,"enemies":"3 Sentries","floor":6.0,"turns":4.0},{"damage":5.0,"enemies":"Exordium Thugs","floor":7.0,"turns":5.0},{"damage":0.0,"enemies":"2 Fungi Beasts","floor":10.0,"turns":2.0},{"damage":14.0,"enemies":"Lagavulin","floor":11.0,"turns":7.0},{"damage":0.0,"enemies":"Blue Slaver","floor":12.0,"turns":3.0},{"damage":9.0,"enemies":"3 Sentries","floor":14.0,"turns":5.0},{"damage":8.0,"enemies":"Slime Boss","floor":16.0,"turns":6.0},{"damage":0.0,"enemies":"Chosen","floor":18.0,"turns":4.0},{"damage":0.0,"enemies":"Shell Parasite","floor":20.0,"turns":5.0},{"damage":0.0,"enemies":"Chosen and Byrds","floor":21.0,"turns":5.0},{"damage":0.0,"enemies":"Sentry and Sphere","floor":24.0,"turns":3.0},{"damage":0.0,"enemies":"Cultist and Chosen","floor":29.0,"turns":6.0},{"damage":9.0,"enemies":"Centurion and Healer","floor":30.0,"turns":6.0},{"damage":0.0,"enemies":"Snake Plant","floor":31.0,"turns":3.0},{"damage":40.0,"enemies":"Automaton","floor":33.0,"turns":12.0},{"damage":0,"enemies":"3 Shapes","floor":35,"turns":6},{"damage":0,"enemies":"Orb Walker","floor":36,"turns":3},{"damage":0,"enemies":"Jaw Worm Horde","floor":38,"turns":3},{"damage":0,"enemies":"Transient","floor":39,"turns":5},{"damage":32,"enemies":"Nemesis","floor":41,"turns":9},{"damage":16,"enemies":"Reptomancer","floor":44,"turns":7},{"damage":0,"enemies":"Sphere and 2 Shapes","floor":46,"turns":3},{"damage":0,"enemies":"Jaw Worm Horde","floor":48,"turns":3},{"damage":66,"enemies":"Awakened One","floor":50,"turns":22},{"damage":51,"enemies":"Shield and Spear","floor":54,"turns":7},{"damage":87,"enemies":"The Heart","floor":55,"turns":5}],"seed_played":"3522815505785311949","potions_obtained":[{"floor":10.0,"key":"PowerPotion"},{"floor":11.0,"key":"FearPotion"},{"floor":12.0,"key":"EssenceOfSteel"},{"floor":14.0,"key":"Explosive Potion"},{"floor":24.0,"key":"PotionOfCapacity"},{"floor":33.0,"key":"EssenceOfSteel"}],"is_trial":false,"path_per_floor":["M","M","M","M","?","E","M","R","T","M","E","M","R","E","R","B",null,"M","?","M","M","$","R","M","?","T","$","R","M","M","M","R","B",null,"M","M","$","M","M","?","E","?","T","E","R","M","R","M","R","B",null,"R","$","E","B"],"character_chosen":"DEFECT","items_purchased":["Melter","Sling","Capacitor","Conserve Battery","Cables"],"campfire_rested":9,"item_purchase_floors":[22,22,22,27,37],"current_hp_per_floor":[73,72,72,67,72,61,56,80,80,80,66,66,80,73,73,67,84,86,86,88,88,88,88,90,90,90,90,90,92,85,87,96,56,96,96,96,96,98,100,100,70,70,70,56,89,91,110,112,112,46,112,114,114,65,0,0],"gold":149,"neow_bonus":"THREE_RARE_CARDS","is_daily":false,"chose_seed":false,"campfire_upgraded":0,"win_rate":0.0,"timestamp":1610646329,"path_taken":["M","M","M","M","?","E","M","R","T","M","E","M","R","E","R","BOSS","M","?","M","M","$","R","M","?","T","$","R","M","M","M","R","BOSS","M","M","$","M","M","?","E","?","T","E","R","M","R","M","R","BOSS","R","$","E","BOSS"],"items_purchased_type":["Card","Relic","Card","Card","Relic"],"build_version":"2020-12-22","purchased_purges":0,"victory":false,"max_hp_per_floor":[75,75,75,75,80,80,80,80,80,80,80,80,80,82,82,84,84,86,86,88,88,88,88,90,90,90,90,90,92,94,96,96,96,96,96,96,96,98,100,100,102,102,102,104,106,108,110,112,112,112,112,114,114,116,116,116],"card_choices":[{"not_picked":["All For One","Meteor Strike"],"picked":"Electrodynamics","floor":0.0},{"not_picked":["Go for the Eyes","Darkness"],"picked":"Coolheaded","floor":1.0},{"not_picked":["Skim","Barrage","Rebound"],"picked":"SKIP","floor":2.0},{"not_picked":["Aggregate","Coolheaded"],"picked":"Leap","floor":3.0},{"not_picked":["Hologram","Cold Snap"],"picked":"Conserve Battery","floor":4.0},{"not_picked":["Streamline","Scrape"],"picked":"BootSequence","floor":6.0},{"not_picked":["FTL","Compile Driver","Beam Cell"],"picked":"SKIP","floor":7.0},{"not_picked":["Reprogram","Steam","Fusion"],"picked":"SKIP","floor":10.0},{"not_picked":["Seek","Chaos"],"picked":"Sunder","floor":11.0},{"not_picked":["Hello World","Turbo","Steam"],"picked":"SKIP","floor":12.0},{"not_picked":["Rip and Tear","Sweeping Beam","Lockon"],"picked":"Singing Bowl","floor":14.0},{"not_picked":["Reboot","Thunder Strike","Creative AI"],"picked":"Singing Bowl","floor":16.0},{"not_picked":["Stack+1","Coolheaded+1","Go for the Eyes"],"picked":"Singing Bowl","floor":18.0},{"not_picked":["Turbo","Rebound+1","Auto Shields"],"picked":"Singing Bowl","floor":20.0},{"not_picked":["Steam Power","Streamline"],"picked":"Double Energy+1","floor":21.0},{"not_picked":["Rebound+1","Beam Cell","Coolheaded+1"],"picked":"Singing Bowl","floor":24.0},{"not_picked":["Hologram","Skim","Steam"],"picked":"Singing Bowl","floor":29.0},{"not_picked":["Amplify","Turbo","Stack"],"picked":"Singing Bowl","floor":30.0},{"not_picked":["Sweeping Beam","Glacier+1","Conserve Battery"],"picked":"Singing Bowl","floor":31.0},{"not_picked":["Biased Cognition","Reboot"],"picked":"Core Surge","floor":33.0},{"not_picked":["Hologram+1","Reinforced Body"],"picked":"Cold Snap+1","floor":35},{"not_picked":["Storm+1","Leap+1"],"picked":"Defragment","floor":36},{"not_picked":["Barrage","Turbo","Hologram"],"picked":"Singing Bowl","floor":38},{"not_picked":["Go for the Eyes","Loop+1","Reboot"],"picked":"Singing Bowl","floor":39},{"not_picked":["White Noise","Blizzard","Barrage+1"],"picked":"Singing Bowl","floor":41},{"not_picked":["Buffer","Hello World+1","Cold Snap"],"picked":"Singing Bowl","floor":44},{"not_picked":["Hologram","Stack","Double Energy+1"],"picked":"Singing Bowl","floor":45},{"not_picked":["Stack","Coolheaded+1","Turbo+1"],"picked":"Singing Bowl","floor":46},{"not_picked":["Barrage","Genetic Algorithm+1","Self Repair+1"],"picked":"Singing Bowl","floor":47},{"not_picked":["Conserve Battery+1","Stack","Compile Driver+1"],"picked":"Singing Bowl","floor":48},{"not_picked":["Hologram","Loop+1"],"picked":"Conserve Battery+1","floor":49},{"not_picked":["Reprogram+1","Leap","Stack"],"picked":"Singing Bowl","floor":52},{"not_picked":["Barrage","Seek","Fission"],"picked":"Singing Bowl","floor":54}],"player_experience":5764745,"relics_obtained":[{"floor":6.0,"key":"Oddly Smooth Stone"},{"floor":11.0,"key":"FossilizedHelix"},{"floor":14.0,"key":"Singing Bowl"},{"floor":26.0,"key":"Bronze Scales"},{"floor":41,"key":"Dream Catcher"},{"floor":43,"key":"Kunai"},{"floor":44,"key":"Juzu Bracelet"},{"floor":54,"key":"Art of War"}],"event_choices":[{"damage_healed":0.0,"max_hp_gain":5.0,"max_hp_loss":0.0,"gold_gain":0.0,"event_name":"Big Fish","player_choice":"Donut","floor":5.0,"gold_loss":0.0,"damage_taken":0.0},{"damage_healed":0.0,"max_hp_gain":0.0,"max_hp_loss":0.0,"gold_gain":0.0,"event_name":"The Library","player_choice":"Read","floor":19.0,"gold_loss":0.0,"damage_taken":0.0,"cards_obtained":["Ball Lightning"]},{"damage_healed":0.0,"max_hp_gain":0.0,"max_hp_loss":0.0,"gold_gain":0.0,"event_name":"Back to Basics","player_choice":"Simplicity","floor":25.0,"gold_loss":0.0,"damage_taken":0.0,"cards_upgraded":["Strike_B","Strike_B","Strike_B","Strike_B","Defend_B","Defend_B","Defend_B","Defend_B"]},{"damage_healed":0,"gold_gain":0,"player_choice":"Ignored","damage_taken":0,"max_hp_gain":0,"max_hp_loss":0,"event_name":"Mysterious Sphere","floor":40,"gold_loss":0},{"cards_removed":["Leap"],"damage_healed":0,"gold_gain":0,"player_choice":"Removed Skill","damage_taken":0,"max_hp_gain":0,"max_hp_loss":0,"event_name":"Falling","floor":42,"gold_loss":0}],"is_beta":false,"boss_relics":[{"not_picked":["Snecko Eye","SacredBark"],"picked":"Fusion Hammer"},{"not_picked":["Philosopher\u0027s Stone","Cursed Key"],"picked":"Sozu"}],"items_purged_floors":[],"is_endless":false,"potions_floor_spawned":[4,10,11,12,14,24,29,33,36,38,44,48,54],"killed_by":"The Heart","ascension_level":0}}