{"host":"1a3cjta80tad0aqj","time":1610628444,"event":{"mods":["2.2 Compatiblity","AchievementEnabler","BaseMod","Colored Map","DeckTracker","KOR Keyword Fix","Keyboard Shortcuts","Minty Spire (QoL Compilation)","Permanent Neow","Quick Restart","Random Character Button","StSLib","SuperFastMode","everything is the same but u backflip on backflip"],"gold_per_floor":[114,132,82,94,112,112,147,72,72,92,92,120,195,195,195,297,297,308,308,324,342,342,342,368,218,244,71,91,91,125,125,125,125,125],"floor_reached":33,"language":"KOR","playtime":1050,"items_purged":["Defend_P","Strike_P+1"],"score":425,"play_id":"398303ee-d6e5-473a-b6d4-355c44a00251","local_time":"20210114214724","is_ascension_mode":true,"campfire_choices":[{"data":"Eruption","floor":6.0,"key":"SMITH"},{"floor":11.0,"key":"REST"},{"floor":15.0,"key":"REST"},{"floor":23.0,"key":"REST"},{"floor":29.0,"key":"REST"},{"floor":32.0,"key":"REST"}],"circlet_count":0,"master_deck":["Strike_P+1","Strike_P+1","Defend_P+1","Eruption+1","Vigilance","LessonLearned","Crescendo+1","EmptyBody","Judgement+1","BowlingBash","Judgement+1","Ragnarok","TalkToTheHand","Adaptation","CutThroughFate"],"relics":["PureWater","Juzu Bracelet","Sundial","Unceasing Top","VioletLotus","Art of War","Akabeko","Happy Flower","Calipers"],"acts_visited":["TheCity"],"potions_floor_usage":[33,33],"damage_taken":[{"damage":1.0,"enemies":"Jaw Worm","floor":1.0,"turns":6.0},{"damage":0.0,"enemies":"2 Louse","floor":2.0,"turns":2.0},{"damage":0.0,"enemies":"Small Slimes","floor":4.0,"turns":2.0},{"damage":14.0,"enemies":"Exordium Thugs","floor":5.0,"turns":5.0},{"damage":24.0,"enemies":"Lagavulin","floor":7.0,"turns":5.0},{"damage":1.0,"enemies":"3 Louse","floor":10.0,"turns":3.0},{"damage":2.0,"enemies":"3 Sentries","floor":12.0,"turns":4.0},{"damage":28.0,"enemies":"Slime Boss","floor":16.0,"turns":7.0},{"damage":0.0,"enemies":"Shell Parasite","floor":18.0,"turns":1.0},{"damage":0.0,"enemies":"Spheric Guardian","floor":20.0,"turns":1.0},{"damage":13.0,"enemies":"Snecko","floor":21.0,"turns":4.0},{"damage":18.0,"enemies":"Slavers","floor":24.0,"turns":3.0},{"damage":21.0,"enemies":"Shelled Parasite and Fungi","floor":28.0,"turns":4.0},{"damage":30.0,"enemies":"Book of Stabbing","floor":30.0,"turns":5.0},{"damage":34,"enemies":"Automaton","floor":33,"turns":4}],"seed_played":"-8148279998282862432","potions_obtained":[{"floor":1.0,"key":"SkillPotion"},{"floor":2.0,"key":"SpeedPotion"},{"floor":5.0,"key":"Strength Potion"},{"floor":16.0,"key":"LiquidMemories"},{"floor":18.0,"key":"FearPotion"},{"floor":24.0,"key":"Dexterity Potion"}],"is_trial":false,"path_per_floor":["M","M","?","M","M","R","E","$","T","M","R","E","?","?","R","B",null,"M","?","M","M","?","R","E","$","T","$","M","R","E","?","R","B"],"character_chosen":"WATCHER","items_purchased":["Akabeko","TalkToTheHand"],"campfire_rested":5,"item_purchase_floors":[25,27],"current_hp_per_floor":[46,46,46,46,32,32,8,8,8,7,28,26,15,15,36,8,56,56,43,43,30,30,53,35,35,35,35,14,37,7,7,30,0,0],"gold":125,"neow_bonus":"THREE_RARE_CARDS","is_daily":false,"chose_seed":false,"campfire_upgraded":1,"win_rate":0.0,"timestamp":1610628444,"path_taken":["M","M","?","M","M","R","E","$","T","M","R","E","?","?","R","BOSS","M","?","M","M","?","R","E","$","T","$","M","R","E","?","R","BOSS"],"items_purchased_type":["Relic","Card"],"build_version":"2020-12-22","purchased_purges":2,"victory":false,"max_hp_per_floor":[72,72,72,72,72,72,72,72,72,72,72,72,72,72,72,72,72,72,77,77,77,77,77,77,77,77,77,77,77,77,77,77,77,77],"card_choices":[{"not_picked":["Wish","Ragnarok"],"picked":"LessonLearned","floor":0.0},{"not_picked":["WheelKick","Prostrate","CrushJoints"],"picked":"SKIP","floor":1.0},{"not_picked":["Indignation","WaveOfTheHand"],"picked":"Crescendo","floor":2.0},{"not_picked":["JustLucky","WheelKick","ThirdEye"],"picked":"SKIP","floor":4.0},{"not_picked":["Meditate","ReachHeaven"],"picked":"EmptyBody","floor":5.0},{"not_picked":["SignatureMove","Perseverance"],"picked":"Judgement","floor":7.0},{"not_picked":["WaveOfTheHand","JustLucky","Perseverance"],"picked":"SKIP","floor":10.0},{"not_picked":["WaveOfTheHand","JustLucky","Perseverance"],"picked":"SKIP","floor":10.0},{"not_picked":["Evaluate","CarveReality"],"picked":"BowlingBash","floor":12.0},{"not_picked":["SpiritShield","Omniscience"],"picked":"Ragnarok","floor":16.0},{"not_picked":["Prostrate","CrushJoints","BattleHymn"],"picked":"SKIP","floor":18.0},{"not_picked":["Worship+1","FlyingSleeves","Consecrate"],"picked":"SKIP","floor":20.0},{"not_picked":["Evaluate","EmptyFist","Worship"],"picked":"SKIP","floor":21.0},{"not_picked":["SignatureMove","Protect+1","EmptyMind+1"],"picked":"SKIP","floor":24.0},{"not_picked":["BowlingBash+1","ClearTheMind+1"],"picked":"Adaptation","floor":28.0},{"not_picked":["InnerPeace+1","Wish"],"picked":"CutThroughFate","floor":30.0}],"player_experience":629543,"relics_obtained":[{"floor":7.0,"key":"Juzu Bracelet"},{"floor":9.0,"key":"Sundial"},{"floor":12.0,"key":"Unceasing Top"},{"floor":24.0,"key":"Art of War"},{"floor":26.0,"key":"Happy Flower"},{"floor":30.0,"key":"Calipers"}],"event_choices":[{"cards_removed":["Defend_P"],"damage_healed":0.0,"max_hp_gain":0.0,"max_hp_loss":0.0,"gold_gain":0.0,"event_name":"The Cleric","player_choice":"Card Removal","floor":3.0,"gold_loss":50.0,"damage_taken":0.0},{"damage_healed":0.0,"max_hp_gain":0.0,"max_hp_loss":0.0,"gold_gain":75.0,"event_name":"World of Goop","player_choice":"Gather Gold","floor":13.0,"gold_loss":0.0,"damage_taken":11.0},{"damage_healed":0.0,"max_hp_gain":0.0,"max_hp_loss":0.0,"gold_gain":0.0,"cards_transformed":["Defend_P"],"event_name":"Transmorgrifier","player_choice":"Transformed","floor":14.0,"gold_loss":0.0,"damage_taken":0.0,"cards_obtained":["Judgement"]},{"damage_healed":0.0,"max_hp_gain":5.0,"max_hp_loss":0.0,"gold_gain":0.0,"event_name":"Forgotten Altar","player_choice":"Shed Blood","floor":19.0,"gold_loss":0.0,"damage_taken":18.0},{"cards_removed":["Strike_P"],"damage_healed":0.0,"max_hp_gain":0.0,"max_hp_loss":0.0,"gold_gain":0.0,"event_name":"Back to Basics","player_choice":"Elegance","floor":22.0,"gold_loss":0.0,"damage_taken":0.0},{"damage_healed":0.0,"max_hp_gain":0.0,"max_hp_loss":0.0,"gold_gain":0.0,"event_name":"Vampires","player_choice":"Ignored","floor":31.0,"gold_loss":0.0,"damage_taken":0.0}],"is_beta":false,"boss_relics":[{"not_picked":["Coffee Dripper","Astrolabe"],"picked":"VioletLotus"}],"items_purged_floors":[8,27],"is_endless":false,"potions_floor_spawned":[1,2,5,16,18,24,30],"killed_by":"Automaton","ascension_level":9}}