{"host":"7qoz5gmva6til3yp","time":1610635460,"event":{"mods":["AchievementEnabler","BaseMod","Minty Spire (QoL Compilation)","StSLib","SuperFastMode"],"gold_per_floor":[110,123,138,150,150,150,185,185,185,75,75,75,93,93,93,190,190,206,131,149,109,127,162,174,200,227,239,239,21,55,55,55,151,151,167,167,167,178,178,178,4,4,56,81,81,113,113,138,138,138],"floor_reached":51,"language":"KOR","playtime":1836,"items_purged":["Strike_G","Defend_G","Defend_G"],"score":1076,"play_id":"7214f216-fd7b-422e-8fa0-68a2c25ec5c8","local_time":"20210114234420","is_ascension_mode":true,"campfire_choices":[{"data":"Phantasmal Killer","floor":6.0,"key":"SMITH"},{"floor":8.0,"key":"REST"},{"data":"Dagger Spray","floor":12.0,"key":"SMITH"},{"data":"Skewer","floor":15.0,"key":"SMITH"},{"data":"Acrobatics","floor":28.0,"key":"SMITH"},{"floor":32,"key":"REST"},{"data":"Reflex","floor":40,"key":"SMITH"},{"data":"Survivor","floor":42,"key":"SMITH"},{"data":"Grand Finale","floor":49,"key":"SMITH"}],"circlet_count":0,"master_deck":["Strike_G","Defend_G","Survivor+1","Neutralize","Phantasmal Killer+1","Dagger Spray+1","Backstab","Heel Hook","Noxious Fumes","Grand Finale+1","Acrobatics+1","Underhanded Strike","Reflex+1","Dagger Throw","Backflip","Well Laid Plans+1","Grand Finale+1","Die Die Die+1","Tactician+1","Bandage Up","Footwork+1","Quick Slash+1","Backflip+1"],"relics":["Ring of the Snake","Kunai","Eternal Feather","Ginger","Black Star","Ninja Scroll","Thread and Needle","Unceasing Top","Matryoshka","Pantograph","Strawberry","Regal Pillow","Astrolabe","PreservedInsect","Snake Skull","Dream Catcher","Oddly Smooth Stone","Bag of Preparation","Pen Nib","Ancient Tea Set","Darkstone Periapt"],"acts_visited":["Exordium","TheCity","TheBeyond"],"potions_floor_usage":[33,33,50,50],"damage_taken":[{"damage":0.0,"enemies":"Cultist","floor":1.0,"turns":3.0},{"damage":0.0,"enemies":"Small Slimes","floor":2.0,"turns":2.0},{"damage":0.0,"enemies":"Jaw Worm","floor":3.0,"turns":3.0},{"damage":6.0,"enemies":"Red Slaver","floor":4.0,"turns":3.0},{"damage":30.0,"enemies":"Gremlin Nob","floor":7.0,"turns":4.0},{"damage":0.0,"enemies":"3 Louse","floor":13.0,"turns":1.0},{"damage":35.0,"enemies":"Hexaghost","floor":16.0,"turns":9.0},{"damage":16.0,"enemies":"Shell Parasite","floor":18.0,"turns":6.0},{"damage":48.0,"enemies":"2 Thieves","floor":20.0,"turns":4.0},{"damage":30.0,"enemies":"Snake Plant","floor":22.0,"turns":4.0},{"damage":24.0,"enemies":"Slavers","floor":23.0,"turns":2.0},{"damage":9.0,"enemies":"Sentry and Sphere","floor":24.0,"turns":5.0},{"damage":41.0,"enemies":"Book of Stabbing","floor":25.0,"turns":6.0},{"damage":12.0,"enemies":"Centurion and Healer","floor":27.0,"turns":5.0},{"damage":23.0,"enemies":"Slavers","floor":30.0,"turns":4.0},{"damage":21,"enemies":"Colosseum Slavers","floor":31,"turns":3},{"damage":60,"enemies":"Champ","floor":33,"turns":7},{"damage":1,"enemies":"3 Shapes","floor":35,"turns":3},{"damage":17,"enemies":"Orb Walker","floor":38,"turns":3},{"damage":48,"enemies":"Nemesis","floor":44,"turns":7},{"damage":0,"enemies":"Reptomancer","floor":46,"turns":2},{"damage":35,"enemies":"Nemesis","floor":48,"turns":7},{"damage":79,"enemies":"Awakened One","floor":50,"turns":10}],"seed_played":"-4688085191188467076","potions_obtained":[{"floor":1.0,"key":"Energy Potion"},{"floor":16.0,"key":"SpeedPotion"},{"floor":18.0,"key":"BlessingOfTheForge"},{"floor":20.0,"key":"SpeedPotion"},{"floor":21.0,"key":"Dexterity Potion"},{"floor":21.0,"key":"Dexterity Potion"},{"floor":33,"key":"SneckoOil"},{"floor":35,"key":"SkillPotion"}],"is_trial":false,"path_per_floor":["M","M","M","M","?","R","E","R","T","$","T","R","M","$","R","B",null,"M","?","M","?","M","E","M","E","T","M","R","$","E","?","R","B",null,"M","?","?","M","?","R","$","R","T","E","?","E","$","E","R","B",null],"character_chosen":"THE_SILENT","items_purchased":["Noxious Fumes","Reflex","Dagger Throw","Swift Potion"],"campfire_rested":2,"item_purchase_floors":[10,29,29,41],"current_hp_per_floor":[63,63,63,57,57,57,27,48,48,48,48,57,57,57,66,31,60,44,44,46,46,16,46,37,46,53,41,50,50,27,6,53,17,62,61,51,51,38,38,50,50,62,62,18,18,22,22,55,67,14],"gold":138,"neow_bonus":"TRANSFORM_CARD","is_daily":false,"chose_seed":false,"campfire_upgraded":7,"win_rate":0.0,"timestamp":1610635460,"path_taken":["M","M","?","M","?","R","E","R","T","?","?","R","M","$","R","BOSS","M","?","M","?","?","E","?","E","T","M","R","$","E","?","R","BOSS","M","?","?","M","?","R","$","R","T","E","?","E","?","E","R","BOSS"],"items_purchased_type":["Card","Card","Card","Potion"],"build_version":"2020-12-22","purchased_purges":3,"victory":true,"max_hp_per_floor":[70,70,70,70,70,70,70,70,70,70,70,70,70,70,70,70,70,70,70,70,70,70,70,70,70,77,77,77,77,77,77,77,77,77,77,77,77,77,77,77,77,77,77,77,73,73,73,73,73,73],"card_choices":[{"not_picked":["Concentrate","Sucker Punch"],"picked":"Dagger Spray","floor":1.0},{"not_picked":["PiercingWail","Dagger Spray","Bouncing Flask"],"picked":"SKIP","floor":2.0},{"not_picked":["Catalyst","Poisoned Stab","All Out Attack"],"picked":"SKIP","floor":3.0},{"not_picked":["Finisher","Outmaneuver"],"picked":"Skewer","floor":4.0},{"not_picked":["Doppelganger","Dagger Throw"],"picked":"Heel Hook","floor":7.0},{"not_picked":["Terror","Dagger Spray","Slice"],"picked":"SKIP","floor":13.0},{"not_picked":["Bullet Time","Night Terror"],"picked":"Grand Finale","floor":16.0},{"not_picked":["PiercingWail","Catalyst"],"picked":"Acrobatics","floor":18.0},{"not_picked":["Deadly Poison","PiercingWail","Acrobatics"],"picked":"SKIP","floor":20.0},{"not_picked":["Sucker Punch+1","Cloak And Dagger","Distraction+1"],"picked":"SKIP","floor":22.0},{"not_picked":["Sucker Punch","Phantasmal Killer","PiercingWail+1"],"picked":"SKIP","floor":23.0},{"not_picked":["Dagger Spray+1","Outmaneuver"],"picked":"Underhanded Strike","floor":24.0},{"not_picked":["Acrobatics+1","Corpse Explosion","Concentrate"],"picked":"SKIP","floor":25.0},{"not_picked":["Slice","Skewer+1","Underhanded Strike+1"],"picked":"SKIP","floor":27.0},{"not_picked":["Blade Dance","Outmaneuver+1"],"picked":"Backflip","floor":30},{"not_picked":["Cloak And Dagger+1","Masterful Stab"],"picked":"Tactician+1","floor":35},{"not_picked":["Impatience","Good Instincts"],"picked":"Bandage Up","floor":36},{"not_picked":["Outmaneuver+1","Deadly Poison"],"picked":"Footwork+1","floor":38},{"not_picked":["Underhanded Strike+1","Slice+1"],"picked":"Quick Slash+1","floor":44},{"not_picked":["Cloak And Dagger+1","Heel Hook","Finisher"],"picked":"SKIP","floor":46},{"not_picked":["Outmaneuver","Quick Slash+1"],"picked":"Backflip+1","floor":48}],"player_experience":348775,"relics_obtained":[{"floor":7.0,"key":"Kunai"},{"floor":9.0,"key":"Eternal Feather"},{"floor":11.0,"key":"Ginger"},{"floor":23.0,"key":"Ninja Scroll"},{"floor":23.0,"key":"Thread and Needle"},{"floor":25.0,"key":"Unceasing Top"},{"floor":25.0,"key":"Matryoshka"},{"floor":26.0,"key":"Pantograph"},{"floor":26.0,"key":"Strawberry"},{"floor":30,"key":"Regal Pillow"},{"floor":43,"key":"PreservedInsect"},{"floor":43,"key":"Snake Skull"},{"floor":44,"key":"Dream Catcher"},{"floor":44,"key":"Oddly Smooth Stone"},{"floor":46,"key":"Bag of Preparation"},{"floor":46,"key":"Pen Nib"},{"floor":48,"key":"Ancient Tea Set"},{"floor":48,"key":"Darkstone Periapt"}],"event_choices":[{"damage_healed":0.0,"max_hp_gain":0.0,"max_hp_loss":0.0,"gold_gain":0.0,"cards_transformed":["Strike_G"],"event_name":"Transmorgrifier","player_choice":"Transformed","floor":5.0,"gold_loss":0.0,"damage_taken":0.0,"cards_obtained":["Backstab"]},{"cards_removed":["Defend_G"],"damage_healed":0.0,"max_hp_gain":0.0,"max_hp_loss":0.0,"gold_gain":0.0,"event_name":"Beggar","player_choice":"Gave Gold","floor":19.0,"gold_loss":75.0,"damage_taken":0.0},{"damage_healed":0.0,"max_hp_gain":0.0,"max_hp_loss":0.0,"gold_gain":0.0,"event_name":"The Woman in Blue","player_choice":"Bought 3 Potions","floor":21.0,"gold_loss":0.0,"damage_taken":0.0},{"damage_healed":0,"gold_gain":0,"player_choice":"Fight","damage_taken":0,"max_hp_gain":0,"max_hp_loss":0,"event_name":"Colosseum","floor":31,"gold_loss":0},{"damage_healed":0,"gold_gain":0,"player_choice":"Fled From Nobs","damage_taken":0,"max_hp_gain":0,"max_hp_loss":0,"event_name":"Colosseum","floor":31,"gold_loss":0},{"damage_healed":0,"gold_gain":0,"player_choice":"Memory 3","damage_taken":10,"max_hp_gain":0,"max_hp_loss":0,"event_name":"SensoryStone","floor":36,"gold_loss":0},{"damage_healed":0,"gold_gain":0,"player_choice":"Ignored","damage_taken":0,"max_hp_gain":0,"max_hp_loss":0,"event_name":"Tomb of Lord Red Mask","floor":37,"gold_loss":0},{"damage_healed":0,"gold_gain":0,"player_choice":"Ignored","damage_taken":0,"max_hp_gain":0,"max_hp_loss":0,"event_name":"The Moai Head","floor":39,"gold_loss":0},{"damage_healed":0,"gold_gain":0,"player_choice":"Max HP","damage_taken":0,"max_hp_gain":0,"max_hp_loss":4,"event_name":"Winding Halls","floor":45,"gold_loss":0}],"is_beta":false,"boss_relics":[{"not_picked":["Snecko Eye","Coffee Dripper"],"picked":"Black Star"},{"not_picked":["Velvet Choker","Sozu"],"picked":"Astrolabe"}],"items_purged_floors":[10,29,41],"is_endless":false,"potions_floor_spawned":[1,16,18,20,23,31,33,35,48],"ascension_level":6}}