{"host":"vyjryxuuuxkt43k4","time":1610595430,"event":{"mods":["BaseMod","Colored Map","DeckTracker","Minty Spire (QoL Compilation)","Permanent Neow","Quick Restart","StSLib","SuperFastMode","everything is the same but u backflip on backflip"],"gold_per_floor":[118,129,129,53,53,53,53,86,86,116,35,35,48,62,62,165,165,182,198,198,211,224,224,250,250,250,250,18,18,18,28,28,128,178,193,47,57,67,20,20,55,55,55,55,55],"floor_reached":44,"language":"KOR","playtime":3449,"items_purged":["Defend_G","Defend_G"],"score":487,"play_id":"3f0f93ae-03ca-4da0-89f2-51064f6af80d","local_time":"20210114123710","is_ascension_mode":true,"campfire_choices":[{"data":"Dagger Spray","floor":6,"key":"SMITH"},{"floor":12,"key":"REST"},{"data":"Catalyst","floor":15,"key":"SMITH"},{"floor":23,"key":"REST"},{"floor":25,"key":"REST"},{"data":"Footwork","floor":27,"key":"SMITH"},{"floor":30,"key":"REST"},{"floor":32,"key":"REST"},{"data":"Dodge and Roll","floor":40,"key":"SMITH"}],"circlet_count":0,"master_deck":["Strike_G+1","Strike_G+1","Defend_G","Survivor","Neutralize+1","Backstab","Dagger Spray+1","Noxious Fumes+1","Catalyst+1","Dagger Throw+1","Well Laid Plans","Acrobatics","Adrenaline","Bouncing Flask+1","Choke+1","Calculated Gamble","Footwork+1","Expertise+1","Flechettes+1","Corpse Explosion+1","PiercingWail","Prepared+1","Dodge and Roll+1","Dash+1"],"relics":["Ring of the Snake","Ancient Tea Set","Molten Egg 2","Vajra","Empty Cage","Sundial","Thread and Needle","Happy Flower","Tiny House","Pen Nib"],"acts_visited":["Exordium","TheCity","TheBeyond"],"potions_floor_usage":[8,22,24,35,38,38,44],"damage_taken":[{"damage":3,"enemies":"Small Slimes","floor":1,"turns":4},{"damage":0,"enemies":"Jaw Worm","floor":2,"turns":4},{"damage":14,"enemies":"3 Sentries","floor":8,"turns":7},{"damage":17,"enemies":"Gremlin Nob","floor":10,"turns":4},{"damage":0,"enemies":"2 Louse","floor":13,"turns":2},{"damage":0,"enemies":"Blue Slaver","floor":14,"turns":2},{"damage":8,"enemies":"Hexaghost","floor":16,"turns":9},{"damage":11,"enemies":"Shell Parasite","floor":18,"turns":5},{"damage":17,"enemies":"Spheric Guardian","floor":19,"turns":4},{"damage":11,"enemies":"Snecko","floor":21,"turns":4},{"damage":18,"enemies":"Snake Plant","floor":22,"turns":5},{"damage":26,"enemies":"Gremlin Leader","floor":24,"turns":6},{"damage":8,"enemies":"3 Cultists","floor":31,"turns":5},{"damage":36,"enemies":"Collector","floor":33,"turns":5},{"damage":1,"enemies":"Orb Walker","floor":35,"turns":4},{"damage":11,"enemies":"3 Darklings","floor":37,"turns":3},{"damage":42,"enemies":"Spire Growth","floor":38,"turns":5},{"damage":18,"enemies":"Nemesis","floor":41,"turns":7},{"damage":8,"enemies":"2 Orb Walkers","floor":44,"turns":1}],"seed_played":"-7741425094425749677","potions_obtained":[{"floor":1,"key":"Strength Potion"},{"floor":16,"key":"ColorlessPotion"},{"floor":22,"key":"PowerPotion"},{"floor":24,"key":"BlessingOfTheForge"},{"floor":33,"key":"CunningPotion"},{"floor":34,"key":"ColorlessPotion"},{"floor":37,"key":"EssenceOfSteel"}],"is_trial":false,"path_per_floor":["M","M","?","$","?","R","?","E","T","E","$","R","M","M","R","B",null,"M","M","?","M","M","R","E","R","T","R","$","?","R","M","R","B",null,"M","$","M","M","$","R","E","?","T","?"],"character_chosen":"THE_SILENT","items_purchased":["Noxious Fumes","Well Laid Plans","Happy Flower","PiercingWail","Dodge and Roll"],"campfire_rested":5,"item_purchase_floors":[4,11,28,36,39],"current_hp_per_floor":[67,67,53,53,53,53,46,32,32,15,15,36,36,36,36,28,70,59,42,42,31,13,34,8,29,29,29,29,16,38,30,52,16,80,79,79,68,26,26,26,8,8,8,0,0],"gold":55,"neow_bonus":"UPGRADE_CARD","is_daily":false,"chose_seed":false,"campfire_upgraded":4,"win_rate":0.0,"timestamp":1610595430,"path_taken":["M","M","?","$","?","R","?","E","T","E","?","R","M","M","R","BOSS","M","M","?","M","M","R","E","R","T","R","$","?","R","M","R","BOSS","M","$","M","M","$","R","E","?","T","?"],"items_purchased_type":["Card","Card","Relic","Card","Card"],"build_version":"2020-12-22","purchased_purges":2,"victory":false,"max_hp_per_floor":[70,70,70,70,70,70,70,70,70,70,70,70,70,70,70,70,70,70,70,70,70,70,70,70,70,70,70,70,75,75,75,75,75,80,80,80,80,80,80,80,80,80,80,80,80],"card_choices":[{"not_picked":["Acrobatics","Deflect"],"picked":"Backstab","floor":1},{"not_picked":["Finisher","Acrobatics"],"picked":"Dagger Spray","floor":2},{"not_picked":["Bullet Time","Outmaneuver"],"picked":"Catalyst","floor":8},{"not_picked":["All Out Attack+1","Quick Slash+1"],"picked":"Dagger Throw+1","floor":10},{"not_picked":["Noxious Fumes","Bouncing Flask","Deflect"],"picked":"SKIP","floor":13},{"not_picked":["Flying Knee+1","Deflect"],"picked":"Acrobatics","floor":14},{"not_picked":["Bullet Time","A Thousand Cuts"],"picked":"Adrenaline","floor":16},{"not_picked":["Deadly Poison","Dagger Throw+1"],"picked":"Bouncing Flask+1","floor":18},{"not_picked":["Bouncing Flask+1","PiercingWail"],"picked":"Choke+1","floor":19},{"not_picked":["Setup+1","Poisoned Stab+1"],"picked":"Calculated Gamble","floor":21},{"not_picked":["Cloak And Dagger","Blade Dance"],"picked":"Footwork","floor":22},{"not_picked":["Outmaneuver","Slice+1"],"picked":"Expertise+1","floor":24},{"not_picked":["Sucker Punch+1","Slice+1"],"picked":"Flechettes+1","floor":31},{"not_picked":["Phantasmal Killer","Storm of Steel"],"picked":"Corpse Explosion","floor":33},{"not_picked":["All Out Attack+1","Quick Slash+1","Skewer+1"],"picked":"SKIP","floor":35},{"not_picked":["Slice+1","Underhanded Strike+1"],"picked":"Prepared+1","floor":37},{"not_picked":["Bane+1","Catalyst","Poisoned Stab+1"],"picked":"SKIP","floor":38},{"not_picked":["Poisoned Stab+1","Envenom"],"picked":"Dash+1","floor":41}],"player_experience":268830,"relics_obtained":[{"floor":8,"key":"Ancient Tea Set"},{"floor":9,"key":"Molten Egg 2"},{"floor":10,"key":"Vajra"},{"floor":24,"key":"Sundial"},{"floor":26,"key":"Thread and Needle"},{"floor":41,"key":"Pen Nib"}],"event_choices":[{"damage_healed":0,"gold_gain":0,"player_choice":"Entered Light","damage_taken":14,"max_hp_gain":0,"max_hp_loss":0,"event_name":"Shining Light","floor":3,"gold_loss":0,"cards_upgraded":["Strike_G","Strike_G"]},{"damage_healed":0,"gold_gain":0,"player_choice":"Grow","damage_taken":0,"max_hp_gain":0,"max_hp_loss":0,"event_name":"Living Wall","floor":5,"gold_loss":0,"cards_upgraded":["Noxious Fumes"]},{"cards_removed":["Strike_G"],"damage_healed":0,"gold_gain":0,"player_choice":"Card Removal","damage_taken":7,"max_hp_gain":0,"max_hp_loss":0,"event_name":"Golden Wing","floor":7,"gold_loss":0},{"cards_removed":["Strike_G"],"damage_healed":0,"gold_gain":0,"player_choice":"Elegance","damage_taken":0,"max_hp_gain":0,"max_hp_loss":0,"event_name":"Back to Basics","floor":20,"gold_loss":0},{"damage_healed":0,"gold_gain":0,"player_choice":"Shed Blood","damage_taken":18,"max_hp_gain":5,"max_hp_loss":0,"event_name":"Forgotten Altar","floor":29,"gold_loss":0},{"cards_removed":["Defend_G"],"damage_healed":0,"gold_gain":0,"player_choice":"Removed Skill","damage_taken":0,"max_hp_gain":0,"max_hp_loss":0,"event_name":"Falling","floor":42,"gold_loss":0},{"damage_healed":0,"gold_gain":0,"player_choice":"Fight","damage_taken":0,"max_hp_gain":0,"max_hp_loss":0,"event_name":"Mysterious Sphere","floor":44,"gold_loss":0}],"is_beta":false,"boss_relics":[{"not_picked":["Velvet Choker","HoveringKite"],"picked":"Empty Cage"},{"not_picked":["Busted Crown","Fusion Hammer"],"picked":"Tiny House"}],"items_purged_floors":[28,36],"is_endless":false,"potions_floor_spawned":[1,16,22,24,33,37],"killed_by":"2 Orb Walkers","ascension_level":1}}