{"host":"3fgya34xyet33lnh","time":1610592019,"event":{"mods":["100% Spire Juice","2.2 Compatiblity","AchievementEnabler","Aspiration","BaseMod","Bestiary","Better Vampires","Block Reminder","Colored Map","Colored Powertips","Curses Come First","Dark Map","DeckTracker","Filter the Spire","Highlight Path","Hubris","KinomotoSakuraMod(????)","Marisa????????","Minty Spire (QoL Compilation)","Permanent Neow","Prisma Mod","Quick Restart","Railgun Mod","Relic Stats","Replay The Spire","StSLib","SuperFastMode","The Alterego","The Marked","TheSwordswoman","TheVelvet","WarShipGirlsR/????R mod","Yakumo Yukari mod"],"gold_per_floor":[15,25,25,25,35,65,65,193,218,289,318,441,453,480,492,630,642,671,698,726,749,773,785,830,536,536,563,596,596,218,218,218,354,354,424,374,374,54,135,264,433,433,433],"floor_reached":42,"language":"ENG","playtime":5071,"items_purged":[],"score":762,"play_id":"bcf81c78-16f3-4632-9291-99e5d128c86b","local_time":"20210113214019","is_ascension_mode":false,"campfire_choices":[{"data":"rmod:chargemoney","floor":7.0,"key":"SMITH"},{"data":"rmod:expedition","floor":15.0,"key":"SMITH"},{"data":"rmod:expedition+1","floor":23.0,"key":"SMITH"},{"data":"rmod:expedition+2","floor":32.0,"key":"SMITH"}],"circlet_count":0,"master_deck":["rmod:strick+1","rmod:strick+1","rmod:strick+1","rmod:strick+1","rmod:defend+1","rmod:defend+1","rmod:defend+1","rmod:defend+1","rmod:basicallowance","rmod:maingunfire","rmod:chargemoney","rmod:chargemoney+1","rmod:fuelsupply","rmod:aviationdawn","rmod:firesupport","rmod:firesupport","rmod:expedition+3","rmod:aviationdawn","rmod:bulid","rmod:fletcherpendant","rmod:fletcherpendant","rmod:unsinkable","rmod:fletcherpendant","rmod:guardianhero","rmod:tearstotiara","rmod:ammunitionsupply+1","rmod:firesupport","rmod:lonelyqueen","rmod:fletcherpendant+1","rmod:punchline+1","hubris:NaturalOne","rmod:selfconfidence","hubris:Greed","rmod:mineteam","hubris:Greed","rmod:ring+1","hubris:Greed","hubris:Greed","rmod:supportaircraftcarrier","rmod:selfconfidence","Pot Of Greed","Pot Of Greed","Pot Of Greed","Pot Of Greed","hubris:Greed","hubris:Greed","hubris:Greed","hubris:Greed","rmod:fletcher","Pot Of Greed","hubris:Greed","hubris:Greed","hubris:Greed","rmod:expedition+1","Deadly Poison","Caltrops","hubris:Sniper","rmod:fletcherpendant+1","rmod:chargemoney","rmod:generalist","hubris:Greed","hubris:Greed","Pot Of Greed","hubris:Greed","rmod:luckystar","hubris:Greed","hubris:Greed","hubris:Greed","hubris:Greed","hubris:Greed","hubris:Greed","rmod:openingtorpedo","hubris:Greed","hubris:Greed","hubris:Greed","Pot Of Greed","hubris:Greed","hubris:Greed","hubris:Greed","hubris:Greed","hubris:Greed","hubris:Greed","hubris:Greed","rmod:wolves+1","hubris:Greed","hubris:Greed","hubris:Greed","hubris:Greed","Pot Of Greed","hubris:Greed","hubris:Greed","hubris:Greed","hubris:Greed"],"relics":["rmod:firstchargereward","hubris:Icosahedron","Toy Ornithopter","hubris:Metronome","MawBank","hubris:DeckOfHolding","Honey Jar","rmod:quickrepair","Lantern","Orichalcum","Mirror","Medical Kit","Grinning Jar","alterego_mod:FleetingLove","ChewingGum","aspiration:Nostalgia","theMarked:ArtifactOfAir","hubris:ToyBattleship"],"acts_visited":["Exordium","TheCity","TheBeyond"],"potions_floor_usage":[41,42],"damage_taken":[{"damage":0.0,"enemies":"Cultist","floor":1.0,"turns":3.0},{"damage":10.0,"enemies":"Small Slimes","floor":2.0,"turns":4.0},{"damage":0.0,"enemies":"2 Louse","floor":5.0,"turns":2.0},{"damage":0.0,"enemies":"Lagavulin","floor":6.0,"turns":6.0},{"damage":10.0,"enemies":"Gremlin Nob","floor":8.0,"turns":3.0},{"damage":18.0,"enemies":"Lagavulin Event","floor":10.0,"turns":5.0},{"damage":0.0,"enemies":"Gremlin Gang","floor":11.0,"turns":3.0},{"damage":3.0,"enemies":"Lots of Slimes","floor":12.0,"turns":3.0},{"damage":0.0,"enemies":"Exordium Wildlife","floor":14.0,"turns":1.0},{"damage":2.0,"enemies":"Hexaghost","floor":16.0,"turns":9.0},{"damage":1.0,"enemies":"Chosen","floor":18.0,"turns":4.0},{"damage":0.0,"enemies":"Spheric Guardian","floor":19.0,"turns":4.0},{"damage":11.0,"enemies":"Chosen and Byrds","floor":20.0,"turns":6.0},{"damage":12.0,"enemies":"Centurion and Healer","floor":21.0,"turns":5.0},{"damage":30.0,"enemies":"Snake Plant","floor":22.0,"turns":3.0},{"damage":15.0,"enemies":"Gremlin Leader","floor":24.0,"turns":6.0},{"damage":0.0,"enemies":"3 Cultists","floor":27.0,"turns":4.0},{"damage":6.0,"enemies":"Centurion and Healer","floor":28.0,"turns":6.0},{"damage":13.0,"enemies":"Champ","floor":33.0,"turns":8.0},{"damage":8.0,"enemies":"3 Darklings","floor":35.0,"turns":3.0},{"damage":1.0,"enemies":"Orb Walker","floor":39.0,"turns":2.0},{"damage":46.0,"enemies":"Reptomancer","floor":40.0,"turns":5.0},{"damage":35,"enemies":"Jaw Worm Horde","floor":41,"turns":5},{"damage":30,"enemies":"Nemesis","floor":42,"turns":3}],"seed_played":"-5205950726189715521","potions_obtained":[{"floor":5.0,"key":"Energy Potion"},{"floor":6.0,"key":"PowerPotion"},{"floor":11.0,"key":"PowerPotion"},{"floor":13.0,"key":"FairyPotion"},{"floor":16.0,"key":"Adrenaline Potion"},{"floor":18.0,"key":"SpeedPotion"},{"floor":19.0,"key":"Energy Potion"},{"floor":20.0,"key":"Cursed Concoction"},{"floor":24.0,"key":"Dexterity Potion"},{"floor":28.0,"key":"Death Potion"},{"floor":33.0,"key":"Ancient Potion"},{"floor":41,"key":"Adrenaline Potion"}],"is_trial":false,"path_per_floor":["M","M","?","?","M","E","R","E","T","?","M","M","?","M","R","B",null,"M","M","M","M","M","R","E","$","T","M","M","?","$","?","R","B",null,"M","?","?","$","M","E","M","E"],"character_chosen":"PRAEFECT","items_purchased":["Lantern","Orichalcum","Medical Kit","rmod:selfconfidence","Grinning Jar","aspiration:Nostalgia","rmod:fletcherpendant+1","rmod:chargemoney","rmod:generalist"],"campfire_rested":0,"item_purchase_floors":[25,25,30,30,30,38,38,38,38],"current_hp_per_floor":[75,65,65,65,65,65,65,60,60,42,42,39,39,39,39,47,75,74,74,67,55,30,30,20,20,20,20,14,14,14,14,14,6,75,67,67,67,67,66,25,22,0,0],"gold":433,"neow_bonus":"RANDOM_COLORLESS_2","is_daily":false,"chose_seed":false,"campfire_upgraded":4,"win_rate":0.0,"timestamp":1610592019,"path_taken":["M","M","?","?","M","E","R","E","T","?","M","M","?","?","R","BOSS","M","?","M","M","M","R","E","$","T","M","M","?","$","?","R","BOSS","M","?","?","$","M","E","M","E"],"items_purchased_type":["Relic","Relic","Relic","Card","Relic","Relic","Card","Card","Card"],"build_version":"2020-12-22","purchased_purges":0,"victory":false,"max_hp_per_floor":[75,75,75,75,75,75,75,75,75,75,75,75,75,75,75,75,75,75,75,75,75,75,75,75,75,75,75,75,75,75,75,75,75,75,75,75,75,75,75,75,75,75,75],"relic_stats":{"counters":[24,103],"Orichalcum":[102],"MawBank":192,"Medical Kit":[0],"obtain_stats":[{"hubris:Metronome":8,"Lantern":25,"aspiration:Nostalgia":38,"Orichalcum":25,"MawBank":9,"Medical Kit":30,"theMarked:ArtifactOfAir":38,"alterego_mod:FleetingLove":31,"hubris:Icosahedron":4,"Honey Jar":17,"hubris:DeckOfHolding":10,"ChewingGum":34,"rmod:quickrepair":24,"rmod:firstchargereward":0,"hubris:ToyBattleship":40,"Grinning Jar":30,"Mirror":26,"Toy Ornithopter":6},{"hubris:Metronome":5,"Lantern":16,"aspiration:Nostalgia":20,"Orichalcum":16,"MawBank":5,"Medical Kit":18,"theMarked:ArtifactOfAir":20,"alterego_mod:FleetingLove":18,"hubris:Icosahedron":2,"Honey Jar":10,"hubris:DeckOfHolding":6,"ChewingGum":19,"rmod:quickrepair":16,"rmod:firstchargereward":0,"hubris:ToyBattleship":22,"Grinning Jar":18,"Mirror":16,"Toy Ornithopter":4},{"hubris:Metronome":18,"Lantern":67,"aspiration:Nostalgia":88,"Orichalcum":67,"MawBank":18,"Medical Kit":77,"theMarked:ArtifactOfAir":88,"alterego_mod:FleetingLove":77,"hubris:Icosahedron":7,"Honey Jar":39,"hubris:DeckOfHolding":23,"ChewingGum":85,"rmod:quickrepair":67,"rmod:firstchargereward":0,"hubris:ToyBattleship":95,"Grinning Jar":77,"Mirror":67,"Toy Ornithopter":15}],"Toy Ornithopter":49},"card_choices":[{"not_picked":["Midas Touch","ReplayUltimateDefense"],"picked":"Crow Ritual","floor":0.0},{"not_picked":["rmod:fuelsupply","rmod:ammunitionsupply"],"picked":"rmod:chargemoney","floor":1.0},{"not_picked":["rmod:intelligenceanalysis","rmod:generalist"],"picked":"rmod:chargemoney","floor":2.0},{"not_picked":["rmod:wolves","rmod:garrisonisland"],"picked":"rmod:expedition","floor":5.0},{"not_picked":["rmod:fuelsupply","rmod:tearstotiara"],"picked":"rmod:aviationdawn","floor":6.0},{"not_picked":["rmod:secretscript","rmod:advancebysurprise"],"picked":"rmod:bulid","floor":8.0},{"not_picked":["rmod:supportescort","rmod:circuitoustactics"],"picked":"rmod:fletcherpendant","floor":10.0},{"not_picked":["rmod:chargemoney","rmod:goodfighter"],"picked":"rmod:unsinkable","floor":11.0},{"not_picked":["rmod:ammunitionsupply","rmod:luckystar"],"picked":"rmod:guardianhero","floor":12.0},{"not_picked":["rmod:aluminumsupply","rmod:punchline"],"picked":"rmod:tearstotiara","floor":14.0},{"not_picked":["rmod:saltedfish","rmod:desperatesituation"],"picked":"rmod:supriseattacks","floor":16.0},{"not_picked":["rmod:fuelsupply","rmod:ring+1","rmod:goodsister"],"picked":"rmod:ammunitionsupply+1","floor":18.0},{"not_picked":["rmod:diamondstrike+1","rmod:capitalist","rmod:aviationdawn"],"picked":"rmod:firesupport","floor":19.0},{"not_picked":["rmod:sl","rmod:circuitoustactics","rmod:goodsister"],"picked":"rmod:lonelyqueen","floor":20.0},{"not_picked":["rmod:circuitoustactics","rmod:tearstotiara","rmod:aviationdawn+1"],"picked":"rmod:punchline+1","floor":21.0},{"not_picked":["rmod:supportescort","rmod:aluminumsupply","rmod:salvage+1"],"picked":"rmod:selfconfidence","floor":22.0},{"not_picked":["rmod:slowdown","rmod:secretscript","rmod:firesupport"],"picked":"rmod:mineteam","floor":24.0},{"not_picked":["rmod:spoils","rmod:firesupport+1","rmod:mineteam"],"picked":"rmod:ring+1","floor":27.0},{"not_picked":["rmod:mineteam","rmod:fletcherpendant+1","rmod:aviationdawn"],"picked":"rmod:supportaircraftcarrier","floor":28.0},{"not_picked":["rmod:seals","rmod:u235","rmod:saltedfish"],"picked":"rmod:fletcher","floor":33.0},{"not_picked":["rmod:fuelsupply","rmod:supportescort","rmod:diamondstrike"],"picked":"rmod:expedition+1","floor":35.0},{"not_picked":["rmod:circuitoustactics","rmod:aluminumsupply","rmod:ammunitionsupply+1"],"picked":"rmod:luckystar","floor":39.0},{"not_picked":["rmod:fuelsupply+1","rmod:launchingtorpedo","rmod:steelsupply"],"picked":"rmod:openingtorpedo","floor":40.0},{"not_picked":["rmod:aluminumsupply+1","rmod:tearstotiara","rmod:openingtorpedo"],"picked":"rmod:wolves+1","floor":41}],"player_experience":64426,"relics_obtained":[{"floor":6.0,"key":"Toy Ornithopter"},{"floor":8.0,"key":"hubris:Metronome"},{"floor":9.0,"key":"MawBank"},{"floor":10.0,"key":"hubris:DeckOfHolding"},{"floor":24.0,"key":"rmod:quickrepair"},{"floor":26.0,"key":"Mirror"},{"floor":40.0,"key":"hubris:ToyBattleship"}],"event_choices":[{"damage_healed":0.0,"max_hp_gain":0.0,"max_hp_loss":0.0,"gold_gain":30.0,"event_name":"Dead Adventurer","player_choice":"Searched \u00272\u0027 times","floor":10.0,"gold_loss":0.0,"damage_taken":0.0},{"damage_healed":0.0,"max_hp_gain":0.0,"max_hp_loss":0.0,"gold_gain":0.0,"event_name":"Lab","player_choice":"Got Potions","floor":13.0,"gold_loss":0.0,"damage_taken":0.0},{"damage_healed":0.0,"max_hp_gain":0.0,"max_hp_loss":0.0,"gold_gain":0.0,"event_name":"Back to Basics","player_choice":"Simplicity","floor":29.0,"gold_loss":0.0,"damage_taken":0.0,"cards_upgraded":["rmod:strick","rmod:strick","rmod:strick","rmod:strick","rmod:defend","rmod:defend","rmod:defend","rmod:defend"]},{"damage_healed":0.0,"max_hp_gain":0.0,"max_hp_loss":0.0,"gold_gain":0.0,"event_name":"Secret Garden","player_choice":"Choice 1","floor":31.0,"gold_loss":0.0,"damage_taken":0.0,"relics_obtained":["alterego_mod:FleetingLove"]}],"is_beta":false,"boss_relics":[{"not_picked":["Cursed Key","Replay:Wanted Poster"],"picked":"Honey Jar"},{"not_picked":["aspiration:RunicSpoon","hubris:TerracottaHorce"],"picked":"ChewingGum"}],"items_purged_floors":[],"is_endless":false,"potions_floor_spawned":[5,6,11,14,16,18,19,20,24,28,33,41],"killed_by":"Nemesis","ascension_level":0}}