{"host":"h5mpg8xef8fl8s1y","time":1610652654,"event":{"mods":["100% Spire Juice","AchievementEnabler","BaseMod","Bestiary","Block Reminder","Colored Map","Colored Powertips","Curses Come First","Dark Map","Displayed Cursed Tome","Googly Eyes","Marisa????????","Minty Spire (QoL Compilation)","Permanent Neow","Quick Restart","Random Character Button","Rare Cards Sparkle","Relic Stats","StSLib","Starting Relic: Pandora\u0027s Box","The Marked","The Senshi","The Servant 0.9.4","TheVelvet","Waifu the Spire","Yakumo Yukari mod","everything is the same but u backflip on backflip"],"gold_per_floor":[119,119,183,62,27,27,46,46,72,72,72,102,177,177,177,281,281,293,312,117,117,137,137,147,147,174,174,37,37,47,146,146,245,245,260,313,313,363,373,373,373,384,384,396,448,448,459,56,56,56],"floor_reached":51,"language":"ENG","playtime":3492,"items_purged":[],"score":629,"play_id":"00261cb4-0663-4a9e-963d-c08e7542701e","local_time":"20210114143054","is_ascension_mode":false,"campfire_choices":[{"data":"theSenshi:MoonTiaraMagic","floor":6,"key":"SMITH"},{"data":"theSenshi:SailorUranusAssists","floor":8,"key":"SMITH"},{"data":"theSenshi:MoonPrismPowerMakeUp","floor":15,"key":"SMITH"},{"data":"theSenshi:NeptunesGrace","floor":25,"key":"SMITH"},{"data":"theSenshi:LunaSensingAllies","floor":27,"key":"SMITH"},{"data":"theSenshi:Sidestep","floor":29,"key":"SMITH"},{"data":"theSenshi:TuxedoSmokingBomber","floor":32,"key":"SMITH"},{"floor":40,"key":"RECALL"},{"floor":49,"key":"REST"}],"circlet_count":0,"master_deck":["theSenshi:RoseThrow","theSenshi:MoonPrismPowerMakeUp+1","theSenshi:YouCanTalk","theSenshi:SailorUranusAssists+1","theSenshi:MoonTiaraMagic+1","theSenshi:NeptunesGrace+1","theSenshi:SailorChibiMoonAssists","theSenshi:Sidestep+1","theSenshi:LateForSchool","theSenshi:SaturnsMystery+1","theSenshi:MoonsReflection","theSenshi:TallSilhouette","theSenshi:LunaSensingAllies+1","theSenshi:MoonCrisisMakeUp+1","theSenshi:MoonKick","theSenshi:TuxedoSmokingBomber+1","theSenshi:CrisisMakeUp+1","Sadistic Nature+1","theSenshi:MoonCosmicPowerMakeUp+1","theSenshi:GlimpseOfThePast+1","theSenshi:SailorVenusAssists","theSenshi:MoonCrisisMakeUp+1","theSenshi:MoonHealingEscalation+1","theSenshi:MoonKick+1","theSenshi:LateForSchool","theSenshi:MoonKick+1","Discovery","theSenshi:PlutosSolemnity+1","theSenshi:KlutzyLuck+1","theSenshi:Overload"],"relics":["theSenshi:TransformationBroochRelic","The Courier","Ancient Tea Set","Lantern","Frozen Egg 2","Mummified Hand","Black Star","Kunai","theSenshi:CosmicHeartCompactRelic","Fusion Hammer","Gambling Chip","Incense Burner","Mango","CatCart","Cauldron","Letter Opener"],"acts_visited":["Exordium","TheCity","TheBeyond"],"potions_floor_usage":[18,35,36],"damage_taken":[{"damage":0,"enemies":"Cultist","floor":1,"turns":2},{"damage":0,"enemies":"Small Slimes","floor":7,"turns":2},{"damage":50,"enemies":"Slime Boss","floor":16,"turns":10},{"damage":21,"enemies":"Chosen","floor":18,"turns":6},{"damage":11,"enemies":"Spheric Guardian","floor":19,"turns":5},{"damage":34,"enemies":"Snake Plant","floor":22,"turns":5},{"damage":2,"enemies":"3 Cultists","floor":24,"turns":3},{"damage":0,"enemies":"Snecko","floor":30,"turns":5},{"damage":62,"enemies":"Automaton","floor":33,"turns":10},{"damage":6,"enemies":"Orb Walker","floor":35,"turns":4},{"damage":47,"enemies":"2 Orb Walkers","floor":36,"turns":5},{"damage":20,"enemies":"Mind Bloom Boss Battle","floor":38,"turns":6},{"damage":10,"enemies":"3 Darklings","floor":39,"turns":6},{"damage":4,"enemies":"Jaw Worm Horde","floor":42,"turns":4},{"damage":7,"enemies":"Spire Growth","floor":44,"turns":5},{"damage":20,"enemies":"Orin","floor":45,"turns":10},{"damage":0,"enemies":"Transient","floor":47,"turns":5},{"damage":45,"enemies":"Donu and Deca","floor":50,"turns":10}],"seed_played":"-483280934593670363","potions_obtained":[{"floor":1,"key":"SkillPotion"},{"floor":19,"key":"DistilledChaos"},{"floor":22,"key":"LiquidBronze"},{"floor":36,"key":"Ancient Potion"},{"floor":42,"key":"DistilledChaos"},{"floor":45,"key":"LiquidBronze"},{"floor":47,"key":"DistilledChaos"},{"floor":48,"key":"DistilledChaos"}],"is_trial":false,"path_per_floor":["M","?","?","$","?","R","M","R","T","?","$","?","?","T","R","B",null,"M","M","$","?","M","?","M","R","T","R","$","R","M","?","R","B",null,"M","?","?","?","M","R","?","M","T","M","?","?","M","$","R","B",null],"character_chosen":"THE_SENSHI","items_purchased":["Ancient Tea Set","Kunai","Sadistic Nature+1","theSenshi:KlutzyLuck+1","Cauldron","Letter Opener","theSenshi:Overload"],"campfire_rested":1,"item_purchase_floors":[4,20,28,48,48,48,48],"current_hp_per_floor":[75,63,63,63,75,75,75,75,75,80,80,80,69,69,69,41,80,59,48,48,74,52,52,65,65,65,65,65,65,80,80,80,42,80,74,32,70,70,70,70,70,70,84,84,64,64,84,84,84,75],"gold":56,"neow_bonus":"UPGRADE_CARD","is_daily":false,"chose_seed":false,"campfire_upgraded":7,"win_rate":0.0,"timestamp":1610652654,"path_taken":["M","?","?","$","?","R","M","R","T","?","?","?","?","?","R","BOSS","M","M","$","?","M","?","?","R","T","R","$","R","M","?","R","BOSS","M","?","?","?","M","R","?","?","T","M","?","?","M","$","R","BOSS"],"items_purchased_type":["Relic","Relic","Card","Card","Relic","Relic","Card"],"build_version":"2020-12-22","purchased_purges":0,"victory":true,"max_hp_per_floor":[75,75,75,75,75,75,75,75,75,80,80,80,80,80,80,80,80,80,80,80,80,80,80,80,80,80,80,80,80,80,80,80,80,80,80,80,70,70,70,70,70,70,84,84,84,84,84,84,84,84],"relic_stats":{"counters":[18,103],"Mummified Hand":[106],"Gambling Chip":[16],"Black Star":0,"Kunai":[25],"Letter Opener":[35],"obtain_stats":[{"Lantern":9,"Mango":43,"The Courier":2,"Incense Burner":38,"Letter Opener":48,"Frozen Egg 2":12,"Ancient Tea Set":4,"Cauldron":48,"theSenshi:TransformationBroochRelic":0,"Mummified Hand":14,"Gambling Chip":36,"Fusion Hammer":34,"Black Star":17,"Kunai":20,"CatCart":45,"theSenshi:CosmicHeartCompactRelic":26},{"Lantern":2,"Mango":14,"The Courier":1,"Incense Burner":12,"Letter Opener":17,"Frozen Egg 2":2,"Ancient Tea Set":1,"Cauldron":17,"theSenshi:TransformationBroochRelic":0,"Mummified Hand":2,"Gambling Chip":11,"Fusion Hammer":9,"Black Star":3,"Kunai":5,"CatCart":16,"theSenshi:CosmicHeartCompactRelic":7},{"Lantern":4,"Mango":73,"The Courier":2,"Incense Burner":63,"Letter Opener":93,"Frozen Egg 2":4,"Ancient Tea Set":2,"Cauldron":93,"theSenshi:TransformationBroochRelic":0,"Mummified Hand":4,"Gambling Chip":57,"Fusion Hammer":48,"Black Star":14,"Kunai":25,"CatCart":88,"theSenshi:CosmicHeartCompactRelic":33}]},"card_choices":[{"not_picked":["theSenshi:SailorPlanetAttack","theSenshi:Overload"],"picked":"theSenshi:MoonsReflection","floor":1},{"not_picked":["theSenshi:MoonKick","theSenshi:EncouragingSpeech"],"picked":"theSenshi:TallSilhouette","floor":7},{"not_picked":["theSenshi:SailorStarHealerAssists","theSenshi:SailorPlutoAssists"],"picked":"theSenshi:LunaSensingAllies","floor":16},{"not_picked":["theSenshi:SailorMarsAssists","theSenshi:SaturnsMystery"],"picked":"theSenshi:MoonCrisisMakeUp+1","floor":18},{"not_picked":["theSenshi:SailorPlanetAttack+1","theSenshi:EncouragingSpeech"],"picked":"theSenshi:MoonKick","floor":19},{"not_picked":["theSenshi:NeptunesGrace","theSenshi:InTheNickOfTime"],"picked":"theSenshi:TuxedoSmokingBomber","floor":22},{"not_picked":["theSenshi:SailorStarFighterAssists+1","theSenshi:PlutosSolemnity+1"],"picked":"theSenshi:CrisisMakeUp+1","floor":24},{"not_picked":["theSenshi:RainbowMoonHeartAche","theSenshi:SailorMarsAssists"],"picked":"theSenshi:MoonCosmicPowerMakeUp+1","floor":30},{"not_picked":["theSenshi:ChibiMoonsLove","theSenshi:SailorPlutoAssists"],"picked":"theSenshi:GlimpseOfThePast+1","floor":33},{"not_picked":["theSenshi:Sidestep","theSenshi:MoonPower+1"],"picked":"theSenshi:SailorVenusAssists","floor":35},{"not_picked":["theSenshi:MoonTiaraMagic+1","theSenshi:MoonPrincessHalation"],"picked":"theSenshi:MoonCrisisMakeUp+1","floor":36},{"not_picked":["theSenshi:SailorV","theSenshi:VenusGlamour+1"],"picked":"theSenshi:MoonHealingEscalation+1","floor":38},{"not_picked":["theSenshi:GatheringStrength","theSenshi:SupersonicWaves+1"],"picked":"theSenshi:MoonKick+1","floor":39},{"not_picked":["theSenshi:SailorMarsAssists","theSenshi:TuxedoSmokingBomber+1"],"picked":"theSenshi:LateForSchool","floor":42},{"not_picked":["theSenshi:SupersonicWaves","theSenshi:SailorVenusAssists"],"picked":"theSenshi:MoonKick+1","floor":44},{"not_picked":["Purity","Dramatic Entrance"],"picked":"Discovery","floor":46},{"not_picked":["theSenshi:TuxedoSmokingBomber","theSenshi:DramaticEntrance+1"],"picked":"theSenshi:PlutosSolemnity+1","floor":47}],"player_experience":224559,"relics_obtained":[{"floor":9,"key":"Lantern"},{"floor":14,"key":"Mummified Hand"},{"floor":26,"key":"theSenshi:CosmicHeartCompactRelic"},{"floor":36,"key":"Gambling Chip"},{"floor":38,"key":"Incense Burner"},{"floor":43,"key":"Mango"},{"floor":45,"key":"CatCart"}],"event_choices":[{"damage_healed":0,"gold_gain":0,"player_choice":"Success","damage_taken":12,"relics_obtained":["The Courier"],"max_hp_gain":0,"max_hp_loss":0,"event_name":"Scrap Ooze","floor":2,"gold_loss":0},{"damage_healed":0,"gold_gain":64,"player_choice":"Gained Gold","damage_taken":0,"max_hp_gain":0,"max_hp_loss":0,"event_name":"Golden Wing","floor":3,"gold_loss":0},{"damage_healed":18,"gold_gain":0,"player_choice":"Healed","damage_taken":0,"max_hp_gain":0,"max_hp_loss":0,"event_name":"The Cleric","floor":5,"gold_loss":35},{"damage_healed":0,"gold_gain":0,"player_choice":"Donut","damage_taken":0,"max_hp_gain":5,"max_hp_loss":0,"event_name":"Big Fish","floor":10,"gold_loss":0},{"damage_healed":0,"gold_gain":30,"player_choice":"Searched \u00272\u0027 times","damage_taken":0,"relics_obtained":["Frozen Egg 2"],"max_hp_gain":0,"max_hp_loss":0,"event_name":"Dead Adventurer","floor":12,"gold_loss":0},{"damage_healed":0,"gold_gain":75,"player_choice":"Gather Gold","damage_taken":11,"max_hp_gain":0,"max_hp_loss":0,"event_name":"World of Goop","floor":13,"gold_loss":0},{"damage_healed":26,"gold_gain":0,"player_choice":"Heal","damage_taken":0,"max_hp_gain":0,"max_hp_loss":0,"event_name":"The Library","floor":21,"gold_loss":0},{"damage_healed":0,"gold_gain":0,"player_choice":"Ignored","damage_taken":0,"max_hp_gain":0,"max_hp_loss":0,"event_name":"Ghosts","floor":23,"gold_loss":0},{"damage_healed":0,"gold_gain":99,"player_choice":"Stole From Cult","damage_taken":0,"max_hp_gain":0,"max_hp_loss":0,"event_name":"Nest","floor":31,"gold_loss":0},{"damage_healed":0,"gold_gain":0,"player_choice":"Fight","damage_taken":0,"max_hp_gain":0,"max_hp_loss":0,"event_name":"Mysterious Sphere","floor":36,"gold_loss":0},{"damage_healed":70,"gold_gain":0,"player_choice":"Heal","damage_taken":0,"max_hp_gain":0,"max_hp_loss":10,"event_name":"The Moai Head","floor":37,"gold_loss":0},{"damage_healed":0,"gold_gain":0,"player_choice":"Fight","damage_taken":0,"max_hp_gain":0,"max_hp_loss":0,"event_name":"MindBloom","floor":38,"gold_loss":0},{"damage_healed":0,"gold_gain":0,"player_choice":"Ignored","damage_taken":0,"max_hp_gain":0,"max_hp_loss":0,"event_name":"Tomb of Lord Red Mask","floor":41,"gold_loss":0},{"damage_healed":0,"gold_gain":0,"player_choice":"Fight","damage_taken":0,"max_hp_gain":0,"max_hp_loss":0,"event_name":"OrinTheCat","floor":45,"gold_loss":0},{"damage_healed":0,"gold_gain":0,"player_choice":"Memory 1","damage_taken":0,"max_hp_gain":0,"max_hp_loss":0,"event_name":"SensoryStone","floor":46,"gold_loss":0}],"is_beta":false,"boss_relics":[{"not_picked":["Philosopher\u0027s Stone","SacredBark"],"picked":"Black Star"},{"not_picked":["Snecko Eye","Coffee Dripper"],"picked":"Fusion Hammer"}],"items_purged_floors":[],"is_endless":false,"potions_floor_spawned":[1,19,22,36,42,45,47],"ascension_level":0}}