{"host":"m1hsm1cztz438mir","time":1610666513,"event":{"mods":["2.2 Compatiblity","AchievementEnabler","Act Like it!","Aspiration","BaseMod","Better Altar","Better Match","Better Sensory Stone","Better Skull","Better Third Choice","Colored Map","Minty Spire (QoL Compilation)","Relic Stats","Replay The Spire","Shade Mod","Shop Mod","Somnambulant","StSLib","The Fake Hero"],"gold_per_floor":[118,129,129,143,160,186,186,186,213,213,227,16,46,58,58,153,153,167,181,181,201,161,187,187,220,296,43,78,94,110,128,128,128,128],"floor_reached":33,"language":"ENG","playtime":3000,"items_purged":["Shade:Strike_Shade","Shade:Defend_Shade"],"score":335,"play_id":"4931180d-15fb-4978-ba0f-66bd81b345a9","local_time":"20210114232153","is_ascension_mode":true,"campfire_choices":[{"data":"Shade:OpenGraves","floor":8,"key":"SMITH"},{"floor":10,"key":"REST"},{"data":"Shade:AuraOfUnlife","floor":15,"key":"SMITH"},{"data":"Shade:GraveStillness","floor":24,"key":"SMITH"},{"data":"Shade:GoDigging","floor":32,"key":"SMITH"}],"circlet_count":0,"master_deck":["Shade:Strike_Shade","Shade:Strike_Shade","Shade:Defend_Shade","Shade:Defend_Shade","Shade:Defend_Shade","Shade:AnimateDead+1","Shade:CarefulCut","Shade:LyeBath+1","Shade:GreyBargain","Shade:OpenGraves+1","Shade:ExtraLimbs","Shade:FleshToFlesh+1","Shade:AuraOfUnlife+1","Shade:SkeletonArmy+1","Shade:GraveStillness+1","Shade:ExtraLimbs","Shade:Putrefaction+1","Shade:WallOfFlesh+1","Shade:AuraOfUnlife+1","Shade:AuraOfUnlife+1","Shade:PoundOfFlesh+1","Shade:Bonestorm+1","Shade:GraveStillness","Shade:DangerousRitual+1","Shade:RavenousHorde+1","Shade:GoDigging+1"],"relics":["Shade:YorickSkull","aspiration:Nostalgia","Replay:M_StaffOfTheSnake","Onion Ring","Orichalcum","War Paint","Coffee Dripper","Molten Egg 2","Pen Nib","Replay:Ringing Soul","Lantern","Quantum Egg"],"acts_visited":["Exordium","TheCity"],"potions_floor_usage":[16,16,29,33,33],"damage_taken":[{"damage":0,"enemies":"Cultist","floor":1,"turns":3},{"damage":0,"enemies":"Small Slimes","floor":2,"turns":3},{"damage":1,"enemies":"2 Louse","floor":4,"turns":2},{"damage":6,"enemies":"Exordium Thugs","floor":5,"turns":5},{"damage":8,"enemies":"Gremlin Nob","floor":6,"turns":3},{"damage":0,"enemies":"3 Louse","floor":11,"turns":4},{"damage":25,"enemies":"3 Sentries","floor":13,"turns":9},{"damage":0,"enemies":"Exordium Wildlife","floor":14,"turns":4},{"damage":10,"enemies":"Fading Forest","floor":16,"turns":11},{"damage":11,"enemies":"2 Thieves","floor":18,"turns":2},{"damage":0,"enemies":"3 Byrds","floor":19,"turns":3},{"damage":15,"enemies":"Snake Plant","floor":21,"turns":2},{"damage":11,"enemies":"Book of Stabbing","floor":23,"turns":6},{"damage":6,"enemies":"Slavers","floor":25,"turns":4},{"damage":8,"enemies":"Book of Stabbing","floor":28,"turns":4},{"damage":0,"enemies":"Snecko","floor":29,"turns":3},{"damage":0,"enemies":"Shelled Parasite and Fungi","floor":30,"turns":4},{"damage":5,"enemies":"3 Cultists","floor":31,"turns":5},{"damage":30,"enemies":"Collector","floor":33,"turns":6}],"seed_played":"-8104687855187850921","potions_obtained":[{"floor":1,"key":"Energy Potion"},{"floor":5,"key":"Toxic Potion"},{"floor":11,"key":"SpeedPotion"},{"floor":21,"key":"ColorlessPotion"},{"floor":23,"key":"Dexterity Potion"},{"floor":28,"key":"ColorlessPotion"}],"is_trial":false,"path_per_floor":["M","M","?","M","M","E","?","R","T","R","M","$","E","M","R","B",null,"M","M","?","M","?","E","R","E","T","$","E","M","M","M","R","B"],"character_chosen":"SHADE","items_purchased":["Shade:AuraOfUnlife","Shade:SkeletonArmy+1","Lantern"],"campfire_rested":1,"item_purchase_floors":[12,12,27],"current_hp_per_floor":[65,65,52,51,45,37,37,37,37,56,56,56,31,31,31,45,65,54,54,61,46,46,35,35,29,29,29,24,27,30,28,28,0,0],"gold":128,"neow_bonus":"NOSTALGIA","is_daily":false,"chose_seed":false,"campfire_upgraded":4,"win_rate":0.0,"timestamp":1610666513,"path_taken":["M","?","?","M","M","E","?","R","T","R","?","$","E","M","R","BOSS","M","M","?","M","?","E","R","E","T","$","E","M","?","M","R","BOSS"],"items_purchased_type":["Card","Card","Relic"],"build_version":"2020-12-22","purchased_purges":2,"victory":false,"max_hp_per_floor":[65,65,65,65,65,65,65,65,65,65,65,65,65,65,65,65,65,65,65,65,65,65,65,65,65,65,65,68,71,74,77,77,77,77],"relic_stats":{"counters":[19,83],"Pen Nib":[2],"Orichalcum":[138],"War Paint":["Shade:LyeBath","Shade:FleshToFlesh"],"obtain_stats":[{"Replay:Ringing Soul":26,"Lantern":27,"Replay:M_StaffOfTheSnake":0,"Shade:YorickSkull":0,"aspiration:Nostalgia":0,"Quantum Egg":28,"Onion Ring":6,"Molten Egg 2":23,"Pen Nib":25,"Coffee Dripper":17,"Orichalcum":9,"War Paint":13},{"Replay:Ringing Soul":14,"Lantern":14,"Replay:M_StaffOfTheSnake":0,"Shade:YorickSkull":0,"aspiration:Nostalgia":0,"Quantum Egg":15,"Onion Ring":5,"Molten Egg 2":13,"Pen Nib":14,"Coffee Dripper":9,"Orichalcum":5,"War Paint":7},{"Replay:Ringing Soul":61,"Lantern":61,"Replay:M_StaffOfTheSnake":0,"Shade:YorickSkull":0,"aspiration:Nostalgia":0,"Quantum Egg":65,"Onion Ring":16,"Molten Egg 2":57,"Pen Nib":61,"Coffee Dripper":44,"Orichalcum":16,"War Paint":29}]},"card_choices":[{"not_picked":["Shade:FeralStrike","Shade:SanguineRitual"],"picked":"Shade:LyeBath","floor":1},{"not_picked":["Shade:FuneraryArmor","ClearTheMind"],"picked":"Shade:GreyBargain","floor":2},{"not_picked":["ThirdEye","Sanctity","Shade:RitualOffering"],"picked":"SKIP","floor":4},{"not_picked":["Shade:CommandSoldier","Shade:SpectralStrikes"],"picked":"Shade:OpenGraves","floor":5},{"not_picked":["Shade:FuneraryArmor","Crescendo"],"picked":"Shade:ExtraLimbs","floor":6},{"not_picked":["Shade:RavenousHorde","EmptyMind"],"picked":"Shade:FleshToFlesh","floor":11},{"not_picked":["Shade:FeralStrike","Shade:TouchOfTheGrave"],"picked":"Shade:GraveStillness","floor":13},{"not_picked":["CutThroughFate","Acrobatics"],"picked":"Shade:ExtraLimbs","floor":14},{"not_picked":["Establishment","Shade:LoseControl"],"picked":"Shade:Putrefaction","floor":16},{"not_picked":["Shade:Brains+1","Shade:SkeletonArmy+1"],"picked":"Shade:WallOfFlesh+1","floor":18},{"not_picked":["Shade:Excise","Shade:AncientSpear"],"picked":"Shade:AuraOfUnlife+1","floor":19},{"not_picked":["Shade:Frenzy","Shade:BoneShards"],"picked":"Shade:AuraOfUnlife+1","floor":21},{"not_picked":["Shade:Bite_Shade+1","Shade:Patience"],"picked":"Shade:PoundOfFlesh+1","floor":23},{"not_picked":["Shade:Tombstone+1","Shade:SkeletonHug+1"],"picked":"Shade:Bonestorm+1","floor":25},{"not_picked":["Shade:FingerOfDeath+1","Shade:StitchTogether"],"picked":"Shade:GraveStillness","floor":28},{"not_picked":["Shade:Trample+1","Shade:Brains"],"picked":"Shade:DangerousRitual+1","floor":29},{"not_picked":["Shade:SanguineRitual+1","Shade:GraveStillness"],"picked":"Shade:RavenousHorde+1","floor":30},{"not_picked":["Shade:RavenousHorde","Shade:ExtraLimbs+1"],"picked":"Shade:GoDigging","floor":31}],"player_experience":294317,"relics_obtained":[{"floor":6,"key":"Onion Ring"},{"floor":9,"key":"Orichalcum"},{"floor":13,"key":"War Paint"},{"floor":23,"key":"Molten Egg 2"},{"floor":25,"key":"Pen Nib"},{"floor":26,"key":"Replay:Ringing Soul"},{"floor":28,"key":"Quantum Egg"}],"event_choices":[{"damage_healed":65,"gold_gain":0,"player_choice":"Upgrade","damage_taken":13,"max_hp_gain":0,"max_hp_loss":65,"event_name":"betterThird:BetterShining","floor":3,"gold_loss":0,"cards_upgraded":["Shade:Strike_Shade","Shade:AnimateDead"]},{"cards_removed":["Shade:Strike_Shade"],"damage_healed":0,"gold_gain":0,"player_choice":"Offered Basic","damage_taken":0,"max_hp_gain":0,"max_hp_loss":0,"event_name":"Bonfire Elementals","floor":7,"gold_loss":0},{"damage_healed":0,"gold_gain":0,"player_choice":"Upgrade","damage_taken":0,"max_hp_gain":0,"max_hp_loss":0,"event_name":"Designer","floor":22,"gold_loss":40,"cards_upgraded":["Shade:Putrefaction"]}],"is_beta":false,"boss_relics":[{"not_picked":["ReplayTheSpireMod:DimensionalGlitch","Painkiller Herb"],"picked":"Coffee Dripper"}],"items_purged_floors":[12,27],"is_endless":false,"potions_floor_spawned":[1,5,11,21,23,25,28],"killed_by":"Collector","ascension_level":1}}