{"host":"mmro3auxcbu5pwad","time":1610639712,"event":{"mods":["Aspiration","BaseMod","Conspire","Energized Spire","Halation","Hubris","Infinite Spire","Minty Spire (QoL Compilation)","Permanent Neow","Replay The Spire","StSLib","vexMod"],"gold_per_floor":[115,115,127,139,150,150,150,150,150,150,2,23,23,39,39,39,39],"floor_reached":16,"language":"ENG","playtime":627,"items_purged":["Strike_B"],"score":92,"play_id":"f3e66d7b-c716-467f-af1b-255a807c64b9","local_time":"20210114165512","is_ascension_mode":false,"campfire_choices":[{"data":"Tempest","floor":6,"key":"SMITH"},{"data":"Zap","floor":8,"key":"SMITH"},{"floor":15,"key":"REST"}],"circlet_count":0,"master_deck":["Strike_B","Strike_B","Defend_B","Defend_B","Defend_B","Zap+1","Dualcast","BasicCrystalCard+1","Tempest+1","FIFO Queue","BasicCrystalCard"],"relics":["Cracked Core","vexMod:ScavengeHelm","Golden Idol","NlothsMask"],"acts_visited":["Exordium"],"potions_floor_usage":[],"damage_taken":[{"damage":10,"enemies":"Small Slimes","floor":1,"turns":3},{"damage":1,"enemies":"Cultist","floor":3,"turns":3},{"damage":0,"enemies":"conspire:RoseBush","floor":4,"turns":2},{"damage":6,"enemies":"2 Fungi Beasts","floor":5,"turns":3},{"damage":4,"enemies":"3 Louse","floor":12,"turns":3},{"damage":14,"enemies":"Exordium Thugs","floor":14,"turns":5},{"damage":39,"enemies":"The Guardian","floor":16,"turns":9}],"seed_played":"-2284952511070801253","potions_obtained":[{"floor":5,"key":"Strength Potion"},{"floor":12,"key":"Swift Potion"},{"floor":14,"key":"Strength Potion"}],"is_trial":false,"path_per_floor":["M","?","M","M","M","R","?","R","T","?","$","M","?","M","R","B"],"character_chosen":"DEFECT","items_purchased":["FIFO Queue"],"campfire_rested":1,"item_purchase_floors":[11],"current_hp_per_floor":[44,44,43,43,37,37,37,37,37,37,37,33,33,19,39,0,0],"gold":39,"neow_bonus":"REMOVE_TWO","is_daily":false,"chose_seed":false,"campfire_upgraded":2,"win_rate":0.0,"timestamp":1610639712,"path_taken":["M","?","M","?","M","R","?","R","T","?","$","M","?","M","R","BOSS"],"items_purchased_type":["Card"],"build_version":"2020-12-22","purchased_purges":1,"victory":false,"max_hp_per_floor":[75,75,75,75,75,75,75,75,75,69,69,69,69,69,69,69,69],"card_choices":[{"not_picked":["Stack","Double Energy"],"picked":"BasicCrystalCard","floor":1},{"not_picked":["Reprogram","Hello World"],"picked":"Tempest","floor":3},{"not_picked":["aspiration:Polymerization","Rebound","Streamline"],"picked":"SKIP","floor":4},{"not_picked":["Sweeping Beam","Storm","FIFO Queue"],"picked":"SKIP","floor":5},{"not_picked":["Steam","Force Field","Stack"],"picked":"SKIP","floor":12},{"not_picked":["Streamline","Stack"],"picked":"BasicCrystalCard","floor":14}],"player_experience":39647,"relics_obtained":[{"floor":9,"key":"vexMod:ScavengeHelm"}],"event_choices":[{"damage_healed":0,"gold_gain":0,"player_choice":"Upgraded","damage_taken":0,"max_hp_gain":0,"max_hp_loss":0,"event_name":"Upgrade Shrine","floor":2,"gold_loss":0,"cards_upgraded":["BasicCrystalCard"]},{"damage_healed":0,"gold_gain":0,"player_choice":"Lose Max HP","damage_taken":0,"relics_obtained":["Golden Idol"],"max_hp_gain":0,"max_hp_loss":6,"event_name":"Golden Idol","floor":10,"gold_loss":0},{"damage_healed":0,"gold_gain":0,"player_choice":"Trade","damage_taken":0,"relics_obtained":["NlothsMask"],"max_hp_gain":0,"max_hp_loss":0,"event_name":"FaceTrader","floor":13,"gold_loss":0}],"is_beta":false,"boss_relics":[],"items_purged_floors":[11],"is_endless":false,"potions_floor_spawned":[5,12,14],"killed_by":"The Guardian","ascension_level":0}}