{"host":"61xbmbtf5zrn7rzc","time":1610584616,"event":{"mods":["BaseMod","Challenge The Spire","Hubris","Infinite Spire","Minty Spire (QoL Compilation)","Replay The Spire","StSLib","SuperFastMode"],"gold_per_floor":[109,109,109,109,109,109,137,154,154,181,195,223,234,159,159,259,259,272,290,290,359,379,379,429,463,475,318,318,345,395,146,146,251,251,270,290,211,238,264,301,301,337,337,367,327,395,102,0,0,0,0,0,0,7,7],"floor_reached":54,"language":"ENG","playtime":2518,"items_purged":["Strike_R","Burning Pact","Doubt"],"score":747,"play_id":"abd73bcb-209e-43b2-8bac-dd8e286d707e","local_time":"20210113193656","is_ascension_mode":true,"campfire_choices":[{"floor":6,"key":"RECALL"},{"data":"Sword Boomerang","floor":15,"key":"SMITH"},{"data":"Replay:Fractal Strike","floor":23,"key":"SMITH"},{"data":"Rupture","floor":28,"key":"SMITH"},{"floor":32,"key":"REST"},{"data":"Armaments","floor":41,"key":"SMITH"},{"floor":52,"key":"REST"}],"circlet_count":0,"master_deck":["Bash","Shrug It Off","Shrug It Off","Sword Boomerang+1","Rupture+1","Metallicize+1","Armaments+1","Feel No Pain","Pummel","Brutality","infinitespire:OneForAll","ReplayReversal","Replay:Fractal Strike+1","Ghostly Armor","Combust+1","Berserk+1","Disarm+1"],"relics":["Burning Blood","NeowsBlessing","Replay:Baseball","Thread and Needle","SsserpentHead","infinitespire:Golems Mask","infinitespire:Lucky Rock","hubris:CrystalStatue","Pandora\u0027s Box","hubris:ChampionShield","MawBank","Golden Egg","CaptainsWheel","Ring of Peace","ReplayTheSpireMod:Ring of Challenge","Replay:Lucky Slots","hubris:TerracottaHorce","Replay:Wax Seal","Omamori","Art of War","Pear","hubris:Reverence","Red Mask"],"acts_visited":["Exordium","TheCity","TheBeyond","TheEnding"],"potions_floor_usage":[12,16,19,21,25,50,50],"damage_taken":[{"damage":0,"enemies":"Small Slimes","floor":1,"turns":1},{"damage":0,"enemies":"Gremlin Nob","floor":7,"turns":1},{"damage":0,"enemies":"2 Louse","floor":8,"turns":2},{"damage":26,"enemies":"Replay:BlueRogue","floor":10,"turns":7},{"damage":6,"enemies":"Cultist","floor":11,"turns":4},{"damage":11,"enemies":"3 Sentries","floor":12,"turns":9},{"damage":6,"enemies":"Blue Slaver","floor":13,"turns":4},{"damage":18,"enemies":"Hexaghost","floor":16,"turns":12},{"damage":8,"enemies":"Chosen","floor":18,"turns":6},{"damage":3,"enemies":"3 Byrds","floor":19,"turns":6},{"damage":15,"enemies":"Snecko","floor":21,"turns":7},{"damage":29,"enemies":"3 Cultists","floor":22,"turns":5},{"damage":3,"enemies":"Book of Stabbing","floor":25,"turns":5},{"damage":30,"enemies":"Slavers","floor":29,"turns":4},{"damage":23,"enemies":"hubris:MusketHawk","floor":33,"turns":6},{"damage":7,"enemies":"3 Shapes","floor":35,"turns":6},{"damage":10,"enemies":"3 Darklings","floor":36,"turns":4},{"damage":13,"enemies":"Spire Growth","floor":38,"turns":4},{"damage":6,"enemies":"4 Shapes","floor":39,"turns":6},{"damage":6,"enemies":"R_Hoarder","floor":40,"turns":6},{"damage":20,"enemies":"Reptomancer","floor":42,"turns":5},{"damage":39,"enemies":"Nightmare","floor":44,"turns":7},{"damage":5,"enemies":"Maw","floor":46,"turns":5},{"damage":7,"enemies":"Replay:Hell Engine","floor":50,"turns":6},{"damage":92,"enemies":"Shield and Spear","floor":54,"turns":5}],"seed_played":"-4890589703741529393","potions_obtained":[{"floor":7,"key":"Energy Potion"},{"floor":10,"key":"Elixir"},{"floor":16,"key":"Weak Potion"},{"floor":18,"key":"Fire Potion"},{"floor":22,"key":"Swift Potion"},{"floor":29,"key":"Death Potion"},{"floor":36,"key":"FearPotion"},{"floor":38,"key":"Fire Potion"},{"floor":40,"key":"BlessingOfTheForge"},{"floor":49,"key":"LifebloodPotion"}],"is_trial":false,"path_per_floor":["M","?","?","?","?","R","E","M","T","E","M","E","M","$","R","B",null,"M","M","AVR","M","M","R","?","E","T","$","R","E","?","$","R","B",null,"M","M","$","M","M","E","R","E","T","NM","?","M","$","?","R","B",null,"R","$","E"],"character_chosen":"IRONCLAD","items_purchased":["Combust","Replay:Lucky Slots","Disarm","hubris:Reverence","PowerPotion"],"campfire_rested":2,"item_purchase_floors":[27,31,37,47,47],"current_hp_per_floor":[80,80,80,77,77,77,80,80,80,60,60,55,55,55,55,43,80,78,80,80,71,48,48,48,51,51,51,51,27,27,27,51,34,69,68,64,64,57,57,64,64,50,50,27,27,28,28,28,28,27,74,90,90,0,0],"gold":7,"neow_bonus":"THREE_ENEMY_KILL","is_daily":false,"chose_seed":false,"campfire_upgraded":4,"win_rate":0.0,"timestamp":1610584616,"path_taken":["M","?","?","?","?","R","E","M","T","E","M","E","M","$","R","BOSS","M","M","AVR","?","M","R","?","E","T","$","R","E","?","?","R","BOSS","M","M","$","M","M","E","R","E","T","NM","?","?","$","?","R","BOSS","R","$","E"],"items_purchased_type":["Card","Relic","Card","Relic","Potion"],"build_version":"2020-12-22","purchased_purges":3,"victory":false,"max_hp_per_floor":[80,80,80,80,80,80,80,80,80,80,80,80,80,80,80,80,80,80,80,80,80,80,80,80,80,80,80,80,80,80,80,80,80,80,80,80,80,80,80,80,80,80,80,90,90,90,90,90,90,90,90,90,90,90,90],"card_choices":[{"not_picked":["Havoc","True Grit"],"picked":"Shrug It Off","floor":1},{"not_picked":["Clothesline","Headbutt"],"picked":"Shrug It Off","floor":7},{"not_picked":["Searing Blow","Perfected Strike"],"picked":"Sword Boomerang","floor":8},{"not_picked":["Pommel Strike","Dropkick"],"picked":"Rupture","floor":10},{"not_picked":["Flex","Exhume"],"picked":"Metallicize","floor":11},{"not_picked":["Massacre","ReplayTheSpireMod:LeadingStrike","Warcry"],"picked":"SKIP","floor":12},{"not_picked":["Blood for Blood","Anger","True Grit"],"picked":"SKIP","floor":13},{"not_picked":["Iron Wave","ReplayTheSpireMod:Strike From Hell","Wild Strike"],"picked":"SKIP","floor":18},{"not_picked":["Infernal Blade","Sword Boomerang","Bloodletting"],"picked":"SKIP","floor":19},{"not_picked":["ReplayReversal","Reckless Charge","Blood for Blood+1"],"picked":"SKIP","floor":21},{"not_picked":["Wild Strike","ReplayReversal","Shockwave"],"picked":"SKIP","floor":22},{"not_picked":["Wild Strike","ReplayReversal","Shockwave"],"picked":"SKIP","floor":22},{"not_picked":["ReplayTheSpireMod:LeadingStrike","hubris:StunningStrike"],"picked":"Ghostly Armor","floor":25},{"not_picked":["Shrug It Off","Warcry+1"],"picked":"Flex","floor":29},{"not_picked":["Corruption","Juggernaut"],"picked":"Berserk","floor":33},{"not_picked":["Life Link","ReplayTheSpireMod:Stacked","Evolve"],"picked":"SKIP","floor":35},{"not_picked":["ReplayTheSpireMod:Strike From Hell+1","Wild Strike+1","Dual Wield+1"],"picked":"SKIP","floor":36},{"not_picked":["Flame Barrier+1","Pommel Strike","Wild Strike"],"picked":"SKIP","floor":38},{"not_picked":["hubris:ReadiedAction+1","ReplayTheSpireMod:Strike From Hell+1","Flame Barrier"],"picked":"SKIP","floor":39},{"not_picked":["Flame Barrier+1","Burning Pact+1","Dual Wield"],"picked":"SKIP","floor":40},{"not_picked":["Iron Wave+1","Cleave+1","hubris:CleavingFinish+1"],"picked":"SKIP","floor":42},{"not_picked":["True Grit+1","Pommel Strike+1","Second Wind+1"],"picked":"SKIP","floor":44},{"not_picked":["Armaments","Life Link","Perfected Strike"],"picked":"SKIP","floor":46}],"player_experience":107287,"relics_obtained":[{"floor":3,"key":"Replay:Baseball"},{"floor":7,"key":"infinitespire:Golems Mask"},{"floor":10,"key":"infinitespire:Lucky Rock"},{"floor":12,"key":"hubris:CrystalStatue"},{"floor":25,"key":"MawBank"},{"floor":26,"key":"Golden Egg"},{"floor":29,"key":"CaptainsWheel"},{"floor":30,"key":"Ring of Peace"},{"floor":30,"key":"ReplayTheSpireMod:Ring of Challenge"},{"floor":40,"key":"Replay:Wax Seal"},{"floor":42,"key":"Omamori"},{"floor":43,"key":"Art of War"},{"floor":44,"key":"Pear"}],"event_choices":[{"damage_healed":0,"gold_gain":0,"player_choice":"Success","damage_taken":3,"relics_obtained":["Thread and Needle"],"max_hp_gain":0,"max_hp_loss":0,"event_name":"Scrap Ooze","floor":4,"gold_loss":0},{"damage_healed":0,"gold_gain":0,"player_choice":"Trade","damage_taken":0,"relics_obtained":["SsserpentHead"],"max_hp_gain":0,"max_hp_loss":0,"event_name":"FaceTrader","floor":5,"gold_loss":0},{"cards_removed":["Flex"],"damage_healed":0,"gold_gain":0,"player_choice":"Upgrade and Remove","damage_taken":0,"max_hp_gain":0,"max_hp_loss":0,"event_name":"Designer","floor":45,"gold_loss":90,"cards_upgraded":["Metallicize"]},{"damage_healed":0,"gold_gain":0,"player_choice":"Paid","damage_taken":0,"relics_obtained":["Red Mask"],"max_hp_gain":0,"max_hp_loss":0,"event_name":"Tomb of Lord Red Mask","floor":48,"gold_loss":152}],"is_beta":false,"boss_relics":[{"not_picked":["hubris:Stopwatch","Velvet Choker"],"picked":"Pandora\u0027s Box"},{"not_picked":["Runic Dome","Busted Crown"],"picked":"hubris:TerracottaHorce"}],"items_purged_floors":[14,27,31],"is_endless":false,"potions_floor_spawned":[7,10,16,18,22,29,36,38,40],"killed_by":"Shield and Spear","ascension_level":2}}