{"host":"kosfzzvw61a59szc","time":1610621773,"event":{"mods":["ATMod(∞¢Ë™Mod)","Act Like it!","Arknights The Spire","BaseMod","CapriCore","Downfall","Gensokyo","Marisa£®ÏF”Í°°ƒß¿Ì…≥£©","Minty Spire (QoL Compilation)","Reimu£®≤©¿ˆ¡È√Œ£©","Remilia£®¿Ÿ√◊¿Ú—«£©","Replay The Spire","Shop Mod","StSLib","The Administrix","WarShipGirlsR/’ΩΩ¢…Ÿ≈ÆR mod","Yakumo Yukari mod","Youmu£®ªÍ∆«—˝√Œ£©","°æπ¶ƒ‹Mod°øªÏ„Á÷Æª∑–ﬁ∏¥≤π∂°","°æ“≈ŒÔø®≈∆°øREMEMod","ÛÙª÷∏ƒœ"],"gold_per_floor":[110,126,140,140,155,155,155,185,237,266,266,236,253,253,253,365,365,375,375,375,375],"floor_reached":20,"language":"ZHS","playtime":6616,"items_purged":[],"score":282,"play_id":"9d4a3c76-d2d8-46b1-9d02-64ba502b4c28","local_time":"20210114185613","is_ascension_mode":false,"campfire_choices":[{"data":"AT_FamilyPortrait","floor":7,"key":"SMITH"},{"data":"MagicChant","floor":11,"key":"SMITH"},{"data":"PowerUp","floor":15,"key":"SMITH"}],"circlet_count":0,"master_deck":["Strike_MRS","Strike_MRS","Strike_MRS","Strike_MRS","Defend_MRS","Defend_MRS","Defend_MRS","Defend_MRS","UpSweep","Hallucinations","Slimebound:Icky","AdministrixMod:MixOfMercury","AT_FamilyPortrait+1","Acceleration","SprinkleStarSeal","ManaConvection","BlazeAway","MagicChant+1","OortCloud","PulseMagic","PowerUp+1","DC","BigCrunch","MagicAbsorber","Pain","MillisecondPulsars","Shame","SuperPerseids","Writhe"],"relics":["MiniHakkero","REME_ComplimentaryCards","AT_ATBox","Replay:Bronze Core","Gensokyo:Mercy","AT_TimeSand","Simple Rune","AT_BellDemon","Replay:Bottled Flurry","Gensokyo:LunaticRedEyes","AT_TheCollector","Replay:Ancient Bell","Smiling Mask","AT_BellowingDragoncrestRing","Turnip","Iron Hammer"],"acts_visited":["Gensokyo:Gensokyo","Gensokyo:Gensokyoer"],"potions_floor_usage":[16,16,20,20],"damage_taken":[{"damage":0,"enemies":"Gensokyo:3_Fairies","floor":1,"turns":4},{"damage":3,"enemies":"Gensokyo:Python","floor":2,"turns":2},{"damage":3,"enemies":"Gensokyo:2_Kodama","floor":3,"turns":3},{"damage":0,"enemies":"Gensokyo:VengefulSpirit","floor":5,"turns":4},{"damage":12,"enemies":"Gensokyo:Aya","floor":8,"turns":6},{"damage":10,"enemies":"Gensokyo:Mamizou","floor":10,"turns":7},{"damage":3,"enemies":"Gensokyo:3_Kodama","floor":13,"turns":3},{"damage":30,"enemies":"Gensokyo:Reimu","floor":16,"turns":10},{"damage":54,"enemies":"Gensokyo:AngelMirror","floor":18,"turns":4},{"damage":60,"enemies":"Gensokyo:AngelMirror","floor":20,"turns":2}],"seed_played":"-3588043015476541367","potions_obtained":[{"floor":5,"key":"FearPotion"},{"floor":8,"key":"Fire Potion"},{"floor":13,"key":"AttackPotion"},{"floor":16,"key":"DistilledChaos"},{"floor":18,"key":"champ:CounterPotion"}],"is_trial":false,"path_per_floor":["M","M","M","?","M","?","R","E","T","E","R","?","M","?","R","B",null,"M","?","?"],"character_chosen":"MARISA","items_purchased":[],"campfire_rested":0,"item_purchase_floors":[],"current_hp_per_floor":[75,72,69,69,69,69,69,57,57,47,47,47,44,44,44,14,75,21,21,0,0],"gold":375,"neow_bonus":"CURSED_BOSS_RELIC","is_daily":false,"chose_seed":false,"campfire_upgraded":3,"win_rate":0.0,"timestamp":1610621773,"path_taken":["M","M","?","?","M","?","R","E","T","E","R","?","?","?","R","BOSS","M","?","?"],"items_purchased_type":[],"build_version":"2020-12-22","purchased_purges":0,"victory":false,"max_hp_per_floor":[75,75,75,75,75,75,75,75,75,75,75,75,75,75,75,75,75,75,75,75,75],"card_choices":[{"not_picked":["ShootTheMoon","GravityBeat"],"picked":"Acceleration","floor":1},{"not_picked":["AsteroidBelt","StarlightTyphoon"],"picked":"SprinkleStarSeal","floor":2},{"not_picked":["MilkyWay","BlazeAway"],"picked":"ManaConvection","floor":3},{"not_picked":["EarthLightRay","UnstableBomb"],"picked":"BlazeAway","floor":5},{"not_picked":["GrandCross","OrrerysSun"],"picked":"MagicChant","floor":8},{"not_picked":["WitchLeyline","MagicChant"],"picked":"OortCloud","floor":10},{"not_picked":[],"picked":"PulseMagic","floor":12},{"not_picked":[],"picked":"PowerUp","floor":12},{"not_picked":[],"picked":"DC","floor":12},{"not_picked":[],"picked":"BigCrunch","floor":12},{"not_picked":["PowerUp","IllusionStar"],"picked":"MagicAbsorber","floor":13},{"not_picked":["FinalSpark","BlazingStar"],"picked":"MillisecondPulsars","floor":16},{"not_picked":["REME_CurseOfMatryoshka","Languid"],"picked":"Voices","floor":17},{"not_picked":["Replay:UnknownCurse","Slimebound:Icky"],"picked":"Shame","floor":17},{"not_picked":["Amnesia","ReplayTheSpireMod:IOU"],"picked":"Guardian:Aged","floor":17},{"not_picked":["LuminesStrike","NonDirectionalLaser"],"picked":"SuperPerseids","floor":18}],"player_experience":1242456,"relics_obtained":[{"floor":8,"key":"AT_TimeSand"},{"floor":9,"key":"Simple Rune"},{"floor":10,"key":"AT_BellDemon"},{"floor":13,"key":"Replay:Bottled Flurry"},{"floor":16,"key":"AT_TheCollector"},{"floor":18,"key":"Iron Hammer"}],"event_choices":[],"is_beta":false,"boss_relics":[{"not_picked":["Runic Pyramid","ReplayTheSpireMod:DimensionalGlitch"],"picked":"Replay:Ancient Bell"},{"not_picked":["REME_HandOfSuture","Regal Pillow"],"picked":"Smiling Mask"},{"not_picked":["REME_HourglassOfDeath","Quantum Egg"],"picked":"AT_BellowingDragoncrestRing"},{"not_picked":["Pocketwatch","Girya"],"picked":"Turnip"}],"items_purged_floors":[],"is_endless":false,"potions_floor_spawned":[5,8,13,18],"killed_by":"Gensokyo:AngelMirror","ascension_level":0}}