{"host":"u3jctbsl7uavviuy","time":1610625144,"event":{"mods":["ATMod(阿瑾Mod)","Arknights The Spire","BaseMod","BetterRewards","GungeonMod","HololiveMod","Luminous","Marisa（F雨　魔理沙）","Minty Spire (QoL Compilation)","Relic Stats","Replay The Spire","Shop Mod","Spicy Shops","StSLib","TestMod","The Animator","The Cursed","The Gatherer","The Servant 0.9.4","WarShipGirlsR/战舰少女R mod","vexMod","篝火指南"],"gold_per_floor":[113,154,154,174,190,190,213,57,106,106,140,140,140,158,2,124,124,145,163,143,170,200,86,103,103,172,194,215,108,158,43,43,159,159,184,88,104,504,524,569,532,580,628,647,490,495,495],"floor_reached":46,"language":"ZHS","playtime":2083,"items_purged":["ats:Defend"],"score":838,"play_id":"76f85725-5207-46c0-90e7-1c361d58004f","local_time":"20210114205224","is_ascension_mode":true,"campfire_choices":[{"data":"ats:Healing Strengthening","floor":32.0,"key":"SMITH"}],"circlet_count":0,"master_deck":["ats:Strike C","ats:Strike G","ats:Strike S","ats:Strike V","ats:Armor Crushing Shot","ats:Defend","ats:Defend","ats:Defend","ats:Emotion Absorption","AT_FamilyPortrait","ats:Healing Strengthening+1","ats:Support Order","ats:Hammer On","ats:Part Time Job","ats:Healing Drone","ats:Song Of Battle","Panacea","ats:Apocalypse","ats:Apocalypse","ats:Healing Strengthening","ats:Magnetic Hammer","ats:Calcification","ats:Disruption Kick","ats:Song Of Battle","ats:Part Time Job+1","ats:Healing Drone+1","ats:Counter Healing Mode","ats:Healing Strengthening+1","ats:Wolf Pack","Apotheosis","ats:Powerful Strike+1","ats:Powerful Strike","ats:Hammer On+1","ats:Magnetic Hammer+1"],"relics":["ats:Sanity Plus","AT_ATBox","testmod-FatalChain","Calipers","Replay:Wax Seal","Happy Flower","Meat on the Bone","testmod-IWantAll","Bronze Scales","testmod-Acrobat","vexMod:MemoryStick","Omamori","DollysMirror","DemoMod:MonsterBlood","ats:Originium","Torii","Membership Card","AT_RedNoBalance","Tiny Chest","vexMod:TanglingVine","Chameleon Ring","Juzu Bracelet","DemoMod:WhiteGuonStone","ats:Hidden Killer","ats:Industrial Water Cannon","ReplayTheSpireMod:TigerMarble"],"acts_visited":["Exordium","TheCity","TheBeyond"],"potions_floor_usage":[42,44],"damage_taken":[{"damage":1.0,"enemies":"Cultist","floor":1.0,"turns":3.0},{"damage":16.0,"enemies":"Small Slimes","floor":2.0,"turns":3.0},{"damage":0.0,"enemies":"2 Louse","floor":4.0,"turns":1.0},{"damage":20.0,"enemies":"Looter","floor":5.0,"turns":4.0},{"damage":12.0,"enemies":"Large Slime","floor":7.0,"turns":4.0},{"damage":49.0,"enemies":"Lagavulin","floor":11.0,"turns":8.0},{"damage":0.0,"enemies":"Lots of Slimes","floor":14.0,"turns":1.0},{"damage":78.0,"enemies":"Fading Forest","floor":16.0,"turns":11.0},{"damage":45.0,"enemies":"Spheric Guardian","floor":18.0,"turns":8.0},{"damage":1.0,"enemies":"3 Byrds","floor":19.0,"turns":4.0},{"damage":27.0,"enemies":"3 Cultists","floor":21.0,"turns":6.0},{"damage":65.0,"enemies":"Snecko","floor":22.0,"turns":7.0},{"damage":54.0,"enemies":"Chosen and Byrds","floor":24.0,"turns":5.0},{"damage":49.0,"enemies":"3 Cultists","floor":27.0,"turns":6.0},{"damage":70.0,"enemies":"Cultist and Chosen","floor":28.0,"turns":7.0},{"damage":58.0,"enemies":"Shelled Parasite and Fungi","floor":30.0,"turns":6.0},{"damage":145.0,"enemies":"Collector","floor":33.0,"turns":9.0},{"damage":49.0,"enemies":"3 Shapes","floor":35.0,"turns":7.0},{"damage":81.0,"enemies":"3 Darklings","floor":37.0,"turns":5.0},{"damage":31.0,"enemies":"Jaw Worm Horde","floor":39.0,"turns":3.0},{"damage":129.0,"enemies":"Nemesis","floor":40.0,"turns":10.0},{"damage":152,"enemies":"Reptomancer","floor":42,"turns":8},{"damage":80,"enemies":"Transient","floor":44,"turns":5},{"damage":78,"enemies":"Writhing Mass","floor":46,"turns":3}],"seed_played":"-7160563707581272244","potions_obtained":[{"floor":2.0,"key":"Fire Potion"},{"floor":3.0,"key":"Energy Potion"},{"floor":7.0,"key":"Adrenaline Potion"},{"floor":11.0,"key":"ColorlessPotion"},{"floor":18.0,"key":"Swift Potion"},{"floor":19.0,"key":"FearPotion"},{"floor":28.0,"key":"DistilledChaos"},{"floor":33.0,"key":"AttackPotion"},{"floor":37.0,"key":"FearPotion"},{"floor":40.0,"key":"PowerPotion"}],"is_trial":false,"path_per_floor":["M","M","?","M","M","R","M","$","T","?","E","$","R","M","R","B",null,"M","M","?","M","M","R","M","?","T","M","M","$","M","$","R","B",null,"M","$","M","?","M","E","R","E","T","M","$","M"],"character_chosen":"DOCTOR_CLASS","items_purchased":["Calipers","Replay:Wax Seal","ats:Healing Strengthening","Happy Flower","Meat on the Bone","testmod-IWantAll","ats:Support Order","ats:Hammer On","ats:Part Time Job","ats:Healing Drone","Bronze Scales","testmod-Acrobat","vexMod:MemoryStick","ats:Song Of Battle","Omamori","Panacea","DollysMirror","Membership Card","ats:Song Of Battle","ats:Counter Healing Mode","ats:Healing Strengthening","Tiny Chest","Apotheosis","Juzu Bracelet","ats:Industrial Water Cannon","ReplayTheSpireMod:TigerMarble"],"campfire_rested":0,"item_purchase_floors":[0,0,0,0,0,0,0,0,0,0,0,0,0,0,0,0,8,15,23,29,31,31,36,41,45,45],"current_hp_per_floor":[41,37,37,37,39,39,44,44,51,51,76,76,76,76,76,79,79,73,78,78,79,67,67,61,79,79,43,66,66,79,79,79,79,79,73,73,69,69,62,77,77,79,79,37,37,0,0],"gold":495,"neow_bonus":"","is_daily":false,"chose_seed":false,"campfire_upgraded":1,"win_rate":0.0,"timestamp":1610625144,"path_taken":["M","M","?","M","M","R","?","$","T","?","E","$","R","M","R","BOSS","M","M","?","M","M","R","M","?","T","M","M","$","M","$","R","BOSS","M","$","?","?","M","E","R","E","T","M","$","M"],"items_purchased_type":["Relic","Relic","Card","Relic","Relic","Relic","Card","Card","Card","Card","Relic","Relic","Relic","Card","Relic","Card","Relic","Relic","Card","Card","Card","Relic","Card","Relic","Relic","Relic"],"build_version":"2020-12-22","purchased_purges":1,"victory":false,"max_hp_per_floor":[72,72,72,72,72,72,72,72,79,79,79,79,79,79,79,79,79,79,79,79,79,79,79,79,79,79,79,79,79,79,79,79,79,79,79,79,79,79,79,79,79,79,79,79,79,79,79],"relic_stats":{"Happy Flower":[71],"Torii":31,"counters":[162,737],"Bronze Scales":[445],"Tiny Chest":1,"Juzu Bracelet":0,"obtain_stats":[{"Golden Egg":14,"vexMod:MemoryStick":0,"AT_ATBox":0,"AT_TimeSand":10,"vexMod:TanglingVine":34,"Bottled Tornado":46,"Sling":49,"Old Coin":9,"Blood Vial":43,"Replay:Ringing Soul":32,"testmod-Prudence":17,"MealTicket":11,"HandDrill":0,"Kunai":49,"Replay:Wax Seal":13,"ats:Rhine Circuitry":27,"MerchantsRug":0,"testmod-IntensifyImprint":27,"testmod-TestBox":0,"Pear":49,"AT_Manta":13,"testmod-Register":0,"DemoMod:OrangeGuonStone":26,"Blue Candle":9,"ats:Attack":53,"Pen Nib":42,"testmod-Fortitude":4,"AT_SpeedBoots":20,"DemoMod:MeatBun":49,"AT_TheCollector":13,"Bird Faced Urn":41,"DemoMod:SerJunkan":30,"vexMod:ImprovementManual":34,"vexMod:PlasmaPancake":17,"Lantern":13,"testmod-Temperance":17,"Torii":11,"testmod-EqualTreatment":12,"Blue Doll":29,"Bag of Preparation":46,"Smiling Mask":28,"Replay:Rubber Ducky":0,"ats:Industrial Water Cannon":45,"Toolbox":5,"ats:Sanity":0,"Chemical X":40,"Potion Belt":23,"testmod-Muramasa":25,"NeowsBlessing":0,"DemoMod:WeirdEgg":28,"The Courier":6,"Omamori":0,"testmod-TurbochargingSystem":8,"ats:Gyao":8,"AT_BellowingDragoncrestRing":4,"ats:Originium":10,"Orrery":44,"ats:Tactical Delivery":34,"Bottled Lightning":44,"Ice Cream":20,"Calipers":0,"Gremlin Horn":11,"Vajra":53,"DemoMod:GlassGuonStoneRelic":1,"testmod-IWantAll":0,"AT_ArchangelStaff":0,"Centennial Puzzle":53,"HornCleat":29,"DollysMirror":20,"DemoMod:Metronome":26,"DemoMod:MonsterBlood":9,"Honey Jar":34,"AT_RedNoBalance":18,"AT_GuinsooRageblade":38,"Happy Flower":40,"vexMod:ScavengeHelm":8,"testmod-FatalChain":4,"Oddly Smooth Stone":27,"AT_PhaseBoots":33,"AT_SilverBalance":6,"vexMod:PaidLearning":24,"Replay:Kaleidoscope":23,"War Paint":30,"Question Card":7,"WarpedTongs":46,"vexMod:Cooldron":32,"testmod-Acrobat":2,"Bronze Scales":53,"Simple Rune":10,"Onion Ring":32,"ReplayTheSpireMod:TigerMarble":0,"Nloth\u0027s Gift":30,"AT_DeathDance":38,"Grinning Jar":20,"Mirror":30,"Meat on the Bone":0,"ReplayFunnel":49,"AT_SeraphEmbrace":24,"ats:Ability Aura":17,"Incense Burner":34,"Juzu Bracelet":41,"testmod-Nyarlathotep":9,"DemoMod:WhiteGuonStone":24,"Replay:Mystery Machine":11,"testmod-CrystalShield":12,"Replay:Bandana":31,"testmod-InjuryResistance":26,"Chameleon Ring":40,"Gambling Chip":20,"Pantograph":26,"Tiny Chest":31,"testmod-Déjàvu":0,"Red Mask":25,"DemoMod:Junk":44,"Gremlin Food":47,"BargainBundle":38,"ats:Sanity Plus":17,"vexMod:ConsolationPrize":17,"ats:Hidden Killer":43,"AT_BladeRuinedKing":43,"Orichalcum":40,"testmod-IndustrialRevolution":26,"Medical Kit":52,"Calling Bell":17,"vexMod:Dragonfruit":34,"Peace Pipe":7,"testmod-Antiphasic":54,"Pondfish Scales":6,"Anchor":40,"vexMod:BarristanHead":9,"Membership Card":46,"TungstenRod":47},{"Golden Egg":21,"vexMod:MemoryStick":138,"AT_ATBox":0,"AT_TimeSand":77,"vexMod:TanglingVine":155,"Bottled Tornado":67,"Sling":69,"Old Coin":17,"Blood Vial":37,"Replay:Ringing Soul":60,"testmod-Prudence":117,"MealTicket":90,"HandDrill":108,"Kunai":69,"Replay:Wax Seal":115,"ats:Rhine Circuitry":56,"MerchantsRug":41,"testmod-IntensifyImprint":97,"testmod-TestBox":0,"Pear":69,"AT_Manta":115,"testmod-Register":0,"DemoMod:OrangeGuonStone":28,"Blue Candle":76,"ats:Attack":136,"Pen Nib":65,"testmod-Fortitude":111,"AT_SpeedBoots":53,"DemoMod:MeatBun":69,"AT_TheCollector":90,"Bird Faced Urn":131,"DemoMod:SerJunkan":59,"vexMod:ImprovementManual":127,"vexMod:PlasmaPancake":7,"Lantern":115,"testmod-Temperance":91,"Torii":144,"testmod-EqualTreatment":78,"Blue Doll":125,"Bag of Preparation":67,"Smiling Mask":97,"Replay:Rubber Ducky":41,"ats:Industrial Water Cannon":161,"Toolbox":44,"ats:Sanity":0,"Chemical X":64,"Potion Belt":27,"testmod-Muramasa":123,"NeowsBlessing":0,"DemoMod:WeirdEgg":97,"The Courier":17,"Omamori":41,"testmod-TurbochargingSystem":17,"ats:Gyao":47,"AT_BellowingDragoncrestRing":44,"ats:Originium":4,"Orrery":37,"ats:Tactical Delivery":33,"Bottled Lightning":37,"Ice Cream":53,"Calipers":138,"Gremlin Horn":48,"Vajra":136,"DemoMod:GlassGuonStoneRelic":1,"testmod-IWantAll":138,"AT_ArchangelStaff":108,"Centennial Puzzle":136,"HornCleat":97,"DollysMirror":53,"DemoMod:Metronome":55,"DemoMod:MonsterBlood":143,"Honey Jar":99,"AT_RedNoBalance":92,"AT_GuinsooRageblade":63,"Happy Flower":36,"vexMod:ScavengeHelm":90,"testmod-FatalChain":15,"Oddly Smooth Stone":28,"AT_PhaseBoots":61,"AT_SilverBalance":88,"vexMod:PaidLearning":10,"Replay:Kaleidoscope":10,"War Paint":125,"Question Card":112,"WarpedTongs":133,"vexMod:Cooldron":32,"testmod-Acrobat":43,"Bronze Scales":136,"Simple Rune":4,"Onion Ring":60,"ReplayTheSpireMod:TigerMarble":12,"Nloth\u0027s Gift":97,"AT_DeathDance":34,"Grinning Jar":118,"Mirror":31,"Meat on the Bone":138,"ReplayFunnel":69,"AT_SeraphEmbrace":122,"ats:Ability Aura":7,"Incense Burner":61,"Juzu Bracelet":159,"testmod-Nyarlathotep":3,"DemoMod:WhiteGuonStone":55,"Replay:Mystery Machine":115,"testmod-CrystalShield":20,"Replay:Bandana":126,"testmod-InjuryResistance":96,"Chameleon Ring":159,"Gambling Chip":53,"Pantograph":123,"Tiny Chest":154,"testmod-Déjàvu":0,"Red Mask":28,"DemoMod:Junk":66,"Gremlin Food":68,"BargainBundle":34,"ats:Sanity Plus":146,"vexMod:ConsolationPrize":7,"ats:Hidden Killer":160,"AT_BladeRuinedKing":65,"Orichalcum":130,"testmod-IndustrialRevolution":11,"Medical Kit":136,"Calling Bell":7,"vexMod:Dragonfruit":61,"Peace Pipe":75,"testmod-Antiphasic":137,"Pondfish Scales":45,"Anchor":64,"vexMod:BarristanHead":47,"Membership Card":67,"TungstenRod":134},{"Golden Egg":86,"vexMod:MemoryStick":603,"AT_ATBox":0,"AT_TimeSand":347,"vexMod:TanglingVine":696,"Bottled Tornado":315,"Sling":322,"Old Coin":69,"Blood Vial":179,"Replay:Ringing Soul":284,"testmod-Prudence":536,"MealTicket":415,"HandDrill":505,"Kunai":322,"Replay:Wax Seal":531,"ats:Rhine Circuitry":270,"MerchantsRug":201,"testmod-IntensifyImprint":456,"testmod-TestBox":0,"Pear":322,"AT_Manta":531,"testmod-Register":0,"DemoMod:OrangeGuonStone":129,"Blue Candle":344,"ats:Attack":597,"Pen Nib":305,"testmod-Fortitude":512,"AT_SpeedBoots":260,"DemoMod:MeatBun":322,"AT_TheCollector":415,"Bird Faced Urn":573,"DemoMod:SerJunkan":281,"vexMod:ImprovementManual":563,"vexMod:PlasmaPancake":26,"Lantern":531,"testmod-Temperance":427,"Torii":626,"testmod-EqualTreatment":348,"Blue Doll":558,"Bag of Preparation":315,"Smiling Mask":456,"Replay:Rubber Ducky":201,"ats:Industrial Water Cannon":734,"Toolbox":214,"ats:Sanity":0,"Chemical X":301,"Potion Belt":127,"testmod-Muramasa":553,"NeowsBlessing":0,"DemoMod:WeirdEgg":456,"The Courier":69,"Omamori":201,"testmod-TurbochargingSystem":69,"ats:Gyao":228,"AT_BellowingDragoncrestRing":214,"ats:Originium":11,"Orrery":179,"ats:Tactical Delivery":162,"Bottled Lightning":179,"Ice Cream":260,"Calipers":603,"Gremlin Horn":237,"Vajra":597,"DemoMod:GlassGuonStoneRelic":1,"testmod-IWantAll":603,"AT_ArchangelStaff":505,"Centennial Puzzle":597,"HornCleat":456,"DollysMirror":260,"DemoMod:Metronome":267,"DemoMod:MonsterBlood":618,"Honey Jar":467,"AT_RedNoBalance":427,"AT_GuinsooRageblade":297,"Happy Flower":173,"vexMod:ScavengeHelm":415,"testmod-FatalChain":54,"Oddly Smooth Stone":129,"AT_PhaseBoots":288,"AT_SilverBalance":398,"vexMod:PaidLearning":39,"Replay:Kaleidoscope":39,"War Paint":558,"Question Card":518,"WarpedTongs":582,"vexMod:Cooldron":153,"testmod-Acrobat":208,"Bronze Scales":597,"Simple Rune":11,"Onion Ring":284,"ReplayTheSpireMod:TigerMarble":47,"Nloth\u0027s Gift":456,"AT_DeathDance":166,"Grinning Jar":538,"Mirror":148,"Meat on the Bone":603,"ReplayFunnel":322,"AT_SeraphEmbrace":548,"ats:Ability Aura":26,"Incense Burner":292,"Juzu Bracelet":721,"testmod-Nyarlathotep":3,"DemoMod:WhiteGuonStone":267,"Replay:Mystery Machine":531,"testmod-CrystalShield":81,"Replay:Bandana":559,"testmod-InjuryResistance":450,"Chameleon Ring":721,"Gambling Chip":260,"Pantograph":553,"Tiny Chest":687,"testmod-Déjàvu":0,"Red Mask":129,"DemoMod:Junk":310,"Gremlin Food":319,"BargainBundle":166,"ats:Sanity Plus":638,"vexMod:ConsolationPrize":26,"ats:Hidden Killer":729,"AT_BladeRuinedKing":305,"Orichalcum":569,"testmod-IndustrialRevolution":46,"Medical Kit":597,"Calling Bell":26,"vexMod:Dragonfruit":292,"Peace Pipe":341,"testmod-Antiphasic":598,"Pondfish Scales":220,"Anchor":301,"vexMod:BarristanHead":228,"Membership Card":315,"TungstenRod":586}],"Meat on the Bone":27},"card_choices":[{"not_picked":["ats:Flame Of Heaven","ats:Very Hot Blade","ats:Overload"],"picked":"SKIP","floor":1.0},{"not_picked":["ats:Ignite","ats:Magnetic Hammer","ats:Closed Bolt Burst Fire"],"picked":"SKIP","floor":2.0},{"not_picked":["ats:Defend Order","ats:Shell Defense"],"picked":"ats:Apocalypse","floor":4.0},{"not_picked":["ats:Flexible Camouflage","ats:Very Hot Blade"],"picked":"ats:Apocalypse","floor":5.0},{"not_picked":["ats:Flexible Camouflage","ats:Revitalization","ats:Childhood Dance"],"picked":"SKIP","floor":7.0},{"not_picked":["ats:Cat Scratch","ats:Support Order","ats:Mental Burst"],"picked":"SKIP","floor":11.0},{"not_picked":["ats:Leaping Hammer","ats:Flame Of Heaven"],"picked":"ats:Magnetic Hammer","floor":14.0},{"not_picked":["ats:Durian","ats:Rat Pack"],"picked":"ats:Calcification","floor":16.0},{"not_picked":["ats:Curse Doll","ats:Hammer On","ats:Ignite"],"picked":"SKIP","floor":18.0},{"not_picked":["ats:Poison Spread","ats:Flexible Camouflage"],"picked":"ats:Disruption Kick","floor":19.0},{"not_picked":["ats:Leaping Hammer+1","ats:Sunburst","ats:Spore Proliferation"],"picked":"SKIP","floor":21.0},{"not_picked":["ats:Poison Spread","ats:Rapid Magazine","ats:Very Hot Blade"],"picked":"SKIP","floor":22.0},{"not_picked":["ats:Consecutive Shot Auto","ats:Powerful Strike","ats:Blood Oath"],"picked":"SKIP","floor":24.0},{"not_picked":["ats:Collapsing Strike","ats:Consecutive Shot Auto"],"picked":"ats:Part Time Job+1","floor":27.0},{"not_picked":["ats:LN2 Cannon","ats:Revitalization"],"picked":"ats:Healing Drone+1","floor":28.0},{"not_picked":["ats:Flexible Camouflage","ats:Soul Absorption","ats:Leaping Hammer"],"picked":"SKIP","floor":30.0},{"not_picked":["ats:Volcano","ats:Ambush"],"picked":"ats:Wolf Pack","floor":33.0},{"not_picked":["ats:Apocalypse+1","ats:Leaping Hammer+1","ats:Curse Doll"],"picked":"SKIP","floor":35.0},{"not_picked":["ats:Durian","ats:Chain Hook"],"picked":"ats:Powerful Strike+1","floor":37.0},{"not_picked":["ats:Poison Spread","ats:Apocalypse"],"picked":"ats:Powerful Strike","floor":39.0},{"not_picked":["ats:Hook Shot","ats:Cat Scratch","ats:Ignite+1"],"picked":"SKIP","floor":40.0},{"not_picked":["ats:Explosion Area Strengthen+1","ats:Shell Defense"],"picked":"ats:Hammer On+1","floor":42},{"not_picked":["ats:Counter Healing Mode+1","ats:Collapsing Strike"],"picked":"ats:Magnetic Hammer+1","floor":44}],"player_experience":430567,"relics_obtained":[{"floor":9.0,"key":"DemoMod:MonsterBlood"},{"floor":11.0,"key":"ats:Originium"},{"floor":11.0,"key":"Torii"},{"floor":26.0,"key":"AT_SilverBalance"},{"floor":40.0,"key":"ats:Originium"},{"floor":40.0,"key":"Chameleon Ring"},{"floor":42,"key":"ats:Originium"},{"floor":42,"key":"DemoMod:WhiteGuonStone"},{"floor":43,"key":"ats:Hidden Killer"}],"event_choices":[{"damage_healed":0.0,"max_hp_gain":0.0,"max_hp_loss":0.0,"gold_gain":0.0,"event_name":"Lab","player_choice":"Got Potions","floor":3.0,"gold_loss":0.0,"damage_taken":0.0},{"damage_healed":0.0,"max_hp_gain":0.0,"max_hp_loss":0.0,"gold_gain":0.0,"event_name":"Upgrade Shrine","player_choice":"Upgraded","floor":10.0,"gold_loss":0.0,"damage_taken":0.0,"cards_upgraded":["ats:Healing Strengthening"]},{"damage_healed":18.0,"max_hp_gain":0.0,"max_hp_loss":0.0,"gold_gain":0.0,"event_name":"Wheel of Change","player_choice":"Full Heal","floor":25.0,"gold_loss":0.0,"damage_taken":0.0},{"damage_healed":0.0,"max_hp_gain":0.0,"max_hp_loss":0.0,"gold_gain":400.0,"event_name":"恩洛斯的盘子","player_choice":"Sell","floor":38.0,"relics_lost":["testmod-TestBox"],"gold_loss":0.0,"damage_taken":0.0}],"is_beta":false,"boss_relics":[{"not_picked":["Velvet Choker","Tiny House"],"picked":"ats:Sanity Plus"},{"not_picked":["vexMod:CursedCompass","Replay:Drink Me"],"picked":"vexMod:TanglingVine"}],"items_purged_floors":[0],"is_endless":false,"potions_floor_spawned":[2,4,7,11,18,19,21,28,33,37,40],"killed_by":"Writhing Mass","ascension_level":4}}