{"host":"y89x8uui45kcjy42","time":1610668390,"event":{"mods":["2.2 Compatiblity","BaseMod","CapriCore","Colored Map","Colored Powertips","Custom Start","Friendly Minions","Keyboard Shortcuts","Minty Spire (QoL Compilation)","Relic Stats","Slay the Relics Exporter","StSLib","SuperFastMode","Uncapped"],"gold_per_floor":[113,171,128,128,85,85,116,126,174,174,174,208,208,72,72,162,225,241,156,25,43,59,59,93,93,93,127,127,158,196,34,34,125,125,139,47,380,380,391,391,391,391,414,1,29,29,57,83,83,83,83],"floor_reached":52,"language":"KOR","playtime":1979,"items_purged":[],"score":2578,"play_id":"a7d9f61e-e891-4d0e-b9fa-3b4d901bd33e","local_time":"20210115085310","is_ascension_mode":true,"campfire_choices":[{"data":"MentalFortress","floor":6,"key":"SMITH"},{"data":"WheelKick","floor":10,"key":"SMITH"},{"data":"TalkToTheHand","floor":13,"key":"SMITH"},{"data":"TalkToTheHand","floor":15,"key":"SMITH"},{"data":"Tantrum","floor":23,"key":"SMITH"},{"data":"InnerPeace","floor":25,"key":"SMITH"},{"data":"Protect","floor":28,"key":"SMITH"},{"data":"MentalFortress","floor":32,"key":"SMITH"},{"data":"Scrawl","floor":40,"key":"SMITH"},{"data":"MentalFortress","floor":41,"key":"SMITH"},{"data":"TalkToTheHand","floor":42,"key":"SMITH"},{"data":"MentalFortress","floor":46,"key":"SMITH"},{"data":"Ragnarok","floor":49,"key":"SMITH"}],"circlet_count":0,"master_deck":["Eruption+1","Vigilance","WheelKick+1","Reprogram+1","MentalFortress+1","TalkToTheHand+1","TalkToTheHand+1","Master of Strategy+1","InnerPeace+1","Tantrum+1","Protect+1","Ragnarok+1","MentalFortress+1","Scrawl+1","MentalFortress+1","TalkToTheHand+1","MentalFortress+1","Master of Strategy","DevaForm"],"relics":["HolyWater","Membership Card","Centennial Puzzle","Toy Ornithopter","Bag of Preparation","Coffee Dripper","Thread and Needle","Anchor","Calipers","War Paint","HornCleat","Damaru","Boot","Medical Kit","Blood Vial","Lantern","VioletLotus","TeardropLocket","Bronze Scales","OrangePellets","Bottled Lightning","WingedGreaves","Omamori","StrikeDummy"],"acts_visited":["Exordium","TheCity","TheBeyond"],"potions_floor_usage":[18,21,27,27,29,50,51],"damage_taken":[{"damage":0,"enemies":"Small Slimes","floor":1,"turns":3},{"damage":14,"enemies":"Lagavulin","floor":7,"turns":7},{"damage":6,"enemies":"2 Louse","floor":8,"turns":3},{"damage":0,"enemies":"Gremlin Nob","floor":12,"turns":2},{"damage":4,"enemies":"Hexaghost","floor":16,"turns":8},{"damage":63,"enemies":"3 Byrds","floor":18,"turns":6},{"damage":0,"enemies":"Chosen","floor":21,"turns":2},{"damage":24,"enemies":"3 Cultists","floor":22,"turns":4},{"damage":0,"enemies":"Book of Stabbing","floor":24,"turns":4},{"damage":10,"enemies":"Slavers","floor":27,"turns":3},{"damage":0,"enemies":"Gremlin Leader","floor":29,"turns":4},{"damage":0,"enemies":"Book of Stabbing","floor":30,"turns":4},{"damage":0,"enemies":"Automaton","floor":33,"turns":7},{"damage":15,"enemies":"3 Darklings","floor":35,"turns":4},{"damage":0,"enemies":"Orb Walker","floor":39,"turns":2},{"damage":0,"enemies":"Reptomancer","floor":45,"turns":5},{"damage":0,"enemies":"Giant Head","floor":47,"turns":3},{"damage":0,"enemies":"Nemesis","floor":48,"turns":3},{"damage":47,"enemies":"Awakened One","floor":50,"turns":7},{"damage":0,"enemies":"Donu and Deca","floor":51,"turns":5}],"seed_played":"-5533910778354469514","potions_obtained":[{"floor":7,"key":"PowerPotion"},{"floor":18,"key":"AttackPotion"},{"floor":21,"key":"AttackPotion"},{"floor":27,"key":"SkillPotion"},{"floor":33,"key":"Regen Potion"},{"floor":35,"key":"BottledMiracle"},{"floor":39,"key":"Energy Potion"}],"is_trial":false,"path_per_floor":["M","?","$","?","$","R","E","M","T","R","?","E","R","$","R","B",null,"M","?","$","M","M","R","E","R","T","E","R","E","E","$","R","B",null,"M","$","?","?","M","R","R","R","T","$","E","R","E","E","R","B","B",null],"character_chosen":"WATCHER","items_purchased":["TalkToTheHand","TalkToTheHand","Master of Strategy","DistilledChaos","Anchor","InnerPeace","Medical Kit","Blood Vial","Lantern","MentalFortress","TalkToTheHand","Lee\u0027s Waffle","TeardropLocket","Bronze Scales","OrangePellets","MentalFortress","Master of Strategy"],"campfire_rested":0,"item_purchase_floors":[3,5,14,14,20,20,31,31,36,36,36,36,44,44,44,44,44],"current_hp_per_floor":[61,61,61,61,61,61,47,41,41,41,18,18,18,18,18,14,60,73,73,73,73,49,49,49,49,49,49,49,54,54,54,54,56,69,56,80,80,80,80,80,80,80,80,80,80,80,80,80,80,38,45],"gold":83,"neow_bonus":"THREE_CARDS","is_daily":false,"chose_seed":false,"campfire_upgraded":13,"win_rate":0.0,"timestamp":1610668390,"path_taken":["M","?","$","?","$","R","E","?","T","R","?","E","R","$","R","BOSS","M","?","$","M","M","R","E","R","T","E","R","E","E","?","R","BOSS","M","$","?","?","?","R","R","R","T","?","E","R","E","E","R","BOSS","BOSS"],"items_purchased_type":["Card","Card","Card","Potion","Relic","Card","Relic","Relic","Relic","Card","Card","Relic","Relic","Relic","Relic","Card","Card"],"build_version":"2020-12-22","purchased_purges":0,"victory":true,"max_hp_per_floor":[68,68,68,68,68,68,68,68,68,68,68,68,68,68,68,68,73,73,73,73,73,73,73,73,73,73,73,73,73,73,73,73,73,73,73,80,80,80,80,80,80,80,80,80,80,80,80,80,80,80,80],"relic_stats":{"Blood Vial":6,"OrangePellets":[6],"Centennial Puzzle":[21],"counters":[20,86],"Bronze Scales":[52],"VioletLotus":[16],"Bag of Preparation":[32],"War Paint":["Master of Strategy","Defend_P"],"Boot":[28],"Medical Kit":[10],"obtain_stats":[{"Lantern":36,"Tiny House":17,"Calipers":24,"Bag of Preparation":12,"TeardropLocket":44,"Boot":30,"Blood Vial":31,"Centennial Puzzle":7,"HornCleat":27,"WingedGreaves":2,"VioletLotus":39,"Lee\u0027s Waffle":36,"Golden Idol":11,"Damaru":29,"Thread and Needle":19,"Omamori":47,"War Paint":24,"Medical Kit":31,"OrangePellets":44,"Anchor":20,"Bronze Scales":44,"HolyWater":34,"Coffee Dripper":17,"Membership Card":2,"Bottled Lightning":45,"PureWater":0,"StrikeDummy":48,"Toy Ornithopter":9},{"Lantern":14,"Tiny House":5,"Calipers":9,"Bag of Preparation":4,"TeardropLocket":15,"Boot":12,"Blood Vial":12,"Centennial Puzzle":2,"HornCleat":10,"WingedGreaves":1,"VioletLotus":15,"Lee\u0027s Waffle":14,"Golden Idol":3,"Damaru":11,"Thread and Needle":6,"Omamori":17,"War Paint":9,"Medical Kit":12,"OrangePellets":15,"Anchor":6,"Bronze Scales":15,"HolyWater":13,"Coffee Dripper":5,"Membership Card":1,"Bottled Lightning":16,"PureWater":0,"StrikeDummy":18,"Toy Ornithopter":3},{"Lantern":61,"Tiny House":23,"Calipers":38,"Bag of Preparation":15,"TeardropLocket":63,"Boot":50,"Blood Vial":50,"Centennial Puzzle":10,"HornCleat":42,"WingedGreaves":3,"VioletLotus":63,"Lee\u0027s Waffle":61,"Golden Idol":13,"Damaru":46,"Thread and Needle":29,"Omamori":71,"War Paint":39,"Medical Kit":50,"OrangePellets":63,"Anchor":29,"Bronze Scales":63,"HolyWater":57,"Coffee Dripper":23,"Membership Card":3,"Bottled Lightning":68,"PureWater":0,"StrikeDummy":74,"Toy Ornithopter":13}],"Toy Ornithopter":30},"card_choices":[{"not_picked":["DeceiveReality","BowlingBash"],"picked":"WheelKick","floor":0},{"not_picked":["CutThroughFate","FlurryOfBlows"],"picked":"MentalFortress","floor":1},{"not_picked":["WaveOfTheHand","ThirdEye","SashWhip"],"picked":"SKIP","floor":7},{"not_picked":["Wallop","ThirdEye","Consecrate"],"picked":"SKIP","floor":8},{"not_picked":["WheelKick","Consecrate","ClearTheMind"],"picked":"SKIP","floor":12},{"not_picked":["Pray","EmptyFist","Indignation"],"picked":"SKIP","floor":18},{"not_picked":["FlurryOfBlows","FollowUp","Halt+1"],"picked":"SKIP","floor":21},{"not_picked":["Collect","Perseverance"],"picked":"Tantrum","floor":22},{"not_picked":["PathToVictory","Wireheading"],"picked":"Protect","floor":24},{"not_picked":["Prostrate","FollowUp+1","Indignation"],"picked":"SKIP","floor":27},{"not_picked":["ForeignInfluence","FlyingSleeves"],"picked":"Ragnarok","floor":29},{"not_picked":["Protect","Meditate+1"],"picked":"MentalFortress","floor":30},{"not_picked":["Devotion","MasterReality"],"picked":"Scrawl","floor":33},{"not_picked":["Perseverance","Fasting2","CutThroughFate"],"picked":"SKIP","floor":35},{"not_picked":["Conclude","CrushJoints","CarveReality+1"],"picked":"SKIP","floor":39},{"not_picked":["Conclude","CrushJoints","CarveReality+1"],"picked":"SKIP","floor":39},{"not_picked":["FlyingSleeves","Halt","EmptyBody"],"picked":"SKIP","floor":45},{"not_picked":["FlyingSleeves","Halt","EmptyBody"],"picked":"SKIP","floor":45},{"not_picked":["FollowUp","Evaluate","ClearTheMind+1"],"picked":"SKIP","floor":47},{"not_picked":["Halt+1","EmptyMind+1"],"picked":"DevaForm","floor":48}],"player_experience":606717,"relics_obtained":[{"floor":7,"key":"Centennial Puzzle"},{"floor":9,"key":"Toy Ornithopter"},{"floor":12,"key":"Bag of Preparation"},{"floor":24,"key":"War Paint"},{"floor":27,"key":"HornCleat"},{"floor":29,"key":"Damaru"},{"floor":30,"key":"Boot"},{"floor":45,"key":"Bottled Lightning"},{"floor":47,"key":"Omamori"},{"floor":48,"key":"StrikeDummy"}],"event_choices":[{"damage_healed":0,"gold_gain":58,"player_choice":"Gained Gold","damage_taken":0,"max_hp_gain":0,"max_hp_loss":0,"event_name":"Golden Wing","floor":2,"gold_loss":0},{"damage_healed":0,"gold_gain":0,"player_choice":"Forge","damage_taken":0,"max_hp_gain":0,"max_hp_loss":0,"event_name":"Accursed Blacksmith","floor":4,"gold_loss":0,"cards_upgraded":["Eruption"]},{"damage_healed":0,"gold_gain":0,"player_choice":"Take Damage","damage_taken":23,"relics_obtained":["Golden Idol"],"max_hp_gain":0,"max_hp_loss":0,"event_name":"Golden Idol","floor":11,"gold_loss":0},{"damage_healed":0,"gold_gain":0,"player_choice":"Obtained Relic","damage_taken":0,"relics_obtained":["Thread and Needle"],"max_hp_gain":0,"max_hp_loss":0,"event_name":"Addict","floor":19,"gold_loss":85},{"damage_healed":0,"gold_gain":333,"player_choice":"Gave Idol","damage_taken":0,"max_hp_gain":0,"max_hp_loss":0,"event_name":"The Moai Head","floor":37,"relics_lost":["Golden Idol"],"gold_loss":0},{"damage_healed":0,"gold_gain":0,"player_choice":"Ignored","damage_taken":0,"max_hp_gain":0,"max_hp_loss":0,"event_name":"SecretPortal","floor":38,"gold_loss":0}],"is_beta":false,"boss_relics":[{"not_picked":["Philosopher\u0027s Stone","Velvet Choker"],"picked":"Tiny House"},{"not_picked":["Runic Pyramid","Snecko Eye"],"picked":"HolyWater"}],"items_purged_floors":[],"is_endless":false,"potions_floor_spawned":[7,16,18,21,27,33,35,39,48],"ascension_level":20}}