{"host":"pl1fbpkom0aq337f","time":1610621840,"event":{"mods":["AchievementEnabler","BaseMod","Colored Map","Minty Spire (QoL Compilation)"],"gold_per_floor":[115,132,132,144,144,154,154,79,108,108,119,129,48,66,82,92,92,168,218,235,245,41,41,41,41,41,68,68,92,115,129,164,182,212,50,50,129,129,146,146,171,171,189,189,219,219,219,251,251,161,190,200,200,200,200],"floor_reached":56,"language":"ENG","playtime":2514,"items_purged":["Strike_G","Strike_G","Writhe"],"score":1490,"play_id":"3d71000e-8edd-40c8-b65f-3c3a28592e37","local_time":"20210114115720","is_ascension_mode":true,"campfire_choices":[{"data":"Eviscerate","floor":7.0,"key":"SMITH"},{"data":"Skewer","floor":17.0,"key":"SMITH"},{"data":"Wraith Form v2","floor":26.0,"key":"SMITH"},{"data":"Crippling Poison","floor":28.0,"key":"SMITH"},{"data":"Footwork","floor":36.0,"key":"SMITH"},{"data":"Noxious Fumes","floor":44.0,"key":"SMITH"},{"data":"Wraith Form v2","floor":46,"key":"SMITH"},{"data":"Neutralize","floor":49,"key":"SMITH"},{"data":"Predator","floor":53,"key":"SMITH"},{"data":"Predator","floor":54,"key":"SMITH"}],"circlet_count":0,"master_deck":["AscendersBane","Strike_G","Strike_G","Strike_G","Defend_G","Defend_G","Defend_G","Defend_G","Defend_G","Survivor","Neutralize+1","Crippling Poison+1","Eviscerate+1","Cloak And Dagger","Underhanded Strike","PiercingWail","Predator+1","Backflip","Noxious Fumes+1","Skewer+1","Wraith Form v2+1","Backflip+1","Noxious Fumes+1","Predator+1","Eviscerate+1","Footwork+1","Wraith Form v2+1","Underhanded Strike"],"relics":["Snecko Eye","Bronze Scales","StoneCalendar","Eternal Feather","Tiny House","Membership Card","Enchiridion","Singing Bowl","Mummified Hand","Akabeko","Tiny Chest","Art of War","PreservedInsect","Vajra","Cursed Key","Bird Faced Urn","Potion Belt","Unceasing Top","Calipers"],"acts_visited":["Exordium","TheCity","TheBeyond"],"potions_floor_usage":[55,55],"damage_taken":[{"damage":17.0,"enemies":"Cultist","floor":1.0,"turns":5.0},{"damage":17.0,"enemies":"Small Slimes","floor":2.0,"turns":4.0},{"damage":1.0,"enemies":"2 Louse","floor":4.0,"turns":3.0},{"damage":7.0,"enemies":"Large Slime","floor":6.0,"turns":6.0},{"damage":5.0,"enemies":"3 Sentries","floor":9.0,"turns":7.0},{"damage":0.0,"enemies":"Exordium Wildlife","floor":11.0,"turns":3.0},{"damage":11.0,"enemies":"Looter","floor":12.0,"turns":2.0},{"damage":5.0,"enemies":"2 Fungi Beasts","floor":14.0,"turns":3.0},{"damage":0.0,"enemies":"Blue Slaver","floor":15.0,"turns":2.0},{"damage":0.0,"enemies":"Gremlin Gang","floor":16.0,"turns":4.0},{"damage":25.0,"enemies":"Slime Boss","floor":18.0,"turns":7.0},{"damage":0.0,"enemies":"3 Byrds","floor":20.0,"turns":3.0},{"damage":11.0,"enemies":"2 Thieves","floor":21.0,"turns":4.0},{"damage":15.0,"enemies":"Slavers","floor":27.0,"turns":5.0},{"damage":12.0,"enemies":"Snecko","floor":31.0,"turns":4.0},{"damage":0.0,"enemies":"Gremlin Leader","floor":32.0,"turns":5.0},{"damage":5.0,"enemies":"Cultist and Chosen","floor":33.0,"turns":4.0},{"damage":7.0,"enemies":"Book of Stabbing","floor":34.0,"turns":3.0},{"damage":31.0,"enemies":"Collector","floor":37.0,"turns":6.0},{"damage":4.0,"enemies":"Orb Walker","floor":39.0,"turns":3.0},{"damage":5.0,"enemies":"Mind Bloom Boss Battle","floor":41.0,"turns":6.0},{"damage":0.0,"enemies":"3 Shapes","floor":43.0,"turns":2.0},{"damage":0,"enemies":"Nemesis","floor":45,"turns":5},{"damage":42,"enemies":"Giant Head","floor":48,"turns":6},{"damage":0,"enemies":"Reptomancer","floor":51,"turns":2},{"damage":0,"enemies":"Maw","floor":52,"turns":6},{"damage":2,"enemies":"Donu and Deca","floor":55,"turns":7}],"seed_played":"2940923596272057438","potions_obtained":[{"floor":4.0,"key":"Dexterity Potion"},{"floor":6.0,"key":"SneckoOil"},{"floor":9.0,"key":"Strength Potion"},{"floor":15.0,"key":"CultistPotion"},{"floor":18.0,"key":"FearPotion"},{"floor":19.0,"key":"Weak Potion"},{"floor":27.0,"key":"DuplicationPotion"},{"floor":33.0,"key":"DistilledChaos"}],"is_trial":false,"path_per_floor":["M","M","?","M","?","M","R","$","E","T","M","M","$","M","M","M","R","B",null,"M","M","$","?","?","?","R","E","R","T","T","M","E","M","E","$","R","B",null,"M","?","?","T","M","R","E","R","T","E","R","?","E","M","R","R","B",null],"character_chosen":"THE_SILENT","items_purchased":["Predator","Membership Card","Vajra","BlessingOfTheForge"],"campfire_rested":0,"item_purchase_floors":[13,22,35,35],"current_hp_per_floor":[42,25,47,46,46,39,39,39,34,34,34,23,23,18,18,18,30,5,56,56,45,45,45,29,29,44,29,44,44,44,32,34,31,24,24,39,8,58,56,56,53,53,55,70,77,77,77,43,58,58,66,80,83,83,81],"gold":200,"neow_bonus":"BOSS_RELIC","is_daily":false,"chose_seed":false,"campfire_upgraded":10,"win_rate":0.0,"timestamp":1610621840,"path_taken":["M","?","?","M","?","M","R","$","E","T","M","?","$","M","M","M","R","BOSS","M","M","$","?","?","?","R","E","R","T","T","?","E","M","E","$","R","BOSS","M","?","?","?","?","R","E","R","T","E","R","?","E","M","R","R","BOSS"],"items_purchased_type":["Card","Relic","Relic","Potion"],"build_version":"2020-12-22","purchased_purges":3,"victory":true,"max_hp_per_floor":[66,66,66,66,66,66,66,66,66,66,66,66,66,66,66,66,66,66,71,71,71,71,71,71,71,71,71,71,71,71,71,73,75,75,75,75,75,75,77,73,75,75,75,75,77,77,77,79,79,79,81,83,83,83,83],"card_choices":[{"not_picked":["Blade Dance","Quick Slash"],"picked":"Crippling Poison","floor":1.0},{"not_picked":["Heel Hook","Footwork","Acrobatics"],"picked":"SKIP","floor":2.0},{"not_picked":["Flechettes","Prepared"],"picked":"Eviscerate","floor":4.0},{"not_picked":["Dodge and Roll","Prepared"],"picked":"Cloak And Dagger","floor":6.0},{"not_picked":["Deadly Poison","Poisoned Stab"],"picked":"Underhanded Strike","floor":9.0},{"not_picked":["Sucker Punch","Dagger Spray"],"picked":"PiercingWail","floor":11.0},{"not_picked":["Expertise","Acrobatics","Endless Agony"],"picked":"SKIP","floor":12.0},{"not_picked":["A Thousand Cuts","Flying Knee"],"picked":"Backflip","floor":14.0},{"not_picked":["Prepared","Cloak And Dagger"],"picked":"Noxious Fumes","floor":15.0},{"not_picked":["Slice","Dodge and Roll"],"picked":"Skewer","floor":16.0},{"not_picked":["Unload","Die Die Die"],"picked":"Wraith Form v2","floor":18.0},{"not_picked":["Escape Plan","PiercingWail"],"picked":"Backflip","floor":19.0},{"not_picked":["Dagger Throw","Cloak And Dagger","Deadly Poison"],"picked":"SKIP","floor":20.0},{"not_picked":["Choke","Dodge and Roll"],"picked":"Noxious Fumes","floor":21.0},{"not_picked":["Grand Finale","Cloak And Dagger"],"picked":"Predator","floor":27.0},{"not_picked":["Dash","Dagger Throw"],"picked":"Eviscerate+1","floor":31.0},{"not_picked":["Distraction","Calculated Gamble","Cloak And Dagger"],"picked":"Singing Bowl","floor":32.0},{"not_picked":["Calculated Gamble","Dodge and Roll","All Out Attack"],"picked":"Singing Bowl","floor":33.0},{"not_picked":["Outmaneuver+1","Prepared"],"picked":"Footwork","floor":34.0},{"not_picked":["Grand Finale","Glass Knife"],"picked":"Wraith Form v2","floor":37.0},{"not_picked":["Flying Knee","Acrobatics+1","Prepared"],"picked":"Singing Bowl","floor":39.0},{"not_picked":["Cloak And Dagger+1","Expertise+1","Bane"],"picked":"Singing Bowl","floor":41.0},{"not_picked":["Dodge and Roll","Tactician"],"picked":"Underhanded Strike","floor":43.0},{"not_picked":["Tactician","Outmaneuver+1","Infinite Blades+1"],"picked":"Singing Bowl","floor":45},{"not_picked":["Reflex","Flying Knee+1","Poisoned Stab+1"],"picked":"Singing Bowl","floor":48},{"not_picked":["Die Die Die","Choke+1","Expertise"],"picked":"Singing Bowl","floor":51},{"not_picked":["Prepared","Poisoned Stab+1","Cloak And Dagger+1"],"picked":"Singing Bowl","floor":52}],"player_experience":461884,"relics_obtained":[{"floor":9.0,"key":"StoneCalendar"},{"floor":10.0,"key":"Eternal Feather"},{"floor":24.0,"key":"Enchiridion"},{"floor":27.0,"key":"Mummified Hand"},{"floor":29.0,"key":"Akabeko"},{"floor":30.0,"key":"Tiny Chest"},{"floor":32.0,"key":"Art of War"},{"floor":34.0,"key":"PreservedInsect"},{"floor":41.0,"key":"Bird Faced Urn"},{"floor":45,"key":"Potion Belt"},{"floor":48,"key":"Unceasing Top"},{"floor":51,"key":"Calipers"}],"event_choices":[{"damage_healed":22.0,"max_hp_gain":0.0,"max_hp_loss":0.0,"gold_gain":0.0,"event_name":"Big Fish","player_choice":"Banana","floor":3.0,"gold_loss":0.0,"damage_taken":0.0},{"damage_healed":0.0,"max_hp_gain":0.0,"max_hp_loss":0.0,"gold_gain":0.0,"event_name":"WeMeetAgain","player_choice":"Gave Potion","floor":5.0,"gold_loss":0.0,"damage_taken":0.0,"relics_obtained":["Bronze Scales"]},{"damage_healed":0.0,"max_hp_gain":0.0,"max_hp_loss":0.0,"gold_gain":0.0,"event_name":"Forgotten Altar","player_choice":"Smashed Altar","floor":23.0,"gold_loss":0.0,"damage_taken":0.0,"cards_obtained":["Decay"]},{"damage_healed":0.0,"max_hp_gain":0.0,"max_hp_loss":0.0,"gold_gain":0.0,"event_name":"Cursed Tome","player_choice":"Obtained Book","floor":24.0,"gold_loss":0.0,"damage_taken":16.0},{"damage_healed":0.0,"max_hp_gain":0.0,"max_hp_loss":0.0,"gold_gain":0.0,"event_name":"The Mausoleum","player_choice":"Opened","floor":25.0,"gold_loss":0.0,"damage_taken":0.0,"relics_obtained":["Singing Bowl"],"cards_obtained":["Writhe"]},{"damage_healed":0.0,"max_hp_gain":0.0,"max_hp_loss":4.0,"gold_gain":0.0,"event_name":"Winding Halls","player_choice":"Max HP","floor":40.0,"gold_loss":0.0,"damage_taken":0.0},{"damage_healed":0.0,"max_hp_gain":0.0,"max_hp_loss":0.0,"gold_gain":0.0,"event_name":"MindBloom","player_choice":"Fight","floor":41.0,"gold_loss":0.0,"damage_taken":0.0},{"cards_removed":["Decay"],"damage_healed":0,"gold_gain":0,"player_choice":"Upgrade and Remove","damage_taken":0,"max_hp_gain":0,"max_hp_loss":0,"event_name":"Designer","floor":50,"gold_loss":90,"cards_upgraded":["Backflip"]}],"is_beta":false,"boss_relics":[{"not_picked":["HoveringKite","WristBlade"],"picked":"Tiny House"},{"not_picked":["Runic Dome","Busted Crown"],"picked":"Cursed Key"}],"items_purged_floors":[8,22,35],"is_endless":false,"potions_floor_spawned":[4,6,9,15,18,27,31,33,37,43],"ascension_level":14}}