{"host":"ELF","time":1610652860,"event":{"mods":["BaseMod","Minty Spire (QoL Compilation)"],"gold_per_floor":[111,127,127,127,142,172,187,206,233,233,243,243,7,37,37,37,37],"floor_reached":16,"language":"ENG","playtime":612,"items_purged":["Strike_G"],"score":224,"play_id":"65bed3d7-e5ca-49d9-a0ed-04b8fa83188e","local_time":"20210114133420","is_ascension_mode":true,"campfire_choices":[{"floor":10,"key":"REST"},{"data":"Noxious Fumes","floor":12,"key":"SMITH"},{"floor":15,"key":"REST"}],"circlet_count":0,"master_deck":["AscendersBane","Strike_G","Strike_G","Strike_G","Strike_G","Defend_G","Defend_G","Defend_G","Defend_G","Defend_G","Survivor","Neutralize","Poisoned Stab+1","Dagger Throw+1","Envenom","Dash","Masterful Stab","Deflect","Noxious Fumes+1","Bouncing Flask"],"relics":["Ring of the Snake","NeowsBlessing","Bottled Tornado","MealTicket","TheAbacus","Nunchaku"],"acts_visited":["Exordium"],"potions_floor_usage":[8,16],"damage_taken":[{"damage":0,"enemies":"Cultist","floor":1,"turns":1},{"damage":0,"enemies":"Jaw Worm","floor":2,"turns":1},{"damage":0,"enemies":"Small Slimes","floor":5,"turns":1},{"damage":26,"enemies":"Lagavulin","floor":6,"turns":7},{"damage":4,"enemies":"Gremlin Gang","floor":7,"turns":7},{"damage":15,"enemies":"Lots of Slimes","floor":8,"turns":5},{"damage":10,"enemies":"Large Slime","floor":11,"turns":5},{"damage":26,"enemies":"Gremlin Nob","floor":14,"turns":5},{"damage":38,"enemies":"Slime Boss","floor":16,"turns":7}],"seed_played":"-9098376476794001186","potions_obtained":[{"floor":1,"key":"SteroidPotion"},{"floor":5,"key":"ColorlessPotion"},{"floor":14,"key":"SneckoOil"}],"is_trial":false,"path_per_floor":["M","M","?","?","M","E","M","M","T","R","M","R","$","E","R","B"],"character_chosen":"THE_SILENT","items_purchased":["TheAbacus"],"campfire_rested":2,"item_purchase_floors":[13],"current_hp_per_floor":[59,59,59,59,59,33,29,14,14,33,23,23,38,12,31,0,0],"gold":37,"neow_bonus":"THREE_ENEMY_KILL","is_daily":false,"chose_seed":false,"campfire_upgraded":1,"win_rate":0.0,"timestamp":1610652860,"path_taken":["M","?","?","?","M","E","?","M","T","R","M","R","$","E","R","BOSS"],"items_purchased_type":["Relic"],"build_version":"2020-12-18","purchased_purges":1,"victory":false,"max_hp_per_floor":[66,66,66,66,66,66,66,66,66,66,66,66,66,66,66,66,66],"card_choices":[{"not_picked":["Caltrops","PiercingWail"],"picked":"Poisoned Stab","floor":1},{"not_picked":["PiercingWail","Finisher"],"picked":"Dagger Throw","floor":2},{"not_picked":["Dagger Throw","Quick Slash"],"picked":"Envenom","floor":5},{"not_picked":["Finisher","Flying Knee"],"picked":"Dash","floor":6},{"not_picked":["Tactician","Flying Knee"],"picked":"Masterful Stab","floor":7},{"not_picked":["Flying Knee","Masterful Stab"],"picked":"Deflect","floor":8},{"not_picked":["Acrobatics","Tactician"],"picked":"Noxious Fumes","floor":11},{"not_picked":["Underhanded Strike","Endless Agony"],"picked":"Bouncing Flask","floor":14}],"player_experience":3208741,"relics_obtained":[{"floor":6,"key":"Bottled Tornado"},{"floor":9,"key":"MealTicket"},{"floor":14,"key":"Nunchaku"}],"event_choices":[{"damage_healed":0,"gold_gain":0,"player_choice":"Grow","damage_taken":0,"max_hp_gain":0,"max_hp_loss":0,"event_name":"Living Wall","floor":3,"gold_loss":0,"cards_upgraded":["Poisoned Stab"]},{"damage_healed":0,"gold_gain":0,"player_choice":"Upgraded","damage_taken":0,"max_hp_gain":0,"max_hp_loss":0,"event_name":"Upgrade Shrine","floor":4,"gold_loss":0,"cards_upgraded":["Dagger Throw"]}],"is_beta":true,"boss_relics":[],"items_purged_floors":[13],"is_endless":false,"potions_floor_spawned":[1,5,14],"killed_by":"Slime Boss","ascension_level":20}}