{"host":"vrsxkkch9ccrec7k","time":1610588464,"event":{"mods":["Act Like it!","BaseMod","Bestiary","Better Sensory Stone","Better Third Choice","Better Vampires","Downfall","Minty Spire (QoL Compilation)","Permanent Neow","Relic Stats","Spicy Shops","StSLib"],"gold_per_floor":[99,118,130,130,130,150,150,162,87,104,104,129,129,143,156,260,260,260,260,260,260,260,260,260,260,260,260,260,260,260,51,51,51,51,51,51,51,51,51,51,51,51,51,51,51,51,51,11,11,11],"floor_reached":51,"language":"ENG","playtime":4548,"items_purged":["hexamod:Strike+1"],"score":791,"play_id":"60acc27b-bfcf-4c97-b69a-9c76b0a69d45","local_time":"20210113204104","is_ascension_mode":true,"campfire_choices":[{"data":"hexamod:Float","floor":1,"key":"SMITH"},{"data":"hexamod:Rewind","floor":9,"key":"SMITH"},{"data":"hexamod:Rewind","floor":11,"key":"SMITH"},{"data":"hexamod:Defend","floor":13,"key":"SMITH"},{"data":"hexamod:UnlimitedPower","floor":18,"key":"SMITH"},{"floor":23,"key":"REST"},{"floor":29,"key":"REST"},{"floor":35,"key":"RECALL"},{"floor":43,"key":"REST"},{"floor":47,"key":"REST"}],"circlet_count":0,"master_deck":["hexamod:Strike+1","hexamod:Strike+1","hexamod:Defend+1","hexamod:Defend+1","hexamod:Defend+1","hexamod:Defend+1","hexamod:Sear+1","hexamod:Float+1","hexamod:BacktrackSmack+1","hexamod:DynamicBlow+1","hexamod:FourthSeal","hexamod:HexaLevel+1","hexamod:Rewind+1","hexamod:Rewind+1","hexamod:SixthSeal","hexamod:Again+1","hexamod:UnlimitedPower+1","hexamod:SoulSteal+1","hexamod:FlamesFromBeyond+1","hexamod:RetreatToShadows+1","hexamod:TimeWarp+1","hexamod:PhantomCloak+1","hexamod:SuperheatedStrike+1","hexamod:TimeWarp+1","expansioncontent:DefensiveMode+1","expansioncontent:Flail+1","hexamod:ShieldOfDarkness+1","hexamod:GhostOfSpireFuture+1","hexamod:FastForward+1","expansioncontent:DarkVoid+1","hexamod:NightmareGuise+1","hexamod:EtherealExpedition+1"],"relics":["hexamod:SpiritBrand","Omamori","downfall:HeartBlessingBlue","Juzu Bracelet","downfall:Hecktoplasm","Whetstone","CaptainsWheel","Fusion Hammer","Ginger","Frozen Egg 2","downfall:HeartBlessingRed","Smiling Mask"],"acts_visited":["Exordium","TheCity","TheBeyond"],"potions_floor_usage":[10,14,15,15,16,16,16,19,20,21,22,22,22,26,27,31,32,33,39,40,40,40,44,46,50,50,50],"damage_taken":[{"damage":0,"enemies":"Jaw Worm","floor":2,"turns":4},{"damage":0,"enemies":"2 Louse","floor":3,"turns":3},{"damage":0,"enemies":"Cultist","floor":6,"turns":3},{"damage":2,"enemies":"Exordium Thugs","floor":8,"turns":4},{"damage":0,"enemies":"Lots of Slimes","floor":10,"turns":4},{"damage":23,"enemies":"3 Sentries","floor":12,"turns":10},{"damage":0,"enemies":"Red Slaver","floor":14,"turns":4},{"damage":10,"enemies":"3 Louse","floor":15,"turns":3},{"damage":37,"enemies":"downfall:Defect","floor":16,"turns":7},{"damage":8,"enemies":"3 Byrds","floor":19,"turns":3},{"damage":23,"enemies":"Shelled Parasite and Fungi","floor":20,"turns":5},{"damage":9,"enemies":"Snecko","floor":21,"turns":4},{"damage":3,"enemies":"Snake Plant","floor":22,"turns":4},{"damage":12,"enemies":"3 Cultists","floor":25,"turns":6},{"damage":13,"enemies":"Centurion and Healer","floor":26,"turns":3},{"damage":0,"enemies":"Snake Plant","floor":27,"turns":1},{"damage":0,"enemies":"downfall:FleeingMerchant","floor":31,"turns":4},{"damage":4,"enemies":"Snecko","floor":32,"turns":4},{"damage":29,"enemies":"downfall:Watcher","floor":33,"turns":6},{"damage":0,"enemies":"3 Shapes","floor":36,"turns":5},{"damage":22,"enemies":"3 Darklings","floor":39,"turns":4},{"damage":6,"enemies":"Giant Head","floor":40,"turns":6},{"damage":40,"enemies":"Reptomancer","floor":44,"turns":5},{"damage":3,"enemies":"Maw","floor":46,"turns":6},{"damage":0,"enemies":"downfall:FleeingMerchant","floor":48,"turns":4},{"damage":0,"enemies":"Spire Growth","floor":49,"turns":5},{"damage":16,"enemies":"downfall:Ironclad","floor":50,"turns":9}],"seed_played":"-7546960145390549434","potions_obtained":[{"floor":3,"key":"LiquidMemories"},{"floor":6,"key":"Swift Potion"},{"floor":6,"key":"Guardian:BlockOnCardUsePotion"},{"floor":12,"key":"Slimebound:ThreeZeroPotion"},{"floor":12,"key":"Weak Potion"},{"floor":14,"key":"SkillPotion"},{"floor":15,"key":"ColorlessPotion"},{"floor":15,"key":"Block Potion"},{"floor":16,"key":"CultistPotion"},{"floor":16,"key":"Slimebound:ThreeZeroPotion"},{"floor":19,"key":"Strength Potion"},{"floor":19,"key":"SpeedPotion"},{"floor":20,"key":"BlessingOfTheForge"},{"floor":21,"key":"Guardian:BlockOnCardUsePotion"},{"floor":22,"key":"SmokeBomb"},{"floor":25,"key":"Ancient Potion"},{"floor":25,"key":"SkillPotion"},{"floor":26,"key":"AttackPotion"},{"floor":30,"key":"CultistPotion"},{"floor":31,"key":"Energy Potion"},{"floor":32,"key":"Fire Potion"},{"floor":33,"key":"sneckomod:MuddlingPotion"},{"floor":33,"key":"DuplicationPotion"},{"floor":39,"key":"Swift Potion"},{"floor":40,"key":"Dexterity Potion"},{"floor":44,"key":"Swift Potion"},{"floor":46,"key":"ColorlessPotion"},{"floor":48,"key":"LiquidBronze"},{"floor":49,"key":"hexamod:EctoCoolerPotion"}],"is_trial":false,"path_per_floor":["R","M","M","?","?","M","T","M","R","M","R","E","R","M","M","B",null,"R","M","M","M","M","R","T","M","M","M","?","R","?","$","M","B",null,"R","M","?","?","M","E","T","?","R","E","?","M","R","$","M","B",null],"character_chosen":"THE_SPIRIT","items_purchased":["hexamod:SuperheatedStrike","hexamod:NightmareGuise"],"campfire_rested":4,"item_purchase_floors":[31,48],"current_hp_per_floor":[70,70,70,70,70,70,70,68,78,78,78,55,55,55,45,8,80,80,72,49,40,37,61,61,49,36,36,36,60,60,60,56,27,80,80,80,80,75,53,47,47,47,71,31,31,28,52,52,52,36],"gold":11,"neow_bonus":"RANDOM_COMMON_RELIC","is_daily":false,"chose_seed":false,"campfire_upgraded":5,"win_rate":0.0,"timestamp":1610588464,"path_taken":["R","M","M","?","?","M","T","M","R","?","R","E","R","M","M","BOSS","R","M","M","M","M","R","T","M","M","M","?","R","?","$","M","BOSS","R","M","?","?","M","E","T","?","R","E","?","M","R","?","M","BOSS"],"items_purchased_type":["Card","Card"],"build_version":"2020-12-22","purchased_purges":1,"victory":true,"max_hp_per_floor":[70,70,70,70,70,70,70,70,80,80,80,80,80,80,80,80,80,80,80,80,80,80,80,80,80,80,80,80,80,80,80,80,80,80,80,80,80,80,80,80,80,80,80,80,80,80,80,80,80,80],"relic_stats":{"counters":[27,126],"Juzu Bracelet":2,"Whetstone":["hexamod:Strike","hexamod:Strike"],"Ginger":[5],"Smiling Mask":0,"obtain_stats":[{"CaptainsWheel":28,"downfall:HeartBlessingRed":43,"downfall:HeartBlessingBlue":9,"Fusion Hammer":34,"Omamori":0,"Juzu Bracelet":12,"downfall:Hecktoplasm":17,"Whetstone":24,"Ginger":40,"Frozen Egg 2":41,"Smiling Mask":44,"hexamod:SpiritBrand":0},{"CaptainsWheel":16,"downfall:HeartBlessingRed":22,"downfall:HeartBlessingBlue":4,"Fusion Hammer":19,"Omamori":0,"Juzu Bracelet":6,"downfall:Hecktoplasm":9,"Whetstone":13,"Ginger":22,"Frozen Egg 2":22,"Smiling Mask":23,"hexamod:SpiritBrand":0},{"CaptainsWheel":68,"downfall:HeartBlessingRed":97,"downfall:HeartBlessingBlue":14,"Fusion Hammer":82,"Omamori":0,"Juzu Bracelet":28,"downfall:Hecktoplasm":42,"Whetstone":58,"Ginger":97,"Frozen Egg 2":97,"Smiling Mask":102,"hexamod:SpiritBrand":0}]},"card_choices":[{"not_picked":["hexamod:AdvancingGuard","hexamod:SuperheatedStrike"],"picked":"hexamod:BacktrackSmack","floor":2},{"not_picked":["hexamod:HauntingEcho","hexamod:NightmareGuise"],"picked":"hexamod:DynamicBlow","floor":3},{"not_picked":["hexamod:HauntingEcho","hexamod:SpectralAdrenaline"],"picked":"hexamod:Rewind","floor":6},{"not_picked":["hexamod:AdvancingGuard","hexamod:SuperheatedStrike"],"picked":"hexamod:Rewind","floor":8},{"not_picked":["hexamod:FourthSeal","hexamod:Firestarter","hexamod:Haunt"],"picked":"SKIP","floor":10},{"not_picked":["hexamod:GhostOfSpirePresent","hexamod:HeatMetal"],"picked":"hexamod:SixthSeal","floor":12},{"not_picked":["hexamod:InspiringFlames","hexamod:BurningTouch","hexamod:FlamesFromBeyond"],"picked":"SKIP","floor":14},{"not_picked":["hexamod:HeatMetal","hexamod:HauntingEcho"],"picked":"hexamod:Again","floor":15},{"not_picked":["hexamod:ApocalypticArmor","hexamod:TurnItUp"],"picked":"hexamod:UnlimitedPower","floor":16},{"not_picked":["hexamod:GhostShield+1","hexamod:InspiringFlames"],"picked":"hexamod:SoulSteal+1","floor":19},{"not_picked":["hexamod:SwordOfDarkness","hexamod:HeatCrush+1"],"picked":"hexamod:FlamesFromBeyond+1","floor":20},{"not_picked":["hexamod:ExtraCrispy","hexamod:GhostLash+1"],"picked":"hexamod:RetreatToShadows","floor":21},{"not_picked":["hexamod:Firestarter","hexamod:GhostLash","hexamod:NightmareStrike+1"],"picked":"SKIP","floor":22},{"not_picked":["hexamod:BurningTouch","hexamod:SwordOfDarkness+1","hexamod:ShieldOfDarkness"],"picked":"SKIP","floor":25},{"not_picked":["hexamod:SpectralSpark+1","hexamod:EtherealExpedition"],"picked":"hexamod:TimeWarp","floor":26},{"not_picked":["hexamod:RecurringNightmare","hexamod:ShieldOfDarkness+1"],"picked":"hexamod:PhantomCloak+1","floor":31},{"not_picked":["hexamod:GhostShield","hexamod:SwordOfDarkness","hexamod:NightmareStrike"],"picked":"SKIP","floor":32},{"not_picked":["hexamod:VolcanoVisage","hexamod:ApocalypticArmor"],"picked":"hexamod:TimeWarp","floor":33},{"not_picked":["hexamod:SpectralSpark","hexamod:NightmareStrike","hexamod:SpectersWail"],"picked":"SKIP","floor":36},{"not_picked":["expansioncontent:PrepareCrush","expansioncontent:BronzeBeam"],"picked":"expansioncontent:DefensiveMode","floor":38},{"not_picked":["expansioncontent:PrepareCrush","expansioncontent:TimeRipple"],"picked":"expansioncontent:Flail","floor":38},{"not_picked":["hexamod:NightmareGuise","hexamod:Hexaguard+1"],"picked":"hexamod:ShieldOfDarkness+1","floor":39},{"not_picked":["hexamod:BacktrackSmack+1","hexamod:Incineration+1"],"picked":"hexamod:GhostOfSpireFuture","floor":40},{"not_picked":["hexamod:ThermalTransfer","hexamod:PhantomFireball"],"picked":"hexamod:FastForward+1","floor":44},{"not_picked":["expansioncontent:SlimeTackle","Jack Of All Trades"],"picked":"expansioncontent:DarkVoid","floor":45},{"not_picked":["hexamod:BurningTouch+1","hexamod:GhostLash","hexamod:HauntingEcho+1"],"picked":"SKIP","floor":46},{"not_picked":["hexamod:BurningTouch+1","hexamod:Firestarter","hexamod:EtherealExpedition"],"picked":"SKIP","floor":48},{"not_picked":["hexamod:NightmareStrike+1","hexamod:NightmareGuise"],"picked":"hexamod:EtherealExpedition+1","floor":49}],"player_experience":1512913,"relics_obtained":[{"floor":12,"key":"Juzu Bracelet"},{"floor":24,"key":"Whetstone"},{"floor":28,"key":"CaptainsWheel"},{"floor":40,"key":"Ginger"},{"floor":41,"key":"Frozen Egg 2"},{"floor":44,"key":"Smiling Mask"}],"event_choices":[{"damage_healed":0,"gold_gain":0,"cards_transformed":["hexamod:Strike"],"player_choice":"Transformed","damage_taken":0,"max_hp_gain":0,"max_hp_loss":0,"event_name":"Transmorgrifier","floor":5,"gold_loss":0,"cards_obtained":["hexamod:HexaLevel"]},{"damage_healed":0,"gold_gain":0,"player_choice":"Relic","damage_taken":0,"max_hp_gain":0,"max_hp_loss":0,"event_name":"Wheel of Change","floor":28,"gold_loss":0},{"damage_healed":0,"gold_gain":0,"player_choice":"Upgraded","damage_taken":0,"max_hp_gain":0,"max_hp_loss":0,"event_name":"Upgrade Shrine","floor":37,"gold_loss":0,"cards_upgraded":["hexamod:RetreatToShadows"]},{"damage_healed":0,"gold_gain":3,"player_choice":"1","damage_taken":0,"max_hp_gain":0,"max_hp_loss":0,"event_name":"betterStone:BetterStone","floor":45,"gold_loss":0}],"is_beta":false,"boss_relics":[{"not_picked":["Philosopher\u0027s Stone","Tiny House"],"picked":"downfall:Hecktoplasm"},{"not_picked":["Runic Pyramid","Coffee Dripper"],"picked":"Fusion Hammer"}],"items_purged_floors":[31],"is_endless":false,"potions_floor_spawned":[3,6,12,15,16,19,20,25,33,36,49],"ascension_level":3}}