{"host":"81vb4cbob60wa1na","time":1610598390,"event":{"mods":["BaseMod","Downfall","GifTheSpireLib","Hermit","Highlight Path","Minty Spire (QoL Compilation)","StSLib","The Cursed","The Disciple"],"gold_per_floor":[99,99,99,159,159,159,207,218,218,238,253,253,264,278,278,374,674,686,716,738,750,762,774,786,798,642,310,310,323,400,500,520,615,615,615,630,647,302,348,359,359,372,372,447,246,265,265,278,288,288],"floor_reached":51,"language":"ENG","playtime":2455,"items_purged":[],"score":839,"play_id":"7e728795-980b-48c6-b740-a5ca282f01e9","local_time":"20210113232630","is_ascension_mode":false,"campfire_choices":[{"data":"hexamod:Float","floor":1,"key":"SMITH"},{"data":"hexamod:Sear","floor":6,"key":"SMITH"},{"data":"hexamod:BurningTouch","floor":9,"key":"SMITH"},{"data":"hexamod:SearingWound","floor":18,"key":"SMITH"},{"floor":25,"key":"REST"},{"data":"expansioncontent:AwakenDeath","floor":35,"key":"SMITH"},{"floor":43,"key":"REST"}],"circlet_count":0,"master_deck":["hexamod:Defend+1","hexamod:Defend","hexamod:Defend","hexamod:Defend","hexamod:Sear+1","hexamod:Float+1","hexamod:BurningTouch+1","hexamod:BurningTouch","hexamod:BurningTouch","hexamod:ThermalTransfer","hexamod:HeatMetal","hexamod:BurningTouch","hexamod:Firestarter","hexamod:SearingWound+1","CurseOfTheBell","hexamod:EmpoweredFlame","Bite","Bite","Bite","Bite+1","Bite","Shame","hexamod:FirstSeal","hexamod:PhantomFireball+1","hexamod:BurningTouch","hexamod:Firestarter","expansioncontent:AwakenDeath+1","hexamod:Firestarter+1","hexamod:FirstSeal","hexamod:RainOfEmbers+1","hexamod:SixthSeal","hexamod:RainOfEmbers+1","hexamod:ChargedBarrage+1","hexamod:WildfireWeapon+1","Bandage Up","hexamod:BurningTouch+1","hexamod:PhantomFireball+1","Parasite","hexamod:DynamicBlow+1","hexamod:ApocalypticArmor+1"],"relics":["hexamod:SpiritBrand","downfall:HeartsMalice","Darkstone Periapt","Calling Bell","MawBank","Shuriken","Old Coin","Happy Flower","White Beast Statue","Anchor","Frozen Egg 2","Gambling Chip","Mummified Hand","Pantograph","Torii","HornCleat","Whetstone","Letter Opener"],"acts_visited":["Exordium","TheCity","TheBeyond"],"potions_floor_usage":[10,10,12,13,15,16,27,27,31,31,31,32,33,38,39,39,40,42,42,42,46,50,50,50,50],"damage_taken":[{"damage":0,"enemies":"2 Louse","floor":2,"turns":1},{"damage":0,"enemies":"Small Slimes","floor":3,"turns":1},{"damage":0,"enemies":"Lagavulin Event","floor":4,"turns":1},{"damage":6,"enemies":"Jaw Worm","floor":8,"turns":3},{"damage":8,"enemies":"2 Fungi Beasts","floor":10,"turns":3},{"damage":2,"enemies":"Red Slaver","floor":11,"turns":3},{"damage":0,"enemies":"Large Slime","floor":13,"turns":3},{"damage":1,"enemies":"Blue Slaver","floor":14,"turns":3},{"damage":0,"enemies":"Lots of Slimes","floor":15,"turns":1},{"damage":48,"enemies":"downfall:Silent","floor":16,"turns":6},{"damage":2,"enemies":"Shell Parasite","floor":19,"turns":3},{"damage":29,"enemies":"Chosen","floor":20,"turns":6},{"damage":10,"enemies":"downfall:FleeingMerchant","floor":26,"turns":4},{"damage":4,"enemies":"downfall:FleeingMerchant","floor":27,"turns":4},{"damage":35,"enemies":"Centurion and Healer","floor":29,"turns":6},{"damage":36,"enemies":"downfall:Ironclad","floor":31,"turns":6},{"damage":37,"enemies":"3 Cultists","floor":32,"turns":6},{"damage":58,"enemies":"downfall:Defect","floor":33,"turns":9},{"damage":12,"enemies":"Orb Walker","floor":36,"turns":3},{"damage":40,"enemies":"3 Darklings","floor":37,"turns":8},{"damage":15,"enemies":"downfall:FleeingMerchant","floor":38,"turns":4},{"damage":58,"enemies":"2 Orb Walkers","floor":39,"turns":5},{"damage":79,"enemies":"Maw","floor":40,"turns":9},{"damage":8,"enemies":"4 Shapes","floor":42,"turns":8},{"damage":0,"enemies":"downfall:FleeingMerchant","floor":45,"turns":3},{"damage":16,"enemies":"Writhing Mass","floor":46,"turns":4},{"damage":39,"enemies":"Sphere and 2 Shapes","floor":48,"turns":7},{"damage":32,"enemies":"Maw","floor":49,"turns":8},{"damage":146,"enemies":"downfall:Ironclad","floor":50,"turns":11}],"seed_played":"7841573707467335891","potions_obtained":[{"floor":4,"key":"Fire Potion"},{"floor":10,"key":"Fruit Juice"},{"floor":11,"key":"SmokeBomb"},{"floor":12,"key":"Fruit Juice"},{"floor":12,"key":"Swift Potion"},{"floor":12,"key":"CultistPotion"},{"floor":26,"key":"Regen Potion"},{"floor":27,"key":"Weak Potion"},{"floor":29,"key":"DistilledChaos"},{"floor":31,"key":"Explosive Potion"},{"floor":32,"key":"Fire Potion"},{"floor":33,"key":"SpeedPotion"},{"floor":36,"key":"Ancient Potion"},{"floor":37,"key":"Regen Potion"},{"floor":38,"key":"LiquidMemories"},{"floor":39,"key":"hexamod:InfernoChargePotion"},{"floor":40,"key":"EntropicBrew"},{"floor":42,"key":"Swift Potion"},{"floor":46,"key":"EntropicBrew"}],"is_trial":false,"path_per_floor":["R","M","M","?","?","R","T","M","R","M","M","?","M","M","M","B",null,"R","M","M","?","?","?","T","R","$","$","?","M","T","?","M","B",null,"R","M","M","$","?","M","T","M","R","?","$","M","?","M","M","B",null],"character_chosen":"THE_SPIRIT","items_purchased":["Fruit Juice","Fire Potion","Anchor","hexamod:BurningTouch","hexamod:Firestarter","expansioncontent:AwakenDeath","Pantograph","Bandage Up","Whetstone","Letter Opener","FairyPotion","Strength Potion"],"campfire_rested":2,"item_purchase_floors":[26,26,27,27,27,27,38,38,45,45,45,45],"current_hp_per_floor":[70,70,70,70,70,70,70,64,64,63,63,68,70,71,73,27,86,86,84,57,57,57,63,63,90,84,97,97,66,66,66,39,10,97,97,87,66,66,48,56,56,56,85,85,93,94,94,77,72,16],"gold":288,"neow_bonus":"THREE_ENEMY_KILL","is_daily":false,"chose_seed":false,"campfire_upgraded":5,"win_rate":0.0,"timestamp":1610598390,"path_taken":["R","M","M","?","?","R","T","M","R","?","M","?","M","?","M","BOSS","R","M","M","?","?","?","T","R","?","$","?","?","?","?","M","BOSS","R","M","M","$","?","M","T","M","R","?","$","?","?","M","M","BOSS"],"items_purchased_type":["Potion","Potion","Relic","Card","Card","Card","Relic","Card","Relic","Relic","Potion","Potion"],"build_version":"2020-12-22","purchased_purges":0,"victory":true,"max_hp_per_floor":[70,70,70,70,70,70,70,70,70,75,75,80,80,80,80,80,86,86,86,86,86,86,92,92,92,92,97,97,97,97,97,97,97,97,97,97,97,97,97,97,97,97,97,97,97,103,103,103,103,103],"card_choices":[{"not_picked":["hexamod:GhostShield","hexamod:GhostLash"],"picked":"hexamod:BurningTouch","floor":2},{"not_picked":["hexamod:RainOfEmbers","hexamod:GhostLash"],"picked":"hexamod:BurningTouch","floor":3},{"not_picked":["hexamod:InspiringFlames","hexamod:TurnItUp"],"picked":"hexamod:BurningTouch","floor":4},{"not_picked":["hexamod:SwordOfDarkness","hexamod:NightmareGuise"],"picked":"hexamod:ThermalTransfer","floor":8},{"not_picked":["hexamod:ParanormalForm","hexamod:InspiringFlames"],"picked":"hexamod:HeatMetal","floor":10},{"not_picked":["hexamod:HauntingEcho","hexamod:AdvancingGuard"],"picked":"hexamod:BurningTouch","floor":11},{"not_picked":["hexamod:SwordOfDarkness","hexamod:RetreatToShadows","hexamod:GhostOfSpirePast"],"picked":"SKIP","floor":13},{"not_picked":["hexamod:SpectralSpark","hexamod:GhostOfSpirePast"],"picked":"hexamod:Firestarter","floor":14},{"not_picked":["hexamod:HexaLevel","hexamod:TimeOfNeed"],"picked":"hexamod:SearingWound","floor":16},{"not_picked":["hexamod:InspiringFlames","hexamod:GhostLash"],"picked":"hexamod:EmpoweredFlame","floor":19},{"not_picked":["hexamod:GhostShield","hexamod:Hexaguard","hexamod:SpectersWail+1"],"picked":"SKIP","floor":20},{"not_picked":["hexamod:Hexaguard","hexamod:NightmareGuise+1"],"picked":"hexamod:FirstSeal","floor":26},{"not_picked":["hexamod:NightmareStrike+1","hexamod:DynamicBlow"],"picked":"hexamod:PhantomFireball","floor":27},{"not_picked":["hexamod:NightmareGuise","hexamod:GhostLash+1"],"picked":"hexamod:Firestarter+1","floor":29},{"not_picked":["hexamod:HauntingEcho+1","hexamod:NightmareStrike"],"picked":"hexamod:FirstSeal","floor":31},{"not_picked":["hexamod:EtherealExpedition","hexamod:Firestarter"],"picked":"hexamod:RainOfEmbers+1","floor":32},{"not_picked":["hexamod:GhostflameInferno","hexamod:TimeWarp"],"picked":"hexamod:SixthSeal","floor":33},{"not_picked":["hexamod:Firestarter","hexamod:FirstSeal"],"picked":"hexamod:RainOfEmbers+1","floor":36},{"not_picked":["hexamod:RecurringNightmare","hexamod:SwordOfDarkness+1"],"picked":"hexamod:ChargedBarrage+1","floor":37},{"not_picked":["hexamod:HauntingEcho+1","hexamod:RainOfEmbers+1"],"picked":"hexamod:WildfireWeapon+1","floor":38},{"not_picked":["hexamod:RecurringNightmare+1","hexamod:GhostOfSpireFuture+1"],"picked":"hexamod:BurningTouch+1","floor":40},{"not_picked":["hexamod:ShieldOfDarkness","hexamod:AdvancingGuard+1","hexamod:NightmareStrike+1"],"picked":"SKIP","floor":42},{"not_picked":["hexamod:RetreatToShadows+1","hexamod:RainOfEmbers+1"],"picked":"hexamod:PhantomFireball+1","floor":45},{"not_picked":["hexamod:NightmareGuise","hexamod:ShieldOfDarkness+1"],"picked":"hexamod:DynamicBlow+1","floor":46},{"not_picked":["hexamod:InspiringFlames+1","hexamod:NightmareGuise"],"picked":"hexamod:ApocalypticArmor+1","floor":48},{"not_picked":["hexamod:ShieldOfDarkness+1","hexamod:FastForward","hexamod:AdvancingGuard+1"],"picked":"SKIP","floor":49}],"player_experience":226792,"relics_obtained":[{"floor":4,"key":"Darkstone Periapt"},{"floor":7,"key":"Blood Vial"},{"floor":17,"key":"MawBank"},{"floor":17,"key":"Shuriken"},{"floor":17,"key":"Old Coin"},{"floor":24,"key":"White Beast Statue"},{"floor":30,"key":"Frozen Egg 2"},{"floor":31,"key":"Gambling Chip"},{"floor":31,"key":"Mummified Hand"},{"floor":39,"key":"Torii"},{"floor":41,"key":"HornCleat"}],"event_choices":[{"damage_healed":0,"gold_gain":0,"player_choice":"Got Potions","damage_taken":0,"max_hp_gain":0,"max_hp_loss":0,"event_name":"Lab","floor":12,"gold_loss":0},{"damage_healed":0,"gold_gain":0,"player_choice":"Became a vampire (Vial)","damage_taken":0,"max_hp_gain":0,"max_hp_loss":0,"event_name":"Vampires","floor":22,"relics_lost":["Blood Vial"],"gold_loss":0,"cards_obtained":["Bite","Bite","Bite","Bite","Bite"]},{"damage_healed":0,"gold_gain":0,"player_choice":"Stole Relic","damage_taken":0,"relics_obtained":["Happy Flower"],"max_hp_gain":0,"max_hp_loss":0,"event_name":"Addict","floor":23,"gold_loss":0,"cards_obtained":["Shame"]},{"damage_healed":0,"gold_gain":0,"player_choice":"Ignored","damage_taken":0,"max_hp_gain":0,"max_hp_loss":0,"event_name":"NoteForYourself","floor":28,"gold_loss":0},{"damage_healed":0,"gold_gain":0,"player_choice":"Fight","damage_taken":0,"max_hp_gain":0,"max_hp_loss":0,"event_name":"Mysterious Sphere","floor":39,"gold_loss":0}],"is_beta":false,"boss_relics":[{"not_picked":["Astrolabe","SlaversCollar"],"picked":"Calling Bell"},{"not_picked":["Sozu","Fusion Hammer","Runic Dome"]}],"items_purged_floors":[],"is_endless":false,"potions_floor_spawned":[4,10,11,15,26,27,29,31,32,33,36,37,38,39,40,42,45,46,48,49],"ascension_level":0}}