{"host":"04hh9gplt9wkfmr1","time":1610597388,"event":{"mods":["AchievementEnabler","BaseMod","Colored Map","KOR Keyword Fix","Minty Spire (QoL Compilation)","Rare Cards Sparkle","SuperFastMode"],"gold_per_floor":[115,130,130,143,156,156,170,203,229,229,229],"floor_reached":10,"language":"KOR","playtime":219,"items_purged":[],"score":81,"play_id":"c270b0c5-c081-45ee-befc-067d8a5c99f9","local_time":"20210114130948","is_ascension_mode":true,"campfire_choices":[{"data":"Zap","floor":6,"key":"SMITH"}],"circlet_count":0,"master_deck":["Strike_B","Strike_B+1","Strike_B","Strike_B","Defend_B","Defend_B","Defend_B","Defend_B","Zap+1","Dualcast","Darkness+1","Conserve Battery","Ball Lightning","BootSequence","Biased Cognition"],"relics":["Cracked Core","Turnip","Sundial","Bag of Preparation"],"acts_visited":["Exordium"],"potions_floor_usage":[8,8],"damage_taken":[{"damage":0,"enemies":"Small Slimes","floor":1,"turns":2},{"damage":0,"enemies":"Jaw Worm","floor":2,"turns":3},{"damage":1,"enemies":"Cultist","floor":4,"turns":3},{"damage":1,"enemies":"Blue Slaver","floor":5,"turns":3},{"damage":5,"enemies":"Looter","floor":7,"turns":3},{"damage":29,"enemies":"Gremlin Nob","floor":8,"turns":4},{"damage":20,"enemies":"Lagavulin","floor":10,"turns":4}],"seed_played":"-7925900067052803684","potions_obtained":[{"floor":1,"key":"PowerPotion"},{"floor":7,"key":"Weak Potion"}],"is_trial":false,"path_per_floor":["M","M","?","M","M","R","M","E","T","E"],"character_chosen":"DEFECT","items_purchased":[],"campfire_rested":0,"item_purchase_floors":[],"current_hp_per_floor":[54,54,39,38,37,37,32,3,3,0,0],"gold":229,"neow_bonus":"ONE_RARE_RELIC","is_daily":false,"chose_seed":false,"campfire_upgraded":1,"win_rate":0.0,"timestamp":1610597388,"path_taken":["M","M","?","M","M","R","M","E","T","E"],"items_purchased_type":[],"build_version":"2020-12-22","purchased_purges":0,"victory":false,"max_hp_per_floor":[75,75,75,75,75,75,75,75,75,75,75],"card_choices":[{"not_picked":["Conserve Battery","Gash"],"picked":"Darkness","floor":1},{"not_picked":["Go for the Eyes","Turbo","Barrage"],"picked":"SKIP","floor":2},{"not_picked":["Stack","Redo"],"picked":"Conserve Battery","floor":4},{"not_picked":["Melter","Sunder"],"picked":"Ball Lightning","floor":5},{"not_picked":["Streamline","Recycle"],"picked":"BootSequence","floor":7},{"not_picked":["Aggregate","Rebound"],"picked":"Biased Cognition","floor":8}],"player_experience":26562,"relics_obtained":[{"floor":8,"key":"Sundial"},{"floor":9,"key":"Bag of Preparation"}],"event_choices":[{"damage_healed":0,"gold_gain":0,"player_choice":"Entered Light","damage_taken":15,"max_hp_gain":0,"max_hp_loss":0,"event_name":"Shining Light","floor":3,"gold_loss":0,"cards_upgraded":["Darkness","Strike_B"]}],"is_beta":false,"boss_relics":[],"items_purged_floors":[],"is_endless":false,"potions_floor_spawned":[1,7],"killed_by":"Lagavulin","ascension_level":3}}