{"host":"51fyd6gkml7xavq8","time":1610606007,"event":{"mods":["BaseMod","BetterRewards","Colored Map","Energized Spire","Infinite Spire","Minty Spire (QoL Compilation)","Replay The Spire","Shop Mod","Spicy Shops","StSLib","The Blue Laboratory","[IsaacMod]????"],"gold_per_floor":[117,175,223,242,242,242,89,89,165,9,26,26,37,71,71,169,269,284,284,297,307,232,243,243,243,243,243,243,183,37,47,47,47,47],"floor_reached":33,"language":"ENG","playtime":2707,"items_purged":["Defend_R"],"score":460,"play_id":"cadb8b1e-ae41-4901-9e49-17616d4a469d","local_time":"20210114033327","is_ascension_mode":true,"campfire_choices":[{"data":"True Grit","floor":6.0,"key":"SMITH"},{"data":"Metallicize","floor":12.0,"key":"SMITH"},{"data":"Spot Weakness","floor":15.0,"key":"SMITH"},{"data":"Neutralize","floor":25.0,"key":"SMITH"},{"floor":28.0,"key":"REST"},{"data":"Bite","floor":32,"key":"SMITH"}],"circlet_count":0,"master_deck":["Defend_R","Defend_R","Defend_R","Metallicize+1","True Grit+1","Survivor","Neutralize+1","Spot Weakness+1","Seeing Red","Bite+1","Bite","Bite","Bandage Up"],"relics":["Burning Blood","HushsDoor","D6","Replay:Wax Seal","Vajra","WarpedTongs","MerchantsRug","StoneCalendar","Replay:Wanted Poster","Sundial","infinitespire:Bottled Soul"],"acts_visited":["Exordium","TheCity"],"potions_floor_usage":[],"damage_taken":[{"damage":4.0,"enemies":"Jaw Worm","floor":1.0,"turns":4.0},{"damage":2.0,"enemies":"Cultist","floor":4.0,"turns":4.0},{"damage":1.0,"enemies":"2 Louse","floor":11.0,"turns":3.0},{"damage":26.0,"enemies":"Exordium Thugs","floor":13.0,"turns":6.0},{"damage":1.0,"enemies":"Lagavulin","floor":14.0,"turns":7.0},{"damage":33.0,"enemies":"Slime Boss","floor":16.0,"turns":9.0},{"damage":18.0,"enemies":"Chosen","floor":18.0,"turns":7.0},{"damage":39.0,"enemies":"2 Thieves","floor":20.0,"turns":5.0},{"damage":30.0,"enemies":"3 Cultists","floor":21.0,"turns":7.0},{"damage":44.0,"enemies":"Sentry and Sphere","floor":23.0,"turns":8.0},{"damage":12.0,"enemies":"Cultist and Chosen","floor":31.0,"turns":5.0},{"damage":114,"enemies":"Automaton","floor":33,"turns":6}],"seed_played":"-3653757943162524158","potions_obtained":[{"floor":11.0,"key":"Swift Potion"},{"floor":13.0,"key":"DistilledChaos"},{"floor":20.0,"key":"blueLaboratory:BubblePotion"},{"floor":21.0,"key":"blueLaboratory:IronCompound"}],"is_trial":false,"path_per_floor":["M","?","T","M","?","R","$","?","T","$","M","R","M","E","R","B",null,"M","?","M","M","?","M","?","R","T","?","R","?","$","M","R","B"],"character_chosen":"IRONCLAD","items_purchased":["Metallicize","Vajra","MerchantsRug","infinitespire:Bottled Soul"],"campfire_rested":1,"item_purchase_floors":[0,7,10,30],"current_hp_per_floor":[80,65,65,69,69,69,69,69,69,69,74,74,54,59,59,32,68,56,56,46,48,48,33,27,27,27,27,43,43,43,56,56,0,0],"gold":47,"neow_bonus":"","is_daily":false,"chose_seed":false,"campfire_upgraded":5,"win_rate":0.0,"timestamp":1610606007,"path_taken":["M","?","?","M","?","R","$","?","T","$","M","R","?","E","R","BOSS","M","?","M","M","?","M","?","R","T","?","R","?","$","M","R","BOSS"],"items_purchased_type":["Card","Relic","Relic","Relic"],"build_version":"2020-12-22","purchased_purges":1,"victory":false,"max_hp_per_floor":[80,80,80,80,80,80,80,80,80,80,80,80,80,80,80,80,80,80,56,56,56,56,56,56,56,56,56,56,56,56,56,56,56,56],"card_choices":[{"not_picked":["Shrug It Off","Run Through","Wild Strike"],"picked":"SKIP","floor":1.0},{"not_picked":["Fire Breathing","Heavy Blade"],"picked":"True Grit","floor":4.0},{"not_picked":["Armaments","Shrug It Off","Flex"],"picked":"SKIP","floor":11.0},{"not_picked":["Uppercut","Hemogenesis"],"picked":"Spot Weakness","floor":13.0},{"not_picked":["Armaments","Perfected Strike","Ghostly Armor"],"picked":"SKIP","floor":14.0},{"not_picked":["Hemokinesis","ReplayTheSpireMod:Strike From Hell"],"picked":"Seeing Red","floor":18.0},{"not_picked":["Anger+1","ReplayReversal","Whirlwind+1"],"picked":"SKIP","floor":20.0},{"not_picked":["Massacre","Perfected Strike","Twin Strike"],"picked":"SKIP","floor":21.0},{"not_picked":["Sword Boomerang","Rupture","Body Slam+1"],"picked":"SKIP","floor":23.0},{"not_picked":["Body Slam+1","Pummel","Warcry"],"picked":"SKIP","floor":31.0}],"player_experience":503746,"relics_obtained":[{"floor":3.0,"key":"Replay:Wax Seal"},{"floor":9.0,"key":"GnawedLeaf"},{"floor":14.0,"key":"StoneCalendar"},{"floor":26.0,"key":"Sundial"}],"event_choices":[{"damage_healed":0.0,"max_hp_gain":0.0,"max_hp_loss":0.0,"gold_gain":0.0,"event_name":"Accursed Blacksmith","player_choice":"Rummage","floor":8.0,"gold_loss":0.0,"damage_taken":0.0,"relics_obtained":["WarpedTongs"],"cards_obtained":["Pain"]},{"damage_healed":0.0,"max_hp_gain":0.0,"max_hp_loss":24.0,"gold_gain":0.0,"event_name":"Vampires","player_choice":"Became a vampire","floor":19.0,"gold_loss":0.0,"damage_taken":0.0,"cards_obtained":["Bite","Bite","Bite","Bite","Bite"]},{"cards_removed":["Pain"],"damage_healed":0.0,"max_hp_gain":0.0,"max_hp_loss":0.0,"gold_gain":0.0,"event_name":"Beggar","player_choice":"Gave Gold","floor":22.0,"gold_loss":75.0,"damage_taken":0.0},{"damage_healed":0.0,"max_hp_gain":0.0,"max_hp_loss":0.0,"gold_gain":0.0,"event_name":"Knowing Skull","player_choice":"","floor":24.0,"potions_obtained":[],"gold_loss":0.0,"damage_taken":6.0,"cards_obtained":[]},{"damage_healed":0.0,"max_hp_gain":0.0,"max_hp_loss":0.0,"gold_gain":0.0,"cards_transformed":["Bite","Bite"],"event_name":"Drug Dealer","player_choice":"Became Test Subject","floor":27.0,"gold_loss":0.0,"damage_taken":0.0,"cards_obtained":["Bomb","Bandage Up"]}],"is_beta":false,"boss_relics":[{"not_picked":["Snecko Eye","energizedSpire:RedRose"],"picked":"Replay:Wanted Poster"},{"not_picked":[]}],"items_purged_floors":[7],"is_endless":false,"potions_floor_spawned":[11,13,20,21],"killed_by":"Automaton","ascension_level":5}}