{"host":"s794kqxf2n1qz2yr","time":1610632015,"event":{"mods":["100% Spire Juice","2.2 Compatiblity","AchievementEnabler","Aspiration","Bard","BaseMod","ChefMod","Downfall","Friendly Minions","Hermit","Marisa????????","Minty Spire (QoL Compilation)","Permanent Neow","StSLib","The Animator","The Cursed","TheHeartMod"],"gold_per_floor":[99,113,128,128,128,148,148,73,84,184,201,212,212,231,249,249,249,249],"floor_reached":16,"language":"ENG","playtime":646,"items_purged":[],"score":101,"play_id":"bbdc69f1-2bcd-4340-a737-cc5764c6a928","local_time":"20210114134655","is_ascension_mode":true,"campfire_choices":[{"floor":1,"key":"RECALL"},{"data":"champ:Taunt","floor":8,"key":"SMITH"}],"circlet_count":0,"master_deck":["champ:Strike","champ:Strike","champ:Strike","champ:Strike","champ:Defend","champ:Defend","champ:Defend","champ:Defend","champ:Execute","champ:Taunt+1","champ:AdrenalArmor","Regret"],"relics":["Busted Crown","Bag of Marbles","Toy Ornithopter","Shuriken","downfall:HeartBlessingRed","aspiration:BabyByrd"],"acts_visited":["Exordium"],"potions_floor_usage":[15],"damage_taken":[{"damage":5,"enemies":"2 Louse","floor":2,"turns":3},{"damage":10,"enemies":"Small Slimes","floor":3,"turns":3},{"damage":2,"enemies":"Cultist","floor":6,"turns":3},{"damage":30,"enemies":"Exordium Wildlife","floor":9,"turns":6},{"damage":18,"enemies":"Blue Slaver","floor":11,"turns":4},{"damage":25,"enemies":"Large Slime","floor":12,"turns":7},{"damage":15,"enemies":"3 Louse","floor":14,"turns":3},{"damage":18,"enemies":"Exordium Thugs","floor":15,"turns":4},{"damage":41,"enemies":"downfall:Defect","floor":16,"turns":4}],"seed_played":"8380822934942743479","potions_obtained":[{"floor":3,"key":"BlessingOfTheForge"},{"floor":9,"key":"DuplicationPotion"},{"floor":11,"key":"Strength Potion"},{"floor":15,"key":"Fruit Juice"}],"is_trial":false,"path_per_floor":["R","M","M","?","?","M","T","R","M","?","M","M","?","M","M","B"],"character_chosen":"THE_CHAMP","items_purchased":[],"campfire_rested":0,"item_purchase_floors":[],"current_hp_per_floor":[90,90,85,85,73,73,73,73,64,64,53,42,42,32,36,0,0,0],"gold":249,"neow_bonus":"BOSS_RELIC","is_daily":false,"chose_seed":false,"campfire_upgraded":1,"win_rate":0.0,"timestamp":1610632015,"path_taken":["R","M","M","?","?","M","T","R","M","?","?","M","?","M","M","BOSS"],"items_purchased_type":[],"build_version":"2020-12-22","purchased_purges":0,"victory":false,"max_hp_per_floor":[90,90,90,90,90,90,90,90,90,90,90,90,90,90,95,95,95,95],"card_choices":[{"not_picked":["champ:GutPunch"],"picked":"SKIP","floor":2},{"not_picked":[],"picked":"champ:AdrenalArmor","floor":3},{"not_picked":["champ:GladiatorsShout"],"picked":"SKIP","floor":6},{"not_picked":["champ:RisingSlash"],"picked":"SKIP","floor":9},{"not_picked":["champ:DefensiveStyle"],"picked":"SKIP","floor":11},{"not_picked":["champ:DefensiveShout"],"picked":"SKIP","floor":12},{"not_picked":["champ:Balance"],"picked":"SKIP","floor":14},{"not_picked":["champ:BladeFlurry"],"picked":"SKIP","floor":15}],"player_experience":374907,"relics_obtained":[{"floor":7,"key":"Shuriken"}],"event_choices":[{"damage_healed":0,"gold_gain":0,"player_choice":"Box","damage_taken":0,"relics_obtained":["Bag of Marbles"],"max_hp_gain":0,"max_hp_loss":0,"event_name":"Big Fish","floor":4,"gold_loss":0,"cards_obtained":["Regret"]},{"damage_healed":0,"gold_gain":0,"player_choice":"Success","damage_taken":12,"relics_obtained":["Toy Ornithopter"],"max_hp_gain":0,"max_hp_loss":0,"event_name":"Scrap Ooze","floor":5,"gold_loss":0},{"damage_healed":0,"gold_gain":100,"player_choice":"Gold","damage_taken":0,"max_hp_gain":0,"max_hp_loss":0,"event_name":"Wheel of Change","floor":10,"gold_loss":0}],"is_beta":false,"boss_relics":[],"items_purged_floors":[],"is_endless":false,"potions_floor_spawned":[3,9,11,12,15],"killed_by":"downfall:Defect","ascension_level":1}}