{"host":"Planeswalker","time":1610603945,"event":{"mods":["Act Like it!","Astrologer","BaseMod","Downfall","Friendly Minions","GifTheSpireLib","Halation","Hermit","Hubris","Jorbs\u0027s Wanderer Trilogy","Minty Spire (QoL Compilation)","Replay The Spire","SOS???????","Shop Mod","Somnambulant","StSLib","The Bladedancer","The Cursed","The Elementalist","The Hierophant","The Jungle","The Mystic","The Necromancer"],"gold_per_floor":[115,115,191,201,201,201,220,23,73,93,93,120,176,207,207,308,308,327,327,346,86,106,106,120,139,139,139,139,157,184,199,199,296,296,310,322,142,142,142],"floor_reached":38,"language":"ENG","playtime":2902,"items_purged":["hermit:Strike_Hermit"],"score":446,"play_id":"efca6bf2-4b0a-468a-b673-faf419b2f866","local_time":"20210113225905","is_ascension_mode":false,"campfire_choices":[{"data":"hermit:Dive","floor":6,"key":"SMITH"},{"floor":11,"key":"REST"},{"floor":15,"key":"REST"},{"floor":23,"key":"REST"},{"floor":32,"key":"REST"}],"circlet_count":0,"master_deck":["hermit:Strike_Hermit","hermit:Strike_Hermit","hermit:Defend_Hermit","hermit:Defend_Hermit+1","hermit:Defend_Hermit","hermit:Defend_Hermit","hermit:Snapshot","hermit:Covet","Injury","hermit:Desperado","hermit:Dive+1","hermit:OverwhelmingPower","hermit:GoldenBullet","hermit:TakeAim+1","hermit:Dive","hermit:DeadMansHand","hermit:Headshot","hermit:ShadowCloak","hermit:BlackWind","hermit:Midnight","hermit:Midnight+1","hermit:SprayPray","hermit:BigShot","ReplayTheSpireMod:Necrogeddon","Replay:SS_fish_2","Replay:SS_hec_2","hermit:Brawl","hermit:Determination","hermit:Feint","hermit:LowProfile","hermit:BodyArmor+1","hermit:Quickdraw","hermit:Adapt","hermit:Reprieve","hermit:CalledShot","hermit:LuckOfTheDraw","hermit:GhostlyPresence","hermit:ItchyTrigger","hermit:ItchyTrigger"],"relics":["hermit:Momento","TungstenRod","Matryoshka","Centennial Puzzle","Vajra","Bronze Scales","Strawberry","hubris:DeckOfHolding","hubris:Reverence","hubris:HollowSoul","ReplayTheSpireMod:ShopPack","Happy Flower","theJungle:BirthdayCake","Orichalcum","Runic Pyramid"],"acts_visited":["Exordium","Exordium","TheBeyond"],"potions_floor_usage":[14,14,16,29,33,33,38,38],"damage_taken":[{"damage":4,"enemies":"Jaw Worm","floor":1,"turns":4},{"damage":8,"enemies":"2 Louse","floor":4,"turns":3},{"damage":7,"enemies":"Small Slimes","floor":7,"turns":4},{"damage":6,"enemies":"Exordium Wildlife","floor":10,"turns":7},{"damage":22,"enemies":"Lagavulin Event","floor":13,"turns":9},{"damage":13,"enemies":"3 Sentries","floor":14,"turns":8},{"damage":35,"enemies":"Slime Boss","floor":16,"turns":9},{"damage":2,"enemies":"theJungle:MUSHROOMGANG","floor":18,"turns":5},{"damage":8,"enemies":"theJungle:GiantWrat","floor":20,"turns":6},{"damage":32,"enemies":"theJungle:2_Flameangoes","floor":22,"turns":8},{"damage":15,"enemies":"theJungle:SlimyTreeVines","floor":24,"turns":7},{"damage":40,"enemies":"theJungle:2_Snecko_Cultists","floor":25,"turns":5},{"damage":18,"enemies":"Snake Plant","floor":29,"turns":3},{"damage":26,"enemies":"theJungle:2_Phrogs","floor":30,"turns":8},{"damage":6,"enemies":"theJungle:Lyon","floor":31,"turns":6},{"damage":26,"enemies":"theJungle:TotemBoss","floor":33,"turns":14},{"damage":29,"enemies":"3 Darklings","floor":35,"turns":9},{"damage":33,"enemies":"3 Shapes","floor":36,"turns":6},{"damage":30,"enemies":"Jaw Worm Horde","floor":38,"turns":5}],"seed_played":"1711739715264593071","potions_obtained":[{"floor":4,"key":"SteroidPotion"},{"floor":7,"key":"DuplicationPotion"},{"floor":14,"key":"Strength Potion"},{"floor":16,"key":"LiquidBronze"},{"floor":18,"key":"champ:CounterPotion"},{"floor":24,"key":"Weak Potion"},{"floor":25,"key":"Dexterity Potion"},{"floor":30,"key":"BlessingOfTheForge"},{"floor":33,"key":"Adrenaline Potion"},{"floor":35,"key":"Weak Potion"}],"is_trial":false,"path_per_floor":["M","?","?","M","?","R","M","$","T","M","R","T","?","E","R","B",null,"M","?","M","$","M","R","M","M","T","?","?","M","E","M","R","B",null,"M","M","$","M"],"character_chosen":"HERMIT","items_purchased":["hermit:GoldenBullet","hermit:TakeAim","hermit:Dive","ReplayTheSpireMod:ShopPack","hermit:SprayPray","hermit:BigShot","hermit:GhostlyPresence","hermit:ItchyTrigger"],"campfire_rested":4,"item_purchase_floors":[8,8,8,21,21,21,37,37],"current_hp_per_floor":[71,66,66,58,58,58,51,51,51,45,67,74,52,39,63,28,82,80,80,72,72,48,72,71,31,31,51,51,33,7,1,31,13,102,85,60,60,0,0],"gold":142,"neow_bonus":"ONE_RARE_RELIC","is_daily":false,"chose_seed":false,"campfire_upgraded":1,"win_rate":0.0,"timestamp":1610603945,"path_taken":["M","?","?","M","?","R","M","$","T","?","R","?","?","E","R","BOSS","M","?","M","$","M","R","M","?","T","?","?","?","E","M","R","BOSS","M","M","$","M"],"items_purchased_type":["Card","Card","Card","Relic","Card","Card","Card","Card"],"build_version":"2020-11-17","purchased_purges":1,"victory":false,"max_hp_per_floor":[75,75,75,75,75,75,75,75,75,75,75,82,82,82,82,82,82,82,82,82,82,82,82,82,82,82,102,102,102,102,102,102,102,102,102,102,102,102,102],"card_choices":[{"not_picked":["hermit:LowProfile","hermit:HighCaliber"],"picked":"hermit:Desperado","floor":1},{"not_picked":["hermit:LowProfile","hermit:WideOpen"],"picked":"hermit:Dive","floor":4},{"not_picked":["hermit:HoleUp","hermit:FullyLoaded"],"picked":"hermit:OverwhelmingPower","floor":7},{"not_picked":["hermit:Dive","hermit:Misfire"],"picked":"hermit:DeadMansHand","floor":10},{"not_picked":["hermit:Glare","hermit:Desperado"],"picked":"hermit:Headshot","floor":13},{"not_picked":["hermit:Manifest","hermit:Desperado"],"picked":"hermit:ShadowCloak","floor":14},{"not_picked":["hermit:OverwhelmingPower","hermit:HeroicBravado"],"picked":"hermit:BlackWind","floor":16},{"not_picked":["hermit:LowProfile","hermit:TakeCover+1"],"picked":"hermit:Midnight","floor":18},{"not_picked":["hermit:HighCaliber","hermit:SprayPray"],"picked":"hermit:Midnight+1","floor":20},{"not_picked":["Secret Weapon","Secret Technique"],"picked":"ReplayTheSpireMod:Necrogeddon","floor":21},{"not_picked":["ReplayTheSpireMod:Private Reserves","Swift Strike"],"picked":"Replay:SS_fish_2","floor":21},{"not_picked":["expansioncontent:SuperHexaguard","Crow Ritual"],"picked":"Replay:SS_hec_2","floor":21},{"not_picked":["hermit:TrackingShot","hermit:Dive"],"picked":"hermit:Brawl","floor":22},{"not_picked":["hermit:SprayPray+1","hermit:CalledShot+1"],"picked":"hermit:Determination","floor":24},{"not_picked":["hermit:TrackingShot","hermit:Virtue"],"picked":"hermit:Feint","floor":25},{"not_picked":["hermit:Ricochet","hermit:HighCaliber"],"picked":"hermit:BodyArmor+1","floor":29},{"not_picked":["hermit:LowProfile","hermit:Feint"],"picked":"hermit:Quickdraw","floor":30},{"not_picked":["hermit:Feint+1","hermit:SprayPray"],"picked":"hermit:Adapt","floor":31},{"not_picked":["hermit:Purgatory","hermit:HighNoon"],"picked":"hermit:Reprieve","floor":33},{"not_picked":["hermit:Misfire","hermit:HighCaliber"],"picked":"hermit:CalledShot","floor":35},{"not_picked":["hermit:Virtue","hermit:Headshot"],"picked":"hermit:LuckOfTheDraw","floor":36}],"player_experience":21090,"relics_obtained":[{"floor":9,"key":"Centennial Puzzle"},{"floor":9,"key":"Vajra"},{"floor":12,"key":"Bronze Scales"},{"floor":12,"key":"Strawberry"},{"floor":14,"key":"hubris:Reverence"},{"floor":26,"key":"Happy Flower"},{"floor":30,"key":"Orichalcum"}],"event_choices":[{"damage_healed":0,"gold_gain":0,"player_choice":"Success","damage_taken":7,"relics_obtained":["Matryoshka"],"max_hp_gain":0,"max_hp_loss":0,"event_name":"Scrap Ooze","floor":2,"gold_loss":0},{"damage_healed":0,"gold_gain":76,"player_choice":"Gained Gold","damage_taken":0,"max_hp_gain":0,"max_hp_loss":0,"event_name":"Golden Wing","floor":3,"gold_loss":0},{"damage_healed":0,"gold_gain":0,"player_choice":"Searched \u00273\u0027 times","damage_taken":0,"relics_obtained":["hubris:DeckOfHolding"],"max_hp_gain":0,"max_hp_loss":0,"event_name":"Dead Adventurer","floor":13,"gold_loss":0},{"damage_healed":0,"gold_gain":0,"player_choice":"Upgraded","damage_taken":0,"max_hp_gain":0,"max_hp_loss":0,"event_name":"Upgrade Shrine","floor":19,"gold_loss":0,"cards_upgraded":["hermit:TakeAim"]},{"damage_healed":0,"gold_gain":0,"cards_transformed":["hermit:Strike_Hermit"],"player_choice":"Transformed","damage_taken":0,"max_hp_gain":0,"max_hp_loss":0,"event_name":"Transmorgrifier","floor":28,"gold_loss":0,"cards_obtained":["hermit:LowProfile"]}],"is_beta":true,"boss_relics":[{"not_picked":["halation:ForbiddenBikini","Velvet Choker"],"picked":"hubris:HollowSoul"},{"not_picked":["Replay:Drink Me","halation:CatFaceCupcake"],"picked":"Runic Pyramid"}],"items_purged_floors":[37],"is_endless":false,"potions_floor_spawned":[4,7,14,16,18,24,25,30,33,35],"killed_by":"Jaw Worm Horde","ascension_level":0}}