{"host":"7sni158j623xchr2","time":1610643309,"event":{"mods":["BaseMod","Colored Map","Highlight Path","Minty Spire (QoL Compilation)","Permanent Neow","Potion Indicator Mod","Rare Cards Sparkle","Relic Sorter","Relic Stats","StSLib","everything is the same but u backflip on backflip"],"gold_per_floor":[117,129,79,4,17,43,60,92,118,118,71,71,85,99,99,229,229,253,269,269,22,46,46,85,85,85,118,118,118,159,180,180,306,306,330,348,348,681,701,701,728,748,748,767,796,471,484,519,519,519,519,519,53,88,88],"floor_reached":56,"language":"ENG","playtime":1711,"items_purged":["Strike_G","Strike_G","Pain","Strike_G"],"score":1487,"play_id":"84b57e9a-68c4-4176-982d-26369bac52b9","local_time":"20210114105509","is_ascension_mode":true,"campfire_choices":[{"data":"Backstab","floor":10,"key":"SMITH"},{"data":"Predator","floor":15,"key":"SMITH"},{"data":"Adrenaline","floor":23,"key":"SMITH"},{"data":"Adrenaline","floor":25,"key":"SMITH"},{"data":"Bouncing Flask","floor":32,"key":"SMITH"},{"data":"Crippling Poison","floor":40,"key":"SMITH"},{"floor":49,"key":"RECALL"},{"data":"Catalyst","floor":52,"key":"SMITH"}],"circlet_count":0,"master_deck":["Strike_G","Strike_G","Defend_G","Defend_G","Defend_G","Defend_G","Survivor+1","Neutralize","Backstab+1","All Out Attack","Quick Slash","Adrenaline+1","Deadly Poison","Predator+1","Adrenaline+1","Terror+1","Bane+1","Dash+1","Bouncing Flask+1","Crippling Poison+1","PiercingWail+1","Footwork","Footwork+1","Calculated Gamble+1","Catalyst+1","Master of Strategy+1","Acrobatics"],"relics":["Ring of the Snake","NeowsBlessing","Potion Belt","Pen Nib","Snake Skull","SacredBark","Art of War","Calipers","Tingsha","Meat on the Bone","Cursed Key","Shuriken","Du-Vu Doll","Dead Branch","Lantern","Ancient Tea Set","War Paint"],"acts_visited":["Exordium","TheCity","TheBeyond","TheEnding"],"potions_floor_usage":[8,16,30,30,33,33,41,41,47,47,54,55,55,55,55,55],"damage_taken":[{"damage":0,"enemies":"Jaw Worm","floor":1,"turns":1},{"damage":0,"enemies":"2 Louse","floor":2,"turns":1},{"damage":0,"enemies":"Cultist","floor":5,"turns":1},{"damage":24,"enemies":"3 Sentries","floor":6,"turns":14},{"damage":1,"enemies":"Red Slaver","floor":7,"turns":3},{"damage":4,"enemies":"Gremlin Nob","floor":8,"turns":3},{"damage":0,"enemies":"Looter","floor":13,"turns":2},{"damage":0,"enemies":"Gremlin Gang","floor":14,"turns":3},{"damage":0,"enemies":"Slime Boss","floor":16,"turns":5},{"damage":1,"enemies":"3 Byrds","floor":18,"turns":5},{"damage":2,"enemies":"2 Thieves","floor":19,"turns":4},{"damage":0,"enemies":"Centurion and Healer","floor":22,"turns":4},{"damage":5,"enemies":"Gremlin Leader","floor":24,"turns":3},{"damage":8,"enemies":"Book of Stabbing","floor":27,"turns":3},{"damage":0,"enemies":"Gremlin Leader","floor":30,"turns":3},{"damage":8,"enemies":"Snecko","floor":31,"turns":3},{"damage":40,"enemies":"Collector","floor":33,"turns":10},{"damage":0,"enemies":"3 Shapes","floor":35,"turns":3},{"damage":0,"enemies":"Orb Walker","floor":36,"turns":2},{"damage":0,"enemies":"4 Shapes","floor":39,"turns":2},{"damage":40,"enemies":"Giant Head","floor":41,"turns":7},{"damage":0,"enemies":"Sphere and 2 Shapes","floor":42,"turns":3},{"damage":8,"enemies":"Jaw Worm Horde","floor":44,"turns":4},{"damage":45,"enemies":"Nemesis","floor":45,"turns":5},{"damage":6,"enemies":"3 Darklings","floor":47,"turns":3},{"damage":13,"enemies":"Reptomancer","floor":48,"turns":5},{"damage":20,"enemies":"Donu and Deca","floor":50,"turns":8},{"damage":0,"enemies":"Shield and Spear","floor":54,"turns":2},{"damage":34,"enemies":"The Heart","floor":55,"turns":5}],"seed_played":"-3296318132416512232","potions_obtained":[{"floor":7,"key":"BlessingOfTheForge"},{"floor":8,"key":"SneckoOil"},{"floor":13,"key":"EssenceOfSteel"},{"floor":14,"key":"SpeedPotion"},{"floor":18,"key":"Weak Potion"},{"floor":24,"key":"CunningPotion"},{"floor":27,"key":"DistilledChaos"},{"floor":30,"key":"Swift Potion"},{"floor":35,"key":"SteroidPotion"},{"floor":36,"key":"CultistPotion"},{"floor":42,"key":"Fire Potion"},{"floor":45,"key":"EntropicBrew"},{"floor":47,"key":"Energy Potion"}],"is_trial":false,"path_per_floor":["M","M","?","$","M","E","M","E","T","R","$","?","M","M","R","B",null,"M","M","T","$","M","R","E","R","T","E","?","$","E","M","R","B",null,"M","M","?","?","M","R","E","M","T","M","E","$","M","E","R","B",null,"R","$","E","B",null],"character_chosen":"THE_SILENT","items_purchased":["Deadly Poison","FairyPotion","Fire Potion","Lantern","Poison Potion","FairyPotion","Strength Potion","Master of Strategy"],"campfire_rested":0,"item_purchase_floors":[11,21,21,46,46,53,53,53],"current_hp_per_floor":[70,70,70,70,70,46,45,41,41,41,41,24,24,24,24,24,70,69,67,67,67,67,67,62,62,62,54,54,54,54,46,46,18,70,70,70,70,70,70,70,42,42,42,46,13,13,19,18,18,42,70,70,70,70,36],"gold":88,"neow_bonus":"THREE_ENEMY_KILL","is_daily":false,"chose_seed":false,"campfire_upgraded":7,"win_rate":0.0,"timestamp":1610643309,"path_taken":["M","M","?","$","M","E","M","E","T","R","$","?","?","M","R","BOSS","M","?","?","$","M","R","E","R","T","E","?","$","E","M","R","BOSS","M","?","?","?","M","R","E","M","T","M","E","$","M","E","R","BOSS","R","$","E","BOSS"],"items_purchased_type":["Card","Potion","Potion","Relic","Potion","Potion","Potion","Card"],"build_version":"2020-12-22","purchased_purges":4,"victory":true,"max_hp_per_floor":[70,70,70,70,70,70,70,70,70,70,70,70,70,70,70,70,70,70,70,70,70,70,70,70,70,70,70,70,70,70,70,70,70,70,70,70,70,70,70,70,70,70,70,70,70,70,70,70,70,70,70,70,70,70,70],"relic_stats":{"counters":[29,117],"Shuriken":[17],"Dead Branch":[40],"Tingsha":[100],"Pen Nib":[23],"Snake Skull":[91],"Art of War":[5],"War Paint":["Survivor","Master of Strategy"],"Cursed Key":1,"obtain_stats":[{"Potion Belt":6,"Lantern":46,"Calipers":26,"NeowsBlessing":0,"Golden Idol":12,"SacredBark":17,"Dead Branch":45,"Tingsha":27,"Pen Nib":8,"Snake Skull":9,"War Paint":54,"Cursed Key":34,"Ancient Tea Set":48,"Du-Vu Doll":43,"Shuriken":41,"Art of War":24,"Ring of the Snake":0,"Meat on the Bone":30},{"Potion Belt":4,"Lantern":24,"Calipers":13,"NeowsBlessing":0,"Golden Idol":6,"SacredBark":9,"Dead Branch":24,"Tingsha":14,"Pen Nib":6,"Snake Skull":6,"War Paint":28,"Cursed Key":17,"Ancient Tea Set":26,"Du-Vu Doll":22,"Shuriken":21,"Art of War":13,"Ring of the Snake":0,"Meat on the Bone":15},{"Potion Belt":17,"Lantern":94,"Calipers":49,"NeowsBlessing":0,"Golden Idol":23,"SacredBark":33,"Dead Branch":94,"Tingsha":52,"Pen Nib":23,"Snake Skull":23,"War Paint":112,"Cursed Key":68,"Ancient Tea Set":102,"Du-Vu Doll":85,"Shuriken":82,"Art of War":49,"Ring of the Snake":0,"Meat on the Bone":55}],"Ring of the Snake":[58],"Meat on the Bone":72},"card_choices":[{"not_picked":["Deflect","Underhanded Strike"],"picked":"Backstab","floor":1},{"not_picked":["Underhanded Strike","Outmaneuver"],"picked":"All Out Attack","floor":2},{"not_picked":["Eviscerate","Calculated Gamble"],"picked":"Quick Slash","floor":5},{"not_picked":["Concentrate","Backstab","Choke"],"picked":"SKIP","floor":6},{"not_picked":["Quick Slash","Bane","Tactician"],"picked":"SKIP","floor":7},{"not_picked":["Tactician","Sucker Punch"],"picked":"Adrenaline","floor":8},{"not_picked":["Cloak And Dagger","Deadly Poison"],"picked":"Predator","floor":13},{"not_picked":["Infinite Blades","Outmaneuver","Prepared"],"picked":"SKIP","floor":14},{"not_picked":["Doppelganger","Tools of the Trade"],"picked":"Adrenaline","floor":16},{"not_picked":["Quick Slash","Prepared"],"picked":"Terror+1","floor":18},{"not_picked":["Slice+1","Reflex"],"picked":"Bane+1","floor":19},{"not_picked":["Sucker Punch","Dagger Throw","Prepared"],"picked":"SKIP","floor":22},{"not_picked":["Flying Knee+1","Choke","Sucker Punch+1"],"picked":"SKIP","floor":24},{"not_picked":["Footwork","Dagger Spray"],"picked":"Dash+1","floor":27},{"not_picked":["Backstab","Choke","Endless Agony"],"picked":"SKIP","floor":30},{"not_picked":["Dagger Spray","Blade Dance"],"picked":"Bouncing Flask","floor":31},{"not_picked":["Sucker Punch","Quick Slash+1"],"picked":"Crippling Poison","floor":35},{"not_picked":["Prepared","Die Die Die"],"picked":"PiercingWail+1","floor":36},{"not_picked":["Dodge and Roll","Dagger Spray+1","Underhanded Strike"],"picked":"SKIP","floor":39},{"not_picked":["Calculated Gamble","Bane+1"],"picked":"Footwork","floor":41},{"not_picked":["Prepared+1","Bane"],"picked":"Footwork+1","floor":42},{"not_picked":["Noxious Fumes","Tactician","Crippling Poison+1"],"picked":"SKIP","floor":44},{"not_picked":["Dagger Throw+1","Bane+1","Poisoned Stab"],"picked":"SKIP","floor":45},{"not_picked":["Backflip","Endless Agony+1"],"picked":"Calculated Gamble+1","floor":47},{"not_picked":["Unload","Infinite Blades"],"picked":"Catalyst","floor":48},{"not_picked":["Riddle With Holes","Escape Plan+1"],"picked":"Acrobatics","floor":54}],"player_experience":1614393,"relics_obtained":[{"floor":6,"key":"Potion Belt"},{"floor":8,"key":"Pen Nib"},{"floor":9,"key":"Snake Skull"},{"floor":24,"key":"Art of War"},{"floor":26,"key":"Calipers"},{"floor":27,"key":"Tingsha"},{"floor":30,"key":"Meat on the Bone"},{"floor":41,"key":"Shuriken"},{"floor":43,"key":"Du-Vu Doll"},{"floor":45,"key":"Dead Branch"},{"floor":48,"key":"Ancient Tea Set"},{"floor":54,"key":"War Paint"}],"event_choices":[{"cards_removed":["Defend_G"],"damage_healed":0,"gold_gain":0,"player_choice":"Card Removal","damage_taken":0,"max_hp_gain":0,"max_hp_loss":0,"event_name":"The Cleric","floor":3,"gold_loss":50},{"damage_healed":0,"gold_gain":0,"player_choice":"Take Damage","damage_taken":17,"relics_obtained":["Golden Idol"],"max_hp_gain":0,"max_hp_loss":0,"event_name":"Golden Idol","floor":12,"gold_loss":0},{"damage_healed":0,"gold_gain":0,"player_choice":"Ignored","damage_taken":0,"max_hp_gain":0,"max_hp_loss":0,"event_name":"NoteForYourself","floor":28,"gold_loss":0},{"damage_healed":0,"gold_gain":0,"player_choice":"Ignored","damage_taken":0,"max_hp_gain":0,"max_hp_loss":0,"event_name":"Tomb of Lord Red Mask","floor":37,"gold_loss":0},{"damage_healed":0,"gold_gain":333,"player_choice":"Gave Idol","damage_taken":0,"max_hp_gain":0,"max_hp_loss":0,"event_name":"The Moai Head","floor":38,"relics_lost":["Golden Idol"],"gold_loss":0}],"is_beta":false,"boss_relics":[{"not_picked":["Runic Pyramid","Ring of the Serpent"],"picked":"SacredBark"},{"not_picked":["Philosopher\u0027s Stone","HoveringKite"],"picked":"Cursed Key"}],"items_purged_floors":[4,21,46,53],"is_endless":false,"potions_floor_spawned":[7,8,13,14,18,24,27,30,35,36,42,45,47],"ascension_level":1}}