{"host":"s05x63sznabhs5dj","time":1610607629,"event":{"mods":["100% Spire Juice","BaseMod","Friendly Minions","Hermit","Highlight Path","Lobotomy","Marisa（F雨　魔理沙）","Minty Spire (QoL Compilation)","Remilia（蕾米莉亚）","StSLib","The Animator","The Servant 0.9.4","WarShipGirlsR/战舰少女R mod","【遗物卡牌】REMEMod"],"gold_per_floor":[116,132,57,76,76,76,93,110,110,110,110,45,45,57,57,57,57],"floor_reached":16,"language":"ZHS","playtime":877,"items_purged":["Moonworks:Defend"],"score":92,"play_id":"c7e8d0b6-f9fe-4bfc-904f-3017bc61d94e","local_time":"20210114150029","is_ascension_mode":false,"campfire_choices":[{"data":"Moonworks:FullSpeedAlicianrone","floor":6,"key":"SMITH"},{"data":"Moonworks:LongDistanceShot","floor":10,"key":"SMITH"},{"data":"Moonworks:MiracleRedBeanIceCream","floor":13,"key":"SMITH"},{"floor":15,"key":"REST"}],"circlet_count":0,"master_deck":["Moonworks:Strike","Moonworks:Strike","Moonworks:Strike","Moonworks:Strike","Moonworks:Defend","Moonworks:Defend","Moonworks:Defend","Moonworks:Ambush+1","Moonworks:LongDistanceShot+1","Moonworks:LuckyCharm","Moonworks:FullSpeedAlicianrone+1","Pain","Moonworks:MiracleRedBeanIceCream+1","Doubt","Moonworks:WindyEnchantment"],"relics":["Moonworks:BrokenBomb","Moonworks:Homemark","REME_ComplimentaryCards","WarpedTongs","Anchor"],"acts_visited":["Exordium"],"potions_floor_usage":[16,16],"damage_taken":[{"damage":1,"enemies":"Cultist","floor":1,"turns":3},{"damage":2,"enemies":"2 Louse","floor":2,"turns":2},{"damage":1,"enemies":"Jaw Worm","floor":4,"turns":2},{"damage":11,"enemies":"Looter","floor":7,"turns":3},{"damage":4,"enemies":"3 Louse","floor":8,"turns":2},{"damage":6,"enemies":"Exordium Thugs","floor":14,"turns":3},{"damage":58,"enemies":"The Guardian","floor":16,"turns":8}],"seed_played":"6290200675115951693","potions_obtained":[{"floor":2,"key":"DistilledChaos"},{"floor":14,"key":"BlessingOfTheForge"}],"is_trial":false,"path_per_floor":["M","M","$","M","?","R","M","M","T","R","$","?","R","M","R","B"],"character_chosen":"THE_STARBREAKER","items_purchased":[],"campfire_rested":1,"item_purchase_floors":[],"current_hp_per_floor":[59,57,57,56,56,56,45,41,41,41,41,41,41,35,53,0,0],"gold":57,"neow_bonus":"UPGRADE_CARD","is_daily":false,"chose_seed":false,"campfire_upgraded":3,"win_rate":0.0,"timestamp":1610607629,"path_taken":["M","M","$","M","?","R","M","?","T","R","?","?","R","M","R","BOSS"],"items_purchased_type":[],"build_version":"2020-12-22","purchased_purges":1,"victory":false,"max_hp_per_floor":[60,60,60,60,60,60,60,60,60,60,60,60,60,60,60,60,60],"card_choices":[{"not_picked":["Moonworks:ImOnFire","Moonworks:Assault","Moonworks:CastOff"],"picked":"SKIP","floor":1},{"not_picked":["Moonworks:DevilHand","Moonworks:Poppoformation"],"picked":"Moonworks:LuckyCharm","floor":2},{"not_picked":["Moonworks:IndiscriminateFireSupport","Moonworks:BindingChains"],"picked":"Moonworks:FullSpeedAlicianrone","floor":4},{"not_picked":["Moonworks:RedAndBlue","Moonworks:ImOnFire","Moonworks:CookingTime"],"picked":"SKIP","floor":7},{"not_picked":["Moonworks:BigBangBell","Moonworks:EvilSpyWorkPreparation"],"picked":"Moonworks:MiracleRedBeanIceCream","floor":8},{"not_picked":["Moonworks:SakisCookie","Moonworks:EvilSpyWorkPreparation"],"picked":"Moonworks:WindyEnchantment","floor":14}],"player_experience":214274,"relics_obtained":[{"floor":9,"key":"Anchor"}],"event_choices":[{"damage_healed":0,"gold_gain":0,"player_choice":"Rummage","damage_taken":0,"relics_obtained":["WarpedTongs"],"max_hp_gain":0,"max_hp_loss":0,"event_name":"Accursed Blacksmith","floor":5,"gold_loss":0,"cards_obtained":["Pain"]},{"damage_healed":0,"gold_gain":175,"player_choice":"AGREE","damage_taken":0,"max_hp_gain":0,"max_hp_loss":0,"event_name":"Liars Game","floor":12,"gold_loss":0,"cards_obtained":["Doubt"]}],"is_beta":false,"boss_relics":[],"items_purged_floors":[3],"is_endless":false,"potions_floor_spawned":[2,14],"killed_by":"The Guardian","ascension_level":0}}