{"host":"a3oe3gstxz77c7qu","time":1610658870,"event":{"mods":["2.2 Compatiblity","Act Like it!","Astrologer","BaseMod","Bestiary","Better Altar","Better Match","Better Note","Better Skull","Better Third Choice","Block Reminder","Curses Come First","Custom Start","Dark Map","Downfall","Fox Events","Friendly Minions","GifTheSpireLib","Hallownest","Hermit","Jorbs\u0027s Wanderer Trilogy","Lobotomy","LobotomyExtend","Marisa????????","Minty Spire (QoL Compilation)","Permanent Neow","Quick Restart","Relic Stats","Replay The Spire","StSLib","The Bug Knight","The Cursed","The Disciple","The Jungle","Uncapped","Unknown Chances","Wandering Minibosses"],"gold_per_floor":[119,119,167,167,182,182,202,202,202,218,237,256,291,311,311,412,412,427,35,48,48,64,92,92,124,124,155,155,155,186,206,206,302,302,313,328,62,62,62,96,96,428,428,445,464,464,478,498,498,498],"floor_reached":51,"language":"ENG","playtime":4968,"items_purged":[],"score":1588,"play_id":"6eba37c9-e3c3-4018-ab0e-80859b7fa00e","local_time":"20210114211430","is_ascension_mode":true,"campfire_choices":[{"data":"HollowMod:MantisMark","floor":6.0,"key":"SMITH"},{"data":"HollowMod:FocusHealStart","floor":8.0,"key":"SMITH"},{"data":"HollowMod:QuickDashStart","floor":15.0,"key":"SMITH"},{"data":"HollowMod:Hiveblood","floor":32.0,"key":"SMITH"},{"data":"HollowMod:SharpenedShadows","floor":41.0,"key":"SMITH"},{"data":"HollowMod:SiblingsSouls","floor":46,"key":"SMITH"},{"data":"HollowMod:AbyssShriek","floor":49,"key":"SMITH"}],"circlet_count":0,"master_deck":["HollowMod:NailStrikeStart","HollowMod:NailStrikeStart","HollowMod:NailStrikeStart","HollowMod:NailStrikeStart","HollowMod:QuickDashStart","HollowMod:QuickDashStart","HollowMod:QuickDashStart+1","HollowMod:QuickDashStart+1","HollowMod:FocusHealStart+1","HollowMod:PogoStrike","HollowMod:BlackTendrils","HollowMod:MantisMark+1","HollowMod:ShadowDash+1","VoidDream","HollowMod:PerfectDash","HollowMod:DescendingDark","DespairKnight","HollowMod:WraithStrike","MeatLantern","HollowMod:SoulMaster","HollowMod:SiblingsSouls+1","HollowMod:AbyssShriek+1","HollowMod:SharpenedShadows+1","HollowMod:Hiveblood+1","HollowMod:CloakDash","HollowMod:WraithStrike+1","HollowMod:Hiveblood","HollowMod:SiblingsShadow","HollowMod:SiblingsSouls","HollowMod:BlackTendrils","HollowMod:VengefulVoid","HollowMod:CloakDash+1"],"relics":["HollowMod:VesselMask","CogitoBucket","RabbitCall","LetterFromLob","Blue Doll","Ring of Peace","Thread and Needle","TreeSap","Replay:Mystery Machine","Coffee Dripper","sneckomod:BlankCard","HollowMod:JonisBlessing","BackwardClock","Hallownest:DreamNailRelic","StrikeDummy","Dead Branch","Centennial Puzzle","Regal Pillow","Oddly Smooth Stone","SkinProphecy","Philosopher\u0027s Stone","ClockworkSouvenir","ReplayFunnel","Old Coin","AtMidnight"],"acts_visited":["Exordium","Hallownest:Greenpath","theJungle:Jungle"],"potions_floor_usage":[50,50,50],"damage_taken":[{"damage":21.0,"enemies":"Hallownest:2_Tiktiks_and_1_Crawlid","floor":1.0,"turns":9.0},{"damage":0.0,"enemies":"Hallownest:monsterHuskWarrior","floor":5.0,"turns":6.0},{"damage":0.0,"enemies":"Hallownest:2_Baldur","floor":7.0,"turns":5.0},{"damage":0.0,"enemies":"Hallownest:monsterFoolEater","floor":10.0,"turns":5.0},{"damage":0.0,"enemies":"Hallownest:monsterMossCharger","floor":11.0,"turns":9.0},{"damage":0.0,"enemies":"Hallownest:monsterAspidMother","floor":12.0,"turns":10.0},{"damage":0.0,"enemies":"Hallownest:eliteVengeflyKing","floor":13.0,"turns":19.0},{"damage":0.0,"enemies":"Hallownest:1_Baldur_1_Crawlid_1_Warrior","floor":14.0,"turns":8.0},{"damage":0.0,"enemies":"Hallownest:BossFalseKnight","floor":16.0,"turns":12.0},{"damage":0.0,"enemies":"theJungle:GiantWrat","floor":18.0,"turns":6.0},{"damage":0.0,"enemies":"theJungle:MUSHROOMGANG","floor":20.0,"turns":6.0},{"damage":0.0,"enemies":"theJungle:2_Snecko_Cultists","floor":22.0,"turns":5.0},{"damage":0.0,"enemies":"theJungle:MamaSnecko","floor":23.0,"turns":7.0},{"damage":0.0,"enemies":"theJungle:2_Phrogs","floor":25.0,"turns":8.0},{"damage":0.0,"enemies":"theJungle:MamaSnecko","floor":27.0,"turns":7.0},{"damage":0.0,"enemies":"theJungle:2_Phrogs","floor":30.0,"turns":6.0},{"damage":0.0,"enemies":"theJungle:Snecko_Cultist_And_Trap","floor":31.0,"turns":4.0},{"damage":0.0,"enemies":"theJungle:FunGuy","floor":33.0,"turns":14.0},{"damage":0.0,"enemies":"Hallownest:2_Littles","floor":35.0,"turns":5.0},{"damage":0.0,"enemies":"Hallownest:Shield_Heavy","floor":36.0,"turns":6.0},{"damage":0.0,"enemies":"Hallownest:StalkingDevout","floor":40.0,"turns":8.0},{"damage":0.0,"enemies":"Hallownest:eliteCollector","floor":42.0,"turns":8.0},{"damage":0,"enemies":"Hallownest:monsterPrimalAspid","floor":44,"turns":3},{"damage":0,"enemies":"Hallownest:Xero_Hu_Marmu","floor":45,"turns":4},{"damage":0,"enemies":"Hallownest:2_Wing_and_1_Kings","floor":47,"turns":6},{"damage":0,"enemies":"Hallownest:2_Soldiers_and_1_Guardian","floor":48,"turns":7},{"damage":0,"enemies":"Hallownest:BossGreyPrinceZote","floor":50,"turns":16},{"damage":0,"enemies":"Malkuth","floor":51,"turns":12},{"damage":0,"enemies":"Hod","floor":51,"turns":18},{"damage":0,"enemies":"Chesed","floor":51,"turns":9},{"damage":0,"enemies":"Binah","floor":51,"turns":52},{"damage":0,"enemies":"Angela","floor":51,"turns":22}],"seed_played":"-3912042771795100777","potions_obtained":[{"floor":7.0,"key":"Regen Potion"},{"floor":10.0,"key":"Swift Potion"},{"floor":11.0,"key":"Strength Potion"},{"floor":14.0,"key":"Adrenaline Potion"},{"floor":16.0,"key":"DistilledChaos"},{"floor":25.0,"key":"GamblersBrew"},{"floor":30.0,"key":"Explosive Potion"},{"floor":31.0,"key":"Block Potion"},{"floor":36.0,"key":"PowerPotion"}],"is_trial":false,"path_per_floor":["M","?","T","?","M","R","M","R","T","M","M","M","E","M","R","B",null,"M","$","M","?","M","E","M","E","T","E","?","?","E","M","R","B",null,"M","M","$","?","?","E","R","E","T","M","M","R","M","M","R","B",null],"character_chosen":"THE_BUGKNIGHT","items_purchased":["HollowMod:AbyssShriek","sneckomod:BlankCard","HollowMod:JonisBlessing","HollowMod:SharpenedShadows","HollowMod:SiblingsShadow","ClockworkSouvenir","HollowMod:SiblingsSouls"],"campfire_rested":0,"item_purchase_floors":[19,19,19,19,37,37,37],"current_hp_per_floor":[57,57,57,57,71,71,75,75,75,75,75,75,75,75,75,75,75,75,75,75,75,75,75,75,75,75,75,75,75,75,75,75,71,76,72,68,68,68,72,68,68,64,64,60,56,56,52,48,48,5],"gold":498,"neow_bonus":"","is_daily":false,"chose_seed":false,"campfire_upgraded":7,"win_rate":0.0,"timestamp":1610658870,"path_taken":["M","?","?","?","?","R","M","R","T","M","M","M","E","M","R","BOSS","M","$","M","?","?","E","?","E","T","E","?","?","E","M","R","BOSS","M","M","$","?","?","E","R","E","T","M","M","R","M","M","R","BOSS"],"items_purchased_type":["Card","Relic","Relic","Card","Card","Relic","Card"],"build_version":"2020-12-22","purchased_purges":0,"victory":true,"max_hp_per_floor":[75,75,75,75,75,75,75,75,75,75,75,75,75,75,75,75,75,75,75,75,75,75,75,75,75,75,75,75,75,75,75,75,77,77,79,81,81,81,81,83,83,85,85,87,89,89,91,93,93,5],"relic_stats":{"Centennial Puzzle":[0],"Regal Pillow":0,"counters":[35,325],"Dead Branch":[375],"obtain_stats":[{"ReplayFunnel":40,"RabbitCall":0,"Regal Pillow":27,"sneckomod:BlankCard":19,"HollowMod:VesselMask":0,"Blue Doll":3,"Hallownest:DreamNailRelic":21,"Replay:Mystery Machine":13,"SkinProphecy":31,"ClockworkSouvenir":37,"Old Coin":42,"CogitoBucket":0,"Centennial Puzzle":26,"Ring of Peace":4,"TreeSap":12,"Philosopher\u0027s Stone":34,"BackwardClock":20,"Dead Branch":25,"HollowMod:JonisBlessing":19,"Oddly Smooth Stone":30,"Thread and Needle":9,"AtMidnight":48,"LetterFromLob":1,"Coffee Dripper":17,"StrikeDummy":23},{"ReplayFunnel":24,"RabbitCall":0,"Regal Pillow":17,"sneckomod:BlankCard":11,"HollowMod:VesselMask":0,"Blue Doll":1,"Hallownest:DreamNailRelic":13,"Replay:Mystery Machine":8,"SkinProphecy":20,"ClockworkSouvenir":23,"Old Coin":25,"CogitoBucket":0,"Centennial Puzzle":16,"Ring of Peace":1,"TreeSap":7,"Philosopher\u0027s Stone":21,"BackwardClock":13,"Dead Branch":16,"HollowMod:JonisBlessing":11,"Oddly Smooth Stone":18,"Thread and Needle":3,"AtMidnight":29,"LetterFromLob":1,"Coffee Dripper":10,"StrikeDummy":15},{"ReplayFunnel":168,"RabbitCall":0,"Regal Pillow":124,"sneckomod:BlankCard":90,"HollowMod:VesselMask":0,"Blue Doll":9,"Hallownest:DreamNailRelic":97,"Replay:Mystery Machine":64,"SkinProphecy":135,"ClockworkSouvenir":160,"Old Coin":176,"CogitoBucket":0,"Centennial Puzzle":117,"Ring of Peace":9,"TreeSap":45,"Philosopher\u0027s Stone":149,"BackwardClock":97,"Dead Branch":117,"HollowMod:JonisBlessing":90,"Oddly Smooth Stone":130,"Thread and Needle":20,"AtMidnight":190,"LetterFromLob":9,"Coffee Dripper":84,"StrikeDummy":109}]},"card_choices":[{"not_picked":["HollowMod:VengefulVoid","HollowMod:CrystalDash"],"picked":"HollowMod:BlackTendrils","floor":1.0},{"not_picked":["Murderer","BeautyBeast","OldLady"],"picked":"Singing Bowl","floor":1.0},{"not_picked":["HollowMod:SoulEater","HollowMod:HowlingWraiths"],"picked":"HollowMod:MantisMark","floor":5.0},{"not_picked":["QueenOfHatred","Rudolta","HeroicMonk"],"picked":"Singing Bowl","floor":5.0},{"not_picked":["HollowMod:SoulMaster","HollowMod:ShapeofUnn"],"picked":"HollowMod:ShadowDash","floor":7.0},{"not_picked":["UniverseFragment","Murderer"],"picked":"VoidDream","floor":7.0},{"not_picked":["HollowMod:SoulStrike","HollowMod:CloakDash"],"picked":"HollowMod:PerfectDash","floor":10.0},{"not_picked":["Yin","ShyLook","SpiderBud"],"picked":"Singing Bowl","floor":10.0},{"not_picked":["Wellcheers","PunishingBird","FairyFestival"],"picked":"Singing Bowl","floor":11.0},{"not_picked":["HollowMod:SoulSplash","HollowMod:SoulEater","HollowMod:DashSlash"],"picked":"SKIP","floor":11.0},{"not_picked":["HollowMod:SoulStrike","HollowMod:HuntersJournal"],"picked":"HollowMod:DescendingDark","floor":12.0},{"not_picked":["OldLady","LittlePrince"],"picked":"DespairKnight","floor":12.0},{"not_picked":["HollowMod:HeavyBlow","HollowMod:CornifersMapStart"],"picked":"HollowMod:WraithStrike","floor":13.0},{"not_picked":["BigBird","OSAHOGD","WhitesApple"],"picked":"Singing Bowl","floor":13.0},{"not_picked":["HeroicMonk","BigBadWolf"],"picked":"MeatLantern","floor":14.0},{"not_picked":["HollowMod:GoodIntentions","HollowMod:BrokenVessel","HollowMod:ElderbugsWisdom"],"picked":"SKIP","floor":14.0},{"not_picked":["HollowMod:SlysStrikes","HollowMod:PureVessel"],"picked":"HollowMod:SoulMaster","floor":16.0},{"not_picked":["ShyLook","CherryBlossoms","CrumblingArmor"],"picked":"Singing Bowl","floor":16.0},{"not_picked":["HollowMod:NewGlowingWomb","HollowMod:HeavyBlow"],"picked":"HollowMod:SiblingsSouls","floor":18.0},{"not_picked":["Yin","RedShoes","WhitesApple"],"picked":"Singing Bowl","floor":18.0},{"not_picked":["HollowMod:FallenFury","HollowMod:CornifersMapStart"],"picked":"HollowMod:Hiveblood","floor":20.0},{"not_picked":["SpiderBud","UniverseFragment","BeautyBeast"],"picked":"Singing Bowl","floor":20.0},{"not_picked":["UniverseFragment","WallGazer","Woodsman"],"picked":"Singing Bowl","floor":22.0},{"not_picked":["HollowMod:CornifersMapStart","HollowMod:NewJinnsSoul","HollowMod:InfectedAttack"],"picked":"SKIP","floor":22.0},{"not_picked":["HollowMod:TaintedHusks","HollowMod:AwokenDreamNail"],"picked":"HollowMod:CloakDash","floor":23.0},{"not_picked":["QueenBee","MHz","Alriune"],"picked":"Singing Bowl","floor":23.0},{"not_picked":["Wellcheers","MHz","SpiderBud"],"picked":"Singing Bowl","floor":25.0},{"not_picked":["HollowMod:HornetsHelp","HollowMod:BrokenVessel","HollowMod:AwokenDreamNail"],"picked":"SKIP","floor":25.0},{"not_picked":["HollowMod:SharpenedShadows+1","HollowMod:SiblingsShadow"],"picked":"HollowMod:WraithStrike+1","floor":27.0},{"not_picked":["DreamingCurrent","HappyTeddy","Rudolta"],"picked":"Singing Bowl","floor":27.0},{"not_picked":["Variant","NakedNest","Scarecrow"],"picked":"Singing Bowl","floor":30.0},{"not_picked":["HollowMod:BaldurShell","HollowMod:MantisMark","HollowMod:CornifersMapStart"],"picked":"SKIP","floor":30.0},{"not_picked":["Scarecrow","WhitesApple","Freischutz"],"picked":"Singing Bowl","floor":31.0},{"not_picked":["HollowMod:InfectionAssault","HollowMod:MawleksShell","HollowMod:CycloneSlash"],"picked":"SKIP","floor":31.0},{"not_picked":["HollowMod:HerrahsAnger","HollowMod:HornetsHelp"],"picked":"HollowMod:Hiveblood","floor":33.0},{"not_picked":["Mercenary","RedShoes","Wellcheers"],"picked":"Singing Bowl","floor":33.0},{"not_picked":["Scarecrow","QueenBee","GalaxyChild"],"picked":"Singing Bowl","floor":35.0},{"not_picked":["HollowMod:DashSlash","HollowMod:HeavyBlow","HollowMod:SharpenedShadows+1"],"picked":"SKIP","floor":35.0},{"not_picked":["HollowMod:CycloneSlash+1","HollowMod:LifebloodCore","HollowMod:GoodIntentions+1"],"picked":"SKIP","floor":36.0},{"not_picked":["BodiesMountain","Bloodbath","Yin"],"picked":"Singing Bowl","floor":36.0},{"not_picked":["HollowMod:CycloneSlash+1","HollowMod:LifebloodCore","HollowMod:GoodIntentions+1"],"picked":"SKIP","floor":36.0},{"not_picked":["HollowMod:CoiledNail","HollowMod:Hiveblood"],"picked":"HollowMod:BlackTendrils","floor":40.0},{"not_picked":["Mercenary","BigBird","SnowQueen"],"picked":"Singing Bowl","floor":40.0},{"not_picked":["HollowMod:SoulMaster","HollowMod:BaldurShell+1"],"picked":"HollowMod:VengefulVoid","floor":42.0},{"not_picked":["CherryBlossoms","DreamingCurrent","Funeral"],"picked":"Singing Bowl","floor":42.0},{"not_picked":["HollowMod:HeavyBlow+1","HollowMod:InfectedAttack"],"picked":"HollowMod:CloakDash+1","floor":44},{"not_picked":["LittlePrince","Yin","Laetitia"],"picked":"Singing Bowl","floor":44},{"not_picked":["HollowMod:InfectedAttack+1","HollowMod:SoulStrike+1","HollowMod:FastStrike+1"],"picked":"SKIP","floor":45},{"not_picked":["HeroicMonk","SpiderBud","BigBadWolf"],"picked":"Singing Bowl","floor":47},{"not_picked":["HollowMod:LifebloodCocoon+1","HollowMod:CrystalDash+1","HollowMod:SoulSplash"],"picked":"SKIP","floor":47},{"not_picked":["MeltingLove","WhitesApple","Laetitia"],"picked":"Singing Bowl","floor":48},{"not_picked":["HollowMod:DoubleDash","HollowMod:InfectedAttack+1","HollowMod:GoodIntentions"],"picked":"SKIP","floor":48}],"player_experience":1016924,"relics_obtained":[{"floor":1.0,"key":"LetterFromLob"},{"floor":3.0,"key":"Blue Doll"},{"floor":4.0,"key":"Ring of Peace"},{"floor":9.0,"key":"Thread and Needle"},{"floor":13.0,"key":"Replay:Mystery Machine"},{"floor":23.0,"key":"StrikeDummy"},{"floor":25.0,"key":"Dead Branch"},{"floor":26.0,"key":"Centennial Puzzle"},{"floor":27.0,"key":"Regal Pillow"},{"floor":30.0,"key":"Oddly Smooth Stone"},{"floor":40.0,"key":"ReplayFunnel"},{"floor":42.0,"key":"Old Coin"}],"event_choices":[{"damage_healed":0.0,"max_hp_gain":0.0,"max_hp_loss":0.0,"gold_gain":0.0,"event_name":"Upgrade Shrine","player_choice":"Upgraded","floor":29.0,"gold_loss":0.0,"damage_taken":0.0,"cards_upgraded":["HollowMod:ShadowDash"]},{"damage_healed":4.0,"max_hp_gain":0.0,"max_hp_loss":0.0,"gold_gain":0.0,"event_name":"betterSkull:BetterSkull","player_choice":"LEAVE ","floor":39.0,"gold_loss":0.0,"damage_taken":0.0,"cards_upgraded":[],"relics_obtained":[]},{"damage_healed":4.0,"max_hp_gain":0.0,"max_hp_loss":0.0,"gold_gain":0.0,"event_name":"betterSkull:BetterSkull","player_choice":"LEAVE ","floor":39.0,"gold_loss":0.0,"damage_taken":0.0,"cards_upgraded":[],"relics_obtained":[]}],"is_beta":false,"boss_relics":[{"not_picked":["Honey Jar","Black Star"],"picked":"Coffee Dripper"},{"not_picked":["Abe\u0027s Treasure","Replay:Drink Me"],"picked":"Philosopher\u0027s Stone"}],"items_purged_floors":[],"is_endless":false,"potions_floor_spawned":[7,10,11,14,16,22,25,30,31,33,36,42],"ascension_level":7}}