{"host":"xzvhwvbvp6k5tkn4","time":1610646486,"event":{"mods":["AchievementEnabler","BaseMod","Bestiary","Ironclad Rager","Minty Spire (QoL Compilation)","Permanent Neow","Replay The Spire","StSLib","Waifu the Spire"],"gold_per_floor":[115,37,37,56,134,134,309,325,348,348,348,348,120,136,136,239,239,253,25,25,40,53,85,85,101,172,182,182,182,182],"floor_reached":29,"language":"ENG","playtime":1860,"items_purged":[],"score":233,"play_id":"f5ea1ef3-a201-4b46-96e7-116fb8ae10f8","local_time":"20210114114806","is_ascension_mode":false,"campfire_choices":[{"floor":6,"key":"RECALL"},{"floor":10,"key":"REST"},{"data":"Infinite Blades","floor":12,"key":"SMITH"},{"floor":15,"key":"REST"},{"floor":24,"key":"REST"}],"circlet_count":0,"master_deck":["Strike_G+1","Strike_G+1","Strike_G+1","Strike_G+1","Strike_G+1","Defend_G+1","Defend_G+1","Defend_G+1","Defend_G+1","Survivor","Neutralize","Dagger Throw","Blade Dance","Infinite Blades+1","Dodge and Roll","Slice","Fluid Movement+1","Mayhem","Sucker Punch","Venomology","Distraction","ReplayTheSpireMod:Speed Training","Slice+1","Heel Hook","Footwork","Noxious Fumes+1","Slice"],"relics":["Ring of the Snake","Replay:WaspNest","Boot","Black Star","Anchor","ReplayTheSpireMod:Lightbulb","MealTicket","InkBottle"],"acts_visited":["Exordium","TheCity"],"potions_floor_usage":[22,23,23,23,23,25,27],"damage_taken":[{"damage":1,"enemies":"2 Louse","floor":1,"turns":4},{"damage":0,"enemies":"Jaw Worm","floor":4,"turns":3},{"damage":2,"enemies":"Small Slimes","floor":8,"turns":3},{"damage":7,"enemies":"Blue Slaver","floor":14,"turns":4},{"damage":32,"enemies":"Fading Forest","floor":16,"turns":11},{"damage":5,"enemies":"Chosen","floor":18,"turns":6},{"damage":18,"enemies":"Spheric Guardian","floor":21,"turns":5},{"damage":21,"enemies":"3 Cultists","floor":22,"turns":4},{"damage":12,"enemies":"Book of Stabbing","floor":23,"turns":4},{"damage":6,"enemies":"Cultist and Chosen","floor":25,"turns":6},{"damage":5,"enemies":"Snecko","floor":27,"turns":5},{"damage":28,"enemies":"Centurion and Healer","floor":29,"turns":5}],"seed_played":"8988262469837772646","potions_obtained":[{"floor":8,"key":"Fire Potion"},{"floor":18,"key":"Strength Potion"},{"floor":21,"key":"LiquidBronze"}],"is_trial":false,"path_per_floor":["M","$","?","M","T","R","?","M","T","R","?","R","$","M","R","B",null,"M","$","?","M","M","E","R","M","T","M","?","M"],"character_chosen":"THE_SILENT","items_purchased":["Infinite Blades","Fluid Movement+1","Mayhem","ReplayTheSpireMod:Speed Training","Anchor"],"campfire_rested":3,"item_purchase_floors":[2,13,13,19,19],"current_hp_per_floor":[69,69,36,36,36,36,36,34,34,55,48,48,48,41,62,30,70,65,65,65,47,26,14,35,29,29,24,24,0,0],"gold":182,"neow_bonus":"TRANSFORM_CARD","is_daily":false,"chose_seed":false,"campfire_upgraded":1,"win_rate":0.0,"timestamp":1610646486,"path_taken":["M","$","?","M","?","R","?","M","T","R","?","R","$","M","R","BOSS","M","$","?","M","M","E","R","M","T","M","?","M"],"items_purchased_type":["Card","Card","Card","Card","Relic"],"build_version":"2020-12-22","purchased_purges":0,"victory":false,"max_hp_per_floor":[70,70,70,70,70,70,70,70,70,70,70,70,70,70,70,70,70,70,70,70,70,70,70,70,70,70,70,70,70,70],"card_choices":[{"not_picked":["Backflip","Dodge and Roll"],"picked":"Blade Dance","floor":1},{"not_picked":["PiercingWail","Reflex"],"picked":"Dodge and Roll","floor":4},{"not_picked":["Flying Knee","Dodge and Roll"],"picked":"Slice","floor":8},{"not_picked":["Prepared","Well Laid Plans"],"picked":"Sucker Punch","floor":14},{"not_picked":["Poison Darts","Night Terror"],"picked":"Venomology","floor":16},{"not_picked":["Outmaneuver+1","Well Laid Plans"],"picked":"Distraction","floor":18},{"not_picked":["Bane","PiercingWail"],"picked":"Slice+1","floor":21},{"not_picked":["Expertise","Flechettes"],"picked":"Heel Hook","floor":22},{"not_picked":["Poisoned Stab","Escape Plan+1"],"picked":"Footwork","floor":23},{"not_picked":["Dagger Throw","Sucker Punch"],"picked":"Noxious Fumes+1","floor":25},{"not_picked":["Well Laid Plans","Outmaneuver"],"picked":"Slice","floor":27}],"player_experience":127597,"relics_obtained":[{"floor":9,"key":"Boot"},{"floor":23,"key":"ReplayTheSpireMod:Lightbulb"},{"floor":23,"key":"MealTicket"},{"floor":26,"key":"InkBottle"}],"event_choices":[{"damage_healed":0,"gold_gain":0,"player_choice":"Success","damage_taken":33,"relics_obtained":["Replay:WaspNest"],"max_hp_gain":0,"max_hp_loss":0,"event_name":"Scrap Ooze","floor":3,"gold_loss":0},{"damage_healed":0,"gold_gain":175,"player_choice":"AGREE","damage_taken":0,"max_hp_gain":0,"max_hp_loss":0,"event_name":"Liars Game","floor":7,"gold_loss":0,"cards_obtained":["Doubt"]},{"cards_removed":["Doubt"],"damage_healed":0,"gold_gain":0,"player_choice":"Card Removal","damage_taken":7,"max_hp_gain":0,"max_hp_loss":0,"event_name":"Golden Wing","floor":11,"gold_loss":0},{"damage_healed":0,"gold_gain":0,"player_choice":"Simplicity","damage_taken":0,"max_hp_gain":0,"max_hp_loss":0,"event_name":"Back to Basics","floor":20,"gold_loss":0,"cards_upgraded":["Strike_G","Strike_G","Strike_G","Strike_G","Strike_G","Defend_G","Defend_G","Defend_G","Defend_G"]},{"damage_healed":0,"gold_gain":0,"player_choice":"Ignored","damage_taken":0,"max_hp_gain":0,"max_hp_loss":0,"event_name":"Ghosts","floor":28,"gold_loss":0}],"is_beta":false,"boss_relics":[{"not_picked":["Replay:Wanted Poster","Ring of the Serpent"],"picked":"Black Star"}],"items_purged_floors":[],"is_endless":false,"potions_floor_spawned":[8,18,21],"killed_by":"Centurion and Healer","ascension_level":0}}