{"host":"sqgvx7mullq7izts","time":1610634756,"event":{"mods":["AchievementEnabler","AlwaysNeverKeys","Aspiration","Bard","BaseMod","Better Altar","Better Match","Better Note","Better Sensory Stone","Better Skull","Better Third Choice","Better Vampires","BetterRewards","Block Reminder","Colored Map","Conspire","Curses Come First","Custom Start","Defuse TimeMaze Blight","Disable Question Mark Monsters","Downfall","Energized Spire","GifTheSpireLib","Gold Saver","Halation","Hermit","Hubris","Infinite Spire","Jedi Mod","Jorbs\u0027s Wanderer Trilogy","Minty Spire (QoL Compilation)","Permanent Neow","Quick Restart","Relic Filter","Remove Card Discount Mod","Replay The Spire","Shade Mod","Spicy Shops","Spikes Relics","StSLib","Stuff the Spire","The Bug Knight","The Construct","The Disciple","The Hierophant","The Judge","The Sage","The Spell Scribe","The Wild Card","TheVacant","Transform Curses","Uncapped","Unceasing Turn Reminder","UnlockEverythingMod","Wandering Minibosses"],"gold_per_floor":[130,130,8,8,8,8,8,8,8,8,8,8,8,8,8,8,8,0,0,0,0,0,0,0,0],"floor_reached":24,"language":"ENG","playtime":744,"items_purged":[],"score":192,"play_id":"f064d552-73c9-437a-a668-763b7efc3d11","local_time":"20210114073236","is_ascension_mode":false,"campfire_choices":[{"data":"theWildCard:PaleRider","floor":6,"key":"SMITH"},{"data":"theWildCard:PowerOfTheArcana","floor":8,"key":"SMITH"},{"data":"theWildCard:MagicalMight","floor":11,"key":"SMITH"},{"floor":15,"key":"REST"}],"circlet_count":0,"master_deck":["theWildCard:BasicStrike","theWildCard:BasicStrike","theWildCard:BasicStrike","theWildCard:BasicStrike","theWildCard:BasicDefend","theWildCard:BasicDefend","theWildCard:BasicDefend","theWildCard:BasicDefend","theWildCard:CallToAdventure","theWildCard:Arsene","theWildCard:PaleRider+1","theWildCard:PowerOfTheArcana+1","theWildCard:MagicalMight+1","theWildCard:MagicalMight","theWildCard:EnergizedStroke","theWildCard:Alice","theWildCard:PowerOfTheArcana","theWildCard:SeveringSlash","construct:LaserCore+1","theWildCard:ChangingDestiny","Pain","theWildCard:SacrificialStroke"],"relics":["theWildCard:VelvetContract","aspiration:Nostalgia","WordoMod:Effigy","FaceOfCleric","jedi:ominousloannote","Bag of Marbles","infinitespire:Joker Card","hubris:Macrotransations","infinitespire:Beetle Shell","energizedSpire:OgreHead","WarpedTongs"],"acts_visited":["Exordium","TheCity"],"potions_floor_usage":[],"damage_taken":[{"damage":12,"enemies":"Small Slimes","floor":1,"turns":4},{"damage":0,"enemies":"Cultist","floor":4,"turns":2},{"damage":6,"enemies":"Jaw Worm","floor":5,"turns":2},{"damage":8,"enemies":"Gremlin Nob","floor":12,"turns":3},{"damage":10,"enemies":"Large Slime","floor":13,"turns":3},{"damage":11,"enemies":"Slime Boss","floor":16,"turns":4},{"damage":15,"enemies":"2 Thieves","floor":18,"turns":3},{"damage":15,"enemies":"Snake Plant","floor":23,"turns":2},{"damage":52,"enemies":"Centurion and Healer","floor":24,"turns":5}],"seed_played":"-5876726365015134974","potions_obtained":[{"floor":4,"key":"jedi:holywater"},{"floor":16,"key":"SteroidPotion"},{"floor":18,"key":"SkillPotion"}],"is_trial":false,"path_per_floor":["M","?","$","M","M","R","?","R","T","T","R","E","M","?","R","B",null,"M","?","?","PTL","PTL","M","M"],"character_chosen":"THE_WILD_CARD","items_purchased":["jedi:ominousloannote","Bag of Marbles","theWildCard:PowerOfTheArcana","theWildCard:MagicalMight","BlessingOfTheForge"],"campfire_rested":1,"item_purchase_floors":[3,3,3,3,3],"current_hp_per_floor":[48,48,48,49,44,44,44,44,44,44,44,37,28,28,47,37,65,51,51,66,66,66,52,0,0],"gold":0,"neow_bonus":"NOSTALGIA","is_daily":false,"chose_seed":false,"campfire_upgraded":3,"win_rate":0.0,"timestamp":1610634756,"path_taken":["M","?","$","?","M","R","?","R","T","?","R","E","M","?","R","BOSS","M","?","?","PTL","PTL","M","?"],"items_purchased_type":["Relic","Relic","Card","Card","Potion"],"build_version":"2020-12-22","purchased_purges":0,"victory":false,"max_hp_per_floor":[60,60,60,61,62,62,62,62,62,62,62,63,64,64,64,65,65,66,66,66,66,66,67,67,67],"card_choices":[{"not_picked":["theWildCard:Polydeuces","theWildCard:MagicMettle"],"picked":"theWildCard:PaleRider","floor":1},{"not_picked":["theWildCard:ArcaneArts","theWildCard:Michael"],"picked":"theWildCard:MagicalMight","floor":4},{"not_picked":["theWildCard:Unburden","theWildCard:Michael"],"picked":"theWildCard:EnergizedStroke","floor":5},{"not_picked":["theWildCard:IdentityTheft","theWildCard:Sakuya"],"picked":"theWildCard:PowerOfTheArcana","floor":12},{"not_picked":["theWildCard:FuelForTheFire","theWildCard:Alice"],"picked":"theWildCard:SeveringSlash","floor":13},{"not_picked":["theWildCard:Amaterasu","theWildCard:Caesar"],"picked":"theWildCard:ChangingDestiny","floor":16},{"not_picked":["theWildCard:Michael","theWildCard:Alice"],"picked":"theWildCard:IdentityTheft","floor":18},{"not_picked":["theWildCard:Unburden","theWildCard:EnergizedStroke+1"],"picked":"theWildCard:SacrificialStroke","floor":23}],"player_experience":249074,"relics_obtained":[{"floor":9,"key":"infinitespire:Joker Card"},{"floor":10,"key":"hubris:Macrotransations"},{"floor":12,"key":"infinitespire:Beetle Shell"}],"event_choices":[{"damage_healed":0,"gold_gain":0,"player_choice":"Trade","damage_taken":0,"relics_obtained":["FaceOfCleric"],"max_hp_gain":0,"max_hp_loss":0,"event_name":"FaceTrader","floor":2,"gold_loss":0},{"damage_healed":0,"gold_gain":1,"player_choice":"4","damage_taken":0,"max_hp_gain":0,"max_hp_loss":0,"event_name":"betterStone:BetterStone","floor":14,"gold_loss":0,"cards_obtained":["construct:LaserCore"]},{"damage_healed":0,"gold_gain":0,"player_choice":"Rummage","damage_taken":0,"relics_obtained":["WarpedTongs"],"max_hp_gain":0,"max_hp_loss":0,"event_name":"Accursed Blacksmith","floor":19,"gold_loss":0,"cards_obtained":["Pain"]},{"cards_removed":["theWildCard:IdentityTheft"],"damage_healed":15,"gold_gain":0,"player_choice":"Offered Uncommon","damage_taken":0,"max_hp_gain":0,"max_hp_loss":0,"event_name":"Bonfire Elementals","floor":20,"gold_loss":0}],"is_beta":false,"boss_relics":[{"not_picked":["aspiration:RitualDagger","energizedSpire:HugeHouse"],"picked":"energizedSpire:OgreHead"}],"items_purged_floors":[],"is_endless":false,"potions_floor_spawned":[1,4,16,18],"killed_by":"Centurion and Healer","ascension_level":0}}