{"host":"1q02rw1wpi0nrsss","time":1610583855,"event":{"mods":["AchievementEnabler","BaseMod","DeckTracker","Minty Spire (QoL Compilation)","Quick Restart","Rare Cards Sparkle"],"gold_per_floor":[119,119,119,41,41,79,79,120,197,212,212,245,245,37,37,161,161,184,184,208,229,154,154,179,278,278,298,311,65,104,104,104,233,233,254,269,269,287,313,313,376,376,448,211,236,260,4,0,0,0,0,0,0,39,39,39],"floor_reached":55,"language":"ENG","playtime":2590,"items_purged":["Strike_G","Regret","Pain","Clumsy"],"score":1006,"play_id":"ead57bcd-2148-44ac-95ff-8a424b31c766","local_time":"20210113162415","is_ascension_mode":true,"campfire_choices":[{"data":"Neutralize","floor":7,"key":"SMITH"},{"data":"Footwork","floor":11,"key":"SMITH"},{"data":"Bouncing Flask","floor":13,"key":"SMITH"},{"data":"Terror","floor":15,"key":"SMITH"},{"data":"A Thousand Cuts","floor":23,"key":"SMITH"},{"floor":32,"key":"REST"},{"data":"Storm of Steel","floor":40,"key":"SMITH"},{"data":"Accuracy","floor":42,"key":"SMITH"},{"floor":49,"key":"RECALL"},{"floor":52,"key":"REST"}],"circlet_count":0,"master_deck":["Strike_G","Strike_G","Defend_G","Defend_G","Defend_G","Defend_G","Defend_G","Survivor","Neutralize+1","Bouncing Flask+1","Footwork+1","Dagger Spray","Terror+1","Acrobatics","Accuracy+1","Blade Dance","Cloak And Dagger","A Thousand Cuts+1","Dodge and Roll","Cloak And Dagger","Cloak And Dagger+1","Well Laid Plans","Storm of Steel+1","The Bomb","Flash of Steel","Infinite Blades+1","Blur","Crippling Poison+1","Caltrops","Dark Shackles","Backflip","Accuracy+1"],"relics":["Ring of the Snake","NeowsBlessing","Golden Idol","Bag of Marbles","Tingsha","Mercury Hourglass","Anchor","Cursed Key","Ninja Scroll","ClockworkSouvenir","Regal Pillow","WristBlade","Smiling Mask","StoneCalendar","Oddly Smooth Stone","Membership Card","Red Mask","Letter Opener"],"acts_visited":["Exordium","TheCity","TheBeyond","TheEnding"],"potions_floor_usage":[16,16,21,28,28,30,46,50,50,50,50,55],"damage_taken":[{"damage":0,"enemies":"Jaw Worm","floor":1,"turns":1},{"damage":0,"enemies":"Gremlin Nob","floor":6,"turns":1},{"damage":0,"enemies":"Lagavulin","floor":8,"turns":1},{"damage":0,"enemies":"2 Louse","floor":10,"turns":1},{"damage":28,"enemies":"Gremlin Nob","floor":12,"turns":4},{"damage":16,"enemies":"Slime Boss","floor":16,"turns":7},{"damage":16,"enemies":"Spheric Guardian","floor":18,"turns":4},{"damage":0,"enemies":"Shell Parasite","floor":20,"turns":4},{"damage":0,"enemies":"Centurion and Healer","floor":21,"turns":5},{"damage":3,"enemies":"3 Cultists","floor":24,"turns":4},{"damage":3,"enemies":"Chosen and Byrds","floor":27,"turns":4},{"damage":0,"enemies":"Snake Plant","floor":28,"turns":3},{"damage":16,"enemies":"Book of Stabbing","floor":30,"turns":5},{"damage":22,"enemies":"Automaton","floor":33,"turns":7},{"damage":0,"enemies":"3 Darklings","floor":35,"turns":3},{"damage":0,"enemies":"Orb Walker","floor":36,"turns":1},{"damage":0,"enemies":"Transient","floor":38,"turns":5},{"damage":0,"enemies":"Mind Bloom Boss Battle","floor":41,"turns":4},{"damage":8,"enemies":"Maw","floor":45,"turns":5},{"damage":4,"enemies":"Writhing Mass","floor":46,"turns":6},{"damage":37,"enemies":"Awakened One","floor":50,"turns":11},{"damage":44,"enemies":"Shield and Spear","floor":54,"turns":5},{"damage":30,"enemies":"The Heart","floor":55,"turns":3}],"seed_played":"-7507382172547823098","potions_obtained":[{"floor":10,"key":"Fire Potion"},{"floor":12,"key":"BlessingOfTheForge"},{"floor":18,"key":"DuplicationPotion"},{"floor":20,"key":"SteroidPotion"},{"floor":24,"key":"GamblersBrew"},{"floor":27,"key":"Strength Potion"},{"floor":33,"key":"ColorlessPotion"},{"floor":35,"key":"Regen Potion"},{"floor":38,"key":"EntropicBrew"},{"floor":41,"key":"LiquidMemories"}],"is_trial":false,"path_per_floor":["M","?","?","$","?","E","R","E","T","M","R","E","R","$","R","B",null,"M","?","M","M","?","R","M","?","T","M","M","$","E","?","R","B",null,"M","M","?","M","T","R","?","R","T","$","M","M","$","?","R","B",null,"R","$","E","B"],"character_chosen":"THE_SILENT","items_purchased":["Footwork","Accuracy","Blade Dance","Cloak And Dagger","ClockworkSouvenir","Oddly Smooth Stone","Blur","Membership Card","Dark Shackles","Backflip"],"campfire_rested":2,"item_purchase_floors":[4,14,14,14,29,44,44,47,47,47],"current_hp_per_floor":[63,56,39,39,62,62,62,62,62,62,62,34,34,34,34,18,57,41,41,41,41,41,41,38,38,38,35,35,35,19,19,55,33,61,61,61,56,56,56,56,56,56,56,56,48,59,59,59,59,22,58,70,70,26,0,0],"gold":39,"neow_bonus":"THREE_ENEMY_KILL","is_daily":false,"chose_seed":false,"campfire_upgraded":7,"win_rate":0.0,"timestamp":1610583855,"path_taken":["M","?","?","$","?","E","R","E","T","M","R","E","R","$","R","BOSS","M","?","M","M","?","R","M","?","T","?","M","$","E","?","R","BOSS","M","M","?","M","?","R","?","R","T","$","M","M","$","?","R","BOSS","R","$","E","BOSS"],"items_purchased_type":["Card","Card","Card","Card","Relic","Relic","Card","Relic","Card","Card"],"build_version":"2020-12-22","purchased_purges":4,"victory":false,"max_hp_per_floor":[70,70,70,70,70,70,70,70,70,70,70,70,70,70,70,70,70,70,70,70,70,70,70,70,70,70,70,70,70,70,70,70,70,70,70,70,70,70,70,70,70,70,70,70,70,70,70,70,70,70,70,70,70,70,70,70],"card_choices":[{"not_picked":["Cloak And Dagger","Outmaneuver"],"picked":"Bouncing Flask","floor":1},{"not_picked":["Setup","Predator"],"picked":"Dagger Spray","floor":6},{"not_picked":["Eviscerate","Flying Knee","Terror"],"picked":"SKIP","floor":8},{"not_picked":["Eviscerate","Flying Knee"],"picked":"Terror","floor":8},{"not_picked":["Slice","Backstab","Reflex"],"picked":"SKIP","floor":10},{"not_picked":["Dagger Throw","Setup"],"picked":"Acrobatics","floor":12},{"not_picked":["Wraith Form v2","Tools of the Trade"],"picked":"A Thousand Cuts","floor":16},{"not_picked":["Bane","Bouncing Flask+1"],"picked":"Dodge and Roll","floor":18},{"not_picked":["Underhanded Strike+1","Sucker Punch"],"picked":"Cloak And Dagger","floor":20},{"not_picked":["Skewer","Accuracy"],"picked":"Cloak And Dagger+1","floor":21},{"not_picked":["Predator","Deadly Poison","A Thousand Cuts"],"picked":"SKIP","floor":24},{"not_picked":["Dagger Throw","Underhanded Strike"],"picked":"Well Laid Plans","floor":27},{"not_picked":["Acrobatics","Dodge and Roll","Dagger Throw"],"picked":"SKIP","floor":28},{"not_picked":["Bane","Underhanded Strike","Backstab"],"picked":"SKIP","floor":30},{"not_picked":["A Thousand Cuts","Glass Knife"],"picked":"Storm of Steel","floor":33},{"not_picked":["Deflect+1","Flying Knee+1","Terror+1"],"picked":"SKIP","floor":35},{"not_picked":["Slice+1","Dagger Spray","Flechettes"],"picked":"SKIP","floor":36},{"not_picked":["Bandage Up","Jack Of All Trades"],"picked":"The Bomb","floor":37},{"not_picked":["Sadistic Nature","Enlightenment"],"picked":"Flash of Steel","floor":37},{"not_picked":["Backflip+1","Footwork"],"picked":"Infinite Blades+1","floor":38},{"not_picked":["Riddle With Holes+1","Outmaneuver"],"picked":"Crippling Poison+1","floor":45},{"not_picked":["Poisoned Stab","Well Laid Plans"],"picked":"Caltrops","floor":46},{"not_picked":["Bane+1","Infinite Blades"],"picked":"Accuracy+1","floor":54}],"player_experience":389544,"relics_obtained":[{"floor":6,"key":"Bag of Marbles"},{"floor":8,"key":"Tingsha"},{"floor":9,"key":"Mercury Hourglass"},{"floor":12,"key":"Anchor"},{"floor":26,"key":"Ninja Scroll"},{"floor":30,"key":"Regal Pillow"},{"floor":39,"key":"Smiling Mask"},{"floor":41,"key":"StoneCalendar"},{"floor":54,"key":"Letter Opener"}],"event_choices":[{"cards_removed":["Strike_G"],"damage_healed":0,"gold_gain":0,"player_choice":"Card Removal","damage_taken":7,"max_hp_gain":0,"max_hp_loss":0,"event_name":"Golden Wing","floor":2,"gold_loss":0},{"damage_healed":0,"gold_gain":0,"player_choice":"Take Damage","damage_taken":17,"relics_obtained":["Golden Idol"],"max_hp_gain":0,"max_hp_loss":0,"event_name":"Golden Idol","floor":3,"gold_loss":0},{"damage_healed":23,"gold_gain":0,"player_choice":"Banana","damage_taken":0,"max_hp_gain":0,"max_hp_loss":0,"event_name":"Big Fish","floor":5,"gold_loss":0},{"damage_healed":0,"gold_gain":0,"player_choice":"Ignored","damage_taken":0,"max_hp_gain":0,"max_hp_loss":0,"event_name":"Cursed Tome","floor":19,"gold_loss":0},{"cards_removed":["Strike_G"],"damage_healed":0,"gold_gain":0,"player_choice":"Gave Gold","damage_taken":0,"max_hp_gain":0,"max_hp_loss":0,"event_name":"Beggar","floor":22,"gold_loss":75},{"damage_healed":0,"gold_gain":99,"player_choice":"Stole From Cult","damage_taken":0,"max_hp_gain":0,"max_hp_loss":0,"event_name":"Nest","floor":25,"gold_loss":0},{"damage_healed":0,"gold_gain":0,"player_choice":"Ignored","damage_taken":0,"max_hp_gain":0,"max_hp_loss":0,"event_name":"The Mausoleum","floor":31,"gold_loss":0},{"damage_healed":0,"gold_gain":0,"player_choice":"Memory 2","damage_taken":5,"max_hp_gain":0,"max_hp_loss":0,"event_name":"SensoryStone","floor":37,"gold_loss":0},{"damage_healed":0,"gold_gain":0,"player_choice":"Fight","damage_taken":0,"max_hp_gain":0,"max_hp_loss":0,"event_name":"MindBloom","floor":41,"gold_loss":0},{"damage_healed":0,"gold_gain":0,"player_choice":"Paid","damage_taken":0,"relics_obtained":["Red Mask"],"max_hp_gain":0,"max_hp_loss":0,"event_name":"Tomb of Lord Red Mask","floor":48,"gold_loss":4}],"is_beta":false,"boss_relics":[{"not_picked":["Calling Bell","Pandora\u0027s Box"],"picked":"Cursed Key"},{"not_picked":["Philosopher\u0027s Stone","Ring of the Serpent"],"picked":"WristBlade"}],"items_purged_floors":[14,29,44,47],"is_endless":false,"potions_floor_spawned":[10,12,18,20,24,27,33,35,38,41],"killed_by":"The Heart","ascension_level":8}}