{"host":"bb5r3ba2ig485dr2","time":1610658809,"event":{"mods":["Act Like it!","BaseMod","CapriCore","Chen","Curses Come First","Gensokyo","Hallownest","Koishi","Lobotomy","LobotomyExtend","Marisa（霧雨　魔理沙）","Minty Spire (QoL Compilation)","Random Character Button","Rare Cards Sparkle","Reimu（博??梦）","StSLib","Td1madao Mod","The Administrix","The Bug Knight","The Immortal","The Servant 0.9.4","The Wild Card"],"gold_per_floor":[119,119,119,135,155,188,188,188,188,188,6,23,23,352,352,352,352],"floor_reached":16,"language":"ENG","playtime":1033,"items_purged":[],"score":108,"play_id":"67ae964a-357a-44c7-9b14-030c59a8787f","local_time":"20210114221329","is_ascension_mode":false,"campfire_choices":[{"floor":7,"key":"REST"},{"data":"LovePray:ReiMu","floor":10,"key":"SMITH"},{"floor":15,"key":"REST"}],"circlet_count":0,"master_deck":["Strike_Lin:ReiMu","Strike_Lin:ReiMu","Strike_Lin:ReiMu","Strike_Lin:ReiMu","Defend_Lin:ReiMu","Defend_Lin:ReiMu","Defend_Lin:ReiMu","Defend_Lin:ReiMu","Stagnation:ReiMu","LovePray:ReiMu+1","Pain","SubAcupoint:ReiMu+1","Dazed","AlertArray:ReiMu","SubcavityInstant:ReiMu"],"relics":["Busted Crown","LetterFromLob","Gensokyo:LunaticRedEyes","Happy Flower","Frozen Egg 2","TheAbacus","Bronze Scales","Bottled Lightning"],"acts_visited":["Gensokyo:Gensokyo"],"potions_floor_usage":[6,16],"damage_taken":[{"damage":0,"enemies":"Gensokyo:2_Kodama","floor":1,"turns":3},{"damage":9,"enemies":"Gensokyo:Gryphon","floor":4,"turns":6},{"damage":13,"enemies":"Gensokyo:3_Fairies","floor":5,"turns":8},{"damage":21,"enemies":"Gensokyo:Mamizou","floor":6,"turns":13},{"damage":14,"enemies":"Gensokyo:2_Rabbits","floor":12,"turns":6},{"damage":35,"enemies":"Gensokyo:Aya","floor":14,"turns":7},{"damage":38,"enemies":"Gensokyo:Kokoro","floor":16,"turns":16}],"seed_played":"-310749385018971945","potions_obtained":[{"floor":1,"key":"BlessingOfTheForge"},{"floor":14,"key":"PinkPotion:ReiMu"}],"is_trial":false,"path_per_floor":["M","?","?","M","M","E","R","M","T","R","COS","M","T","E","R","B"],"character_chosen":"REIMU","items_purchased":[],"campfire_rested":2,"item_purchase_floors":[],"current_hp_per_floor":[65,65,65,56,43,22,41,65,65,65,65,51,51,16,35,0,0],"gold":352,"neow_bonus":"BOSS_RELIC","is_daily":false,"chose_seed":false,"campfire_upgraded":1,"win_rate":0.0,"timestamp":1610658809,"path_taken":["M","?","?","M","M","E","R","M","T","R","COS","M","?","E","R","BOSS"],"items_purchased_type":[],"build_version":"2020-12-22","purchased_purges":0,"victory":false,"max_hp_per_floor":[65,65,65,65,65,65,65,65,65,65,65,65,65,65,65,65,65],"card_choices":[{"not_picked":[],"picked":"LovePray:ReiMu","floor":1},{"not_picked":["Meditation:ReiMu"],"picked":"SKIP","floor":4},{"not_picked":[],"picked":"SubAcupoint:ReiMu","floor":5},{"not_picked":[],"picked":"AlertArray:ReiMu","floor":6},{"not_picked":[],"picked":"AlertArray:ReiMu","floor":12},{"not_picked":[],"picked":"SubcavityInstant:ReiMu","floor":14}],"player_experience":201466,"relics_obtained":[{"floor":1,"key":"LetterFromLob"},{"floor":6,"key":"Frozen Egg 2"},{"floor":13,"key":"Bronze Scales"},{"floor":14,"key":"Bottled Lightning"}],"event_choices":[],"is_beta":false,"boss_relics":[],"items_purged_floors":[],"is_endless":false,"potions_floor_spawned":[1,14],"killed_by":"Gensokyo:Kokoro","ascension_level":0}}