{"host":"tom9euzqew4po1rs","time":1610630902,"event":{"mods":["BaseMod","Curses Come First","Downfall","Minty Spire (QoL Compilation)","Quick Restart","Rare Cards Sparkle","Replay The Spire","StSLib","The Cursed"],"gold_per_floor":[110,123,198,198,218,218,246,264,344,363,61,61,61,14,14,116,116,101,111,31,46,46,46,46,46],"floor_reached":24,"language":"ENG","playtime":987,"items_purged":[],"score":206,"play_id":"ef6622ba-abd7-4ada-9d2d-504bcf03496f","local_time":"20210114082822","is_ascension_mode":true,"campfire_choices":[{"data":"Double Energy","floor":6,"key":"SMITH"},{"data":"Loop","floor":12,"key":"SMITH"},{"floor":15,"key":"RECALL"},{"data":"Buffer","floor":23,"key":"SMITH"}],"circlet_count":0,"master_deck":["Strike_B","Strike_B","Strike_B","Defend_B","Defend_B","Defend_B","Defend_B","Zap","Dualcast","All For One","Double Energy+1","Coolheaded+1","Rainbow","Loop+1","Panic Button","Reboot","Force Field","Gash","Buffer+1","ReplayTheSpireMod:Calculation Training","FIFO Queue","Self Repair","Cold Snap","Writhe"],"relics":["Cracked Core","Replay:Kaleidoscope","Replay:Bottled Eggs","Oddly Smooth Stone","Lee\u0027s Waffle","Cursed Key","Blue Doll"],"acts_visited":["Exordium","TheCity"],"potions_floor_usage":[2,7,8,16,21],"damage_taken":[{"damage":1,"enemies":"2 Louse","floor":1,"turns":3},{"damage":12,"enemies":"Cultist","floor":2,"turns":1},{"damage":4,"enemies":"Jaw Worm","floor":5,"turns":4},{"damage":38,"enemies":"Gremlin Nob","floor":7,"turns":4},{"damage":8,"enemies":"Exordium Thugs","floor":8,"turns":3},{"damage":0,"enemies":"Gremlin Gang","floor":10,"turns":4},{"damage":45,"enemies":"Hexaghost","floor":16,"turns":10},{"damage":10,"enemies":"2 Thieves","floor":18,"turns":4},{"damage":0,"enemies":"Spheric Guardian","floor":19,"turns":4},{"damage":40,"enemies":"Cultist and Chosen","floor":21,"turns":10},{"damage":40,"enemies":"Gremlin Leader","floor":24,"turns":2}],"seed_played":"8145893829165232025","potions_obtained":[{"floor":1,"key":"Death Potion"},{"floor":2,"key":"Slimebound:ThreeZeroPotion"},{"floor":7,"key":"Toxic Potion"},{"floor":10,"key":"champ:CounterPotion"},{"floor":18,"key":"FearPotion"}],"is_trial":false,"path_per_floor":["M","M","?","?","M","R","E","M","T","M","$","R","?","$","R","B",null,"M","M","$","M","?","R","E"],"character_chosen":"DEFECT","items_purchased":["Oddly Smooth Stone","Lee\u0027s Waffle","Gash","Self Repair","Cold Snap"],"campfire_rested":0,"item_purchase_floors":[11,11,14,20,20],"current_hp_per_floor":[74,62,51,51,47,47,9,1,1,1,82,82,82,82,82,37,82,72,72,72,39,39,39,0,0],"gold":46,"neow_bonus":"ONE_RANDOM_RARE_CARD","is_daily":false,"chose_seed":false,"campfire_upgraded":3,"win_rate":0.0,"timestamp":1610630902,"path_taken":["M","M","?","?","M","R","E","M","T","?","$","R","?","?","R","BOSS","M","M","$","?","?","R","E"],"items_purchased_type":["Relic","Relic","Card","Card","Card"],"build_version":"2020-12-22","purchased_purges":0,"victory":false,"max_hp_per_floor":[75,75,75,75,75,75,75,75,75,75,82,82,82,82,82,82,82,82,82,82,82,82,82,82,82],"card_choices":[{"not_picked":["Glacier","Beam Cell"],"picked":"Double Energy","floor":1},{"not_picked":["Tempest","Doom and Gloom"],"picked":"Coolheaded","floor":2},{"not_picked":["Coolheaded","Skim"],"picked":"Loop","floor":5},{"not_picked":["Leap","ReplaySolidLightProjector"],"picked":"Panic Button","floor":7},{"not_picked":["Panic Button","Redo"],"picked":"Reboot","floor":8},{"not_picked":["Steam","Turbo"],"picked":"Force Field","floor":10},{"not_picked":["Rainbow","Multi-Cast"],"picked":"Buffer","floor":16},{"not_picked":["Darkness+1","Consume+1"],"picked":"ReplayTheSpireMod:Calculation Training","floor":18},{"not_picked":["ReplayTheSpireMod:System Scan","Streamline"],"picked":"FIFO Queue","floor":19},{"not_picked":["Barrage+1","Leap","Compile Driver+1"],"picked":"SKIP","floor":21}],"player_experience":120368,"relics_obtained":[{"floor":7,"key":"Replay:Kaleidoscope"},{"floor":9,"key":"Replay:Bottled Eggs"}],"event_choices":[{"damage_healed":0,"gold_gain":75,"player_choice":"Gather Gold","damage_taken":11,"max_hp_gain":0,"max_hp_loss":0,"event_name":"World of Goop","floor":3,"gold_loss":0},{"damage_healed":0,"gold_gain":0,"cards_transformed":["Strike_B"],"player_choice":"Transformed","damage_taken":0,"max_hp_gain":0,"max_hp_loss":0,"event_name":"Transmorgrifier","floor":4,"gold_loss":0,"cards_obtained":["Rainbow"]},{"damage_healed":0,"gold_gain":0,"player_choice":"Ignored","damage_taken":0,"max_hp_gain":0,"max_hp_loss":0,"event_name":"Purifier","floor":13,"gold_loss":0},{"damage_healed":0,"gold_gain":0,"player_choice":"Opened","damage_taken":0,"relics_obtained":["Blue Doll"],"max_hp_gain":0,"max_hp_loss":0,"event_name":"The Mausoleum","floor":22,"gold_loss":0,"cards_obtained":["Writhe"]}],"is_beta":false,"boss_relics":[{"not_picked":["ChewingGum","Pandora\u0027s Box"],"picked":"Cursed Key"}],"items_purged_floors":[],"is_endless":false,"potions_floor_spawned":[1,2,7,10,18],"killed_by":"Gremlin Leader","ascension_level":1}}