{"host":"o5or1zybx7au40zl","time":1610645933,"event":{"mods":["Act Like it!","Aspiration","BaseMod","Better Third Choice","Conspire","Dota2Spire","GungeonMod","Halation","Hubris","Minty Spire (QoL Compilation)","Replay The Spire","StSLib","The Jungle","Yuri Mod","vexMod"],"gold_per_floor":[13,24,34,34,47,73,73,73,127,143,155,155,155],"floor_reached":12,"language":"ENG","playtime":269,"items_purged":[],"score":82,"play_id":"f1cad8af-99a3-4593-9185-707d9be5fa9a","local_time":"20210114183853","is_ascension_mode":false,"campfire_choices":[{"floor":7,"key":"REST"}],"circlet_count":0,"master_deck":["Strike_B","Strike_B","Strike_B","Strike_B","Defend_B","Defend_B","Defend_B","Defend_B","Zap","Dualcast","Crow Ritual","ReplayTheSpireMod:Calculation Training","Genetic Algorithm","Melter","Sunder","Reprogram"],"relics":["Cracked Core","DemoMod:WeirdEgg"],"acts_visited":["Exordium"],"potions_floor_usage":[6],"damage_taken":[{"damage":0,"enemies":"Small Slimes","floor":1,"turns":3},{"damage":11,"enemies":"2 Louse","floor":2,"turns":3},{"damage":5,"enemies":"Cultist","floor":3,"turns":4},{"damage":32,"enemies":"Gremlin Gang","floor":5,"turns":5},{"damage":21,"enemies":"Gremlin Nob","floor":6,"turns":4},{"damage":13,"enemies":"Looter","floor":10,"turns":3},{"damage":0,"enemies":"Exordium Thugs","floor":11,"turns":4},{"damage":18,"enemies":"Lagavulin","floor":12,"turns":3}],"seed_played":"-1239598852396154576","potions_obtained":[{"floor":5,"key":"Toxic Potion"},{"floor":10,"key":"SteroidPotion"},{"floor":11,"key":"Dota2Spire:Clarity"}],"is_trial":false,"path_per_floor":["M","M","M","$","M","E","R","?","T","M","M","E"],"character_chosen":"DEFECT","items_purchased":[],"campfire_rested":1,"item_purchase_floors":[],"current_hp_per_floor":[75,64,59,59,27,6,28,28,28,15,15,0,0],"gold":155,"neow_bonus":"RANDOM_COLORLESS_2","is_daily":false,"chose_seed":false,"campfire_upgraded":0,"win_rate":0.0,"timestamp":1610645933,"path_taken":["M","M","M","$","M","E","R","?","T","M","M","E"],"items_purchased_type":[],"build_version":"2020-12-22","purchased_purges":0,"victory":false,"max_hp_per_floor":[75,75,75,75,75,75,75,75,75,75,75,75,75],"card_choices":[{"not_picked":["ReplayUltimateDefense","Mayhem"],"picked":"Crow Ritual","floor":0},{"not_picked":["Coolheaded","Barrage"],"picked":"ReplayTheSpireMod:Calculation Training","floor":1},{"not_picked":["Coolheaded","Conserve Battery"],"picked":"Genetic Algorithm","floor":2},{"not_picked":["Conserve Battery","Compile Driver","Rebound"],"picked":"SKIP","floor":3},{"not_picked":["Chill","ReplaySort","Barrage"],"picked":"SKIP","floor":5},{"not_picked":["Go for the Eyes","Panic Button"],"picked":"Melter","floor":6},{"not_picked":["Rebound","hubris:SpecializedCircuitry"],"picked":"Sunder","floor":10},{"not_picked":["Barrage","Self Repair"],"picked":"Reprogram","floor":11}],"player_experience":961986,"relics_obtained":[{"floor":6,"key":"DemoMod:WeirdEgg"}],"event_choices":[{"damage_healed":0,"gold_gain":0,"player_choice":"Leave","damage_taken":0,"max_hp_gain":0,"max_hp_loss":0,"event_name":"conspire:Investor","floor":8,"gold_loss":0}],"is_beta":false,"boss_relics":[],"items_purged_floors":[],"is_endless":false,"potions_floor_spawned":[5,10,11],"killed_by":"Lagavulin","ascension_level":0}}