{"host":"evkjlimwfbscem9r","time":1610615127,"event":{"mods":["BaseMod","Minty Spire (QoL Compilation)","Permanent Neow","Quick Restart"],"gold_per_floor":[116,41,1,19,35,68,68,99,146,205,215,247,73,93,93,167,167,180,70,85,96,96,128,53,66,93,93,93,128,148,178,178,251,251,264,264,281,281,295,295,326,337,337,337,355,255,584,595,595,595,595,595,595,18,43,43],"floor_reached":57,"language":"ZHS","playtime":3266,"items_purged":["Strike_R","Anger+1","Feed"],"score":3384,"play_id":"9423370a-bd29-4327-b292-4f7ac0ed8555","local_time":"20210114170527","is_ascension_mode":true,"campfire_choices":[{"data":"Feel No Pain","floor":7.0,"key":"SMITH"},{"data":"Body Slam","floor":15.0,"key":"SMITH"},{"data":"Entrench","floor":28.0,"key":"SMITH"},{"floor":32.0,"key":"DIG"},{"floor":40.0,"key":"RECALL"},{"data":"Offering","floor":44.0,"key":"SMITH"},{"floor":49.0,"key":"REST"},{"data":"Impervious","floor":53,"key":"SMITH"}],"circlet_count":0,"master_deck":["AscendersBane","Defend_R","Defend_R","Defend_R","Defend_R+1","Inflame+1","Pommel Strike+1","Feel No Pain+1","Second Wind","Power Through","Body Slam+1","Feel No Pain+1","Barricade+1","Impervious+1","Entrench+1","Seeing Red+1","Offering+1","Shrug It Off+1"],"relics":["Astrolabe","Frozen Egg 2","Akabeko","Paper Frog","Gambling Chip","Runic Dome","Mercury Hourglass","Toy Ornithopter","Shovel","Bottled Lightning","Regal Pillow","Cursed Key","Happy Flower","Old Coin","Medical Kit","InkBottle","Letter Opener"],"acts_visited":["Exordium","TheCity","TheBeyond","TheEnding"],"potions_floor_usage":[56,56],"damage_taken":[{"damage":2.0,"enemies":"Jaw Worm","floor":1.0,"turns":3.0},{"damage":0.0,"enemies":"Small Slimes","floor":4.0,"turns":4.0},{"damage":0.0,"enemies":"2 Louse","floor":5.0,"turns":1.0},{"damage":5.0,"enemies":"3 Sentries","floor":6.0,"turns":8.0},{"damage":25.0,"enemies":"Lagavulin","floor":8.0,"turns":7.0},{"damage":25.0,"enemies":"Lagavulin Event","floor":10.0,"turns":6.0},{"damage":7.0,"enemies":"Lots of Slimes","floor":11.0,"turns":6.0},{"damage":0.0,"enemies":"3 Sentries","floor":12.0,"turns":8.0},{"damage":0.0,"enemies":"2 Fungi Beasts","floor":14.0,"turns":3.0},{"damage":0.0,"enemies":"Slime Boss","floor":16.0,"turns":9.0},{"damage":11.0,"enemies":"Shell Parasite","floor":18.0,"turns":5.0},{"damage":0.0,"enemies":"Chosen","floor":20.0,"turns":4.0},{"damage":1.0,"enemies":"Snake Plant","floor":21.0,"turns":4.0},{"damage":15.0,"enemies":"Slavers","floor":23.0,"turns":8.0},{"damage":0.0,"enemies":"Cultist and Chosen","floor":25.0,"turns":6.0},{"damage":10.0,"enemies":"Book of Stabbing","floor":29.0,"turns":7.0},{"damage":17.0,"enemies":"Shelled Parasite and Fungi","floor":30.0,"turns":7.0},{"damage":21.0,"enemies":"Slavers","floor":31.0,"turns":6.0},{"damage":0.0,"enemies":"Collector","floor":33.0,"turns":12.0},{"damage":0.0,"enemies":"3 Darklings","floor":35.0,"turns":10.0},{"damage":0.0,"enemies":"Orb Walker","floor":37.0,"turns":7.0},{"damage":0.0,"enemies":"Writhing Mass","floor":39.0,"turns":6.0},{"damage":0.0,"enemies":"Giant Head","floor":41.0,"turns":5.0},{"damage":6.0,"enemies":"3 Darklings","floor":42.0,"turns":10.0},{"damage":6.0,"enemies":"Maw","floor":45.0,"turns":7.0},{"damage":22.0,"enemies":"Reptomancer","floor":47.0,"turns":18.0},{"damage":12.0,"enemies":"Spire Growth","floor":48.0,"turns":7.0},{"damage":6.0,"enemies":"Donu and Deca","floor":50.0,"turns":8.0},{"damage":11,"enemies":"Time Eater","floor":51,"turns":6},{"damage":6,"enemies":"Shield and Spear","floor":55,"turns":2},{"damage":14,"enemies":"The Heart","floor":56,"turns":6}],"seed_played":"-6602054824752035938","potions_obtained":[{"floor":1.0,"key":"Explosive Potion"},{"floor":6.0,"key":"SteroidPotion"},{"floor":8.0,"key":"SteroidPotion"},{"floor":14.0,"key":"EssenceOfSteel"},{"floor":16.0,"key":"AttackPotion"},{"floor":21.0,"key":"Swift Potion"},{"floor":31.0,"key":"BlessingOfTheForge"},{"floor":33.0,"key":"Fire Potion"},{"floor":35.0,"key":"Ancient Potion"},{"floor":38.0,"key":"PowerPotion"},{"floor":48.0,"key":"Dexterity Potion"}],"is_trial":false,"path_per_floor":["M","?","$","M","M","E","R","E","T","?","M","E","$","M","R","B",null,"M","?","M","M","?","E","$","M","T","?","R","E","M","E","R","B",null,"M","?","M","?","M","R","E","M","T","R","M","$","E","M","R","B","B",null,"R","$","E","B",null],"character_chosen":"IRONCLAD","items_purchased":["Second Wind","Barricade+1","Medical Kit","InkBottle"],"campfire_rested":1,"item_purchase_floors":[3,13,54,54],"current_hp_per_floor":[66,66,66,66,66,61,61,36,36,14,10,13,13,16,16,19,72,61,61,61,60,55,43,43,46,46,46,46,41,27,6,6,15,81,84,84,87,87,87,87,87,84,84,84,81,81,64,55,105,99,88,111,111,111,105,101],"gold":43,"neow_bonus":"BOSS_RELIC","is_daily":false,"chose_seed":false,"campfire_upgraded":5,"win_rate":0.0,"timestamp":1610615127,"path_taken":["M","?","?","M","M","E","R","E","T","?","?","E","$","M","R","BOSS","M","?","M","?","?","E","?","M","T","?","R","E","M","E","R","BOSS","M","?","M","?","?","R","E","M","T","R","M","$","E","M","R","BOSS","BOSS","R","$","E","BOSS"],"items_purchased_type":["Card","Card","Relic","Relic"],"build_version":"2020-12-22","purchased_purges":3,"victory":true,"max_hp_per_floor":[75,75,75,75,75,75,75,75,75,78,81,84,84,87,87,90,90,90,90,90,90,90,93,93,96,96,96,96,96,99,99,99,103,103,106,106,109,109,109,109,109,112,112,112,115,115,115,118,118,118,118,118,118,118,118,118],"card_choices":[{"not_picked":["True Grit","Wild Strike"],"picked":"Feel No Pain","floor":1.0},{"not_picked":["Thunderclap","Armaments","Pummel"],"picked":"SKIP","floor":4.0},{"not_picked":["Intimidate","Evolve","Dual Wield"],"picked":"SKIP","floor":5.0},{"not_picked":["Ghostly Armor","Wild Strike"],"picked":"Power Through","floor":6.0},{"not_picked":["Flex","Searing Blow"],"picked":"Feed","floor":8.0},{"not_picked":["Infernal Blade","Heavy Blade"],"picked":"Body Slam","floor":10.0},{"not_picked":["Armaments","Cleave"],"picked":"Feel No Pain+1","floor":11.0},{"not_picked":["Iron Wave","Anger","Feel No Pain+1"],"picked":"SKIP","floor":12.0},{"not_picked":["Perfected Strike","Combust+1","Flame Barrier"],"picked":"SKIP","floor":14.0},{"not_picked":["Demon Form+1","Juggernaut+1"],"picked":"Impervious","floor":16.0},{"not_picked":["Reckless Charge","Shrug It Off","Sword Boomerang+1"],"picked":"SKIP","floor":18.0},{"not_picked":["Reckless Charge","Shrug It Off","Sword Boomerang+1"],"picked":"SKIP","floor":18.0},{"not_picked":["Heavy Blade","Infernal Blade"],"picked":"Entrench","floor":20.0},{"not_picked":["Disarm","Thunderclap","Bloodletting"],"picked":"SKIP","floor":21.0},{"not_picked":["Sentinel","Pommel Strike","Wild Strike+1"],"picked":"SKIP","floor":23.0},{"not_picked":["Dark Embrace+1","Thunderclap","Body Slam"],"picked":"SKIP","floor":25.0},{"not_picked":["Pummel","Inflame+1","Sword Boomerang+1"],"picked":"SKIP","floor":29.0},{"not_picked":["Clothesline","Feel No Pain+1"],"picked":"Seeing Red+1","floor":30.0},{"not_picked":["Whirlwind","Rampage","Barricade+1"],"picked":"SKIP","floor":31.0},{"not_picked":["Brutality+1","Reaper"],"picked":"Offering","floor":33.0},{"not_picked":["Power Through","Evolve+1","Searing Blow"],"picked":"SKIP","floor":35.0},{"not_picked":["Rampage","Body Slam","Anger"],"picked":"SKIP","floor":37.0},{"not_picked":["Inflame+1","Bloodletting+1","True Grit"],"picked":"SKIP","floor":39.0},{"not_picked":["Disarm","Rampage+1"],"picked":"Shrug It Off+1","floor":41.0},{"not_picked":["Pommel Strike","True Grit","Clothesline"],"picked":"SKIP","floor":42.0},{"not_picked":["Heavy Blade","Clash","Twin Strike+1"],"picked":"SKIP","floor":45.0},{"not_picked":["Sword Boomerang","Whirlwind","Feel No Pain+1"],"picked":"SKIP","floor":47.0},{"not_picked":["Battle Trance","Double Tap","Blood for Blood"],"picked":"SKIP","floor":48.0},{"not_picked":["True Grit","Twin Strike+1","Blood for Blood"],"picked":"SKIP","floor":55}],"player_experience":2678303,"relics_obtained":[{"floor":6.0,"key":"Frozen Egg 2"},{"floor":8.0,"key":"Akabeko"},{"floor":10.0,"key":"Paper Frog"},{"floor":12.0,"key":"Gambling Chip"},{"floor":23.0,"key":"Mercury Hourglass"},{"floor":26.0,"key":"Toy Ornithopter"},{"floor":29.0,"key":"Shovel"},{"floor":31.0,"key":"Bottled Lightning"},{"floor":32.0,"key":"Regal Pillow"},{"floor":41.0,"key":"Happy Flower"},{"floor":47.0,"key":"Old Coin"},{"floor":55,"key":"Letter Opener"}],"event_choices":[{"cards_removed":["Strike_R"],"damage_healed":0.0,"max_hp_gain":0.0,"max_hp_loss":0.0,"gold_gain":0.0,"event_name":"The Cleric","player_choice":"Card Removal","floor":2.0,"gold_loss":75.0,"damage_taken":0.0},{"damage_healed":0.0,"max_hp_gain":0.0,"max_hp_loss":0.0,"gold_gain":0.0,"event_name":"Dead Adventurer","player_choice":"Searched \u00272\u0027 times","floor":10.0,"gold_loss":0.0,"damage_taken":0.0},{"cards_removed":["Bash"],"damage_healed":0.0,"max_hp_gain":0.0,"max_hp_loss":0.0,"gold_gain":0.0,"event_name":"Designer","player_choice":"Upgrade and Remove","floor":19.0,"gold_loss":110.0,"damage_taken":0.0,"cards_upgraded":["Defend_R"]},{"damage_healed":0.0,"max_hp_gain":0.0,"max_hp_loss":0.0,"gold_gain":0.0,"event_name":"The Woman in Blue","player_choice":"Bought 0 Potions","floor":22.0,"gold_loss":0.0,"damage_taken":0.0},{"damage_healed":0.0,"max_hp_gain":0.0,"max_hp_loss":0.0,"gold_gain":0.0,"event_name":"Ghosts","player_choice":"Ignored","floor":27.0,"gold_loss":0.0,"damage_taken":0.0},{"damage_healed":0.0,"max_hp_gain":0.0,"max_hp_loss":0.0,"gold_gain":0.0,"event_name":"Tomb of Lord Red Mask","player_choice":"Ignored","floor":36.0,"gold_loss":0.0,"damage_taken":0.0},{"damage_healed":0.0,"max_hp_gain":0.0,"max_hp_loss":0.0,"gold_gain":0.0,"event_name":"Lab","player_choice":"Got Potions","floor":38.0,"gold_loss":0.0,"damage_taken":0.0}],"is_beta":false,"boss_relics":[{"not_picked":["Busted Crown","SlaversCollar"],"picked":"Runic Dome"},{"not_picked":["Coffee Dripper","Philosopher\u0027s Stone"],"picked":"Cursed Key"}],"items_purged_floors":[24,46,54],"is_endless":false,"potions_floor_spawned":[1,6,8,14,16,20,21,31,33,35,39,42,48],"ascension_level":20}}