{"host":"xzvhwvbvp6k5tkn4","time":1610644603,"event":{"mods":["AchievementEnabler","BaseMod","Bestiary","Ironclad Rager","Minty Spire (QoL Compilation)","Permanent Neow","Replay The Spire","StSLib","Waifu the Spire"],"gold_per_floor":[10,37,37,54,66,66,94,107,130,4,34,44,63,77,77,77,77],"floor_reached":16,"language":"ENG","playtime":986,"items_purged":["Sickly"],"score":114,"play_id":"73690509-17df-4f1c-a707-ac5b192ac922","local_time":"20210114111643","is_ascension_mode":false,"campfire_choices":[{"floor":6,"key":"RECALL"},{"floor":15,"key":"REST"}],"circlet_count":0,"master_deck":["Survivor","Neutralize","Poisoned Stab","Poisoned Stab","Poisoned Stab","Poisoned Stab+1","Poisoned Stab","Dodge and Roll","Dodge and Roll","Dodge and Roll","Dodge and Roll","Dodge and Roll+1","Flying Knee","Quick Slash","Backstab","Dagger Spray","Acrobatics","Riddle With Holes","Riddle With Holes","Adrenaline","Deflect","Fluid Movement","Dodge and Roll","Predator","Distraction","Toxin Wave"],"relics":["Ring of the Snake","Tiny Chest","Bronze Scales","Prayer Wheel"],"acts_visited":["Exordium"],"potions_floor_usage":[7,12,14],"damage_taken":[{"damage":0,"enemies":"Cultist","floor":1,"turns":3},{"damage":5,"enemies":"Small Slimes","floor":4,"turns":3},{"damage":0,"enemies":"2 Louse","floor":5,"turns":3},{"damage":4,"enemies":"Lagavulin","floor":7,"turns":4},{"damage":9,"enemies":"2 Fungi Beasts","floor":8,"turns":2},{"damage":13,"enemies":"3 Sentries","floor":11,"turns":6},{"damage":0,"enemies":"Large Slime","floor":12,"turns":2},{"damage":0,"enemies":"Looter","floor":13,"turns":1},{"damage":0,"enemies":"2 Fungi Beasts","floor":14,"turns":2},{"damage":19,"enemies":"Slime Boss","floor":16,"turns":11}],"seed_played":"4030293564233741015","potions_obtained":[{"floor":4,"key":"Dexterity Potion"},{"floor":11,"key":"SteroidPotion"},{"floor":12,"key":"Languid Potion"}],"is_trial":false,"path_per_floor":["M","T","?","M","M","R","E","M","T","$","E","M","M","M","R","B"],"character_chosen":"THE_SILENT","items_purchased":["Riddle With Holes"],"campfire_rested":1,"item_purchase_floors":[10],"current_hp_per_floor":[45,45,32,27,27,27,23,14,14,14,1,1,1,1,19,0,0],"gold":77,"neow_bonus":"SILENT_ASSASSIN","is_daily":false,"chose_seed":false,"campfire_upgraded":0,"win_rate":0.0,"timestamp":1610644603,"path_taken":["M","?","?","M","M","R","E","M","T","$","E","M","M","M","R","BOSS"],"items_purchased_type":["Card"],"build_version":"2020-12-22","purchased_purges":1,"victory":false,"max_hp_per_floor":[63,63,63,63,63,63,63,63,63,63,63,63,63,63,63,63,63],"card_choices":[{"not_picked":["Sneak Up","Eviscerate"],"picked":"Flying Knee","floor":1},{"not_picked":["Deadly Poison","Blade Dance"],"picked":"Quick Slash","floor":4},{"not_picked":["Deflect","Heel Hook"],"picked":"Backstab","floor":5},{"not_picked":["All Out Attack","Prepared"],"picked":"Dagger Spray","floor":7},{"not_picked":["Blade Dance","Dagger Throw"],"picked":"Acrobatics","floor":8},{"not_picked":["Cloak And Dagger","Outmaneuver"],"picked":"Adrenaline","floor":11},{"not_picked":["Sucker Punch","Prepared"],"picked":"Deflect","floor":12},{"not_picked":["Deflect","Poisoned Stab"],"picked":"Fluid Movement","floor":12},{"not_picked":["Flechettes","Hidden Blade"],"picked":"Dodge and Roll","floor":13},{"not_picked":["Deadly Poison","Riddle With Holes"],"picked":"Predator","floor":13},{"not_picked":["Flying Knee","Hidden Blade"],"picked":"Distraction","floor":14},{"not_picked":["Poisoned Stab","Cloak And Dagger"],"picked":"Toxin Wave","floor":14}],"player_experience":126611,"relics_obtained":[{"floor":7,"key":"Tiny Chest"},{"floor":9,"key":"Bronze Scales"},{"floor":11,"key":"Prayer Wheel"}],"event_choices":[{"damage_healed":0,"gold_gain":0,"player_choice":"Entered Light","damage_taken":13,"max_hp_gain":0,"max_hp_loss":0,"event_name":"Shining Light","floor":3,"gold_loss":0,"cards_upgraded":["Poisoned Stab","Dodge and Roll"]}],"is_beta":false,"boss_relics":[],"items_purged_floors":[10],"is_endless":false,"potions_floor_spawned":[4,5,11,12],"killed_by":"Slime Boss","ascension_level":0}}