{"host":"t7mx8yfj1no5p62f","time":1610597675,"event":{"mods":["BaseMod","Bestiary","Colored Map","Colored Powertips","Minty Spire (QoL Compilation)","Relic Stats","StSLib","ojb\u0027s Info Mod"],"gold_per_floor":[109,128,128,139,64,64,90,90,144,144,177,190,190,225,225,298,298,315,327,346,366,68,68,4,4,4,35,52,77,88,8,8,85,85,104,104,75,85,85,85,110,110,190,225,225,225,280,52,52,52,52,52,52,21,48,48,48],"floor_reached":56,"language":"ENG","playtime":4876,"items_purged":["Strike_G","Strike_G","Writhe"],"score":2143,"play_id":"43545949-cb4c-421c-a37e-775f2d867dd5","local_time":"20210113231435","is_ascension_mode":true,"campfire_choices":[{"data":"Dash","floor":6.0,"key":"SMITH"},{"data":"Dagger Spray","floor":8.0,"key":"SMITH"},{"data":"Sucker Punch","floor":10.0,"key":"SMITH"},{"data":"Malaise","floor":15.0,"key":"SMITH"},{"data":"After Image","floor":23.0,"key":"SMITH"},{"data":"Catalyst","floor":32.0,"key":"SMITH"},{"data":"Footwork","floor":40.0,"key":"SMITH"},{"data":"Footwork","floor":42.0,"key":"SMITH"},{"data":"Wraith Form v2","floor":46.0,"key":"SMITH"},{"floor":49.0,"key":"RECALL"},{"data":"Noxious Fumes","floor":53,"key":"SMITH"}],"circlet_count":0,"master_deck":["AscendersBane","Strike_G","Strike_G","Defend_G","Defend_G","Defend_G","Defend_G","Survivor","Neutralize","Dagger Spray+1","Sucker Punch+1","Dash+1","Footwork+1","Noxious Fumes+1","Finisher","Malaise+1","Neutralize","Die Die Die","CurseOfTheBell","PiercingWail+1","Catalyst+1","Escape Plan+1","Footwork+1","After Image+1","Adrenaline","Dodge and Roll+1","Cloak And Dagger+1","Adrenaline","Well Laid Plans","Master of Strategy","Finesse","Endless Agony","Backstab","Wraith Form v2+1","Backflip","Caltrops"],"relics":["Ring of the Snake","Lantern","Toy Ornithopter","Nunchaku","Vajra","Unceasing Top","Calling Bell","Boot","The Courier","Dead Branch","CaptainsWheel","Snake Skull","Cursed Key","Bag of Marbles","Kunai","Bottled Flame","Prayer Wheel","TwistedFunnel","Pen Nib"],"acts_visited":["Exordium","TheCity","TheBeyond","TheEnding"],"potions_floor_usage":[51,56,56],"damage_taken":[{"damage":0.0,"enemies":"Jaw Worm","floor":1.0,"turns":5.0},{"damage":0.0,"enemies":"Small Slimes","floor":2.0,"turns":3.0},{"damage":4.0,"enemies":"Cultist","floor":4.0,"turns":3.0},{"damage":5.0,"enemies":"Gremlin Nob","floor":7.0,"turns":4.0},{"damage":3.0,"enemies":"3 Sentries","floor":11.0,"turns":6.0},{"damage":0.0,"enemies":"Lots of Slimes","floor":12.0,"turns":1.0},{"damage":24.0,"enemies":"Gremlin Nob","floor":14.0,"turns":4.0},{"damage":0.0,"enemies":"The Guardian","floor":16.0,"turns":13.0},{"damage":8.0,"enemies":"Chosen","floor":18.0,"turns":6.0},{"damage":0.0,"enemies":"3 Byrds","floor":19.0,"turns":3.0},{"damage":9.0,"enemies":"Snecko","floor":20.0,"turns":7.0},{"damage":15.0,"enemies":"Shelled Parasite and Fungi","floor":21.0,"turns":6.0},{"damage":15.0,"enemies":"Slavers","floor":27.0,"turns":6.0},{"damage":7.0,"enemies":"Centurion and Healer","floor":28.0,"turns":12.0},{"damage":1.0,"enemies":"Book of Stabbing","floor":29.0,"turns":8.0},{"damage":3.0,"enemies":"3 Cultists","floor":30.0,"turns":5.0},{"damage":17.0,"enemies":"Collector","floor":33.0,"turns":13.0},{"damage":0.0,"enemies":"Orb Walker","floor":35.0,"turns":2.0},{"damage":0.0,"enemies":"3 Shapes","floor":38.0,"turns":6.0},{"damage":0.0,"enemies":"Giant Head","floor":41.0,"turns":6.0},{"damage":0.0,"enemies":"Reptomancer","floor":44.0,"turns":3.0},{"damage":0.0,"enemies":"2 Orb Walkers","floor":47.0,"turns":4.0},{"damage":5.0,"enemies":"Donu and Deca","floor":50.0,"turns":6.0},{"damage":8,"enemies":"Time Eater","floor":51,"turns":16},{"damage":16,"enemies":"Shield and Spear","floor":55,"turns":7},{"damage":76,"enemies":"The Heart","floor":56,"turns":8}],"seed_played":"-6957990154653352246","potions_obtained":[{"floor":1.0,"key":"AttackPotion"},{"floor":7.0,"key":"Strength Potion"},{"floor":12.0,"key":"SkillPotion"},{"floor":14.0,"key":"Poison Potion"},{"floor":20.0,"key":"SpeedPotion"},{"floor":29.0,"key":"BlessingOfTheForge"},{"floor":30.0,"key":"SmokeBomb"},{"floor":35.0,"key":"Dexterity Potion"},{"floor":41.0,"key":"LiquidBronze"},{"floor":55,"key":"Dexterity Potion"}],"is_trial":false,"path_per_floor":["M","M","?","M","?","R","E","R","T","R","E","M","?","E","R","B",null,"M","M","M","M","$","R","$","?","T","E","M","E","M","$","R","B",null,"M","?","$","M","?","R","E","R","T","E","?","R","?","$","R","B","B",null,"R","$","E","B"],"character_chosen":"THE_SILENT","items_purchased":["Footwork","Footwork","After Image","Adrenaline","Endless Agony","TwistedFunnel","Caltrops"],"campfire_rested":0,"item_purchase_floors":[22,22,22,24,37,48,54],"current_hp_per_floor":[59,59,52,48,48,48,43,43,43,43,45,45,45,21,21,21,55,47,47,43,33,33,33,33,46,46,36,29,28,30,30,30,13,53,53,43,43,43,43,43,43,43,43,43,43,43,43,43,43,38,35,58,58,58,42,0,0],"gold":48,"neow_bonus":"RANDOM_COMMON_RELIC","is_daily":false,"chose_seed":false,"campfire_upgraded":10,"win_rate":0.0,"timestamp":1610597675,"path_taken":["M","M","?","M","?","R","E","R","T","R","E","M","?","E","R","BOSS","M","M","?","M","$","R","?","?","T","E","M","E","M","$","R","BOSS","M","?","$","M","?","R","E","R","T","E","?","R","?","?","R","BOSS","BOSS","R","$","E","BOSS"],"items_purchased_type":["Card","Card","Card","Card","Card","Relic","Card"],"build_version":"2020-12-22","purchased_purges":3,"victory":false,"max_hp_per_floor":[66,66,66,66,66,66,66,66,66,66,66,66,66,66,66,66,66,66,66,66,66,66,66,66,66,66,66,66,66,66,66,66,66,66,66,66,66,66,66,66,66,66,66,66,66,66,66,66,66,66,66,66,66,66,66,66,66],"relic_stats":{"counters":[26,163],"Dead Branch":[207],"Snake Skull":[104],"Pen Nib":[1],"Boot":[104],"Cursed Key":1,"Nunchaku":[35],"Prayer Wheel":0,"Kunai":[32],"obtain_stats":[{"TwistedFunnel":48,"Lantern":0,"Dead Branch":17,"Vajra":11,"The Courier":17,"Snake Skull":29,"Pen Nib":55,"Boot":17,"Cursed Key":34,"Calling Bell":17,"Nunchaku":9,"CaptainsWheel":27,"Bottled Flame":44,"Prayer Wheel":47,"Bag of Marbles":41,"Kunai":43,"Toy Ornithopter":7,"Unceasing Top":14,"Ring of the Snake":0},{"TwistedFunnel":22,"Lantern":0,"Dead Branch":8,"Vajra":5,"The Courier":8,"Snake Skull":15,"Pen Nib":25,"Boot":8,"Cursed Key":17,"Calling Bell":8,"Nunchaku":4,"CaptainsWheel":13,"Bottled Flame":21,"Prayer Wheel":22,"Bag of Marbles":20,"Kunai":20,"Toy Ornithopter":4,"Unceasing Top":7,"Ring of the Snake":0},{"TwistedFunnel":126,"Lantern":0,"Dead Branch":39,"Vajra":21,"The Courier":39,"Snake Skull":87,"Pen Nib":155,"Boot":39,"Cursed Key":105,"Calling Bell":39,"Nunchaku":15,"CaptainsWheel":67,"Bottled Flame":122,"Prayer Wheel":126,"Bag of Marbles":119,"Kunai":119,"Toy Ornithopter":15,"Unceasing Top":26,"Ring of the Snake":0}],"Toy Ornithopter":40,"Unceasing Top":[8],"Ring of the Snake":[52]},"card_choices":[{"not_picked":["Deflect","Quick Slash"],"picked":"Dagger Spray","floor":1.0},{"not_picked":["Escape Plan","Riddle With Holes"],"picked":"Sucker Punch","floor":2.0},{"not_picked":["Underhanded Strike","Slice"],"picked":"Dash","floor":4.0},{"not_picked":["A Thousand Cuts","Eviscerate"],"picked":"Footwork","floor":7.0},{"not_picked":["Quick Slash","Flechettes","Unload"],"picked":"SKIP","floor":11.0},{"not_picked":["Dagger Spray","Caltrops"],"picked":"Noxious Fumes","floor":12.0},{"not_picked":["Cloak And Dagger","Dodge and Roll","Distraction"],"picked":"SKIP","floor":14.0},{"not_picked":["Grand Finale","Phantasmal Killer"],"picked":"Die Die Die","floor":16.0},{"not_picked":["Deflect+1","Underhanded Strike"],"picked":"PiercingWail+1","floor":18.0},{"not_picked":["Prepared","Dagger Spray","Blur"],"picked":"SKIP","floor":19.0},{"not_picked":["Caltrops","Crippling Poison"],"picked":"Catalyst","floor":20.0},{"not_picked":["Acrobatics+1","Deadly Poison"],"picked":"Escape Plan+1","floor":21.0},{"not_picked":["Slice","Quick Slash"],"picked":"Dodge and Roll+1","floor":27.0},{"not_picked":["Poisoned Stab","Tactician","Accuracy+1"],"picked":"SKIP","floor":28.0},{"not_picked":["Deadly Poison","Unload","Predator"],"picked":"SKIP","floor":29.0},{"not_picked":["Crippling Poison","Tactician"],"picked":"Cloak And Dagger+1","floor":30.0},{"not_picked":["Doppelganger","Wraith Form v2"],"picked":"Adrenaline","floor":33.0},{"not_picked":["Bane","Deflect"],"picked":"Well Laid Plans","floor":35.0},{"not_picked":["Discovery","PanicButton"],"picked":"Master of Strategy","floor":36.0},{"not_picked":["Sadistic Nature","Discovery"],"picked":"Finesse","floor":36.0},{"not_picked":["Flechettes+1","PiercingWail"],"picked":"Backstab","floor":38.0},{"not_picked":["Reflex","Dodge and Roll","Quick Slash"],"picked":"SKIP","floor":41.0},{"not_picked":["Backflip","Accuracy"],"picked":"Wraith Form v2","floor":44.0},{"not_picked":["Quick Slash+1","Distraction"],"picked":"Backflip","floor":47.0},{"not_picked":["Sucker Punch","Distraction","Bane+1"],"picked":"SKIP","floor":55}],"player_experience":1756910,"relics_obtained":[{"floor":7.0,"key":"Toy Ornithopter"},{"floor":9.0,"key":"Nunchaku"},{"floor":11.0,"key":"Vajra"},{"floor":14.0,"key":"Unceasing Top"},{"floor":17.0,"key":"Boot"},{"floor":17.0,"key":"The Courier"},{"floor":17.0,"key":"Dead Branch"},{"floor":27.0,"key":"CaptainsWheel"},{"floor":29.0,"key":"Snake Skull"},{"floor":41.0,"key":"Bag of Marbles"},{"floor":43.0,"key":"Kunai"},{"floor":44.0,"key":"Bottled Flame"},{"floor":47.0,"key":"Prayer Wheel"},{"floor":55,"key":"Pen Nib"}],"event_choices":[{"cards_removed":["Strike_G"],"damage_healed":0.0,"max_hp_gain":0.0,"max_hp_loss":0.0,"gold_gain":0.0,"event_name":"Golden Wing","player_choice":"Card Removal","floor":3.0,"gold_loss":0.0,"damage_taken":7.0},{"cards_removed":["Defend_G"],"damage_healed":0.0,"max_hp_gain":0.0,"max_hp_loss":0.0,"gold_gain":0.0,"event_name":"The Cleric","player_choice":"Card Removal","floor":5.0,"gold_loss":75.0,"damage_taken":0.0},{"damage_healed":0.0,"max_hp_gain":0.0,"max_hp_loss":0.0,"gold_gain":0.0,"event_name":"Match and Keep!","player_choice":"3 cards matched","floor":13.0,"gold_loss":0.0,"damage_taken":0.0,"cards_obtained":["Finisher","Malaise","Neutralize"]},{"damage_healed":13.0,"max_hp_gain":0.0,"max_hp_loss":0.0,"gold_gain":0.0,"event_name":"The Library","player_choice":"Heal","floor":25.0,"gold_loss":0.0,"damage_taken":0.0},{"damage_healed":0.0,"max_hp_gain":0.0,"max_hp_loss":0.0,"gold_gain":0.0,"event_name":"SensoryStone","player_choice":"Memory 3","floor":36.0,"gold_loss":0.0,"damage_taken":10.0},{"cards_removed":["Footwork"],"damage_healed":0.0,"max_hp_gain":0.0,"max_hp_loss":0.0,"gold_gain":0.0,"event_name":"Falling","player_choice":"Removed Power","floor":39.0,"gold_loss":0.0,"damage_taken":0.0},{"damage_healed":0.0,"max_hp_gain":0.0,"max_hp_loss":0.0,"gold_gain":0.0,"event_name":"Tomb of Lord Red Mask","player_choice":"Ignored","floor":45.0,"gold_loss":0.0,"damage_taken":0.0},{"damage_healed":0.0,"max_hp_gain":0.0,"max_hp_loss":0.0,"gold_gain":0.0,"event_name":"Mysterious Sphere","player_choice":"Fight","floor":47.0,"gold_loss":0.0,"damage_taken":0.0}],"is_beta":false,"boss_relics":[{"not_picked":["SacredBark","Snecko Eye"],"picked":"Calling Bell"},{"not_picked":["Busted Crown","Empty Cage"],"picked":"Cursed Key"}],"items_purged_floors":[22,31,48],"is_endless":false,"potions_floor_spawned":[1,7,12,14,18,20,29,30,35,41,47,55],"killed_by":"The Heart","ascension_level":20}}