{"host":"gzsdmyo07u314vug","time":1610658544,"event":{"mods":["2.2 Compatiblity","BaseMod","Downfall","GifTheSpireLib","Minty Spire (QoL Compilation)","Quick Restart","Rare Cards Sparkle","Relic Stats","Replay The Spire","Robot Space Explorer","Shop Mod","StSLib","The Bug Knight","The Construct","The Elementalist","The IronCluck","The Marked","The Servant 0.9.4","Unceasing Turn Reminder","everything is the same but u backflip on backflip","slay the spire mod where everything is the same but ironclad has a cowboy hat","vexMod"],"gold_per_floor":[116,116,116,135,135,135,161,180,180,180,255,255,268,284,284,363,363,377,44,44,143,193,193,222,222,248,93,104,104,122,153,153,224,224,241,259,278,303,348,348,374,386,386,396,9,309,334,344,344,344],"floor_reached":51,"language":"ENG","playtime":3000,"items_purged":["Defend_B"],"score":1342,"play_id":"fbec268b-a138-46ff-a9b4-94b443b44b09","local_time":"20210114180904","is_ascension_mode":true,"campfire_choices":[{"data":"Zap","floor":6,"key":"SMITH"},{"data":"Dualcast","floor":10,"key":"SMITH"},{"data":"Defragment","floor":15,"key":"SMITH"},{"data":"FTL","floor":23,"key":"SMITH"},{"data":"Hologram","floor":32,"key":"SMITH"},{"data":"ReplayTheSpireMod:Calculation Training","floor":40,"key":"SMITH"},{"data":"BasicCrystalCard","floor":49,"key":"SMITH"}],"circlet_count":0,"master_deck":["AscendersBane","Defend_B+1","Defend_B+1","Defend_B","Zap+1","Dualcast+1","Gash","Beam Cell+1","Coolheaded","Defragment+1","Crystallizer","Machine Learning","Go for the Eyes+1","FTL+1","Conserve Battery","Gash","Scrape+1","Auto Shields+1","Hologram+1","Leap","All For One","ReplayTheSpireMod:Calculation Training+1","Leap","BasicCrystalCard+1"],"relics":["Cracked Core","NeowsBlessing","vexMod:InvisibilityCloak","Toy Ornithopter","InkBottle","Replay:Drink Me","HollowMod:StagPassRelic","ReplayTheSpireMod:Shallot","Boot","Unceasing Top","Black Star","Ice Cream","ReplayFunnel","Carrot","Bag of Marbles","White Beast Statue","War Paint","vexMod:FocusSash","ReplayTheSpireMod:Lightbulb","Replay:Antivirus Software"],"acts_visited":["Exordium","TheCity","TheBeyond"],"potions_floor_usage":[16,16,50,50],"damage_taken":[{"damage":0.0,"enemies":"Small Slimes","floor":1.0,"turns":1.0},{"damage":0,"enemies":"2 Louse","floor":4,"turns":1},{"damage":0,"enemies":"Replay:BlueRogue","floor":7,"turns":1},{"damage":0,"enemies":"Cultist","floor":8,"turns":3},{"damage":1,"enemies":"2 Fungi Beasts","floor":13,"turns":4},{"damage":2,"enemies":"3 Louse","floor":14,"turns":4},{"damage":1,"enemies":"The Guardian","floor":16,"turns":8},{"damage":1,"enemies":"Chosen","floor":18,"turns":4},{"damage":4,"enemies":"HollowMod:Nosk","floor":24,"turns":6},{"damage":0,"enemies":"3 Byrds","floor":28,"turns":3},{"damage":0,"enemies":"Snake Plant","floor":30,"turns":3},{"damage":1,"enemies":"Gremlin Leader","floor":31,"turns":5},{"damage":11,"enemies":"Champ","floor":33,"turns":7},{"damage":0,"enemies":"3 Shapes","floor":35,"turns":4},{"damage":4,"enemies":"Orb Walker","floor":36,"turns":4},{"damage":8,"enemies":"Writhing Mass","floor":37,"turns":5},{"damage":0,"enemies":"Mind Bloom Boss Battle","floor":38,"turns":5},{"damage":0,"enemies":"Giant Head","floor":41,"turns":8},{"damage":0,"enemies":"Jaw Worm Horde","floor":42,"turns":4},{"damage":0,"enemies":"4 Shapes","floor":44,"turns":7},{"damage":3,"enemies":"Nemesis","floor":47,"turns":7},{"damage":0,"enemies":"3 Darklings","floor":48,"turns":4},{"damage":6,"enemies":"Time Eater","floor":50,"turns":11}],"seed_played":"-8216880249268477435","potions_obtained":[{"floor":4,"key":"BlessingOfTheForge"},{"floor":8,"key":"Strength Potion"},{"floor":16,"key":"SpeedPotion"},{"floor":28,"key":"FearPotion"},{"floor":33,"key":"Regen Potion"},{"floor":44,"key":"Doom Potion"}],"is_trial":false,"path_per_floor":["M","?","?","M","?","R","E","M","T","R","?","?","M","M","R","B",null,"M","$","?","?","?","R","E","?","T","$","M","?","M","E","R","B",null,"M","M","M","?","T","R","E","M","T","M","$","?","E","M","R","B",null],"character_chosen":"DEFECT","items_purchased":["HollowMod:StagPassRelic","FTL","Scrape","Auto Shields","War Paint","vexMod:FocusSash"],"campfire_rested":0,"item_purchase_floors":[19,19,27,27,45,45],"current_hp_per_floor":[68,61,61,61,58,58,58,58,58,58,47,47,46,44,44,53,56,55,55,55,55,55,55,51,51,51,51,51,56,56,55,55,44,54,54,50,42,42,42,42,42,42,42,42,42,42,39,39,39,57],"gold":344,"neow_bonus":"THREE_ENEMY_KILL","is_daily":false,"chose_seed":false,"campfire_upgraded":7,"win_rate":0.0,"timestamp":1610658544,"path_taken":["M","?","?","?","?","R","E","M","T","R","?","?","?","M","R","BOSS","M","$","?","?","?","R","E","?","T","$","?","?","M","E","R","BOSS","M","M","M","?","?","R","E","M","T","M","$","?","E","?","R","BOSS"],"items_purchased_type":["Relic","Card","Card","Card","Relic","Relic"],"build_version":"2020-12-22","purchased_purges":1,"victory":true,"max_hp_per_floor":[75,75,75,75,75,75,75,75,75,75,75,75,75,75,75,75,57,57,57,57,57,57,57,57,57,57,57,57,57,57,57,57,57,57,57,57,57,57,57,57,57,57,57,57,57,57,57,57,57,57],"relic_stats":{"counters":[23,108],"Black Star":2,"War Paint":["Defend_B","Defend_B"],"Boot":[129],"obtain_stats":[{"Ice Cream":38,"ReplayFunnel":39,"Carrot":41,"NeowsBlessing":0,"vexMod:FocusSash":45,"War Paint":45,"HollowMod:StagPassRelic":19,"Boot":26,"White Beast Statue":43,"vexMod:InvisibilityCloak":5,"ReplayTheSpireMod:Shallot":24,"Black Star":34,"Bag of Marbles":41,"Replay:Antivirus Software":47,"Cracked Core":0,"Replay:Drink Me":17,"ReplayTheSpireMod:Lightbulb":47,"Toy Ornithopter":7,"InkBottle":9,"Unceasing Top":31},{"Ice Cream":17,"ReplayFunnel":17,"Carrot":18,"NeowsBlessing":0,"vexMod:FocusSash":20,"War Paint":20,"HollowMod:StagPassRelic":8,"Boot":9,"White Beast Statue":19,"vexMod:InvisibilityCloak":2,"ReplayTheSpireMod:Shallot":9,"Black Star":13,"Bag of Marbles":18,"Replay:Antivirus Software":21,"Cracked Core":0,"Replay:Drink Me":7,"ReplayTheSpireMod:Lightbulb":21,"Toy Ornithopter":3,"InkBottle":4,"Unceasing Top":12},{"Ice Cream":68,"ReplayFunnel":68,"Carrot":76,"NeowsBlessing":0,"vexMod:FocusSash":87,"War Paint":87,"HollowMod:StagPassRelic":26,"Boot":32,"White Beast Statue":80,"vexMod:InvisibilityCloak":2,"ReplayTheSpireMod:Shallot":32,"Black Star":50,"Bag of Marbles":76,"Replay:Antivirus Software":94,"Cracked Core":0,"Replay:Drink Me":22,"ReplayTheSpireMod:Lightbulb":94,"Toy Ornithopter":3,"InkBottle":6,"Unceasing Top":43}],"Toy Ornithopter":20,"InkBottle":[53],"Unceasing Top":[10]},"card_choices":[{"not_picked":["BasicCrystalCard","Static Discharge"],"picked":"Gash","floor":1.0},{"not_picked":["Compile Driver","ReplaySolidLightProjector","ReplayGash"],"picked":"SKIP","floor":4},{"not_picked":["BasicCrystalCard","ReplayTheSpireMod:Calculation Training"],"picked":"Beam Cell","floor":7},{"not_picked":["Stack","FIFO Queue"],"picked":"Coolheaded","floor":8},{"not_picked":["ReplayTheSpireMod:Reroute Power","Core Surge"],"picked":"Defragment","floor":13},{"not_picked":["Coolheaded","Go for the Eyes"],"picked":"Crystallizer","floor":14},{"not_picked":["Buffer","Reboot"],"picked":"Machine Learning","floor":16},{"not_picked":["Coolheaded","Chaos"],"picked":"Go for the Eyes+1","floor":18},{"not_picked":["Hello World","Multi-Cast"],"picked":"Conserve Battery","floor":24},{"not_picked":["Turbo","Ball Lightning","Conserve Battery"],"picked":"SKIP","floor":28},{"not_picked":["Stack","Ball Lightning"],"picked":"Hologram","floor":30},{"not_picked":["Turbo","Aggregate+1"],"picked":"Leap","floor":31},{"not_picked":["ReplayRNGCard","Thunder Strike"],"picked":"All For One","floor":33},{"not_picked":["Leap","Barrage","Compile Driver+1"],"picked":"SKIP","floor":35},{"not_picked":["Compile Driver","Beam Cell+1"],"picked":"ReplayTheSpireMod:Calculation Training","floor":36},{"not_picked":["Barrage","Go for the Eyes+1","BasicCrystalCard+1"],"picked":"SKIP","floor":37},{"not_picked":["ReplayTheSpireMod:Calculation Training","Hyperbeam"],"picked":"Leap","floor":41},{"not_picked":["Coolheaded","Go for the Eyes+1","Steam"],"picked":"SKIP","floor":42},{"not_picked":["Coolheaded","Sweeping Beam+1","Melter"],"picked":"SKIP","floor":44},{"not_picked":["Heatsinks","Go for the Eyes","Beam Cell"],"picked":"SKIP","floor":47},{"not_picked":["Ball Lightning","ReplayTheSpireMod:Repulse"],"picked":"BasicCrystalCard","floor":48}],"player_experience":733873,"relics_obtained":[{"floor":7,"key":"Toy Ornithopter"},{"floor":9,"key":"InkBottle"},{"floor":24,"key":"ReplayTheSpireMod:Shallot"},{"floor":26,"key":"Boot"},{"floor":31,"key":"Unceasing Top"},{"floor":38,"key":"Ice Cream"},{"floor":39,"key":"ReplayFunnel"},{"floor":41,"key":"Carrot"},{"floor":41,"key":"Bag of Marbles"},{"floor":43,"key":"White Beast Statue"},{"floor":47,"key":"ReplayTheSpireMod:Lightbulb"},{"floor":47,"key":"Replay:Antivirus Software"}],"event_choices":[{"cards_removed":["Strike_B"],"damage_healed":0.0,"max_hp_gain":0.0,"max_hp_loss":0.0,"gold_gain":0.0,"event_name":"Golden Wing","player_choice":"Card Removal","floor":2.0,"gold_loss":0.0,"damage_taken":7.0},{"damage_healed":0,"gold_gain":0,"player_choice":"Ignored","damage_taken":0,"max_hp_gain":0,"max_hp_loss":0,"event_name":"WeMeetAgain","floor":3,"gold_loss":0},{"damage_healed":0,"gold_gain":0,"player_choice":"Success","damage_taken":3,"relics_obtained":["vexMod:InvisibilityCloak"],"max_hp_gain":0,"max_hp_loss":0,"event_name":"Scrap Ooze","floor":5,"gold_loss":0},{"damage_healed":0,"gold_gain":75,"player_choice":"Gather Gold","damage_taken":11,"max_hp_gain":0,"max_hp_loss":0,"event_name":"World of Goop","floor":11,"gold_loss":0},{"damage_healed":0,"gold_gain":0,"player_choice":"Forge","damage_taken":0,"max_hp_gain":0,"max_hp_loss":0,"event_name":"Accursed Blacksmith","floor":12,"gold_loss":0,"cards_upgraded":["Beam Cell"]},{"damage_healed":0,"gold_gain":99,"player_choice":"Stole From Cult","damage_taken":0,"max_hp_gain":0,"max_hp_loss":0,"event_name":"Nest","floor":21,"gold_loss":0},{"damage_healed":0,"gold_gain":0,"player_choice":"Copied","damage_taken":0,"max_hp_gain":0,"max_hp_loss":0,"event_name":"Duplicator","floor":25,"gold_loss":0,"cards_obtained":["Gash"]},{"damage_healed":0,"gold_gain":0,"player_choice":"Fight","damage_taken":0,"max_hp_gain":0,"max_hp_loss":0,"event_name":"MindBloom","floor":38,"gold_loss":0},{"damage_healed":0,"gold_gain":300,"player_choice":"Gold","damage_taken":0,"max_hp_gain":0,"max_hp_loss":0,"event_name":"Wheel of Change","floor":46,"gold_loss":0}],"is_beta":false,"boss_relics":[{"not_picked":["Kintsugi","construct:WeddingRing"],"picked":"Replay:Drink Me"},{"not_picked":["vexMod:DeviousBotling","Ring of Chaos"],"picked":"Black Star"}],"items_purged_floors":[45],"is_endless":false,"potions_floor_spawned":[4,8,14,16,28,30,33,36,42,44,47,48],"ascension_level":13}}