{"host":"jak4ncvfzor9mys0","time":1610609702,"event":{"mods":["2.2 Compatiblity","AchievementEnabler","BaseMod","Better Altar","Better Match","Better Note","Better Sensory Stone","Better Skull","Better Third Choice","BetterRewards","Block Reminder","Colored Map","Colored Powertips","Energized Spire","Gold Saver","Hubris","Infinite Spire","Key Reminder","Minty Spire (QoL Compilation)","Rare Cards Sparkle","Red Circlet Mod","Relic Sorter","Relic Stats","Replay The Spire","Retaliation","Spicy Shops","StSLib","SuperFastMode","The Blue Laboratory"],"gold_per_floor":[1315,1330,1330,1330,1350,1350,1362,1373,1446,1472,1472,1472,717,731,731,827,827,838,858,858,958,973,973,973],"floor_reached":23,"language":"ENG","playtime":718,"items_purged":["Strike_R","Defend_R"],"score":283,"play_id":"19031b78-32c6-4437-ba62-5ca3a2c03e3d","local_time":"20210113233502","is_ascension_mode":false,"campfire_choices":[{"data":"Perfected Strike","floor":6,"key":"SMITH"},{"data":"Twin Strike","floor":12,"key":"SMITH"},{"data":"Shrug It Off","floor":15,"key":"SMITH"}],"circlet_count":0,"master_deck":["Strike_R","Strike_R","Strike_R","Defend_R","Defend_R","Defend_R","Bash","Pommel Strike","Perfected Strike+1","Twin Strike+1","Shrug It Off+1","Shrug It Off+1"],"relics":["Burning Blood","Another Sword","ReplayTheSpireMod:Ninjato","Odd Mushroom","hubris:Icosahedron","Magic Flower","infinitespire:Lychee Nut","SlaversCollar"],"acts_visited":["Exordium","TheCity"],"potions_floor_usage":[16,23],"damage_taken":[{"damage":0,"enemies":"2 Louse","floor":1,"turns":2},{"damage":0,"enemies":"Small Slimes","floor":2,"turns":3},{"damage":6,"enemies":"Cultist","floor":5,"turns":3},{"damage":5,"enemies":"Looter","floor":7,"turns":2},{"damage":4,"enemies":"Blue Slaver","floor":8,"turns":3},{"damage":20,"enemies":"The Mushroom Lair","floor":10,"turns":4},{"damage":4,"enemies":"Large Slime","floor":14,"turns":3},{"damage":5,"enemies":"Hexaghost","floor":16,"turns":9},{"damage":5,"enemies":"3 Byrds","floor":18,"turns":5},{"damage":0,"enemies":"2 Thieves","floor":19,"turns":4},{"damage":7,"enemies":"Centurion and Healer","floor":22,"turns":6},{"damage":78,"enemies":"Nightmare","floor":23,"turns":6}],"seed_played":"-5310440404728609776","potions_obtained":[{"floor":5,"key":"blueLaboratory:BubblePotion"},{"floor":7,"key":"Elixir"},{"floor":10,"key":"Block Potion"},{"floor":16,"key":"Adrenaline Potion"}],"is_trial":false,"path_per_floor":["M","M","?","?","M","R","M","M","T","?","?","R","$","M","R","B",null,"M","M","?","?","M","NM"],"character_chosen":"IRONCLAD","items_purchased":["Another Sword","Pommel Strike","Shrug It Off","Magic Flower","infinitespire:Lychee Nut"],"campfire_rested":0,"item_purchase_floors":[0,0,13,13,13],"current_hp_per_floor":[80,80,80,80,80,80,80,80,80,66,66,66,60,60,60,60,60,60,60,60,60,60,0,0],"gold":973,"neow_bonus":"","is_daily":false,"chose_seed":false,"campfire_upgraded":3,"win_rate":0.0,"timestamp":1610609702,"path_taken":["M","M","?","?","M","R","M","?","T","?","?","R","$","M","R","BOSS","M","M","?","?","M","NM"],"items_purchased_type":["Relic","Card","Card","Relic","Relic"],"build_version":"2020-12-22","purchased_purges":2,"victory":false,"max_hp_per_floor":[80,80,80,80,80,80,80,80,80,80,80,80,60,60,60,60,60,60,60,60,60,60,60,60],"relic_stats":{"counters":[118,398],"Magic Flower":[4],"obtain_stats":[{"Tiny House":17,"CeramicFish":3,"Vajra":197,"Whetstone":4,"Sling":38,"Boot":3,"Sozu":85,"Blood Vial":23,"HornCleat":31,"DollysMirror":4,"HandDrill":132,"Runic Cube":34,"Pear":205,"hubris:DuctTape":102,"Blue Candle":60,"Oddly Smooth Stone":26,"infinitespire:Beetle Shell":181,"Letter Opener":78,"infinitespire:Magic Flask":22,"War Paint":6,"infinitespire:EvilPickle":84,"SlaversCollar":80,"Replay:Baseball":139,"ReplayTheSpireMod:Spearhead":11,"ReplayTheSpireMod:Shallot":48,"infinitespire:Lychee Nut":13,"MutagenicStrength":133,"Bronze Scales":0,"hubris:ToyBattleship":8,"infinitespire:EmpoweringShard":25,"Meat on the Bone":131,"Lantern":59,"Black Blood":153,"Magic Flower":178,"StoneCalendar":43,"Mango":9,"King of Hearts":109,"hubris:SlimyHat":111,"Bag of Preparation":200,"Replay:Mystery Machine":92,"Smiling Mask":156,"Ancient Tea Set":207,"Burning Blood":0,"Replay:Bandana":30,"Dream Catcher":193,"TheAbacus":11,"Shovel":189,"hubris:Icosahedron":20,"hubris:Stopwatch":136,"hubris:ScarierMask":17,"WingedGreaves":26,"energizedSpire:DecayingSkull":68,"hubris:GlazedTorus":4,"Potion Belt":102,"Gremlin Food":0,"ReplayTheSpireMod:Ninjato":109,"Quantum Egg":9,"infinitespire:Lucky Rock":57,"Frozen Egg 2":179,"Odd Mushroom":10,"MawBank":10,"Mercury Hourglass":0,"Calling Bell":102,"Peace Pipe":196,"Anchor":0,"CaptainsWheel":31,"infinitespire:WardingShard":94,"Ornamental Fan":80,"hubris:Spice":99,"Bloody Idol":25,"Turnip":102,"Another Sword":0,"Bag of Marbles":0,"Membership Card":58,"ReplayTheSpireMod:Lightbulb":77,"DDmod:BarbedSlagRelic":79,"infinitespire:Midas Blood":0},{"Tiny House":9,"CeramicFish":90,"Vajra":84,"Whetstone":2,"Sling":18,"Boot":90,"Sozu":37,"Blood Vial":99,"HornCleat":101,"DollysMirror":90,"HandDrill":57,"Runic Cube":15,"Pear":87,"hubris:DuctTape":44,"Blue Candle":28,"Oddly Smooth Stone":13,"infinitespire:Beetle Shell":77,"Letter Opener":35,"infinitespire:Magic Flask":98,"War Paint":4,"infinitespire:EvilPickle":37,"SlaversCollar":35,"Replay:Baseball":59,"ReplayTheSpireMod:Spearhead":94,"ReplayTheSpireMod:Shallot":23,"infinitespire:Lychee Nut":112,"MutagenicStrength":57,"Bronze Scales":89,"hubris:ToyBattleship":6,"infinitespire:EmpoweringShard":13,"Meat on the Bone":57,"Lantern":28,"Black Blood":65,"Magic Flower":75,"StoneCalendar":19,"Mango":93,"King of Hearts":46,"hubris:SlimyHat":46,"Bag of Preparation":85,"Replay:Mystery Machine":40,"Smiling Mask":66,"Ancient Tea Set":88,"Burning Blood":0,"Replay:Bandana":13,"Dream Catcher":83,"TheAbacus":6,"Shovel":82,"hubris:Icosahedron":98,"hubris:Stopwatch":58,"hubris:ScarierMask":97,"WingedGreaves":100,"energizedSpire:DecayingSkull":32,"hubris:GlazedTorus":90,"Potion Belt":44,"Gremlin Food":89,"ReplayTheSpireMod:Ninjato":46,"Quantum Egg":6,"infinitespire:Lucky Rock":28,"Frozen Egg 2":75,"Odd Mushroom":112,"MawBank":94,"Mercury Hourglass":89,"Calling Bell":44,"Peace Pipe":84,"Anchor":89,"CaptainsWheel":101,"infinitespire:WardingShard":40,"Ornamental Fan":35,"hubris:Spice":43,"Bloody Idol":100,"Turnip":44,"Another Sword":106,"Bag of Marbles":89,"Membership Card":28,"ReplayTheSpireMod:Lightbulb":35,"DDmod:BarbedSlagRelic":35,"infinitespire:Midas Blood":89},{"Tiny House":46,"CeramicFish":267,"Vajra":252,"Whetstone":10,"Sling":91,"Boot":267,"Sozu":161,"Blood Vial":307,"HornCleat":316,"DollysMirror":267,"HandDrill":204,"Runic Cube":76,"Pear":257,"hubris:DuctTape":184,"Blue Candle":136,"Oddly Smooth Stone":62,"infinitespire:Beetle Shell":240,"Letter Opener":153,"infinitespire:Magic Flask":297,"War Paint":22,"infinitespire:EvilPickle":161,"SlaversCollar":153,"Replay:Baseball":209,"ReplayTheSpireMod:Spearhead":279,"ReplayTheSpireMod:Shallot":115,"infinitespire:Lychee Nut":365,"MutagenicStrength":204,"Bronze Scales":264,"hubris:ToyBattleship":31,"infinitespire:EmpoweringShard":62,"Meat on the Bone":204,"Lantern":136,"Black Blood":222,"Magic Flower":237,"StoneCalendar":95,"Mango":275,"King of Hearts":186,"hubris:SlimyHat":186,"Bag of Preparation":254,"Replay:Mystery Machine":169,"Smiling Mask":223,"Ancient Tea Set":258,"Burning Blood":0,"Replay:Bandana":62,"Dream Catcher":250,"TheAbacus":31,"Shovel":249,"hubris:Icosahedron":297,"hubris:Stopwatch":207,"hubris:ScarierMask":294,"WingedGreaves":311,"energizedSpire:DecayingSkull":146,"hubris:GlazedTorus":267,"Potion Belt":184,"Gremlin Food":264,"ReplayTheSpireMod:Ninjato":186,"Quantum Egg":31,"infinitespire:Lucky Rock":136,"Frozen Egg 2":237,"Odd Mushroom":365,"MawBank":279,"Mercury Hourglass":264,"Calling Bell":184,"Peace Pipe":252,"Anchor":264,"CaptainsWheel":316,"infinitespire:WardingShard":169,"Ornamental Fan":153,"hubris:Spice":179,"Bloody Idol":311,"Turnip":184,"Another Sword":348,"Bag of Marbles":264,"Membership Card":136,"ReplayTheSpireMod:Lightbulb":153,"DDmod:BarbedSlagRelic":153,"infinitespire:Midas Blood":264}],"Burning Blood":346},"card_choices":[{"not_picked":["Second Wind","Power Through","Flex"],"picked":"SKIP","floor":1},{"not_picked":["Rupture","Wild Strike","Cleave"],"picked":"SKIP","floor":2},{"not_picked":["True Grit","Sword Boomerang"],"picked":"Perfected Strike","floor":5},{"not_picked":["Fiend Fire","Anger","Heavy Blade"],"picked":"SKIP","floor":7},{"not_picked":["DDmod:UnstoppableAttack","Cleave"],"picked":"Twin Strike","floor":8},{"not_picked":["Run Through","Cleave"],"picked":"Shrug It Off","floor":14},{"not_picked":["Warcry+1","Havoc","DDmod:SpikedSkill+1"],"picked":"SKIP","floor":18},{"not_picked":["Flex","Power Through+1","Offering"],"picked":"SKIP","floor":19},{"not_picked":["Heavy Blade+1","Entrench","Pummel"],"picked":"SKIP","floor":22}],"player_experience":2755629,"relics_obtained":[{"floor":9,"key":"ReplayTheSpireMod:Ninjato"},{"floor":10,"key":"Odd Mushroom"}],"event_choices":[{"cards_removed":["Strike_R"],"damage_healed":0,"gold_gain":0,"player_choice":"Purged","damage_taken":0,"max_hp_gain":0,"max_hp_loss":0,"event_name":"Purifier","floor":4,"gold_loss":0},{"damage_healed":0,"gold_gain":0,"player_choice":"Fought Mushrooms","damage_taken":0,"max_hp_gain":0,"max_hp_loss":0,"event_name":"Mushrooms","floor":10,"gold_loss":0},{"damage_healed":0,"gold_gain":0,"player_choice":"Forge","damage_taken":0,"max_hp_gain":0,"max_hp_loss":0,"event_name":"Accursed Blacksmith","floor":20,"gold_loss":0,"cards_upgraded":["Shrug It Off"]},{"damage_healed":0,"gold_gain":100,"player_choice":"Pray","damage_taken":0,"max_hp_gain":0,"max_hp_loss":0,"event_name":"Golden Shrine","floor":21,"gold_loss":0}],"is_beta":false,"boss_relics":[{"not_picked":["Kintsugi","Replay:Ancient Bell"],"picked":"SlaversCollar"}],"items_purged_floors":[0,13],"is_endless":false,"potions_floor_spawned":[5,7,10,16],"killed_by":"Nightmare","ascension_level":0}}