{"host":"l60rmjjsfi0fipmi","time":1610661325,"event":{"mods":["BaseMod","Colored Map","DeckTracker","Hermit","Highlight Path","Jorbs\u0027s Wanderer Trilogy","Minty Spire (QoL Compilation)","StSLib","The Cursed"],"gold_per_floor":[112,125,141,73,52,52,84,95,95,95,108,126,126,146,146,250,250,265,180,190,190,74,74,84,84,84],"floor_reached":25,"language":"ENG","playtime":1704,"items_purged":["Strike_R"],"score":261,"play_id":"828fc9b5-3a36-45bb-9b1e-a1c2c91acf81","local_time":"20210114165525","is_ascension_mode":true,"campfire_choices":[{"data":"True Grit","floor":6,"key":"SMITH"},{"floor":10,"key":"REST"},{"floor":13,"key":"REST"},{"data":"Body Slam","floor":15,"key":"SMITH"},{"data":"Barricade","floor":23,"key":"SMITH"}],"circlet_count":0,"master_deck":["Strike_R","Strike_R","Strike_R","Strike_R","Defend_R","Defend_R","Defend_R","Defend_R","Bash","Dropkick","Anger","Feel No Pain","Iron Wave","True Grit+1","Body Slam+1","Thunderclap","Power Through","Evolve","Sentinel","Barricade+1","Armaments","Flame Barrier","Headbutt"],"relics":["Black Blood","NeowsBlessing","Singing Bowl","Ornamental Fan","Nloth\u0027s Gift"],"acts_visited":["Exordium","TheCity"],"potions_floor_usage":[8,11,16],"damage_taken":[{"damage":0,"enemies":"2 Louse","floor":1,"turns":1},{"damage":0,"enemies":"Jaw Worm","floor":2,"turns":1},{"damage":0,"enemies":"Small Slimes","floor":3,"turns":1},{"damage":37,"enemies":"3 Sentries","floor":7,"turns":11},{"damage":48,"enemies":"Gremlin Gang","floor":8,"turns":6},{"damage":4,"enemies":"Large Slime","floor":11,"turns":7},{"damage":6,"enemies":"Looter","floor":12,"turns":5},{"damage":5,"enemies":"2 Fungi Beasts","floor":14,"turns":3},{"damage":39,"enemies":"The Guardian","floor":16,"turns":16},{"damage":36,"enemies":"Spheric Guardian","floor":18,"turns":10},{"damage":14,"enemies":"Shell Parasite","floor":20,"turns":9},{"damage":55,"enemies":"Sentry and Sphere","floor":24,"turns":16},{"damage":36,"enemies":"3 Cultists","floor":25,"turns":4}],"seed_played":"-6272694525942155049","potions_obtained":[{"floor":7,"key":"Strength Potion"},{"floor":8,"key":"Ancient Potion"},{"floor":11,"key":"Fruit Juice"},{"floor":14,"key":"SkillPotion"}],"is_trial":false,"path_per_floor":["M","M","M","$","?","R","E","M","T","R","M","M","R","M","R","B",null,"M","?","M","?","$","R","M","M"],"character_chosen":"IRONCLAD","items_purchased":["Iron Wave","True Grit","Flame Barrier"],"campfire_rested":2,"item_purchase_floors":[4,4,22],"current_hp_per_floor":[80,80,80,80,80,80,49,7,7,31,38,38,63,64,64,31,85,61,71,71,71,71,71,28,0,0],"gold":84,"neow_bonus":"THREE_ENEMY_KILL","is_daily":false,"chose_seed":false,"campfire_upgraded":3,"win_rate":0.0,"timestamp":1610661325,"path_taken":["M","M","M","$","?","R","E","M","T","R","M","M","R","M","R","BOSS","M","?","M","?","$","R","M","?"],"items_purchased_type":["Card","Card","Card"],"build_version":"2020-12-22","purchased_purges":1,"victory":false,"max_hp_per_floor":[80,80,80,80,80,80,80,80,80,80,85,85,85,85,85,85,85,85,95,97,97,97,97,97,97,97],"card_choices":[{"not_picked":["True Grit","Headbutt"],"picked":"Dropkick","floor":1},{"not_picked":["Clash","Perfected Strike"],"picked":"Anger","floor":2},{"not_picked":["True Grit","Anger"],"picked":"Feel No Pain","floor":3},{"not_picked":["Perfected Strike","Havoc"],"picked":"Body Slam","floor":7},{"not_picked":["Iron Wave","Headbutt"],"picked":"Thunderclap","floor":8},{"not_picked":["Infernal Blade","Clash"],"picked":"Power Through","floor":11},{"not_picked":["Body Slam","Searing Blow"],"picked":"Evolve","floor":12},{"not_picked":["Searing Blow","Headbutt"],"picked":"Sentinel","floor":14},{"not_picked":["Limit Break","Double Tap"],"picked":"Barricade","floor":16},{"not_picked":["Havoc","True Grit"],"picked":"Armaments","floor":18},{"not_picked":["Perfected Strike","Warcry","Heavy Blade"],"picked":"Singing Bowl","floor":20},{"not_picked":["Twin Strike","Dark Embrace"],"picked":"Headbutt","floor":24}],"player_experience":393502,"relics_obtained":[{"floor":7,"key":"Singing Bowl"},{"floor":9,"key":"Ornamental Fan"}],"event_choices":[{"damage_healed":0,"gold_gain":0,"player_choice":"Left Gold","damage_taken":0,"max_hp_gain":0,"max_hp_loss":0,"event_name":"World of Goop","floor":5,"gold_loss":21},{"damage_healed":0,"gold_gain":0,"player_choice":"Obtained Relic","damage_taken":0,"relics_obtained":["Pear"],"max_hp_gain":0,"max_hp_loss":0,"event_name":"Addict","floor":19,"gold_loss":85},{"damage_healed":0,"gold_gain":0,"player_choice":"Traded Relic","damage_taken":0,"relics_obtained":["Nloth\u0027s Gift"],"max_hp_gain":0,"max_hp_loss":0,"event_name":"N\u0027loth","floor":21,"relics_lost":["Pear"],"gold_loss":0}],"is_beta":false,"boss_relics":[{"not_picked":["Ectoplasm","Philosopher\u0027s Stone"],"picked":"Black Blood"}],"items_purged_floors":[22],"is_endless":false,"potions_floor_spawned":[7,8,11,14],"killed_by":"3 Cultists","ascension_level":3}}