{"host":"6swbl1yqdi8v28pk","time":1610583940,"event":{"mods":["AchievementEnabler","BaseMod","Colored Map","Minty Spire (QoL Compilation)","Quick Restart"],"gold_per_floor":[110,127,77,97,97,97,111,137,137,137,148,158,178,204,204,307,307,327,337,337,0,14,14,14,14,39,68,68,80,30,43,43,148,148,159,172,172,172],"floor_reached":37,"language":"SPA","playtime":1676,"items_purged":["Strike_G"],"score":428,"play_id":"a06ce9b1-37d9-45c0-bcab-ea1a9299ac09","local_time":"20210113182540","is_ascension_mode":false,"campfire_choices":[{"data":"Neutralize","floor":6,"key":"SMITH"},{"floor":15,"key":"REST"},{"floor":23,"key":"REST"},{"floor":32,"key":"REST"}],"circlet_count":0,"master_deck":["Strike_G","Strike_G","Strike_G","Defend_G","Defend_G","Defend_G","Survivor","Neutralize+1","PiercingWail","Prepared","Backstab","Blade Dance","Caltrops","Masterful Stab","Accuracy","Backstab","A Thousand Cuts","Blade Dance+1","Blur+1","Infinite Blades","Adrenaline","Endless Agony","Noxious Fumes+1","Escape Plan","Cloak And Dagger","Footwork","Venomology"],"relics":["Ring of the Snake","NeowsBlessing","Omamori","Darkstone Periapt","Nunchaku","Regal Pillow","Empty Cage","Tiny Chest","Question Card","SacredBark"],"acts_visited":["Exordium","TheCity","TheBeyond"],"potions_floor_usage":[8,13,14,14,16,22,27,31,33,36],"damage_taken":[{"damage":0,"enemies":"2 Louse","floor":1,"turns":1},{"damage":0,"enemies":"Small Slimes","floor":2,"turns":1},{"damage":0,"enemies":"Cultist","floor":4,"turns":1},{"damage":3,"enemies":"Gremlin Gang","floor":7,"turns":6},{"damage":24,"enemies":"3 Sentries","floor":8,"turns":10},{"damage":0,"enemies":"Blue Slaver","floor":11,"turns":4},{"damage":3,"enemies":"Red Slaver","floor":12,"turns":2},{"damage":4,"enemies":"Large Slime","floor":13,"turns":5},{"damage":0,"enemies":"Gremlin Nob","floor":14,"turns":3},{"damage":19,"enemies":"The Guardian","floor":16,"turns":10},{"damage":5,"enemies":"2 Thieves","floor":18,"turns":5},{"damage":6,"enemies":"Chosen","floor":19,"turns":2},{"damage":16,"enemies":"Shelled Parasite and Fungi","floor":22,"turns":5},{"damage":41,"enemies":"Gremlin Leader","floor":27,"turns":5},{"damage":12,"enemies":"Centurion and Healer","floor":29,"turns":5},{"damage":9,"enemies":"Snecko","floor":31,"turns":5},{"damage":53,"enemies":"Collector","floor":33,"turns":10},{"damage":18,"enemies":"3 Shapes","floor":35,"turns":5},{"damage":45,"enemies":"3 Darklings","floor":36,"turns":6},{"damage":11,"enemies":"Writhing Mass","floor":37,"turns":2}],"seed_played":"-3787015520767351588","potions_obtained":[{"floor":2,"key":"SteroidPotion"},{"floor":7,"key":"Weak Potion"},{"floor":8,"key":"EntropicBrew"},{"floor":13,"key":"DistilledChaos"},{"floor":16,"key":"Fire Potion"},{"floor":20,"key":"LiquidMemories"},{"floor":29,"key":"AttackPotion"},{"floor":31,"key":"Ancient Potion"}],"is_trial":false,"path_per_floor":["M","M","?","M","?","R","M","E","T","?","M","M","M","E","R","B",null,"M","M","?","$","M","R","?","?","T","E","?","M","$","M","R","B",null,"M","M","M"],"character_chosen":"THE_SILENT","items_purchased":["Infinite Blades","Adrenaline","Endless Agony","Cloak And Dagger"],"campfire_rested":3,"item_purchase_floors":[21,21,21,30],"current_hp_per_floor":[70,70,70,70,58,58,55,31,31,24,24,21,17,17,53,34,70,65,59,59,59,43,70,70,70,70,29,29,17,17,8,44,21,70,52,7,0,0],"gold":172,"neow_bonus":"THREE_ENEMY_KILL","is_daily":false,"chose_seed":false,"campfire_upgraded":1,"win_rate":0.0,"timestamp":1610583940,"path_taken":["M","M","?","M","?","R","M","E","T","?","?","?","M","E","R","BOSS","M","M","?","$","?","R","?","?","T","E","?","M","$","?","R","BOSS","M","M","M"],"items_purchased_type":["Card","Card","Card","Card"],"build_version":"2020-12-22","purchased_purges":1,"victory":false,"max_hp_per_floor":[70,70,70,70,70,70,70,70,70,70,70,70,70,70,70,70,70,70,70,70,70,70,70,70,70,70,70,70,70,70,70,70,70,70,70,70,70,70],"card_choices":[{"not_picked":["Flechettes","Terror"],"picked":"PiercingWail","floor":1},{"not_picked":["Slice","Flying Knee"],"picked":"Prepared","floor":2},{"not_picked":["Deflect","Setup"],"picked":"Backstab","floor":4},{"not_picked":["Outmaneuver","Deflect"],"picked":"Blade Dance","floor":7},{"not_picked":["Underhanded Strike","Well Laid Plans"],"picked":"Caltrops","floor":8},{"not_picked":["Acrobatics","Dagger Throw"],"picked":"Masterful Stab","floor":11},{"not_picked":["Prepared","Deadly Poison"],"picked":"Accuracy","floor":12},{"not_picked":["Poisoned Stab","All Out Attack","Predator"],"picked":"SKIP","floor":13},{"not_picked":["All Out Attack","Acrobatics"],"picked":"Backstab","floor":14},{"not_picked":["Wraith Form v2","Tools of the Trade"],"picked":"A Thousand Cuts","floor":16},{"not_picked":["Acrobatics","Blur"],"picked":"Blade Dance+1","floor":18},{"not_picked":["Escape Plan","Dodge and Roll"],"picked":"Blur+1","floor":19},{"not_picked":["Underhanded Strike","Acrobatics+1"],"picked":"Noxious Fumes+1","floor":22},{"not_picked":["Dash","Riddle With Holes","Bane"],"picked":"SKIP","floor":27},{"not_picked":["PiercingWail","Poisoned Stab","Dodge and Roll"],"picked":"Escape Plan","floor":29},{"not_picked":["Blade Dance","Dagger Spray","Outmaneuver+1"],"picked":"Footwork","floor":31},{"not_picked":["Wraith Form v2","Die Die Die","Bullet Time"],"picked":"Venomology","floor":33},{"not_picked":["Backflip","Poisoned Stab+1","Tactician+1","All Out Attack+1"],"picked":"SKIP","floor":35},{"not_picked":["Endless Agony","Underhanded Strike+1","Poisoned Stab+1","Prepared+1"],"picked":"SKIP","floor":36}],"player_experience":151433,"relics_obtained":[{"floor":8,"key":"Darkstone Periapt"},{"floor":9,"key":"Nunchaku"},{"floor":14,"key":"Regal Pillow"},{"floor":27,"key":"Question Card"}],"event_choices":[{"cards_removed":["Defend_G"],"damage_healed":0,"gold_gain":0,"player_choice":"Card Removal","damage_taken":0,"max_hp_gain":0,"max_hp_loss":0,"event_name":"The Cleric","floor":3,"gold_loss":50},{"damage_healed":0,"gold_gain":0,"player_choice":"Success","damage_taken":12,"relics_obtained":["Omamori"],"max_hp_gain":0,"max_hp_loss":0,"event_name":"Scrap Ooze","floor":5,"gold_loss":0},{"damage_healed":0,"gold_gain":0,"player_choice":"Damaged","damage_taken":7,"max_hp_gain":0,"max_hp_loss":0,"event_name":"Wheel of Change","floor":10,"gold_loss":0},{"damage_healed":0,"gold_gain":0,"player_choice":"Got Potions","damage_taken":0,"max_hp_gain":0,"max_hp_loss":0,"event_name":"Lab","floor":20,"gold_loss":0},{"damage_healed":0,"gold_gain":0,"player_choice":"Ignored","damage_taken":0,"max_hp_gain":0,"max_hp_loss":0,"event_name":"Vampires","floor":24,"gold_loss":0},{"damage_healed":0,"gold_gain":0,"player_choice":"Opened","damage_taken":0,"relics_obtained":["Tiny Chest"],"max_hp_gain":0,"max_hp_loss":0,"event_name":"The Mausoleum","floor":25,"gold_loss":0},{"damage_healed":0,"gold_gain":0,"player_choice":"Ignored","damage_taken":0,"max_hp_gain":0,"max_hp_loss":0,"event_name":"Cursed Tome","floor":28,"gold_loss":0}],"is_beta":false,"boss_relics":[{"not_picked":["Coffee Dripper","Pandora\u0027s Box"],"picked":"Empty Cage"},{"not_picked":["Fusion Hammer","Calling Bell"],"picked":"SacredBark"}],"items_purged_floors":[21],"is_endless":false,"potions_floor_spawned":[2,7,8,13,16,19,29,31],"killed_by":"Writhing Mass","ascension_level":0}}