{"host":"0mk07bycsqo1qk03","time":1610618520,"event":{"mods":["BaseMod","Bestiary","Downfall","Hermit","Hubris","Minty Spire (QoL Compilation)","Replay The Spire","StSLib","The Cursed","The Servant 0.9.4"],"gold_per_floor":[109,109,284,284,284,284,284,284,284,284,295,327,344,27,27,126,126,100,100,100,120,395,395,408,256,256,256,256],"floor_reached":27,"language":"ENG","playtime":1026,"items_purged":[],"score":411,"play_id":"64fe4cbe-ee01-431e-8a4f-c37df059dc74","local_time":"20210114110200","is_ascension_mode":true,"campfire_choices":[{"data":"hermit:Covet","floor":6,"key":"SMITH"},{"data":"hermit:Dive","floor":8,"key":"SMITH"},{"data":"hermit:Strike_Hermit","floor":10,"key":"SMITH"},{"data":"hermit:ShadowCloak","floor":15,"key":"SMITH"},{"data":"hermit:FinalCanter","floor":23,"key":"SMITH"}],"circlet_count":0,"master_deck":["AscendersBane","hermit:Strike_Hermit+1","hermit:Strike_Hermit+1","hermit:Strike_Hermit+1","hermit:Strike_Hermit+1","hermit:Defend_Hermit+1","hermit:Defend_Hermit+1","hermit:Defend_Hermit+1","hermit:Defend_Hermit+1","hermit:Snapshot+1","hermit:Covet+1","ReplayTheSpireMod:Doomed","hermit:Dive+1","Voices","Doubt","Regret","hermit:Virtue","hermit:Malice","TheCursedMod:DoubleShield","hermit:ShadowCloak+1","hermit:FinalCanter+1","hermit:Manifest","hermit:FlashPowder","Regret","hermit:HighCaliber+1"],"relics":["hermit:Momento","Ring of Peace","ReplayTheSpireMod:Ring of Exchange","hubris:SphereOfDissonance","hubris:DisguiseKit","Replay:WaspNest","hermit:RyeStalk","Onion Ring","hubris:TerracottaHorce","Blue Doll","hubris:Metronome"],"acts_visited":["Exordium","TheCity"],"potions_floor_usage":[16,16,16,16],"damage_taken":[{"damage":0,"enemies":"2 Louse","floor":1,"turns":3},{"damage":0,"enemies":"Small Slimes","floor":11,"turns":4},{"damage":35,"enemies":"Gremlin Nob","floor":12,"turns":5},{"damage":0,"enemies":"Cultist","floor":13,"turns":4},{"damage":31,"enemies":"Slime Boss","floor":16,"turns":17},{"damage":4,"enemies":"2 Thieves","floor":18,"turns":5},{"damage":0,"enemies":"Chosen","floor":21,"turns":6},{"damage":4,"enemies":"Centurion and Healer","floor":24,"turns":11},{"damage":69,"enemies":"Gremlin Leader","floor":27,"turns":9}],"seed_played":"2316507378086207197","potions_obtained":[{"floor":12,"key":"EntropicBrew"},{"floor":13,"key":"Explosive Potion"},{"floor":24,"key":"Energy Potion"}],"is_trial":false,"path_per_floor":["M","?","?","?","?","R","?","R","T","R","M","E","M","$","R","B",null,"M","?","?","M","?","R","M","$","T","E"],"character_chosen":"HERMIT","items_purchased":["hermit:ShadowCloak","Onion Ring","Blue Doll"],"campfire_rested":0,"item_purchase_floors":[14,14,25],"current_hp_per_floor":[82,82,82,82,82,82,82,82,82,82,82,47,47,47,47,16,71,67,67,67,67,67,67,63,63,63,0,0],"gold":256,"neow_bonus":"TWENTY_PERCENT_HP_BONUS","is_daily":false,"chose_seed":false,"campfire_upgraded":5,"win_rate":0.0,"timestamp":1610618520,"path_taken":["M","?","?","?","?","R","?","R","T","R","M","E","M","$","R","BOSS","M","?","?","M","?","R","M","$","T","E"],"items_purchased_type":["Card","Relic","Relic"],"build_version":"2020-12-22","purchased_purges":0,"victory":false,"max_hp_per_floor":[89,89,89,89,89,89,89,89,89,89,89,89,89,89,89,89,89,89,89,89,89,89,89,89,89,89,89,89],"card_choices":[{"not_picked":["hermit:Ricochet","hermit:Quickdraw"],"picked":"hermit:Dive","floor":1},{"not_picked":["hermit:Coalescence","hermit:Determination","TheCursedMod:TroublousMinions"],"picked":"hermit:Virtue","floor":11},{"not_picked":["hermit:SprayPray","hermit:Midnight","TheCursedMod:BlessingInDisguise"],"picked":"hermit:Malice","floor":12},{"not_picked":["hermit:SprayPray","hermit:Manifest","hermit:WideOpen"],"picked":"TheCursedMod:DoubleShield","floor":13},{"not_picked":["hermit:Adapt","hermit:RoundhouseKick","TheCursedMod:StunningStrike"],"picked":"hermit:FinalCanter","floor":16},{"not_picked":["hermit:LowProfile","hermit:WideOpen","TheCursedMod:SoulReap"],"picked":"hermit:Manifest","floor":18},{"not_picked":["hermit:Brawl","hermit:Snipe","TheCursedMod:CircleOfBlood"],"picked":"hermit:FlashPowder","floor":21},{"not_picked":["hermit:Enervate","hermit:Horror","TheCursedMod:ReleasedKnowledge"],"picked":"hermit:HighCaliber+1","floor":24}],"player_experience":879741,"relics_obtained":[{"floor":2,"key":"Ring of Peace"},{"floor":2,"key":"ReplayTheSpireMod:Ring of Exchange"},{"floor":9,"key":"Replay:WaspNest"},{"floor":12,"key":"hermit:RyeStalk"},{"floor":26,"key":"hubris:Metronome"}],"event_choices":[{"damage_healed":0,"gold_gain":175,"player_choice":"AGREE","damage_taken":0,"max_hp_gain":0,"max_hp_loss":0,"event_name":"Liars Game","floor":3,"gold_loss":0,"cards_obtained":["Doubt"]},{"damage_healed":0,"gold_gain":0,"player_choice":"Box","damage_taken":0,"relics_obtained":["hubris:SphereOfDissonance"],"max_hp_gain":0,"max_hp_loss":0,"event_name":"Big Fish","floor":4,"gold_loss":0,"cards_obtained":["Regret"]},{"damage_healed":0,"gold_gain":0,"player_choice":"Grow","damage_taken":0,"max_hp_gain":0,"max_hp_loss":0,"event_name":"Living Wall","floor":7,"gold_loss":0,"cards_upgraded":["hermit:Snapshot"]},{"damage_healed":0,"gold_gain":0,"player_choice":"Ignored","damage_taken":0,"max_hp_gain":0,"max_hp_loss":0,"event_name":"Vampires","floor":19,"gold_loss":0},{"damage_healed":0,"gold_gain":0,"player_choice":"Simplicity","damage_taken":0,"max_hp_gain":0,"max_hp_loss":0,"event_name":"Back to Basics","floor":20,"gold_loss":0,"cards_upgraded":["hermit:Strike_Hermit","hermit:Strike_Hermit","hermit:Strike_Hermit","hermit:Defend_Hermit","hermit:Defend_Hermit","hermit:Defend_Hermit","hermit:Defend_Hermit"]},{"damage_healed":0,"gold_gain":275,"player_choice":"Desecrate","damage_taken":0,"max_hp_gain":0,"max_hp_loss":0,"event_name":"Golden Shrine","floor":22,"gold_loss":0,"cards_obtained":["Regret"]}],"is_beta":false,"boss_relics":[{"not_picked":["Snecko Eye","Fusion Hammer"],"picked":"hubris:TerracottaHorce"}],"items_purged_floors":[],"is_endless":false,"potions_floor_spawned":[12,13,24],"killed_by":"Gremlin Leader","ascension_level":10}}