{"host":"g1wmg2w41xhsnw8g","time":1610596466,"event":{"mods":["2.2 Compatiblity","Act Like it!","BaseMod","Better Altar","Better Match","Better Note","Better Sensory Stone","Better Skull","Better Third Choice","BetterRewards","Booster Modes","CapriCore","Colored Map","Colored Powertips","Defuse TimeMaze Blight","Displayed Cursed Tome","Evolution","Fox Events","Friendly Minions","GifTheSpireLib","Good Game Mod","Googly Eyes","Infinite Spire","Magitek Elite","Minty Spire (QoL Compilation)","Red Circlet Mod","Relic Sorter","SCP261 Mod","Shop Mod","Spicy Shops","StSLib","The Cursed","The Sage","Transform Curses","Wandering Minibosses","????"],"gold_per_floor":[113,388,419,449,9,34,34,54,54,88,106,106,140,213,59,170,232,258,36,311,331,331,331,331],"floor_reached":23,"language":"ENG","playtime":1042,"items_purged":[],"score":322,"play_id":"56174c08-d0c0-4b26-8f92-54f5343d760b","local_time":"20210113225426","daily_mods":["Heirloom","Elite Swarm"],"is_ascension_mode":true,"campfire_choices":[{"data":"TheCursedMod:ParallelWorld","floor":12,"key":"SMITH"}],"circlet_count":0,"master_deck":["TheCursedMod:Strike_TheCursed","TheCursedMod:CleanUpWorkshop","TheCursedMod:SpitefulStrike","TheCursedMod:TacticalStrike","TheCursedMod:VitalStrike","TheCursedMod:FuryStrike","TheCursedMod:FuryStrike","TheCursedMod:CircleOfWindfury+1","TheCursedMod:CursedSpellbook","HandOfGreed","TheCursedMod:RavingStaff","Writhe","TheCursedMod:ForbiddenAlchemy","TheCursedMod:ParallelWorld+1","TheCursedMod:Hemoplague","TheCursedMod:VoidForm","TheCursedMod:AbyssShockwave","TheCursedMod:OutForBlood","TheCursedMod:DemonicPact","TheCursedMod:CursedMace","TheCursedMod:SoulReap","TheCursedMod:Evocation","Regret","TheCursedMod:Obscuration","TheCursedMod:Stretching"],"relics":["TheCursedMod:FourLeafCloverCharm","REME:ComplimentaryCards","EVO:Axolotl","TheCursedMod:CrystalBall","Chemical X","MerchantsRug","infinitespire:FocusingShard","Shuriken","infinitespire:EmpoweringShard","Incense Burner","Molten Egg 2","Tiny Chest"],"acts_visited":["Exordium","TheCity"],"potions_floor_usage":[10,11,11,11,11,11,11,11,13,13,13,16,16,16,16,18],"damage_taken":[{"damage":11.0,"enemies":"Jaw Worm","floor":1.0,"turns":2.0},{"damage":10.0,"enemies":"infinitespire:Voidling","floor":3.0,"turns":2.0},{"damage":5.0,"enemies":"Small Slimes","floor":4.0,"turns":2.0},{"damage":18,"enemies":"Lagavulin","floor":6,"turns":3},{"damage":0,"enemies":"2 Fungi Beasts","floor":8,"turns":2},{"damage":0,"enemies":"Gremlin Nob","floor":10,"turns":2},{"damage":0,"enemies":"Large Slime","floor":11,"turns":3},{"damage":0,"enemies":"Lagavulin","floor":13,"turns":3},{"damage":69,"enemies":"Hexaghost","floor":16,"turns":5},{"damage":2,"enemies":"Shell Parasite","floor":18,"turns":2},{"damage":82,"enemies":"3 Byrds","floor":21,"turns":6},{"damage":21,"enemies":"Book of Stabbing","floor":23,"turns":2}],"seed_played":"7182087300174486948","potions_obtained":[{"floor":3.0,"key":"SpeedPotion"},{"floor":6,"key":"SCP261:DewritoBlazePotion"},{"floor":10,"key":"Swift Potion"},{"floor":11,"key":"SkillPotion"},{"floor":16,"key":"Swift Potion"},{"floor":17,"key":"Energy Potion"},{"floor":18,"key":"Energy Potion"},{"floor":21,"key":"SCP261:BarrettColaPotion"}],"is_trial":true,"path_per_floor":["M","?","M","M","$","E","?","M","T","E","M","R","E","?","R","B",null,"M","$","?","M","?","E"],"character_chosen":"THE_CURSED","items_purchased":["Chemical X","MerchantsRug","Fruit Juice","TheCursedMod:ForbiddenAlchemy","MawBank","Molten Egg 2","Tiny Chest","TheCursedMod:Evocation"],"campfire_rested":0,"item_purchase_floors":[5,5,5,5,15,19,19,19],"current_hp_per_floor":[64,64,54,49,54,36,90,90,90,90,90,90,90,90,90,21,95,93,93,93,17,17,0,0],"gold":331,"neow_bonus":"","is_daily":false,"chose_seed":false,"campfire_upgraded":1,"win_rate":0.0,"timestamp":1610596466,"path_taken":["M","?","M","?","$","E","?","M","T","E","?","R","E","?","R","BOSS","M","$","?","?","?","E"],"items_purchased_type":["Relic","Relic","Potion","Card","Relic","Relic","Relic","Card"],"build_version":"2020-12-22","purchased_purges":0,"victory":false,"max_hp_per_floor":[75,75,75,75,80,80,90,90,90,90,90,90,90,90,90,90,95,95,95,95,95,95,95,95],"card_choices":[{"not_picked":["TheCursedMod:Mangle","TheCursedMod:CircleOfCorruption","TheCursedMod:AbyssShockwave"],"picked":"SKIP","floor":1.0},{"not_picked":["TheCursedMod:CursedAmulet","TheCursedMod:CursedBlade"],"picked":"TheCursedMod:RavingStaff","floor":3.0},{"not_picked":["TheCursedMod:CircleOfFocus","TheCursedMod:TacticalStrike","TheCursedMod:CircleOfAmplification"],"picked":"SKIP","floor":4.0},{"not_picked":["TheCursedMod:StunningStrike","TheCursedMod:CircleOfAbyss"],"picked":"TheCursedMod:ParallelWorld","floor":6},{"not_picked":["TheCursedMod:HellfireBreathing","TheCursedMod:CursedBlade"],"picked":"TheCursedMod:Hemoplague","floor":8},{"not_picked":["TheCursedMod:DemonSword","TheCursedMod:Neurasthenia"],"picked":"TheCursedMod:VoidForm","floor":10},{"not_picked":["TheCursedMod:CursedArmor","TheCursedMod:CursedMace"],"picked":"TheCursedMod:AbyssShockwave","floor":11},{"not_picked":["TheCursedMod:DarkBarrier","TheCursedMod:StunningStrike"],"picked":"TheCursedMod:OutForBlood","floor":13},{"not_picked":["TheCursedMod:ForbiddenAlchemy","TheCursedMod:CircleOfAbyss"],"picked":"TheCursedMod:DemonicPact","floor":16},{"not_picked":["TheCursedMod:Stigma","TheCursedMod:ManaBullet"],"picked":"TheCursedMod:CursedMace","floor":17},{"not_picked":["TheCursedMod:RavingStaff","TheCursedMod:Torture"],"picked":"TheCursedMod:SoulReap","floor":18},{"not_picked":["TheCursedMod:VitalStrike+1","TheCursedMod:Stigma+1"],"picked":"TheCursedMod:Obscuration","floor":21}],"player_experience":1072106,"relics_obtained":[{"floor":6,"key":"infinitespire:FocusingShard"},{"floor":9,"key":"Shuriken"},{"floor":10,"key":"infinitespire:EmpoweringShard"},{"floor":13,"key":"Incense Burner"}],"event_choices":[{"damage_healed":0.0,"max_hp_gain":0.0,"max_hp_loss":0.0,"gold_gain":275.0,"event_name":"Golden Shrine","player_choice":"Desecrate","floor":2.0,"gold_loss":0.0,"damage_taken":0.0,"cards_obtained":["Regret"]},{"cards_removed":["TheCursedMod:StunningStrike"],"damage_healed":44,"gold_gain":0,"player_choice":"Offered Rare","damage_taken":0,"max_hp_gain":10,"max_hp_loss":0,"event_name":"Bonfire Elementals","floor":7,"gold_loss":0},{"damage_healed":0,"gold_gain":73,"player_choice":"Gained Gold","damage_taken":0,"max_hp_gain":0,"max_hp_loss":0,"event_name":"Golden Wing","floor":14,"gold_loss":0},{"damage_healed":0,"gold_gain":275,"player_choice":"Desecrate","damage_taken":0,"max_hp_gain":0,"max_hp_loss":0,"event_name":"Golden Shrine","floor":20,"gold_loss":0,"cards_obtained":["Regret"]},{"damage_healed":0,"gold_gain":0,"cards_transformed":["Regret"],"player_choice":"Transformed","damage_taken":0,"max_hp_gain":0,"max_hp_loss":0,"event_name":"Transmorgrifier","floor":22,"gold_loss":0,"cards_obtained":["TheCursedMod:Stretching"]}],"is_beta":false,"boss_relics":[{"not_picked":["Astrolabe","Empty Cage"],"picked":"Tiny House"}],"items_purged_floors":[],"is_endless":false,"potions_floor_spawned":[3,6,10,11,16,18,21],"killed_by":"Book of Stabbing","ascension_level":1}}