{"host":"hbmugw1tcdgjy91l","time":1610611514,"event":{"mods":["Act Like it!","Arknights The Spire","BaseMod","Downfall","Gensokyo","Gremlin Mod","GungeonMod","Lobotomy","LobotomyExtend","Mari Mod (Legacy)","Mari\u0027s V1 Patch","Minty Spire (QoL Compilation)","Pale of the Ancients","Prisma Mod","READ ME - Guardian Mod","Replay The Spire","StSLib","TestMod","WarShipGirlsR/战舰少女R mod","vexMod","【功能Mod】混沌之环修复补丁"],"gold_per_floor":[272,285,27,27,41,41,41,59,83,108,69,254,265,265],"floor_reached":13,"language":"ZHS","playtime":691,"items_purged":[],"score":83,"play_id":"b57ec569-075e-42ef-91a4-69dce18c8ec5","local_time":"20210114160514","is_ascension_mode":false,"campfire_choices":[{"data":"DemoMod:ShadowBullets","floor":6,"key":"SMITH"}],"circlet_count":0,"master_deck":["DemoMod:Strike_Huntress","DemoMod:Strike_Huntress","DemoMod:Defend_Huntress","DemoMod:Defend_Huntress","DemoMod:Defend_Huntress","DemoMod:Defend_Huntress","DemoMod:Roll","DemoMod:ManualReload","DemoMod:RustySidearm","DemoMod:CrossBow","DemoMod:CursedBullets","DemoMod:ProbeStrike","DemoMod:ShadowBullets+1","BigBird","DespairKnight","DemoMod:TeaPot","Doubt"],"relics":["DemoMod:Dog","testmod-TestBox","CogitoBucket","LetterFromLob","DemoMod:GnawedKey","testmod-Charity","MawBank"],"acts_visited":["Exordium"],"potions_floor_usage":[13],"damage_taken":[{"damage":4,"enemies":"Cultist","floor":1,"turns":4},{"damage":0,"enemies":"Small Slimes","floor":2,"turns":3},{"damage":0,"enemies":"2 Louse","floor":5,"turns":2},{"damage":18,"enemies":"Looter","floor":8,"turns":4},{"damage":48,"enemies":"3 Sentries","floor":10,"turns":11},{"damage":10,"enemies":"Gremlin Nob","floor":13,"turns":3}],"seed_played":"-3508853789983154198","potions_obtained":[{"floor":2,"key":"SkillPotion"}],"is_trial":false,"path_per_floor":["M","M","$","?","M","R","$","M","T","E","?","?","E"],"character_chosen":"HUNTRESS","items_purchased":["DemoMod:GnawedKey","testmod-Charity"],"campfire_rested":0,"item_purchase_floors":[3,3],"current_hp_per_floor":[66,66,66,66,67,67,67,51,52,5,6,8,0,0],"gold":265,"neow_bonus":"","is_daily":false,"chose_seed":false,"campfire_upgraded":1,"win_rate":0.0,"timestamp":1610611514,"path_taken":["M","M","?","?","M","R","$","M","T","E","?","?","E"],"items_purchased_type":["Relic","Relic"],"build_version":"2020-12-22","purchased_purges":0,"victory":false,"max_hp_per_floor":[70,70,70,70,71,71,71,73,74,75,76,78,79,79],"card_choices":[{"not_picked":["DemoMod:SAA","DemoMod:StickyCrossBow"],"picked":"DemoMod:CursedBullets","floor":1},{"not_picked":["OldLady","SpiderBud"],"picked":"Yin","floor":1},{"not_picked":["DemoMod:GunstockTap","DemoMod:MachoBrace"],"picked":"DemoMod:ProbeStrike","floor":2},{"not_picked":["DemoMod:SAA","DemoMod:GunShield"],"picked":"DemoMod:ShadowBullets","floor":5},{"not_picked":["MeatLantern","CENSORED"],"picked":"BigBird","floor":5},{"not_picked":["Murderer","CherryBlossoms"],"picked":"DespairKnight","floor":8},{"not_picked":["DemoMod:SuppressiveFire","DemoMod:BattleInHaste","DemoMod:MachoBrace"],"picked":"SKIP","floor":8},{"not_picked":["DemoMod:AbyssalTentacle","DemoMod:BoxingGlove"],"picked":"DemoMod:TeaPot","floor":10}],"player_experience":415709,"relics_obtained":[{"floor":1,"key":"LetterFromLob"},{"floor":10,"key":"MawBank"}],"event_choices":[{"damage_healed":0,"gold_gain":0,"player_choice":"Ignored","damage_taken":0,"max_hp_gain":0,"max_hp_loss":0,"event_name":"给自己的盒子","floor":4,"gold_loss":0},{"cards_removed":["DemoMod:Strike_Huntress"],"damage_healed":0,"gold_gain":0,"player_choice":"Card Removal","damage_taken":0,"max_hp_gain":0,"max_hp_loss":0,"event_name":"The Cleric","floor":11,"gold_loss":50},{"damage_healed":0,"gold_gain":175,"player_choice":"AGREE","damage_taken":0,"max_hp_gain":0,"max_hp_loss":0,"event_name":"Liars Game","floor":12,"gold_loss":0,"cards_obtained":["Doubt"]}],"is_beta":false,"boss_relics":[],"items_purged_floors":[],"is_endless":false,"potions_floor_spawned":[2],"killed_by":"Gremlin Nob","ascension_level":0}}