{"host":"uzp1tn8qxn9571p9","time":1610653719,"event":{"mods":["BaseMod","Colored Map","Colored Powertips","Conspire","Hermit","Minty Spire (QoL Compilation)","Shop Mod","StSLib","óô»ðÖ¸ÄÏ"],"gold_per_floor":[119,137,137,137,152,183,183,210,210,210,220,220,1,33,33,33,33],"floor_reached":16,"language":"ZHS","playtime":607,"items_purged":["hermit:Vantage"],"score":260,"play_id":"4fcc7495-4b92-4469-9455-f387e746f29e","local_time":"20210115034839","is_ascension_mode":true,"campfire_choices":[{"data":"hermit:BlackWind","floor":15,"key":"SMITH"}],"circlet_count":0,"master_deck":["conspire:GhostlyStrike","conspire:GhostlyStrike","conspire:GhostlyStrike","conspire:GhostlyStrike","conspire:GhostlyDefend","conspire:GhostlyDefend","conspire:GhostlyDefend","conspire:GhostlyDefend","hermit:Snapshot","hermit:Covet","hermit:Combo","hermit:ItchyTrigger","hermit:Determination","hermit:BlackWind+1","hermit:Quickdraw"],"relics":["hermit:Momento","Bird Faced Urn","Oddly Smooth Stone","Mango","conspire:DecoderRing","CeramicFish","Happy Flower"],"acts_visited":["Exordium"],"potions_floor_usage":[],"damage_taken":[{"damage":1.0,"enemies":"Small Slimes","floor":1.0,"turns":4.0},{"damage":12.0,"enemies":"conspire:RoseBush","floor":2.0,"turns":2.0},{"damage":0.0,"enemies":"2 Louse","floor":5.0,"turns":3.0},{"damage":34.0,"enemies":"Lagavulin","floor":6.0,"turns":8.0},{"damage":40.0,"enemies":"3 Sentries","floor":8.0,"turns":7.0},{"damage":0.0,"enemies":"Large Slime","floor":11.0,"turns":2.0},{"damage":4.0,"enemies":"Gremlin Nob","floor":14.0,"turns":3.0},{"damage":19,"enemies":"The Guardian","floor":16,"turns":3}],"seed_played":"7594019366477053657","potions_obtained":[{"floor":2.0,"key":"Dexterity Potion"},{"floor":5.0,"key":"ColorlessPotion"},{"floor":6.0,"key":"Weak Potion"}],"is_trial":false,"path_per_floor":["M","M","?","?","M","E","?","E","T","?","M","?","$","E","R","B"],"character_chosen":"HERMIT","items_purchased":["CeramicFish"],"campfire_rested":0,"item_purchase_floors":[13],"current_hp_per_floor":[74,62,62,55,55,39,39,3,3,3,3,8,8,8,8,0,0],"gold":33,"neow_bonus":"ONE_RARE_RELIC","is_daily":false,"chose_seed":false,"campfire_upgraded":1,"win_rate":0.0,"timestamp":1610653719,"path_taken":["M","M","?","?","M","E","?","E","T","?","?","?","?","E","R","BOSS"],"items_purchased_type":["Relic"],"build_version":"2020-12-22","purchased_purges":1,"victory":false,"max_hp_per_floor":[75,75,75,75,75,89,89,89,89,89,89,94,94,94,94,94,94],"card_choices":[{"not_picked":["hermit:Vantage","hermit:TakeCover"],"picked":"hermit:Combo","floor":1.0},{"not_picked":["hermit:Quickdraw","hermit:Headshot"],"picked":"hermit:ItchyTrigger","floor":2.0},{"not_picked":["hermit:HighCaliber","hermit:BodyArmor"],"picked":"hermit:Vantage","floor":5.0},{"not_picked":["hermit:ShadowCloak","hermit:Manifest"],"picked":"hermit:Determination","floor":6.0},{"not_picked":["hermit:ShadowCloak","hermit:HoleUp"],"picked":"hermit:BlackWind","floor":8.0},{"not_picked":["hermit:Ricochet","hermit:Headshot"],"picked":"hermit:Quickdraw","floor":11.0},{"not_picked":["hermit:Manifest","hermit:ShadowCloak","hermit:Cheat"],"picked":"SKIP","floor":14.0}],"player_experience":353042,"relics_obtained":[{"floor":6.0,"key":"Mango"},{"floor":8.0,"key":"conspire:DecoderRing"},{"floor":14.0,"key":"Happy Flower"}],"event_choices":[{"cards_removed":["conspire:NecroticWound"],"damage_healed":0.0,"max_hp_gain":0.0,"max_hp_loss":0.0,"gold_gain":0.0,"event_name":"Living Wall","player_choice":"Forget","floor":3.0,"gold_loss":0.0,"damage_taken":0.0},{"damage_healed":0.0,"max_hp_gain":0.0,"max_hp_loss":0.0,"gold_gain":0.0,"event_name":"Scrap Ooze","player_choice":"Success","floor":4.0,"gold_loss":0.0,"damage_taken":7.0,"relics_obtained":["Oddly Smooth Stone"]},{"damage_healed":0.0,"max_hp_gain":0.0,"max_hp_loss":0.0,"gold_gain":0.0,"event_name":"conspire:LoneGhost","player_choice":"Agree","floor":7.0,"gold_loss":0.0,"damage_taken":0.0},{"damage_healed":0.0,"max_hp_gain":0.0,"max_hp_loss":0.0,"gold_gain":0.0,"event_name":"FaceTrader","player_choice":"Leave","floor":10.0,"gold_loss":0.0,"damage_taken":0.0},{"damage_healed":0.0,"max_hp_gain":5.0,"max_hp_loss":0.0,"gold_gain":0.0,"event_name":"Big Fish","player_choice":"Donut","floor":12.0,"gold_loss":0.0,"damage_taken":0.0}],"is_beta":false,"boss_relics":[],"items_purged_floors":[13],"is_endless":false,"potions_floor_spawned":[2,5,6],"killed_by":"The Guardian","ascension_level":2}}