{"host":"4nqeo0vu1vuav7gg","time":1610655668,"event":{"mods":["AchievementEnabler","BaseMod","Block Reminder","Colored Map","Colored Powertips","Highlight Path","Minty Spire (QoL Compilation)","Quick Restart","Rare Cards Sparkle","Relic Relevance Reorder","StSLib"],"gold_per_floor":[119,133,144,99,274,308,308,342,342,362,362,417,417,449,449,550,550,569,569,586,619,629,660,660,675,721,213,213,78,78,113,113,210,210,223,273,273,25,247,247,247],"floor_reached":40,"language":"ENG","playtime":2930,"items_purged":["Doubt","Strike_P"],"score":485,"play_id":"50257300-f567-4859-912a-dee38a60e8e0","local_time":"20210114212108","is_ascension_mode":true,"campfire_choices":[{"floor":11.0,"key":"REST"},{"floor":13.0,"key":"REST"},{"data":"Crescendo","floor":15.0,"key":"SMITH"},{"floor":24.0,"key":"REST"},{"floor":28.0,"key":"REST"},{"floor":32.0,"key":"REST"}],"circlet_count":0,"master_deck":["Strike_P","Strike_P","Strike_P","Defend_P","Defend_P","Defend_P","Defend_P","Eruption","Vigilance","Conclude","Crescendo+1","InnerPeace","EmptyFist","FlurryOfBlows","EmptyBody","FlurryOfBlows","FollowUp","Judgement","Halt","Evaluate","FlurryOfBlows","PathToVictory+1","JustLucky","Prostrate","Worship","ThirdEye+1","Alpha+1","EmptyMind+1"],"relics":["Art of War","Damaru","HornCleat","NeowsBlessing","Bottled Lightning","MutagenicStrength","Red Mask","Oddly Smooth Stone","Pantograph","HolyWater","PureWater","Toxic Egg 2","Peace Pipe","Omamori","Pear","Frozen Eye","VioletLotus"],"acts_visited":["Exordium","TheCity","TheBeyond"],"potions_floor_usage":[33,33],"damage_taken":[{"damage":0.0,"enemies":"Cultist","floor":1.0,"turns":1.0},{"damage":0.0,"enemies":"2 Louse","floor":2.0,"turns":1.0},{"damage":0.0,"enemies":"Jaw Worm","floor":3.0,"turns":1.0},{"damage":21.0,"enemies":"3 Sentries","floor":6.0,"turns":8.0},{"damage":23.0,"enemies":"Lagavulin","floor":8.0,"turns":5.0},{"damage":0.0,"enemies":"Looter","floor":10.0,"turns":4.0},{"damage":13.0,"enemies":"3 Sentries","floor":14.0,"turns":6.0},{"damage":41.0,"enemies":"Hexaghost","floor":16.0,"turns":9.0},{"damage":10.0,"enemies":"Chosen","floor":18.0,"turns":3.0},{"damage":17.0,"enemies":"3 Byrds","floor":20.0,"turns":5.0},{"damage":15.0,"enemies":"Masked Bandits","floor":21.0,"turns":3.0},{"damage":5.0,"enemies":"Snake Plant","floor":22.0,"turns":3.0},{"damage":10.0,"enemies":"Slavers","floor":23.0,"turns":3.0},{"damage":20.0,"enemies":"Snecko","floor":25.0,"turns":4.0},{"damage":23.0,"enemies":"Gremlin Leader","floor":31.0,"turns":8.0},{"damage":50,"enemies":"Automaton","floor":33,"turns":9},{"damage":1,"enemies":"3 Shapes","floor":35,"turns":4},{"damage":36,"enemies":"Mind Bloom Boss Battle","floor":36,"turns":6},{"damage":99,"enemies":"Giant Head","floor":40,"turns":8}],"seed_played":"7059089197283941117","potions_obtained":[{"floor":1.0,"key":"PowerPotion"},{"floor":6.0,"key":"Strength Potion"},{"floor":8.0,"key":"Dexterity Potion"},{"floor":25.0,"key":"PowerPotion"},{"floor":31.0,"key":"BlessingOfTheForge"},{"floor":36,"key":"BottledMiracle"}],"is_trial":false,"path_per_floor":["M","M","M","$","?","E","T","E","T","M","R","?","R","E","R","B",null,"M","?","M","?","M","E","R","M","T","$","R","$","?","E","R","B",null,"M","?","?","$","?","E"],"character_chosen":"WATCHER","items_purchased":["EmptyFist","Pear","Frozen Eye","Prostrate","Worship","Pantograph"],"campfire_rested":5,"item_purchase_floors":[4,27,27,27,29,38],"current_hp_per_floor":[72,72,72,72,72,51,51,28,28,28,49,49,70,57,57,16,72,62,62,45,30,25,15,36,16,16,26,50,50,50,27,51,1,82,81,45,66,66,66,0,0],"gold":247,"neow_bonus":"THREE_ENEMY_KILL","is_daily":false,"chose_seed":false,"campfire_upgraded":1,"win_rate":0.0,"timestamp":1610655668,"path_taken":["M","?","M","$","?","E","?","E","T","M","R","?","R","E","R","BOSS","M","?","M","?","?","E","R","M","T","$","R","$","?","E","R","BOSS","M","?","?","$","?","E"],"items_purchased_type":["Card","Relic","Relic","Card","Card","Relic"],"build_version":"2020-12-22","purchased_purges":2,"victory":false,"max_hp_per_floor":[72,72,72,72,72,72,72,72,72,72,72,72,72,72,72,72,72,72,72,72,72,72,72,72,72,72,82,82,82,82,82,82,82,82,82,82,82,82,82,82,82],"card_choices":[{"not_picked":["EmptyFist","CrushJoints"],"picked":"Conclude","floor":1.0},{"not_picked":["FlyingSleeves","Consecrate"],"picked":"Crescendo","floor":2.0},{"not_picked":["Pray","Sanctity"],"picked":"InnerPeace","floor":3.0},{"not_picked":["Prostrate","Protect"],"picked":"FlurryOfBlows","floor":6.0},{"not_picked":["Pray","Adaptation"],"picked":"EmptyBody","floor":8.0},{"not_picked":["Conclude","PathToVictory"],"picked":"FlurryOfBlows","floor":10.0},{"not_picked":["Vault","Collect"],"picked":"FollowUp","floor":14.0},{"not_picked":["SpiritShield","Brilliance"],"picked":"Judgement","floor":16.0},{"not_picked":["EmptyBody+1","CutThroughFate"],"picked":"Halt","floor":18.0},{"not_picked":["WaveOfTheHand","Halt"],"picked":"Evaluate","floor":20.0},{"not_picked":["CutThroughFate+1","LikeWater"],"picked":"FlurryOfBlows","floor":22.0},{"not_picked":["Tantrum","CutThroughFate"],"picked":"PathToVictory+1","floor":23.0},{"not_picked":["FollowUp","CrushJoints+1"],"picked":"JustLucky","floor":25.0},{"not_picked":["Conclude","PathToVictory+1"],"picked":"ThirdEye+1","floor":31.0},{"not_picked":["DeusExMachina+1","MasterReality"],"picked":"Alpha+1","floor":33},{"not_picked":["MentalFortress","PathToVictory+1"],"picked":"EmptyMind+1","floor":35}],"player_experience":1060520,"relics_obtained":[{"floor":6.0,"key":"Shuriken"},{"floor":7.0,"key":"Bottled Lightning"},{"floor":8.0,"key":"Art of War"},{"floor":9.0,"key":"Omamori"},{"floor":14.0,"key":"Damaru"},{"floor":21.0,"key":"Red Mask"},{"floor":23.0,"key":"HornCleat"},{"floor":26.0,"key":"Oddly Smooth Stone"},{"floor":31.0,"key":"Toxic Egg 2"},{"floor":36,"key":"Peace Pipe"}],"event_choices":[{"damage_healed":0.0,"max_hp_gain":0.0,"max_hp_loss":0.0,"gold_gain":175.0,"event_name":"Liars Game","player_choice":"AGREE","floor":5.0,"gold_loss":0.0,"damage_taken":0.0,"cards_obtained":["Doubt"]},{"damage_healed":0.0,"max_hp_gain":0.0,"max_hp_loss":0.0,"gold_gain":55.0,"event_name":"Golden Wing","player_choice":"Gained Gold","floor":12.0,"gold_loss":0.0,"damage_taken":0.0},{"damage_healed":0.0,"max_hp_gain":0.0,"max_hp_loss":0.0,"gold_gain":0.0,"event_name":"Drug Dealer","player_choice":"Inject Mutagens","floor":19.0,"gold_loss":0.0,"damage_taken":0.0,"relics_obtained":["MutagenicStrength"]},{"damage_healed":0.0,"max_hp_gain":0.0,"max_hp_loss":0.0,"gold_gain":0.0,"event_name":"Masked Bandits","player_choice":"Fought Bandits","floor":21.0,"gold_loss":0.0,"damage_taken":0.0},{"damage_healed":0.0,"max_hp_gain":0.0,"max_hp_loss":0.0,"gold_gain":0.0,"event_name":"Vampires","player_choice":"Ignored","floor":30.0,"gold_loss":0.0,"damage_taken":0.0},{"damage_healed":0,"gold_gain":0,"player_choice":"Fight","damage_taken":0,"max_hp_gain":0,"max_hp_loss":0,"event_name":"MindBloom","floor":36,"gold_loss":0},{"damage_healed":21,"gold_gain":0,"player_choice":"Writhe","damage_taken":0,"max_hp_gain":0,"max_hp_loss":0,"event_name":"Winding Halls","floor":37,"gold_loss":0,"cards_obtained":["Writhe"]},{"damage_healed":0,"gold_gain":222,"player_choice":"Wore Mask","damage_taken":0,"max_hp_gain":0,"max_hp_loss":0,"event_name":"Tomb of Lord Red Mask","floor":39,"gold_loss":0}],"is_beta":false,"boss_relics":[{"not_picked":["Ectoplasm","Busted Crown"],"picked":"VioletLotus"},{"not_picked":["Runic Dome","Pandora\u0027s Box"],"picked":"HolyWater"}],"items_purged_floors":[27,29],"is_endless":false,"potions_floor_spawned":[1,6,8,10,20,25,31,36],"killed_by":"Giant Head","ascension_level":1}}