{"host":"Jedit","time":1610665350,"event":{"mods":["BaseMod","Minty Spire (QoL Compilation)","Relic Stats","StSLib"],"gold_per_floor":[111,186,461,474,498,528,38,38,38,67,79,99,4,22,22,93,93,66,66,94,107,22,22,55,75,75,75,75],"floor_reached":27,"language":"ENG","playtime":1133,"items_purged":["Regret"],"score":582,"play_id":"ab4789a5-25ce-44e0-bfbd-0b4f20c83563","local_time":"20210114230230","is_ascension_mode":true,"campfire_choices":[{"floor":15.0,"key":"REST"},{"data":"Blade Dance","floor":23.0,"key":"SMITH"}],"circlet_count":0,"master_deck":["AscendersBane","Defend_G","Defend_G","Defend_G","Defend_G","Defend_G","Survivor","Neutralize","Blade Dance+1","Riddle With Holes","Leg Sweep","Dash","Blade Dance","Accuracy","Sucker Punch","Choke","Cloak And Dagger","Storm of Steel","Blur+1","Bite","Bite","Bite","Bite","Bite","Blade Dance","PiercingWail+1","Blade Dance+1","Deflect"],"relics":["Ring of the Serpent","NeowsBlessing","Orichalcum","Bottled Lightning","Mummified Hand","Peace Pipe","StoneCalendar","Red Mask","Molten Egg 2","Anchor","Question Card"],"acts_visited":["Exordium","TheCity"],"potions_floor_usage":[27],"damage_taken":[{"damage":0.0,"enemies":"Jaw Worm","floor":1.0,"turns":1.0},{"damage":0.0,"enemies":"Small Slimes","floor":4.0,"turns":1.0},{"damage":0.0,"enemies":"3 Sentries","floor":6.0,"turns":1.0},{"damage":42.0,"enemies":"Lagavulin","floor":10.0,"turns":7.0},{"damage":0.0,"enemies":"Cultist","floor":11.0,"turns":2.0},{"damage":2.0,"enemies":"Exordium Thugs","floor":12.0,"turns":4.0},{"damage":0.0,"enemies":"3 Louse","floor":14.0,"turns":4.0},{"damage":25.0,"enemies":"The Guardian","floor":16.0,"turns":18.0},{"damage":16.0,"enemies":"2 Thieves","floor":18.0,"turns":4.0},{"damage":17.0,"enemies":"Masked Bandits","floor":20.0,"turns":4.0},{"damage":0.0,"enemies":"3 Byrds","floor":21.0,"turns":7.0},{"damage":25.0,"enemies":"Slavers","floor":24.0,"turns":7.0},{"damage":28.0,"enemies":"Snake Plant","floor":25.0,"turns":7.0},{"damage":3,"enemies":"Cultist and Chosen","floor":27,"turns":5}],"seed_played":"639793899412241635","potions_obtained":[{"floor":4.0,"key":"SteroidPotion"},{"floor":11.0,"key":"Fruit Juice"},{"floor":12.0,"key":"Fire Potion"},{"floor":18.0,"key":"Explosive Potion"},{"floor":25.0,"key":"DistilledChaos"}],"is_trial":false,"path_per_floor":["M","?","?","M","T","E","$","?","T","E","M","M","$","M","R","B",null,"M","?","?","M","?","R","E","M","T","M"],"character_chosen":"THE_SILENT","items_purchased":["Dash","Blade Dance","Bottled Lightning","Choke","SpeedPotion"],"campfire_rested":1,"item_purchase_floors":[7,7,7,13,13],"current_hp_per_floor":[59,48,48,48,48,48,48,48,48,6,6,9,9,9,30,5,55,39,39,28,38,38,38,23,1,1,4,4],"gold":75,"neow_bonus":"THREE_ENEMY_KILL","is_daily":false,"chose_seed":false,"campfire_upgraded":1,"win_rate":0.0,"timestamp":1610665350,"path_taken":["M","?","?","?","?","E","$","?","T","E","M","M","$","M","R","BOSS","M","?","?","M","?","R","E","M","T","M"],"items_purchased_type":["Card","Card","Relic","Card","Potion"],"build_version":"2020-12-18","purchased_purges":1,"victory":false,"max_hp_per_floor":[66,66,66,66,66,66,66,66,66,66,66,71,71,71,71,71,71,71,49,49,49,49,49,49,49,49,49,49],"relic_stats":{"Peace Pipe":0,"counters":[14,72],"Mummified Hand":[6],"StoneCalendar":[87],"Orichalcum":[108],"Question Card":0,"obtain_stats":[{"Peace Pipe":9,"Anchor":24,"NeowsBlessing":0,"Mummified Hand":8,"StoneCalendar":10,"Molten Egg 2":22,"Red Mask":20,"Bottled Lightning":7,"Orichalcum":6,"Question Card":26,"Ring of the Serpent":17,"Ring of the Snake":0},{"Peace Pipe":3,"Anchor":12,"NeowsBlessing":0,"Mummified Hand":3,"StoneCalendar":4,"Molten Egg 2":11,"Red Mask":10,"Bottled Lightning":3,"Orichalcum":3,"Question Card":13,"Ring of the Serpent":8,"Ring of the Snake":0},{"Peace Pipe":3,"Anchor":60,"NeowsBlessing":0,"Mummified Hand":3,"StoneCalendar":10,"Molten Egg 2":53,"Red Mask":46,"Bottled Lightning":3,"Orichalcum":3,"Question Card":67,"Ring of the Serpent":38,"Ring of the Snake":0}]},"card_choices":[{"not_picked":["Deflect","Terror"],"picked":"Blade Dance","floor":1.0},{"not_picked":["Slice","Deflect"],"picked":"Riddle With Holes","floor":4.0},{"not_picked":["Dodge and Roll","Deadly Poison"],"picked":"Leg Sweep","floor":6.0},{"not_picked":["Sucker Punch","Calculated Gamble"],"picked":"Accuracy","floor":10.0},{"not_picked":["Concentrate","Outmaneuver","Bouncing Flask"],"picked":"SKIP","floor":11.0},{"not_picked":["Underhanded Strike","Quick Slash"],"picked":"Sucker Punch","floor":12.0},{"not_picked":["Dagger Throw","Eviscerate"],"picked":"Cloak And Dagger","floor":14.0},{"not_picked":["Malaise","Venomology"],"picked":"Storm of Steel","floor":16.0},{"not_picked":["Backstab","PiercingWail"],"picked":"Blur+1","floor":18.0},{"not_picked":["Prepared","Concentrate"],"picked":"Blade Dance","floor":20.0},{"not_picked":["Blur","Blade Dance"],"picked":"PiercingWail+1","floor":21.0},{"not_picked":["Skewer+1","Well Laid Plans"],"picked":"Blade Dance+1","floor":24.0},{"not_picked":["Poisoned Stab+1","Quick Slash+1"],"picked":"Deflect","floor":25.0}],"player_experience":3449468,"relics_obtained":[{"floor":6.0,"key":"Orichalcum"},{"floor":9.0,"key":"Peace Pipe"},{"floor":10.0,"key":"StoneCalendar"},{"floor":20.0,"key":"Red Mask"},{"floor":24.0,"key":"Anchor"},{"floor":26.0,"key":"Question Card"}],"event_choices":[{"damage_healed":0.0,"max_hp_gain":0.0,"max_hp_loss":0.0,"gold_gain":75.0,"event_name":"World of Goop","player_choice":"Gather Gold","floor":2.0,"gold_loss":0.0,"damage_taken":11.0},{"damage_healed":0.0,"max_hp_gain":0.0,"max_hp_loss":0.0,"gold_gain":275.0,"event_name":"Golden Shrine","player_choice":"Desecrate","floor":3.0,"gold_loss":0.0,"damage_taken":0.0,"cards_obtained":["Regret"]},{"damage_healed":0.0,"max_hp_gain":0.0,"max_hp_loss":0.0,"gold_gain":0.0,"event_name":"Dead Adventurer","player_choice":"Searched \u00272\u0027 times","floor":8.0,"gold_loss":0.0,"damage_taken":0.0,"relics_obtained":["Mummified Hand"]},{"damage_healed":0.0,"max_hp_gain":0.0,"max_hp_loss":22.0,"gold_gain":0.0,"event_name":"Vampires","player_choice":"Became a vampire","floor":19.0,"gold_loss":0.0,"damage_taken":0.0,"cards_obtained":["Bite","Bite","Bite","Bite","Bite"]},{"damage_healed":0.0,"max_hp_gain":0.0,"max_hp_loss":0.0,"gold_gain":0.0,"event_name":"Masked Bandits","player_choice":"Fought Bandits","floor":20.0,"gold_loss":0.0,"damage_taken":0.0},{"damage_healed":0.0,"max_hp_gain":0.0,"max_hp_loss":0.0,"gold_gain":0.0,"event_name":"Addict","player_choice":"Obtained Relic","floor":22.0,"gold_loss":85.0,"damage_taken":0.0,"relics_obtained":["Molten Egg 2"]}],"is_beta":true,"boss_relics":[{"not_picked":["Black Star","Sozu"],"picked":"Ring of the Serpent"}],"items_purged_floors":[7],"is_endless":false,"potions_floor_spawned":[4,11,12,18,25],"killed_by":"Cultist and Chosen","ascension_level":20}}