{"host":"1a3cjta80tad0aqj","time":1610600943,"event":{"mods":["2.2 Compatiblity","AchievementEnabler","BaseMod","Colored Map","DeckTracker","KOR Keyword Fix","Keyboard Shortcuts","Minty Spire (QoL Compilation)","Permanent Neow","Quick Restart","Random Character Button","StSLib","SuperFastMode","everything is the same but u backflip on backflip"],"gold_per_floor":[114,129,144,159,9,39,54,69,94,94,109,109,109,124,124,224,224,239,254,269,284,50,50,65,65,90,90,105,204,204,234,234,234,234],"floor_reached":33,"language":"KOR","playtime":2158,"items_purged":[],"score":423,"play_id":"8edc3ed3-9541-4966-8b13-8d25bde2c2b2","local_time":"20210114140903","daily_mods":["Insanity","Uncertain Future","Binary"],"is_ascension_mode":false,"campfire_choices":[{"floor":12.0,"key":"REST"},{"data":"Catalyst","floor":15.0,"key":"SMITH"},{"data":"Venomology","floor":23.0,"key":"SMITH"},{"floor":27.0,"key":"REST"},{"floor":32.0,"key":"REST"}],"circlet_count":0,"master_deck":["Dash","Sucker Punch","Accuracy","Distraction","Deadly Poison","Terror","Poisoned Stab","Distraction","Backstab+1","Blade Dance","Dagger Throw+1","Dodge and Roll","Crippling Poison","Acrobatics","Distraction","Dash","Skewer","Expertise","Deflect","Heel Hook","Deadly Poison","Deflect","Acrobatics","PiercingWail","Dodge and Roll","Distraction","Dodge and Roll","Cloak And Dagger","Outmaneuver","Leg Sweep","Bane","Prepared","Catalyst+1","Blade Dance","Flying Knee","Acrobatics","Prepared","All Out Attack","Backflip","Reflex","Predator","Dagger Spray","Catalyst","Slice","Tactician","Eviscerate","PiercingWail","Well Laid Plans","Deadly Poison","Blade Dance","PiercingWail","Blade Dance","PiercingWail","Crippling Poison","Adrenaline","Calculated Gamble","Calculated Gamble","Malaise","Deadly Poison+1","Venomology+1","Bandage Up","Blade Dance+1","Slice"],"relics":["Ring of the Snake","Happy Flower","Regal Pillow","Oddly Smooth Stone","SacredBark","Whetstone","Smiling Mask"],"acts_visited":["TheCity"],"potions_floor_usage":[33],"damage_taken":[{"damage":0.0,"enemies":"Cultist","floor":1.0,"turns":3.0},{"damage":0.0,"enemies":"2 Louse","floor":2.0,"turns":1.0},{"damage":7.0,"enemies":"Small Slimes","floor":3.0,"turns":3.0},{"damage":0.0,"enemies":"Blue Slaver","floor":4.0,"turns":2.0},{"damage":8.0,"enemies":"Lagavulin","floor":6.0,"turns":3.0},{"damage":0.0,"enemies":"3 Louse","floor":7.0,"turns":2.0},{"damage":4.0,"enemies":"Gremlin Gang","floor":8.0,"turns":3.0},{"damage":11.0,"enemies":"Red Slaver","floor":11.0,"turns":4.0},{"damage":4.0,"enemies":"Blue Slaver","floor":14.0,"turns":2.0},{"damage":30.0,"enemies":"Slime Boss","floor":16.0,"turns":9.0},{"damage":5.0,"enemies":"Chosen","floor":18.0,"turns":4.0},{"damage":4.0,"enemies":"2 Thieves","floor":19.0,"turns":4.0},{"damage":8.0,"enemies":"Centurion and Healer","floor":20.0,"turns":8.0},{"damage":6.0,"enemies":"Snake Plant","floor":21.0,"turns":6.0},{"damage":16.0,"enemies":"Sentry and Sphere","floor":24.0,"turns":8.0},{"damage":0.0,"enemies":"Snecko","floor":28.0,"turns":4.0},{"damage":23.0,"enemies":"Slavers","floor":31.0,"turns":5.0},{"damage":44,"enemies":"Champ","floor":33,"turns":8}],"seed_played":"-4891952413640654339","potions_obtained":[{"floor":1.0,"key":"Dexterity Potion"},{"floor":2.0,"key":"SteroidPotion"},{"floor":4.0,"key":"Poison Potion"},{"floor":7.0,"key":"SmokeBomb"},{"floor":11.0,"key":"SkillPotion"},{"floor":16.0,"key":"SpeedPotion"},{"floor":31.0,"key":"Fire Potion"}],"is_trial":false,"path_per_floor":["M","M","M","M","$","E","M","M","T","?","M","R","$","M","R","B",null,"M","M","M","M","$","R","M","?","T","R","M","?","?","E","R","B"],"character_chosen":"THE_SILENT","items_purchased":["Happy Flower","Venomology","Bandage Up"],"campfire_rested":3,"item_purchase_floors":[5,22,22],"current_hp_per_floor":[70,70,63,63,63,55,55,51,51,51,40,70,70,66,66,36,70,65,61,53,47,47,47,35,35,35,70,70,70,70,47,70,26,26],"gold":234,"neow_bonus":"","is_daily":true,"chose_seed":false,"campfire_upgraded":2,"win_rate":0.0,"timestamp":1610600943,"path_taken":["M","M","M","?","?","E","M","M","T","?","M","R","$","M","R","BOSS","M","M","M","M","$","R","M","?","T","R","M","?","?","E","R","BOSS"],"items_purchased_type":["Relic","Card","Card"],"build_version":"2020-12-22","purchased_purges":0,"victory":false,"max_hp_per_floor":[70,70,70,70,70,70,70,70,70,70,70,70,70,70,70,70,70,70,70,70,70,70,70,70,70,70,70,70,70,70,70,70,70,70],"card_choices":[{"not_picked":["Dodge and Roll"],"picked":"Blade Dance","floor":1.0},{"not_picked":["Sucker Punch"],"picked":"PiercingWail","floor":2.0},{"not_picked":["Acrobatics","Underhanded Strike"],"picked":"SKIP","floor":3.0},{"not_picked":["Flying Knee"],"picked":"Blade Dance","floor":4.0},{"not_picked":["Finisher"],"picked":"PiercingWail","floor":6.0},{"not_picked":["Dagger Throw"],"picked":"Crippling Poison","floor":7.0},{"not_picked":["Prepared"],"picked":"Adrenaline","floor":8.0},{"not_picked":["Cloak And Dagger"],"picked":"Calculated Gamble","floor":11.0},{"not_picked":["Prepared"],"picked":"Calculated Gamble","floor":14.0},{"not_picked":["Night Terror"],"picked":"Malaise","floor":16.0},{"not_picked":["Sucker Punch+1"],"picked":"Deadly Poison+1","floor":18.0},{"not_picked":["Outmaneuver","Unload"],"picked":"SKIP","floor":19.0},{"not_picked":["Sucker Punch","Prepared"],"picked":"SKIP","floor":20.0},{"not_picked":["Dodge and Roll","Deflect"],"picked":"SKIP","floor":21.0},{"not_picked":["Flying Knee"],"picked":"Blade Dance+1","floor":24.0},{"not_picked":["Flying Knee","Infinite Blades"],"picked":"SKIP","floor":28.0},{"not_picked":["Dagger Throw","Prepared"],"picked":"SKIP","floor":31.0}],"player_experience":306051,"relics_obtained":[{"floor":6.0,"key":"Regal Pillow"},{"floor":9.0,"key":"Oddly Smooth Stone"},{"floor":26.0,"key":"Whetstone"},{"floor":31.0,"key":"Smiling Mask"}],"event_choices":[{"damage_healed":0.0,"max_hp_gain":0.0,"max_hp_loss":0.0,"gold_gain":0.0,"event_name":"Scrap Ooze","player_choice":"Fled","floor":10.0,"gold_loss":0.0,"damage_taken":0.0},{"damage_healed":0.0,"max_hp_gain":0.0,"max_hp_loss":0.0,"gold_gain":0.0,"event_name":"Ghosts","player_choice":"Ignored","floor":25.0,"gold_loss":0.0,"damage_taken":0.0},{"damage_healed":0.0,"max_hp_gain":0.0,"max_hp_loss":0.0,"gold_gain":99.0,"event_name":"Nest","player_choice":"Stole From Cult","floor":29.0,"gold_loss":0.0,"damage_taken":0.0},{"damage_healed":0.0,"max_hp_gain":0.0,"max_hp_loss":0.0,"gold_gain":0.0,"cards_transformed":["Concentrate"],"event_name":"Transmorgrifier","player_choice":"Transformed","floor":30.0,"gold_loss":0.0,"damage_taken":0.0,"cards_obtained":["Slice"]}],"is_beta":false,"boss_relics":[{"not_picked":["Sozu","Ectoplasm"],"picked":"SacredBark"}],"items_purged_floors":[],"is_endless":false,"potions_floor_spawned":[1,2,4,7,11,16,20,21,31],"killed_by":"Champ","ascension_level":0}}