{"host":"x21cvmfdo17nyhii","time":1610660106,"event":{"mods":["AchievementEnabler","BaseMod","Colored Map","Colored Powertips","DeckTracker","Highlight Path","Minty Spire (QoL Compilation)","Quick Restart","Rare Cards Sparkle","SuperFastMode"],"gold_per_floor":[114,132,207,1,15,15,27,58,58,58,91,91,70,89,89,187,187,207,207,207,220,238,238,238,238],"floor_reached":24,"language":"ENG","playtime":874,"items_purged":[],"score":247,"play_id":"c309292a-918d-42fb-9167-dd8de2c26375","local_time":"20210114133506","is_ascension_mode":true,"campfire_choices":[{"data":"Footwork","floor":6,"key":"SMITH"},{"data":"Neutralize","floor":10,"key":"SMITH"},{"floor":15,"key":"REST"},{"floor":23,"key":"DIG"}],"circlet_count":0,"master_deck":["Strike_G","Strike_G","Strike_G","Strike_G","Strike_G","Defend_G","Defend_G","Defend_G","Defend_G","Defend_G","Survivor","Neutralize+1","Poisoned Stab","Footwork+1","Quick Slash","Dodge and Roll","After Image","Caltrops"],"relics":["Ring of the Snake","Nunchaku","OrangePellets","Akabeko","Mercury Hourglass","Shovel","Busted Crown","Blood Vial"],"acts_visited":["TheCity"],"potions_floor_usage":[8,16,16],"damage_taken":[{"damage":1,"enemies":"Jaw Worm","floor":1,"turns":4},{"damage":0,"enemies":"Cultist","floor":2,"turns":3},{"damage":0,"enemies":"Small Slimes","floor":5,"turns":3},{"damage":1,"enemies":"3 Louse","floor":7,"turns":5},{"damage":5,"enemies":"Lagavulin","floor":8,"turns":11},{"damage":16,"enemies":"3 Sentries","floor":11,"turns":10},{"damage":0,"enemies":"2 Fungi Beasts","floor":14,"turns":3},{"damage":17,"enemies":"Hexaghost","floor":16,"turns":16},{"damage":6,"enemies":"Chosen","floor":18,"turns":5},{"damage":0,"enemies":"3 Byrds","floor":21,"turns":2},{"damage":32,"enemies":"Centurion and Healer","floor":22,"turns":13},{"damage":42,"enemies":"Gremlin Leader","floor":24,"turns":7}],"seed_played":"-7917454987595122887","potions_obtained":[{"floor":7,"key":"Fire Potion"},{"floor":14,"key":"EssenceOfSteel"}],"is_trial":false,"path_per_floor":["M","M","?","$","M","R","M","E","T","R","E","?","?","M","R","B",null,"M","?","?","M","M","R","E"],"character_chosen":"THE_SILENT","items_purchased":["OrangePellets","Block Potion"],"campfire_rested":1,"item_purchase_floors":[4,4],"current_hp_per_floor":[69,69,62,62,62,62,61,56,56,56,40,40,40,40,61,44,70,64,64,64,64,32,32,0,0],"gold":238,"neow_bonus":"RANDOM_COMMON_RELIC","is_daily":false,"chose_seed":false,"campfire_upgraded":2,"win_rate":0.0,"timestamp":1610660106,"path_taken":["M","M","?","$","M","R","?","E","T","R","E","?","?","M","R","BOSS","M","?","?","M","M","R","E"],"items_purchased_type":["Relic","Potion"],"build_version":"2020-12-22","purchased_purges":0,"victory":false,"max_hp_per_floor":[70,70,70,70,70,70,70,70,70,70,70,70,70,70,70,70,70,70,70,70,70,70,70,70,70],"card_choices":[{"not_picked":["Prepared","Quick Slash"],"picked":"Poisoned Stab","floor":1},{"not_picked":["Outmaneuver","Deflect"],"picked":"Footwork","floor":2},{"not_picked":["Dagger Spray","Tactician"],"picked":"Quick Slash","floor":5},{"not_picked":["Blade Dance","Acrobatics","Dagger Throw"],"picked":"SKIP","floor":7},{"not_picked":["Dagger Throw","Outmaneuver","Predator"],"picked":"SKIP","floor":8},{"not_picked":["Acrobatics","Accuracy"],"picked":"Dodge and Roll","floor":11},{"not_picked":["Backstab","Endless Agony","Wraith Form v2"],"picked":"SKIP","floor":14},{"not_picked":["Night Terror","Bullet Time"],"picked":"After Image","floor":16},{"not_picked":["Dagger Throw"],"picked":"SKIP","floor":18},{"not_picked":["Underhanded Strike"],"picked":"SKIP","floor":21},{"not_picked":["Endless Agony"],"picked":"SKIP","floor":22}],"player_experience":385174,"relics_obtained":[{"floor":8,"key":"Akabeko"},{"floor":9,"key":"Mercury Hourglass"},{"floor":11,"key":"Shovel"},{"floor":23,"key":"Blood Vial"}],"event_choices":[{"damage_healed":0,"gold_gain":75,"player_choice":"Touch","damage_taken":7,"max_hp_gain":0,"max_hp_loss":0,"event_name":"FaceTrader","floor":3,"gold_loss":0},{"damage_healed":0,"gold_gain":0,"player_choice":"Ignored","damage_taken":0,"max_hp_gain":0,"max_hp_loss":0,"event_name":"Liars Game","floor":12,"gold_loss":0},{"damage_healed":0,"gold_gain":0,"player_choice":"Left Gold","damage_taken":0,"max_hp_gain":0,"max_hp_loss":0,"event_name":"World of Goop","floor":13,"gold_loss":21},{"damage_healed":0,"gold_gain":0,"player_choice":"Ignored","damage_taken":0,"max_hp_gain":0,"max_hp_loss":0,"event_name":"Ghosts","floor":19,"gold_loss":0},{"damage_healed":0,"gold_gain":0,"player_choice":"Read","damage_taken":0,"max_hp_gain":0,"max_hp_loss":0,"event_name":"The Library","floor":20,"gold_loss":0,"cards_obtained":["Caltrops"]}],"is_beta":false,"boss_relics":[{"not_picked":["Empty Cage","Calling Bell"],"picked":"Busted Crown"}],"items_purged_floors":[],"is_endless":false,"potions_floor_spawned":[7,14],"killed_by":"Gremlin Leader","ascension_level":4}}