{"host":"waym8cixmimlndgg","time":1610621447,"event":{"mods":["Act Like it!","BaseMod","Colored Powertips","Downfall","Gensokyo","KinomotoSakuraMod(Ä¾Ö®±¾Ó£)","Marisa£¨ìFÓê¡¡Ä§ÀíÉ³£©","Minty Spire (QoL Compilation)","READ ME - Guardian Mod","Replay The Spire","StSLib","The Bug Knight","The Poker Player"],"gold_per_floor":[99,99,99,99,113,113,159,159,259,294,362,240,240,252,264,362,362,362,380,173,192,212,224,248,298,348,348,348,348,348,348],"floor_reached":29,"language":"ZHS","playtime":1880,"items_purged":["Slimebound:Strike_Slimebound","Slimebound:Strike_Slimebound"],"score":271,"play_id":"f9f20bc7-1719-4c22-bf44-2c38e3090ddb","local_time":"20210114185047","is_ascension_mode":false,"campfire_choices":[{"data":"Slimebound:Split","floor":1.0,"key":"SMITH"},{"data":"Slimebound:Equalize","floor":8.0,"key":"SMITH"},{"data":"Pot Of Greed","floor":13.0,"key":"SMITH"},{"data":"Slimebound:AcidTongue","floor":18.0,"key":"SMITH"}],"circlet_count":0,"master_deck":["Slimebound:Tackle","Slimebound:Defend_Slimebound","Slimebound:Defend_Slimebound","Slimebound:Split+1","Slimebound:CorrosiveSpit","Slimebound:SplitLeeching","Slimebound:Equalize+1","Slimebound:LeadByExample","Slimebound:GrowthPunch","Pot Of Greed+1","Pot Of Greed","Slimebound:SplitAcid","Slimebound:SlimeBrawl","Slimebound:LeechEnergy","Slimebound:AcidTongue+1","Slimebound:Equalize","Slimebound:FlameTackle+1","Slimebound:Dissolve+1","Slimebound:CheckThePlaybook+1","Slimebound:SamplingLick+1","Slimebound:BestDefense+1","Pot Of Greed","Slimebound:ProtectTheBoss","Slimebound:SplitLeeching","Slimebound:Overexert","Slimebound:SplitMire"],"relics":["Slimebound:AbsorbEndCombat","downfall:HeartsMalice","Grinning Jar","downfall:CloakOfManyFaces","CultistMask","FaceOfCleric","NlothsMask","GremlinMask","SsserpentHead","Replay:Ringing Soul","Astrolabe"],"acts_visited":["Exordium","TheCity"],"potions_floor_usage":[21,29,29],"damage_taken":[{"damage":0.0,"enemies":"2 Louse","floor":2.0,"turns":1.0},{"damage":0.0,"enemies":"Cultist","floor":3.0,"turns":1.0},{"damage":0.0,"enemies":"Small Slimes","floor":4.0,"turns":1.0},{"damage":20.0,"enemies":"Blue Slaver","floor":5.0,"turns":4.0},{"damage":13.0,"enemies":"downfall:FaceTrader","floor":9.0,"turns":7.0},{"damage":29.0,"enemies":"Gremlin Nob","floor":10.0,"turns":5.0},{"damage":19.0,"enemies":"Exordium Wildlife","floor":11.0,"turns":3.0},{"damage":17.0,"enemies":"downfall:FleeingMerchant","floor":12.0,"turns":4.0},{"damage":21.0,"enemies":"Lots of Slimes","floor":14.0,"turns":3.0},{"damage":27.0,"enemies":"Exordium Thugs","floor":15.0,"turns":4.0},{"damage":54.0,"enemies":"downfall:Watcher","floor":16.0,"turns":8.0},{"damage":67,"enemies":"3 Byrds","floor":19,"turns":6},{"damage":28,"enemies":"downfall:FleeingMerchant","floor":20,"turns":4},{"damage":10,"enemies":"Snake Plant","floor":21,"turns":3},{"damage":4,"enemies":"Chosen and Byrds","floor":22,"turns":3},{"damage":62,"enemies":"Centurion and Healer","floor":23,"turns":5},{"damage":82,"enemies":"Slavers","floor":29,"turns":3}],"seed_played":"-761741789918108500","potions_obtained":[{"floor":9.0,"key":"LifebloodPotion"},{"floor":10.0,"key":"Fire Potion"},{"floor":11.0,"key":"Explosive Potion"},{"floor":15.0,"key":"AttackPotion"},{"floor":21,"key":"Swift Potion"}],"is_trial":false,"path_per_floor":["R","M","M","M","M","?","T","R","?","E","M","$","R","M","M","B",null,"R","M","$","M","M","M","T","?","?","PTL","PTL","E"],"character_chosen":"SLIMEBOUND","items_purchased":["Slimebound:AcidTongue","Slimebound:ProtectTheBoss","Slimebound:SplitLeeching"],"campfire_rested":0,"item_purchase_floors":[12,20,20],"current_hp_per_floor":[60,60,60,60,60,60,60,60,60,63,68,72,72,71,73,78,81,81,62,62,72,89,75,75,75,55,55,55,0,0,0],"gold":348,"neow_bonus":"THREE_ENEMY_KILL","is_daily":false,"chose_seed":false,"campfire_upgraded":4,"win_rate":0.0,"timestamp":1610621447,"path_taken":["R","M","M","M","M","?","T","R","?","E","?","?","R","M","M","BOSS","R","M","$","M","M","M","T","?","?","PTL","PTL","E"],"items_purchased_type":["Card","Card","Card"],"build_version":"2020-12-22","purchased_purges":2,"victory":false,"max_hp_per_floor":[60,60,60,60,60,60,60,60,60,64,68,72,72,76,77,78,81,81,85,89,93,94,98,98,98,103,103,103,103,103,103],"card_choices":[{"not_picked":["Slimebound:SlimeBarrage","Slimebound:SpikyOuterGoop"],"picked":"Slimebound:SplitLeeching","floor":2.0},{"not_picked":["Slimebound:LeechEnergy","Slimebound:HauntingLick"],"picked":"Slimebound:Equalize","floor":3.0},{"not_picked":["Slimebound:SplitBruiser","Slimebound:SplitLeeching"],"picked":"Slimebound:LeadByExample","floor":4.0},{"not_picked":["Slimebound:FinishingTackle","Slimebound:SlimeSpikes"],"picked":"Slimebound:GrowthPunch","floor":5.0},{"not_picked":["Slimebound:RollThrough","Slimebound:BestDefense"],"picked":"Slimebound:SplitAcid","floor":9.0},{"not_picked":["Slimebound:SplitMire","Slimebound:LeadByExample"],"picked":"Slimebound:SlimeBrawl","floor":10.0},{"not_picked":["Slimebound:ViciousTackle","Slimebound:Dissolve"],"picked":"Slimebound:LeechEnergy","floor":11.0},{"not_picked":["Slimebound:SplitMire","Slimebound:SplitBruiser","Slimebound:LivingWall"],"picked":"SKIP","floor":12.0},{"not_picked":["Slimebound:RejuvenatingLick","Slimebound:SlimeSpikes"],"picked":"Slimebound:Equalize","floor":14.0},{"not_picked":["Slimebound:TongueLash","Slimebound:DouseInSlime","Slimebound:ItLooksTasty"],"picked":"SKIP","floor":15.0},{"not_picked":["Slimebound:PressTheAttack+1","Slimebound:GoopSpray"],"picked":"Slimebound:SamplingLick+1","floor":19},{"not_picked":["Slimebound:SlimeSpikes","Slimebound:LeechEnergy"],"picked":"Slimebound:BestDefense+1","floor":20},{"not_picked":["Slimebound:FirmFortitude","Slimebound:PressTheAttack"],"picked":"Slimebound:Overexert","floor":21},{"not_picked":["Slimebound:LeadByExample","Slimebound:Equalize","Slimebound:LeechingTouch"],"picked":"SKIP","floor":22},{"not_picked":["Slimebound:ViciousTackle","Slimebound:LeechEnergy"],"picked":"Slimebound:SplitMire","floor":23}],"player_experience":87117,"relics_obtained":[{"floor":7.0,"key":"Grinning Jar"},{"floor":9.0,"key":"downfall:CloakOfManyFaces"},{"floor":10.0,"key":"Replay:Ringing Soul"}],"event_choices":[],"is_beta":false,"boss_relics":[{"not_picked":["Coffee Dripper","Replay:Grab Bag"],"picked":"Astrolabe"}],"items_purged_floors":[12,20],"is_endless":false,"potions_floor_spawned":[9,10,11,15,16,21,23],"killed_by":"Slavers","ascension_level":0}}