{"host":"uzp1tn8qxn9571p9","time":1610631404,"event":{"mods":["BaseMod","Colored Powertips","Hermit","Minty Spire (QoL Compilation)","Robot Space Explorer","StSLib","The Hierophant","The Marked"],"gold_per_floor":[11,11,11,11,27,71,71,106,106,122,47,47,61,86,86,207,207,223,223,243,66,66,66,66,29,77,92,123,123,123,139,139,235,235,250,301,301,2,16,16,16,16,16,16,43,53,53,103,103,103,103,103,3,28,28],"floor_reached":56,"language":"ZHS","playtime":3328,"items_purged":["hermit:Strike_Hermit","hermit:Strike_Hermit"],"score":1219,"play_id":"99ae1014-485f-49ec-a61b-6029148a6b67","local_time":"20210114213644","is_ascension_mode":true,"campfire_choices":[{"floor":7.0,"key":"REST"},{"data":"hermit:ItchyTrigger","floor":12.0,"key":"SMITH"},{"data":"hermit:Combo","floor":15.0,"key":"SMITH"},{"data":"hermit:CursedWeapon","floor":23.0,"key":"SMITH"},{"data":"hermit:CursedWeapon","floor":29.0,"key":"SMITH"},{"data":"hermit:ShadowCloak","floor":32.0,"key":"SMITH"},{"data":"hermit:Adapt","floor":40.0,"key":"SMITH"},{"data":"hermit:HeroicBravado","floor":42.0,"key":"SMITH"},{"floor":44.0,"key":"REST"},{"data":"hermit:Cheat","floor":47.0,"key":"SMITH"},{"floor":49.0,"key":"RECALL"},{"data":"hermit:Gambit","floor":52.0,"key":"SMITH"}],"circlet_count":0,"master_deck":["hermit:Strike_Hermit","hermit:Defend_Hermit+1","hermit:Snapshot","hermit:Covet","hermit:Headshot+1","hermit:FinalCanter","hermit:ItchyTrigger+1","hermit:Glare","hermit:Combo+1","hermit:Cheat+1","hermit:Gambit+1","hermit:CursedWeapon+1","hermit:ShadowCloak+1","hermit:Quickdraw+1","hermit:CursedWeapon+1","hermit:Enervate","hermit:Adapt+1","hermit:Desperado+1","hermit:Feint+1","hermit:HeroicBravado+1","hermit:Manifest+1","hermit:Midnight+1","hermit:LoneWolf+1","hermit:Manifest"],"relics":["hermit:Momento","Bloody Idol","Bird Faced Urn","Orichalcum","Omamori","Calipers","SlaversCollar","Centennial Puzzle","Empty Cage","hermit:CharredGlove","Vajra","Letter Opener","Bag of Marbles","Torii","Pen Nib"],"acts_visited":["Exordium","TheCity","TheBeyond","TheEnding"],"potions_floor_usage":[55,55],"damage_taken":[{"damage":0.0,"enemies":"Small Slimes","floor":1.0,"turns":3.0},{"damage":0.0,"enemies":"2 Louse","floor":5.0,"turns":2.0},{"damage":21.0,"enemies":"Gremlin Nob","floor":6.0,"turns":4.0},{"damage":18.0,"enemies":"Lagavulin","floor":8.0,"turns":5.0},{"damage":0.0,"enemies":"Jaw Worm","floor":10.0,"turns":1.0},{"damage":0.0,"enemies":"2 Fungi Beasts","floor":13.0,"turns":2.0},{"damage":0.0,"enemies":"Looter","floor":14.0,"turns":1.0},{"damage":7.0,"enemies":"Hexaghost","floor":16.0,"turns":6.0},{"damage":1.0,"enemies":"Chosen","floor":18.0,"turns":4.0},{"damage":4.0,"enemies":"Spheric Guardian","floor":20.0,"turns":3.0},{"damage":8.0,"enemies":"Snecko","floor":27.0,"turns":5.0},{"damage":33.0,"enemies":"Gremlin Leader","floor":28.0,"turns":5.0},{"damage":23.0,"enemies":"Snake Plant","floor":31.0,"turns":3.0},{"damage":10.0,"enemies":"Champ","floor":33.0,"turns":6.0},{"damage":24.0,"enemies":"3 Shapes","floor":35.0,"turns":3.0},{"damage":46.0,"enemies":"2 Orb Walkers","floor":36.0,"turns":6.0},{"damage":2.0,"enemies":"Orb Walker","floor":39.0,"turns":2.0},{"damage":4.0,"enemies":"Giant Head","floor":45.0,"turns":5.0},{"damage":4.0,"enemies":"3 Darklings","floor":46.0,"turns":1.0},{"damage":4.0,"enemies":"Mind Bloom Boss Battle","floor":48.0,"turns":3.0},{"damage":5.0,"enemies":"Donu and Deca","floor":50.0,"turns":10.0},{"damage":46.0,"enemies":"Shield and Spear","floor":54.0,"turns":7.0},{"damage":44,"enemies":"The Heart","floor":55,"turns":11}],"seed_played":"4119062945892851776","potions_obtained":[{"floor":5.0,"key":"Energy Potion"},{"floor":8.0,"key":"SkillPotion"},{"floor":16.0,"key":"BlessingOfTheForge"},{"floor":18.0,"key":"SkillPotion"},{"floor":27.0,"key":"ColorlessPotion"},{"floor":28.0,"key":"SneckoOil"},{"floor":31.0,"key":"FearPotion"},{"floor":35.0,"key":"hermit:Tonic"},{"floor":36.0,"key":"PowerPotion"},{"floor":48.0,"key":"FairyPotion"}],"is_trial":false,"path_per_floor":["M","?","?","?","M","E","R","E","T","M","$","R","M","M","R","B",null,"M","?","M","$","?","R","?","$","T","M","E","R","$","M","R","B",null,"M","?","?","$","M","R","$","R","T","R","E","M","R","?","R","B",null,"R","$","E","B",null],"character_chosen":"HERMIT","items_purchased":["hermit:CursedWeapon","hermit:ShadowCloak","hermit:HeroicBravado","Vajra","AttackPotion","hermit:Manifest"],"campfire_rested":2,"item_purchase_floors":[21,25,38,38,53,53],"current_hp_per_floor":[75,57,42,39,39,18,40,22,22,22,22,22,22,22,22,17,75,74,74,71,71,71,71,71,71,75,72,48,48,48,34,34,33,75,56,19,19,19,26,26,26,26,26,48,57,58,58,65,65,66,75,75,75,38,22],"gold":28,"neow_bonus":"REMOVE_TWO","is_daily":false,"chose_seed":false,"campfire_upgraded":9,"win_rate":0.0,"timestamp":1610631404,"path_taken":["M","?","?","?","M","E","R","E","T","M","$","R","M","M","R","BOSS","M","?","M","$","?","R","?","$","T","M","E","R","?","M","R","BOSS","M","?","?","$","M","R","$","R","T","R","E","M","R","?","R","BOSS","R","$","E","BOSS"],"items_purchased_type":["Card","Card","Card","Relic","Potion","Card"],"build_version":"2020-12-22","purchased_purges":2,"victory":true,"max_hp_per_floor":[75,75,75,75,75,75,75,75,75,75,75,75,75,75,75,75,75,75,75,75,75,75,75,75,75,75,75,75,75,75,75,75,75,75,75,75,75,75,75,75,75,75,75,75,75,75,75,75,75,75,75,75,75,75,75],"card_choices":[{"not_picked":["hermit:Scavenge","hermit:BodyArmor"],"picked":"hermit:Headshot","floor":1.0},{"not_picked":["hermit:HoleUp","hermit:Snipe","hermit:Desperado"],"picked":"SKIP","floor":5.0},{"not_picked":["hermit:Glare","hermit:BigShot"],"picked":"hermit:FinalCanter","floor":6.0},{"not_picked":["hermit:TrackingShot","hermit:Ricochet"],"picked":"hermit:ItchyTrigger","floor":8.0},{"not_picked":["hermit:Coalescence","hermit:Manifest"],"picked":"hermit:Glare","floor":10.0},{"not_picked":["hermit:Dive","hermit:CalledShot"],"picked":"hermit:Combo","floor":13.0},{"not_picked":["hermit:Vantage","hermit:Glare"],"picked":"hermit:Cheat","floor":14.0},{"not_picked":["hermit:Magnum","hermit:Roughhouse"],"picked":"hermit:Gambit","floor":16.0},{"not_picked":["hermit:Desperado","hermit:Coalescence","hermit:Spite"],"picked":"SKIP","floor":18.0},{"not_picked":["hermit:LowProfile","hermit:Snipe","hermit:Spite"],"picked":"SKIP","floor":20.0},{"not_picked":["hermit:Adapt","hermit:Virtue"],"picked":"hermit:Quickdraw+1","floor":27.0},{"not_picked":["hermit:BlackWind","hermit:Vantage"],"picked":"hermit:CursedWeapon","floor":28.0},{"not_picked":["hermit:SprayPray","hermit:CalledShot"],"picked":"hermit:Enervate","floor":31.0},{"not_picked":["hermit:Purgatory","hermit:HighNoon"],"picked":"hermit:Adapt","floor":33.0},{"not_picked":["hermit:ItchyTrigger","hermit:BigShot"],"picked":"hermit:Desperado+1","floor":35.0},{"not_picked":["hermit:Coalescence+1","hermit:HighCaliber+1"],"picked":"hermit:Feint+1","floor":36.0},{"not_picked":["hermit:HoleUp+1","hermit:Manifest","hermit:ItchyTrigger"],"picked":"SKIP","floor":39.0},{"not_picked":["hermit:Horror+1","hermit:Cheat"],"picked":"hermit:Manifest+1","floor":45.0},{"not_picked":["hermit:Scavenge+1","hermit:Brawl"],"picked":"hermit:Midnight+1","floor":46.0},{"not_picked":["hermit:LuckOfTheDraw","hermit:GoldenBullet"],"picked":"hermit:LoneWolf+1","floor":48.0},{"not_picked":["hermit:CursedWeapon","hermit:BodyArmor","hermit:RoundhouseKick"],"picked":"SKIP","floor":54.0}],"player_experience":354674,"relics_obtained":[{"floor":6.0,"key":"Orichalcum"},{"floor":8.0,"key":"Omamori"},{"floor":9.0,"key":"Calipers"},{"floor":28.0,"key":"Centennial Puzzle"},{"floor":36.0,"key":"hermit:CharredGlove"},{"floor":43.0,"key":"Letter Opener"},{"floor":45.0,"key":"Bag of Marbles"},{"floor":48.0,"key":"Torii"},{"floor":54.0,"key":"Pen Nib"}],"event_choices":[{"damage_healed":0.0,"max_hp_gain":0.0,"max_hp_loss":0.0,"gold_gain":0.0,"event_name":"Golden Idol","player_choice":"Take Damage","floor":2.0,"gold_loss":0.0,"damage_taken":18.0,"relics_obtained":["Golden Idol"]},{"damage_healed":0.0,"max_hp_gain":0.0,"max_hp_loss":0.0,"gold_gain":0.0,"event_name":"Shining Light","player_choice":"Entered Light","floor":3.0,"gold_loss":0.0,"damage_taken":15.0,"cards_upgraded":["hermit:Headshot","hermit:Defend_Hermit"]},{"damage_healed":0.0,"max_hp_gain":0.0,"max_hp_loss":0.0,"gold_gain":0.0,"event_name":"Scrap Ooze","player_choice":"Success","floor":4.0,"gold_loss":0.0,"damage_taken":3.0,"relics_obtained":["Bird Faced Urn"]},{"damage_healed":0.0,"max_hp_gain":0.0,"max_hp_loss":0.0,"gold_gain":0.0,"event_name":"Vampires","player_choice":"Ignored","floor":19.0,"gold_loss":0.0,"damage_taken":0.0},{"damage_healed":0.0,"max_hp_gain":0.0,"max_hp_loss":0.0,"gold_gain":0.0,"event_name":"Ghosts","player_choice":"Ignored","floor":22.0,"gold_loss":0.0,"damage_taken":0.0},{"damage_healed":0.0,"max_hp_gain":0.0,"max_hp_loss":0.0,"gold_gain":0.0,"event_name":"Forgotten Altar","player_choice":"Gave Idol","floor":24.0,"relics_lost":["Golden Idol"],"gold_loss":0.0,"damage_taken":0.0,"relics_obtained":["Bloody Idol"]},{"damage_healed":0.0,"max_hp_gain":0.0,"max_hp_loss":0.0,"gold_gain":0.0,"event_name":"Mysterious Sphere","player_choice":"Fight","floor":36.0,"gold_loss":0.0,"damage_taken":0.0},{"damage_healed":0.0,"max_hp_gain":0.0,"max_hp_loss":0.0,"gold_gain":0.0,"event_name":"Tomb of Lord Red Mask","player_choice":"Ignored","floor":37.0,"gold_loss":0.0,"damage_taken":0.0},{"damage_healed":0.0,"max_hp_gain":0.0,"max_hp_loss":0.0,"gold_gain":0.0,"event_name":"MindBloom","player_choice":"Fight","floor":48.0,"gold_loss":0.0,"damage_taken":0.0}],"is_beta":false,"boss_relics":[{"not_picked":["Tiny House","Astrolabe"],"picked":"SlaversCollar"},{"not_picked":["Coffee Dripper","hermit:ClaspedLocket"],"picked":"Empty Cage"}],"items_purged_floors":[11,21],"is_endless":false,"potions_floor_spawned":[5,8,16,18,27,28,31,35,36,48,54],"ascension_level":1}}