{"host":"mqpbkea33q7k5ozs","time":1610597992,"event":{"mods":["AchievementEnabler","BaseMod","Colored Map","Highlight Path","Minty Spire (QoL Compilation)"],"gold_per_floor":[110,129,142,217,217,249,249,212,212,231,231,73,73,85,85,85,85],"floor_reached":16,"language":"ENG","playtime":424,"items_purged":[],"score":125,"play_id":"f4660ad4-ca7b-4fb4-a6c5-6e4c4b63c3ce","local_time":"20210113231952","is_ascension_mode":true,"campfire_choices":[{"floor":7.0,"key":"REST"},{"floor":15,"key":"REST"}],"circlet_count":0,"master_deck":["Strike_R","Strike_R","Strike_R","Strike_R","Strike_R","Defend_R","Defend_R","Defend_R","Defend_R","Bash","Headbutt","Cleave","Pummel","Uppercut","Limit Break","Reaper","Bloodletting"],"relics":["Burning Blood","Shuriken","Blood Vial"],"acts_visited":["Exordium"],"potions_floor_usage":[16],"damage_taken":[{"damage":8.0,"enemies":"2 Louse","floor":1.0,"turns":3.0},{"damage":7.0,"enemies":"Jaw Worm","floor":2.0,"turns":3.0},{"damage":7.0,"enemies":"Small Slimes","floor":3.0,"turns":3.0},{"damage":50.0,"enemies":"3 Sentries","floor":6.0,"turns":7.0},{"damage":11.0,"enemies":"Looter","floor":10.0,"turns":2.0},{"damage":25,"enemies":"Gremlin Gang","floor":14,"turns":4},{"damage":79,"enemies":"Hexaghost","floor":16,"turns":9}],"seed_played":"-2494321781808594472","potions_obtained":[{"floor":2.0,"key":"SpeedPotion"},{"floor":3.0,"key":"Explosive Potion"}],"is_trial":false,"path_per_floor":["M","M","M","?","T","E","R","$","T","M","?","$","$","M","R","B"],"character_chosen":"IRONCLAD","items_purchased":["Uppercut","Reaper"],"campfire_rested":2,"item_purchase_floors":[8,12],"current_hp_per_floor":[86,85,84,73,73,29,55,55,55,52,52,52,52,44,70,0,0],"gold":85,"neow_bonus":"TEN_PERCENT_HP_BONUS","is_daily":false,"chose_seed":false,"campfire_upgraded":0,"win_rate":0.0,"timestamp":1610597992,"path_taken":["M","M","M","?","?","E","R","$","T","M","?","?","$","?","R","BOSS"],"items_purchased_type":["Card","Card"],"build_version":"2020-12-22","purchased_purges":0,"victory":false,"max_hp_per_floor":[88,88,88,88,88,88,88,88,88,88,88,88,88,88,88,88,88],"card_choices":[{"not_picked":["True Grit","Clash","Reckless Charge"],"picked":"SKIP","floor":1.0},{"not_picked":["Havoc","Cleave"],"picked":"Headbutt","floor":2.0},{"not_picked":["Dark Embrace","Clash"],"picked":"Cleave","floor":3.0},{"not_picked":["Thunderclap","Twin Strike"],"picked":"Pummel","floor":6.0},{"not_picked":["Shockwave","Armaments"],"picked":"Limit Break","floor":10.0},{"not_picked":["Headbutt","Cleave"],"picked":"Bloodletting","floor":14}],"player_experience":461559,"relics_obtained":[{"floor":5.0,"key":"Shuriken"},{"floor":6.0,"key":"Blood Vial"}],"event_choices":[{"damage_healed":0.0,"max_hp_gain":0.0,"max_hp_loss":0.0,"gold_gain":75.0,"event_name":"World of Goop","player_choice":"Gather Gold","floor":4.0,"gold_loss":0.0,"damage_taken":11.0},{"damage_healed":0.0,"max_hp_gain":0.0,"max_hp_loss":0.0,"gold_gain":0.0,"event_name":"Scrap Ooze","player_choice":"Fled","floor":11.0,"gold_loss":0.0,"damage_taken":0.0}],"is_beta":false,"boss_relics":[],"items_purged_floors":[],"is_endless":false,"potions_floor_spawned":[2,3],"killed_by":"Hexaghost","ascension_level":5}}