{"host":"8ps3pfk2b2drr3ex","time":1610659360,"event":{"mods":["2.2 Compatiblity","AchievementEnabler","Act Like it!","BaseMod","Bestiary","Better Match","BetterRewards","Colored Map","Colored Powertips","Conspire","Downfall","Evolution","GifTheSpireLib","Gold Saver","Hallownest","Hubris","Minty Spire (QoL Compilation)","Permanent Neow","Relic Filter","Replay The Spire","Shop Mod","StSLib","Stuff the Spire","The Animator"],"gold_per_floor":[473,484,314,326,216,228,283,208,218,228,228,256,256,431,461,579,579,504,556,556,556,556,556,575,602,626,163,163,79,97,58,58,58,71,170,170,170,186,203,9,9,26,79,95,95,115,128,53,71,71,83,83],"floor_reached":53,"language":"ENG","playtime":6989,"items_purged":["champ:Defend","Doubt"],"score":656,"play_id":"3cab7101-ff60-416f-a76f-231f585a3ec3","local_time":"20210114162240","is_ascension_mode":false,"campfire_choices":[{"data":"champ:FlashCut","floor":1.0,"key":"SMITH"},{"data":"champ:DefensiveStyle","floor":8.0,"key":"SMITH"},{"data":"champ:DefensiveStyle","floor":11.0,"key":"SMITH"},{"data":"champ:StrikeOfGenius","floor":18.0,"key":"SMITH"},{"floor":32,"key":"REST"},{"floor":37,"key":"RECALL"},{"floor":48,"key":"REST"}],"circlet_count":0,"master_deck":["champ:FlashCut+1","conspire:GhostlyStrike+1","conspire:GhostlyStrike+1","conspire:GhostlyStrike+1","conspire:GhostlyDefend+1","conspire:GhostlyDefend+1","conspire:GhostlyDefend+1","champ:Execute+1","champ:Taunt+1","champ:Haymaker+1","champ:DefensiveStyle+1","champ:DefensiveStyle+1","champ:SkillfulDodge+1","expansioncontent:GuardianWhirl+1","champ:DefensiveShout+1","champ:StrikeOfGenius+1","champ:ViciousMockery+1","champ:Circumvent+1","champ:PreciseThrust+1","champ:BladeFlurry+1","champ:RecklessLeap+1","champ:ShieldWall+1","champ:ArenaPreparation+1","champ:RapidStrikes+1","Shame","champ:EnGarde+1","champ:HoldFirm+1","expansioncontent:StudyTheSpire+1","champ:IronFortress+1","StuffTheSpire:Rapture+1","Parasite","champ:Circumvent+1","champ:ShieldThrow"],"relics":["champ:ChampionCrown","EVO:Axolotl","Sozu","downfall:RedIOU","StuffTheSpire:GrapeVine","Prayer Wheel","Pen Nib","Busted Crown","hubris:Icosahedron","ReplayTheSpireMod:TigerMarble"],"acts_visited":["Exordium","TheCity","TheBeyond"],"potions_floor_usage":[29],"damage_taken":[{"damage":0.0,"enemies":"2 Louse","floor":2.0,"turns":2.0},{"damage":5.0,"enemies":"downfall:FleeingMerchant","floor":3.0,"turns":4.0},{"damage":0.0,"enemies":"conspire:RoseBush","floor":4.0,"turns":2.0},{"damage":0.0,"enemies":"downfall:FleeingMerchant","floor":5.0,"turns":4.0},{"damage":5.0,"enemies":"Small Slimes","floor":6.0,"turns":2.0},{"damage":2.0,"enemies":"2 Fungi Beasts","floor":9.0,"turns":3.0},{"damage":0.0,"enemies":"3 Louse","floor":10.0,"turns":2.0},{"damage":7.0,"enemies":"Replay:BlueRogue","floor":12.0,"turns":7.0},{"damage":4.0,"enemies":"Blue Slaver","floor":15.0,"turns":3.0},{"damage":53.0,"enemies":"downfall:Silent","floor":16.0,"turns":10.0},{"damage":6.0,"enemies":"3 Byrds","floor":19.0,"turns":4.0},{"damage":5.0,"enemies":"Chosen","floor":24.0,"turns":6.0},{"damage":55.0,"enemies":"Gremlin Leader","floor":25.0,"turns":9.0},{"damage":5,"enemies":"downfall:FleeingMerchant","floor":27,"turns":4},{"damage":5,"enemies":"downfall:FleeingMerchant","floor":29,"turns":4},{"damage":28,"enemies":"Snake Plant","floor":30,"turns":4},{"damage":18,"enemies":"downfall:FleeingMerchant","floor":31,"turns":4},{"damage":25,"enemies":"Cultist and Chosen","floor":34,"turns":6},{"damage":75,"enemies":"downfall:Ironclad","floor":35,"turns":8},{"damage":7,"enemies":"3 Darklings","floor":38,"turns":4},{"damage":5,"enemies":"3 Shapes","floor":39,"turns":6},{"damage":20,"enemies":"downfall:FleeingMerchant","floor":40,"turns":4},{"damage":55,"enemies":"Transient","floor":42,"turns":5},{"damage":39,"enemies":"3 Darklings","floor":44,"turns":5},{"damage":38,"enemies":"Sphere and 2 Shapes","floor":46,"turns":5},{"damage":15,"enemies":"Writhing Mass","floor":47,"turns":5},{"damage":24,"enemies":"Jaw Worm Horde","floor":49,"turns":3},{"damage":25,"enemies":"Spire Growth","floor":51,"turns":4},{"damage":36,"enemies":"downfall:Defect","floor":52,"turns":6}],"seed_played":"1776250132113019625","potions_obtained":[{"floor":4.0,"key":"FearPotion"},{"floor":6.0,"key":"Swift Potion"},{"floor":10.0,"key":"champ:OpenerPotion"}],"is_trial":false,"path_per_floor":["R","M","$","M","$","M","T","R","M","M","R","E","?","?","M","B",null,"R","M","?","PTL","PTL","?","M","E","T","$","?","$","M","$","R","?","M","B",null,"R","M","M","$","?","M","T","M","?","M","M","R","M","?","M","B",null],"character_chosen":"THE_CHAMP","items_purchased":["champ:DefensiveStyle","expansioncontent:GuardianWhirl","Prayer Wheel","champ:BladeFlurry","champ:RecklessLeap","champ:RapidStrikes","expansioncontent:StudyTheSpire"],"campfire_rested":2,"item_purchase_floors":[3,5,27,27,29,31,40],"current_hp_per_floor":[90,90,90,90,90,90,90,100,98,98,98,93,93,93,89,46,100,100,94,94,94,94,94,94,67,67,67,67,67,54,41,71,71,66,26,100,100,98,98,98,98,68,68,39,39,16,16,46,42,42,42,20],"gold":83,"neow_bonus":"UPGRADE_CARD","is_daily":false,"chose_seed":false,"campfire_upgraded":4,"win_rate":0.0,"timestamp":1610659360,"path_taken":["R","M","$","M","$","M","T","R","M","M","R","E","?","?","M","BOSS","R","M","?","PTL","PTL","?","M","E","T","$","?","$","M","$","R","?","M","BOSS","R","M","M","$","?","M","T","M","?","M","M","R","M","?","M","BOSS"],"items_purchased_type":["Card","Card","Relic","Card","Card","Card","Card"],"build_version":"2020-12-22","purchased_purges":2,"victory":true,"max_hp_per_floor":[90,90,90,90,90,90,90,100,100,100,100,100,100,100,100,100,100,100,100,100,100,100,100,100,100,100,100,100,100,100,100,100,100,100,100,100,100,100,100,100,100,100,100,100,100,100,100,100,100,100,100,100],"card_choices":[{"not_picked":["champ:FanOfKnives","champ:PerfectedStrike"],"picked":"champ:Haymaker","floor":2.0},{"not_picked":["champ:GutPunch","champ:TornadoPunch"],"picked":"champ:DefensiveStyle","floor":3.0},{"not_picked":["champ:BladeFlurry","champ:RapidStrikes"],"picked":"champ:SkillfulDodge","floor":4.0},{"not_picked":["champ:StanceDance","champ:Shatter","champ:FanOfKnives"],"picked":"SKIP","floor":5.0},{"not_picked":["champ:BringItOn","champ:BerserkersShout","champ:PerfectedStrike"],"picked":"SKIP","floor":6.0},{"not_picked":["champ:ShieldWall","champ:FanOfKnives","champ:FaceSlap"],"picked":"SKIP","floor":9.0},{"not_picked":["champ:RecklessLeap","champ:GladiatorsShout","champ:PreciseThrust"],"picked":"SKIP","floor":10.0},{"not_picked":["champ:RapidStrikes","champ:Haymaker","champ:BringItOn"],"picked":"SKIP","floor":12.0},{"not_picked":["champ:GladiatorStyle","champ:Haymaker"],"picked":"champ:DefensiveShout","floor":15.0},{"not_picked":["champ:Improvising","champ:LastStand"],"picked":"champ:StrikeOfGenius","floor":16.0},{"not_picked":["champ:GutPunch","champ:SkillfulDodge"],"picked":"champ:ViciousMockery+1","floor":19.0},{"not_picked":["champ:Shatter","champ:RapidStrikes+1","champ:BringItOn"],"picked":"SKIP","floor":24.0},{"not_picked":["champ:Shatter","champ:EnragedBash","champ:AdrenalArmor"],"picked":"SKIP","floor":25.0},{"not_picked":["champ:Backstep","champ:IronFortress"],"picked":"champ:PreciseThrust+1","floor":27},{"not_picked":["champ:GutPunch+1","champ:Haymaker","champ:FocusedDefense+1"],"picked":"SKIP","floor":29},{"not_picked":["champ:CrookedStrike","champ:BerserkersShout"],"picked":"champ:ShieldWall","floor":30},{"not_picked":["champ:PerfectedStrike","champ:ShieldThrow","champ:GutPunch"],"picked":"SKIP","floor":30},{"not_picked":["champ:Duel+1","champ:FanOfKnives+1"],"picked":"champ:ArenaPreparation","floor":31},{"not_picked":["champ:PreciseThrust+1","champ:BerserkerStyle"],"picked":"champ:EnGarde","floor":34},{"not_picked":["champ:HeartStrike","champ:FaceSlap+1","champ:GutPunch"],"picked":"SKIP","floor":34},{"not_picked":["champ:DancingMaster","champ:PerfectForm"],"picked":"champ:HoldFirm","floor":35},{"not_picked":["champ:FaceSlap"],"picked":"SKIP","floor":38},{"not_picked":["champ:TornadoPunch"],"picked":"SKIP","floor":38},{"not_picked":["champ:AdrenalArmor+1"],"picked":"SKIP","floor":39},{"not_picked":["champ:BringItOn"],"picked":"SKIP","floor":39},{"not_picked":["champ:FanOfKnives+1"],"picked":"SKIP","floor":40},{"not_picked":[],"picked":"champ:IronFortress","floor":42},{"not_picked":["champ:FocusedDefense"],"picked":"SKIP","floor":42},{"not_picked":["champ:EnragedBash"],"picked":"SKIP","floor":44},{"not_picked":["champ:FanOfKnives"],"picked":"SKIP","floor":44},{"not_picked":["StuffTheSpire:CelestialWarden","StuffTheSpire:Harmony"],"picked":"StuffTheSpire:Rapture","floor":45},{"not_picked":["champ:FlashCut"],"picked":"SKIP","floor":46},{"not_picked":["champ:Encircle"],"picked":"SKIP","floor":46},{"not_picked":[],"picked":"champ:Circumvent","floor":47},{"not_picked":["champ:GutPunch"],"picked":"SKIP","floor":47},{"not_picked":["champ:Haymaker"],"picked":"SKIP","floor":49},{"not_picked":["champ:EnGarde"],"picked":"SKIP","floor":49},{"not_picked":[],"picked":"champ:ShieldThrow","floor":51},{"not_picked":["champ:BladeFlurry"],"picked":"SKIP","floor":51}],"player_experience":1070483,"relics_obtained":[{"floor":12.0,"key":"Replay:Bandana"},{"floor":25.0,"key":"Blue Doll"},{"floor":26.0,"key":"StuffTheSpire:GrapeVine"},{"floor":43,"key":"ReplayTheSpireMod:TigerMarble"}],"event_choices":[{"damage_healed":0.0,"max_hp_gain":0.0,"max_hp_loss":0.0,"gold_gain":0.0,"event_name":"conspire:LoneGhost","player_choice":"Agree","floor":13.0,"gold_loss":0.0,"damage_taken":0.0},{"damage_healed":0,"gold_gain":0,"player_choice":"Stole Relic","damage_taken":0,"relics_obtained":["Pen Nib"],"max_hp_gain":0,"max_hp_loss":0,"event_name":"Addict","floor":33,"gold_loss":0,"cards_obtained":["Shame"]}],"is_beta":false,"boss_relics":[{"not_picked":["Fusion Hammer","Kintsugi"],"picked":"Sozu"},{"not_picked":["Black Star","SacredBark"],"picked":"Busted Crown"}],"items_purged_floors":[3,27],"is_endless":false,"potions_floor_spawned":[4,6,10,12,16,30,34,35,38,42,46,47,51],"ascension_level":0}}