{"host":"19t2eyow02s954g8","time":1610628639,"event":{"mods":["BaseMod","Colored Map","DeckTracker","Minty Spire (QoL Compilation)","StSLib","SuperFastMode"],"gold_per_floor":[109,34,109,109,109,147,147,188,267,340,361,411,43,74,74,165,165,188,238,342,362,425,463,9,53,53,103,103,143,193,246,246,345,354,379,81,131,0,24,24,42,62,62,100,100,133,167,190,190,190,190,190,190,30,66,66,66],"floor_reached":56,"language":"KOR","playtime":4227,"items_purged":["Strike_G","Strike_G","Sucker Punch"],"score":2523,"play_id":"031627f2-42ba-4e9d-a471-45a0f33035b5","local_time":"20210114215039","is_ascension_mode":true,"campfire_choices":[{"data":"Neutralize","floor":7.0,"key":"SMITH"},{"data":"Accuracy","floor":15.0,"key":"SMITH"},{"data":"Footwork","floor":28,"key":"SMITH"},{"data":"Footwork","floor":32,"key":"SMITH"},{"data":"Storm of Steel+1","floor":40,"key":"PURGE"},{"data":"Cloak And Dagger+1","floor":45,"key":"PURGE"},{"floor":49,"key":"RECALL"},{"data":"Dodge and Roll+1","floor":53,"key":"PURGE"}],"circlet_count":0,"master_deck":["AscendersBane","Survivor+1","Neutralize+1","Blur+1","Blade Dance+1","Accuracy+1","Wraith Form v2","Footwork+1","Tactician+1","Cloak And Dagger+1","Noxious Fumes","Leg Sweep+1","Acrobatics+1","Prepared+1","Terror+1","Backflip+1","Apotheosis+1","Doppelganger+1","Footwork+1","Malaise+1","CurseOfTheBell","Reflex+1","Footwork","Impatience+1","Night Terror+1","Well Laid Plans+1","Malaise+1","Calculated Gamble+1","Adrenaline+1"],"relics":["Ring of the Snake","NeowsBlessing","Golden Idol","SsserpentHead","Pen Nib","Toxic Egg 2","HornCleat","Question Card","Akabeko","Pandora\u0027s Box","Bag of Preparation","Boot","Pocketwatch","MealTicket","Pantograph","Nilry\u0027s Codex","CeramicFish","Calling Bell","Bag of Marbles","Sundial","Peace Pipe","Red Mask","Bronze Scales","Whetstone","War Paint"],"acts_visited":["Exordium","TheCity","TheBeyond","TheEnding"],"potions_floor_usage":[23,29,51,56],"damage_taken":[{"damage":0.0,"enemies":"Cultist","floor":1.0,"turns":1.0},{"damage":0.0,"enemies":"Lagavulin","floor":6.0,"turns":1.0},{"damage":0.0,"enemies":"Gremlin Nob","floor":8.0,"turns":1.0},{"damage":0.0,"enemies":"Small Slimes","floor":10.0,"turns":4.0},{"damage":1.0,"enemies":"Jaw Worm","floor":11.0,"turns":3.0},{"damage":22.0,"enemies":"Lagavulin","floor":14.0,"turns":10.0},{"damage":1.0,"enemies":"Slime Boss","floor":16.0,"turns":10.0},{"damage":0.0,"enemies":"Shell Parasite","floor":18.0,"turns":4.0},{"damage":0.0,"enemies":"3 Byrds","floor":21.0,"turns":3.0},{"damage":0,"enemies":"3 Cultists","floor":22,"turns":3},{"damage":0,"enemies":"Book of Stabbing","floor":23,"turns":3},{"damage":0,"enemies":"Gremlin Leader","floor":25,"turns":4},{"damage":7,"enemies":"Slavers","floor":29,"turns":2},{"damage":6,"enemies":"Gremlin Leader","floor":31,"turns":3},{"damage":0,"enemies":"Collector","floor":33,"turns":6},{"damage":0,"enemies":"3 Shapes","floor":35,"turns":4},{"damage":6,"enemies":"3 Darklings","floor":39,"turns":4},{"damage":6,"enemies":"Jaw Worm Horde","floor":41,"turns":5},{"damage":4,"enemies":"Transient","floor":42,"turns":6},{"damage":0,"enemies":"Nemesis","floor":44,"turns":9},{"damage":0,"enemies":"Writhing Mass","floor":46,"turns":5},{"damage":0,"enemies":"Giant Head","floor":47,"turns":7},{"damage":1,"enemies":"3 Darklings","floor":48,"turns":5},{"damage":2,"enemies":"Donu and Deca","floor":50,"turns":7},{"damage":20,"enemies":"Time Eater","floor":51,"turns":11},{"damage":7,"enemies":"Shield and Spear","floor":55,"turns":8},{"damage":53,"enemies":"The Heart","floor":56,"turns":5}],"seed_played":"840925174849708510","potions_obtained":[{"floor":6.0,"key":"Fruit Juice"},{"floor":8.0,"key":"GhostInAJar"},{"floor":11.0,"key":"SpeedPotion"},{"floor":21.0,"key":"Fire Potion"},{"floor":22,"key":"LiquidMemories"},{"floor":23,"key":"SmokeBomb"},{"floor":31,"key":"ColorlessPotion"},{"floor":35,"key":"EssenceOfSteel"},{"floor":55,"key":"FearPotion"}],"is_trial":false,"path_per_floor":["M","$","?","?","?","E","R","E","T","M","M","?","$","E","R","B",null,"M","?","T","M","M","E","$","E","T","?","R","E","?","E","R","B",null,"M","$","?","?","M","R","M","M","T","E","R","M","E","M","R","B","B",null,"R","$","E","B"],"character_chosen":"THE_SILENT","items_purchased":["Question Card","Apotheosis+1","CultistPotion","Footwork","Impatience+1","Night Terror+1","Adrenaline+1"],"campfire_rested":0,"item_purchase_floors":[13,24,24,36,36,36,54],"current_hp_per_floor":[59,59,48,48,48,53,53,53,53,53,52,32,32,10,10,9,51,51,51,51,51,51,51,51,51,51,51,51,44,23,17,17,42,59,59,65,65,65,59,59,53,49,49,49,49,49,49,48,48,63,45,60,60,65,58,12,12],"gold":66,"neow_bonus":"THREE_ENEMY_KILL","is_daily":false,"chose_seed":false,"campfire_upgraded":4,"win_rate":0.0,"timestamp":1610628639,"path_taken":["M","$","?","?","?","E","R","E","T","?","M","?","$","E","R","BOSS","M","?","?","M","?","E","$","E","T","?","R","E","?","E","R","BOSS","M","$","?","?","M","R","M","M","T","E","R","M","E","M","R","BOSS","BOSS","R","$","E","BOSS"],"items_purchased_type":["Relic","Card","Potion","Card","Card","Card","Card"],"build_version":"2020-12-22","purchased_purges":3,"victory":false,"max_hp_per_floor":[66,66,66,60,60,65,65,65,65,65,65,65,65,65,65,65,65,65,65,65,65,65,65,65,65,65,65,65,65,65,65,65,65,65,65,65,65,65,65,65,65,65,65,65,65,65,65,65,65,65,65,65,65,65,65,65,65],"card_choices":[{"not_picked":["Deadly Poison","Distraction"],"picked":"Dash","floor":1.0},{"not_picked":["Slice","Caltrops"],"picked":"Blur","floor":6.0},{"not_picked":["Heel Hook","Backstab"],"picked":"Cloak And Dagger+1","floor":8.0},{"not_picked":["Concentrate+1","Bane"],"picked":"Blade Dance+1","floor":10.0},{"not_picked":["Dagger Throw","Setup+1"],"picked":"Dodge and Roll+1","floor":11.0},{"not_picked":["Masterful Stab","Riddle With Holes","Flechettes"],"picked":"Accuracy","floor":14.0},{"not_picked":["Doppelganger+1","Venomology+1","Burst+1"],"picked":"Phantasmal Killer+1","floor":16.0},{"not_picked":["Accuracy","Eviscerate","Deflect+1","Underhanded Strike"],"picked":"SKIP","floor":18.0},{"not_picked":["Leg Sweep+1","Flying Knee+1","Deadly Poison+1"],"picked":"Prepared+1","floor":21.0},{"not_picked":["Flying Knee","Crippling Poison+1","Sucker Punch"],"picked":"Terror+1","floor":22},{"not_picked":["Caltrops","PiercingWail+1","Outmaneuver+1"],"picked":"Backflip+1","floor":23},{"not_picked":["Deflect+1","Flechettes","Prepared+1","Expertise+1"],"picked":"SKIP","floor":25},{"not_picked":["Blade Dance+1","Endless Agony","Skewer","Backflip+1"],"picked":"SKIP","floor":29},{"not_picked":["Envenom","Blade Dance+1","Sucker Punch"],"picked":"Footwork","floor":31},{"not_picked":["Die Die Die","Venomology+1","Wraith Form v2"],"picked":"Malaise+1","floor":33},{"not_picked":["Noxious Fumes","Dodge and Roll+1","Heel Hook+1"],"picked":"Reflex+1","floor":35},{"not_picked":["Leg Sweep+1","Outmaneuver+1","Deflect+1"],"picked":"Well Laid Plans+1","floor":39},{"not_picked":["Eviscerate","Noxious Fumes+1","Quick Slash","Tactician+1"],"picked":"SKIP","floor":41},{"not_picked":["Cloak And Dagger+1","Accuracy+1","Prepared+1","Quick Slash+1"],"picked":"SKIP","floor":42},{"not_picked":["Sucker Punch","Dodge and Roll+1","Infinite Blades+1","Flying Knee"],"picked":"SKIP","floor":44},{"not_picked":["Well Laid Plans","Backflip+1","Blade Dance+1"],"picked":"Malaise+1","floor":46},{"not_picked":["Prepared+1","Bullet Time+1","Tools of the Trade","Footwork"],"picked":"SKIP","floor":47},{"not_picked":["Cloak And Dagger+1","Deadly Poison+1","Concentrate+1"],"picked":"Calculated Gamble+1","floor":48},{"not_picked":["Terror+1","Masterful Stab+1","Deadly Poison+1","Backflip+1"],"picked":"SKIP","floor":55}],"player_experience":4265489,"relics_obtained":[{"floor":6.0,"key":"Pen Nib"},{"floor":8.0,"key":"Toxic Egg 2"},{"floor":9.0,"key":"HornCleat"},{"floor":14.0,"key":"Akabeko"},{"floor":20.0,"key":"Bag of Preparation"},{"floor":23,"key":"Boot"},{"floor":25,"key":"Pocketwatch"},{"floor":26,"key":"MealTicket"},{"floor":29,"key":"Pantograph"},{"floor":30,"key":"Nilry\u0027s Codex"},{"floor":31,"key":"CeramicFish"},{"floor":34,"key":"Bag of Marbles"},{"floor":34,"key":"Sundial"},{"floor":34,"key":"Peace Pipe"},{"floor":44,"key":"Bronze Scales"},{"floor":47,"key":"Whetstone"},{"floor":55,"key":"War Paint"}],"event_choices":[{"damage_healed":0.0,"max_hp_gain":0.0,"max_hp_loss":0.0,"gold_gain":75.0,"event_name":"World of Goop","player_choice":"Gather Gold","floor":3.0,"gold_loss":0.0,"damage_taken":11.0},{"damage_healed":0.0,"max_hp_gain":0.0,"max_hp_loss":6.0,"gold_gain":0.0,"event_name":"Golden Idol","player_choice":"Lose Max HP","floor":4.0,"gold_loss":0.0,"damage_taken":0.0,"relics_obtained":["Golden Idol"]},{"damage_healed":0.0,"max_hp_gain":0.0,"max_hp_loss":0.0,"gold_gain":0.0,"event_name":"FaceTrader","player_choice":"Trade","floor":5.0,"gold_loss":0.0,"damage_taken":0.0,"relics_obtained":["SsserpentHead"]},{"damage_healed":0.0,"max_hp_gain":0.0,"max_hp_loss":0.0,"gold_gain":0.0,"event_name":"Shining Light","player_choice":"Entered Light","floor":12.0,"gold_loss":0.0,"damage_taken":20.0,"cards_upgraded":["Dash","Defend_G"]},{"damage_healed":0.0,"max_hp_gain":0.0,"max_hp_loss":0.0,"gold_gain":0.0,"event_name":"The Library","player_choice":"Read","floor":19.0,"gold_loss":0.0,"damage_taken":0.0,"cards_obtained":["Acrobatics"]},{"damage_healed":0,"gold_gain":0,"cards_transformed":["Bullet Time","Dash"],"player_choice":"Became Test Subject","damage_taken":0,"max_hp_gain":0,"max_hp_loss":0,"event_name":"Drug Dealer","floor":27,"gold_loss":0,"cards_obtained":["Storm of Steel","Doppelganger"]},{"damage_healed":0,"gold_gain":0,"player_choice":"Obtained Book","damage_taken":21,"max_hp_gain":0,"max_hp_loss":0,"event_name":"Cursed Tome","floor":30,"gold_loss":0},{"cards_removed":["Phantasmal Killer"],"damage_healed":0,"gold_gain":0,"player_choice":"Removed Skill","damage_taken":0,"max_hp_gain":0,"max_hp_loss":0,"event_name":"Falling","floor":37,"gold_loss":0},{"damage_healed":0,"gold_gain":0,"player_choice":"Paid","damage_taken":0,"relics_obtained":["Red Mask"],"max_hp_gain":0,"max_hp_loss":0,"event_name":"Tomb of Lord Red Mask","floor":38,"gold_loss":181}],"is_beta":false,"boss_relics":[{"not_picked":["Black Star","SacredBark"],"picked":"Pandora\u0027s Box"},{"not_picked":["Sozu","Astrolabe"],"picked":"Calling Bell"}],"items_purged_floors":[2,13,24],"is_endless":false,"potions_floor_spawned":[6,8,11,21,22,23,31,33,35,39,55],"killed_by":"The Heart","ascension_level":20}}