{"host":"3vhe2wr81aw5r9bm","time":1610592793,"event":{"mods":["AchievementEnabler","BaseMod","Colored Powertips","Minty Spire (QoL Compilation)","Quick Restart","Replay The Spire","StSLib","The Hierophant"],"gold_per_floor":[110,123,140,161,173,173,173,202,202,275,325,321,321],"floor_reached":12,"language":"ENG","playtime":968,"items_purged":[],"score":109,"play_id":"62c2fe64-d6a2-4ecf-9070-f63d99c97173","local_time":"20210113215313","is_ascension_mode":false,"campfire_choices":[{"floor":6,"key":"RECALL"}],"circlet_count":0,"master_deck":["hierophant:Strike_Hierophant","hierophant:Strike_Hierophant","hierophant:Strike_Hierophant","hierophant:Strike_Hierophant","hierophant:Punish","hierophant:Defend_Hierophant","hierophant:Defend_Hierophant","hierophant:Defend_Hierophant","hierophant:Defend_Hierophant","hierophant:ChurchCoffers","hierophant:Chorus","hierophant:Endure","hierophant:Doubloon","hierophant:CoinFling","hierophant:TollTheBells","hierophant:Doubloon","hierophant:CoinFling","hierophant:Doubloon","hierophant:Doubloon","hierophant:RustyCrate","hierophant:SealAway","hierophant:Prophecy","hierophant:WrathOfGod","hierophant:Blessing"],"relics":["hierophant:PropheticMaskRelic","Pocketwatch"],"acts_visited":["Exordium"],"potions_floor_usage":[8,10,11],"damage_taken":[{"damage":1,"enemies":"Jaw Worm","floor":1,"turns":4},{"damage":1,"enemies":"Cultist","floor":2,"turns":4},{"damage":0,"enemies":"2 Louse","floor":3,"turns":1},{"damage":4,"enemies":"Blue Slaver","floor":4,"turns":4},{"damage":0,"enemies":"3 Louse","floor":5,"turns":2},{"damage":14,"enemies":"Red Slaver","floor":8,"turns":4},{"damage":23,"enemies":"Gremlin Nob","floor":10,"turns":4},{"damage":16,"enemies":"Blue Slaver","floor":11,"turns":3},{"damage":31,"enemies":"3 Sentries","floor":12,"turns":4}],"seed_played":"1237631346472480338","potions_obtained":[{"floor":1,"key":"AttackPotion"},{"floor":4,"key":"LifebloodPotion"},{"floor":5,"key":"SteroidPotion"},{"floor":8,"key":"Adrenaline Potion"},{"floor":10,"key":"Elixir"}],"is_trial":false,"path_per_floor":["M","M","M","M","M","R","?","M","T","E","M","E"],"character_chosen":"HIEROPHANT","items_purchased":[],"campfire_rested":0,"item_purchase_floors":[],"current_hp_per_floor":[81,80,80,76,76,76,76,62,62,39,23,0,0],"gold":321,"neow_bonus":"TEN_PERCENT_HP_BONUS","is_daily":false,"chose_seed":false,"campfire_upgraded":0,"win_rate":0.0,"timestamp":1610592793,"path_taken":["M","M","M","M","M","R","?","M","T","E","M","E"],"items_purchased_type":[],"build_version":"2020-12-22","purchased_purges":0,"victory":false,"max_hp_per_floor":[82,82,82,82,82,82,82,82,82,82,82,82,82],"card_choices":[{"not_picked":["hierophant:Upheaval","hierophant:FieryStrike"],"picked":"hierophant:Chorus","floor":1},{"not_picked":["hierophant:AuricBeam","hierophant:Racketeering"],"picked":"hierophant:Endure","floor":2},{"not_picked":["hierophant:FlamingChariot","hierophant:FieryStrike"],"picked":"hierophant:CoinFling","floor":3},{"not_picked":["hierophant:Doubloon","hierophant:Racketeering"],"picked":"hierophant:TollTheBells","floor":4},{"not_picked":["hierophant:OrnateBuckler","hierophant:Sermon"],"picked":"hierophant:CoinFling","floor":5},{"not_picked":["hierophant:HolyVerse","hierophant:SealAway"],"picked":"hierophant:Prophecy","floor":8},{"not_picked":["hierophant:FieryStrike","hierophant:FlamingChariot"],"picked":"hierophant:WrathOfGod","floor":10},{"not_picked":["hierophant:Chorus","hierophant:OrnateBuckler"],"picked":"hierophant:Blessing","floor":11}],"player_experience":315597,"relics_obtained":[{"floor":10,"key":"Pocketwatch"}],"event_choices":[{"damage_healed":0,"gold_gain":0,"player_choice":"2 cards matched","damage_taken":0,"max_hp_gain":0,"max_hp_loss":0,"event_name":"Match and Keep!","floor":7,"gold_loss":0,"cards_obtained":["hierophant:RustyCrate","hierophant:SealAway"]}],"is_beta":false,"boss_relics":[],"items_purged_floors":[],"is_endless":false,"potions_floor_spawned":[1,4,5,8,10],"killed_by":"3 Sentries","ascension_level":0}}