{"host":"7uuqqk35leady37t","time":1610611043,"event":{"mods":["BaseMod","Colored Map","Colored Powertips","Downfall","Marisa£®ÏF”Í°°ƒß¿Ì…≥£©","Minty Spire (QoL Compilation)","Relic Stats","Remilia£®¿Ÿ√◊¿Ú—«£©","Replay The Spire","Robot Space Explorer","StSLib","The Bug Knight","The Servant 0.9.4","UnlockEverythingMod","Waifu the Spire","Yuri Mod","[IsaacMod]“‘»ˆº‚À˛"],"gold_per_floor":[99,115,128,147,16,16,16,66,82,100,25,25,25],"floor_reached":12,"language":"ZHS","playtime":775,"items_purged":["Defend_P"],"score":140,"play_id":"fe972f9c-8527-4c0c-b322-7fe198a81bd3","local_time":"20210114155723","is_ascension_mode":true,"campfire_choices":[{"floor":11,"key":"RECALL"}],"circlet_count":0,"master_deck":["AscendersBane","Strike_P","Strike_P","Strike_P","Defend_P","Defend_P","Defend_P","Eruption","Vigilance","BettingIsNotGood","Replay:Vibes","Replay:AtTheReady","Consecrate","FlurryOfBlows","Pray","CrushJoints","CrushJoints","Regret","SandsOfTime","Ragnarok+1"],"relics":["PureWater","HushsDoor","BookOfRevelations","Replay:Bottled Snecko","Ring of Greed","Ring of Peace","Replay:Wax Seal","Golden Egg","downfall:HeartBlessingBlue"],"acts_visited":["Exordium"],"potions_floor_usage":[10,12],"damage_taken":[{"damage":0,"enemies":"Cultist","floor":2,"turns":4},{"damage":0,"enemies":"2 Louse","floor":3,"turns":1},{"damage":4,"enemies":"Small Slimes","floor":4,"turns":3},{"damage":0,"enemies":"downfall:FleeingMerchant","floor":5,"turns":4},{"damage":47,"enemies":"3 Louse","floor":9,"turns":8},{"damage":5,"enemies":"Red Slaver","floor":10,"turns":4},{"damage":27,"enemies":"3 Sentries","floor":12,"turns":7}],"seed_played":"6504158268045946402","potions_obtained":[{"floor":2,"key":"Adrenaline Potion"},{"floor":9,"key":"Regen Potion"}],"is_trial":false,"path_per_floor":["R_BF","M","M","M","$","?","T","?","M","M","R","E"],"character_chosen":"WATCHER","items_purchased":["CrushJoints"],"campfire_rested":0,"item_purchase_floors":[5],"current_hp_per_floor":[67,67,67,68,73,73,73,73,26,21,31,23,23],"gold":25,"neow_bonus":"TEN_PERCENT_HP_BONUS","is_daily":false,"chose_seed":false,"campfire_upgraded":0,"win_rate":0.0,"timestamp":1610611043,"path_taken":["R_BF","M","M","M","$","?","T","?","M","M","R","E"],"items_purchased_type":["Card"],"build_version":"2020-12-22","purchased_purges":1,"victory":false,"max_hp_per_floor":[74,74,74,74,74,74,74,74,74,74,84,84,84],"relic_stats":{"counters":[7,31],"obtain_stats":[{"KeepersGift":0,"Golden Egg":8,"downfall:HeartBlessingBlue":11,"Ring of Peace":8,"BookOfRevelations":0,"Replay:Bottled Snecko":6,"Ring of Greed":8,"PureWater":0,"Replay:Wax Seal":8,"HushsDoor":0},{"KeepersGift":0,"Golden Egg":4,"downfall:HeartBlessingBlue":6,"Ring of Peace":4,"BookOfRevelations":0,"Replay:Bottled Snecko":4,"Ring of Greed":4,"PureWater":0,"Replay:Wax Seal":4,"HushsDoor":0},{"KeepersGift":0,"Golden Egg":12,"downfall:HeartBlessingBlue":24,"Ring of Peace":12,"BookOfRevelations":0,"Replay:Bottled Snecko":12,"Ring of Greed":12,"PureWater":0,"Replay:Wax Seal":12,"HushsDoor":0}]},"card_choices":[{"not_picked":[],"picked":"BettingIsNotGood","floor":0},{"not_picked":["CrushJoints","Collect"],"picked":"Replay:AtTheReady","floor":2},{"not_picked":["DevaForm","Halt"],"picked":"Consecrate","floor":3},{"not_picked":["ThirdEye","Protect"],"picked":"FlurryOfBlows","floor":4},{"not_picked":["Replay:AtTheReady","JustLucky"],"picked":"Pray","floor":5},{"not_picked":["Replay:Hum","CrushJoints"],"picked":"SandsOfTime","floor":9},{"not_picked":["SashWhip","Evaluate"],"picked":"Ragnarok","floor":10}],"player_experience":55069,"relics_obtained":[{"floor":8,"key":"Ring of Greed"},{"floor":8,"key":"Ring of Peace"},{"floor":8,"key":"Replay:Wax Seal"},{"floor":8,"key":"Golden Egg"}],"event_choices":[{"damage_healed":0,"gold_gain":0,"player_choice":"Box","damage_taken":0,"relics_obtained":["Replay:Bottled Snecko"],"max_hp_gain":0,"max_hp_loss":0,"event_name":"Big Fish","floor":6,"gold_loss":0,"cards_obtained":["Regret"]}],"is_beta":false,"boss_relics":[],"items_purged_floors":[5],"is_endless":false,"potions_floor_spawned":[2,9],"killed_by":"3 Sentries","ascension_level":20}}