{"host":"8d3fefv2347kqkpz","time":1610664115,"event":{"mods":["100% Spire Juice","BaseMod","Better Vampires","Colored Map","Downfall","Minty Spire (QoL Compilation)","Quick Restart","Replay The Spire","StSLib","The Gatherer","Waifu the Spire"],"gold_per_floor":[114,193,193,493,558,558,584,598,646,702,702,75,90,17,17,116,116,129,146,156,169,169,169,188,188,188,188,221,233,261,273,285,402,414,445,476,488,17,31,31,58,58,58,75,92,109,109,49,49,49,49],"floor_reached":50,"language":"ZHS","playtime":2101,"items_purged":["Spreading Infection"],"score":544,"play_id":"a31acf78-2c40-4e97-b89d-2dad5c85df10","local_time":"20210115064155","is_ascension_mode":false,"campfire_choices":[{"data":"Inflame","floor":6,"key":"SMITH"},{"floor":11,"key":"REST"},{"data":"Rupture","floor":15,"key":"SMITH"},{"floor":23,"key":"REST"},{"data":"Flex","floor":25,"key":"SMITH"},{"floor":32,"key":"REST"},{"floor":40,"key":"REST"},{"floor":42,"key":"REST"},{"floor":49,"key":"REST"}],"circlet_count":0,"master_deck":["Defend_R","Defend_R","Defend_R","Defend_R","Inflame+1","Sword Boomerang","Replay:Undeath\u0027s Touch","Rupture+1","Impervious","Flex+1","Replay:Undeath\u0027s Touch","Bite","Bite","Spot Weakness","Pummel","Limit Break","Spot Weakness","Pummel","Combust","Twin Strike","Brutality+1","Inflame+1"],"relics":["Burning Blood","Centennial Puzzle","ReplayTheSpireMod:Ring of Collecting","Ring of Searing","Old Coin","ReplayTheSpireMod:Ring of Challenge","Iron Hammer","ReplayTheSpireMod:Ring of Exchange","Dream Catcher","Mummified Hand","Replay:Baseball","HandDrill","Replay:Drink Me","Ring of Peace","ReplayTheSpireMod:Ninjato","MawBank","DollysMirror","Shovel","Ice Cream","MealTicket","Replay:PocketPolymizer"],"acts_visited":["Exordium","TheCity","TheBeyond"],"potions_floor_usage":[5,5,33,33,46,50],"damage_taken":[{"damage":7,"enemies":"2 Louse","floor":1,"turns":4},{"damage":25,"enemies":"Small Slimes","floor":5,"turns":7},{"damage":33,"enemies":"Gremlin Nob","floor":7,"turns":4},{"damage":11,"enemies":"Jaw Worm","floor":8,"turns":2},{"damage":10,"enemies":"Blue Slaver","floor":10,"turns":4},{"damage":4,"enemies":"Exordium Wildlife","floor":13,"turns":3},{"damage":31,"enemies":"The Guardian","floor":16,"turns":5},{"damage":15,"enemies":"Spheric Guardian","floor":18,"turns":4},{"damage":10,"enemies":"2 Thieves","floor":19,"turns":3},{"damage":8,"enemies":"3 Cultists","floor":20,"turns":5},{"damage":9,"enemies":"Snake Plant","floor":21,"turns":3},{"damage":10,"enemies":"Cultist and Chosen","floor":24,"turns":3},{"damage":15,"enemies":"Book of Stabbing","floor":28,"turns":4},{"damage":10,"enemies":"Centurion and Healer","floor":30,"turns":3},{"damage":56,"enemies":"Automaton","floor":33,"turns":8},{"damage":5,"enemies":"Orb Walker","floor":35,"turns":2},{"damage":19,"enemies":"3 Shapes","floor":36,"turns":3},{"damage":51,"enemies":"Spire Growth","floor":39,"turns":6},{"damage":18,"enemies":"R_Hoarder","floor":41,"turns":5},{"damage":5,"enemies":"Writhing Mass","floor":44,"turns":3},{"damage":26,"enemies":"4 Shapes","floor":45,"turns":4},{"damage":9,"enemies":"3 Darklings","floor":46,"turns":8},{"damage":67,"enemies":"Awakened One","floor":50,"turns":4}],"seed_played":"-934742789165537792","potions_obtained":[{"floor":1,"key":"Languid Potion"},{"floor":2,"key":"Ancient Potion"},{"floor":2,"key":"Toxic Potion"},{"floor":8,"key":"LiquidMemories"},{"floor":16,"key":"Venom Potion"},{"floor":19,"key":"Adrenaline Potion"},{"floor":35,"key":"Fire Potion"},{"floor":45,"key":"SpeedPotion"},{"floor":46,"key":"LiquidMemories"}],"is_trial":false,"path_per_floor":["M","?","?","T","M","R","E","M","T","M","R","$","M","$","R","B",null,"M","M","M","M","?","R","M","R","T","?","E","$","M","?","R","B",null,"M","M","?","$","M","R","E","R","T","M","M","M","?","$","R","B"],"character_chosen":"IRONCLAD","items_purchased":["Mummified Hand","Replay:Baseball","HandDrill","Rupture","Combust","FairyPotion","Ice Cream","Inflame+1"],"campfire_rested":6,"item_purchase_floors":[12,12,12,14,38,38,38,48],"current_hp_per_floor":[87,87,87,87,68,68,41,36,36,32,58,58,60,60,60,35,66,57,53,51,48,48,66,62,62,62,58,55,55,54,54,58,16,58,58,47,47,47,23,40,30,47,47,48,31,38,38,53,58,0,0],"gold":49,"neow_bonus":"TEN_PERCENT_HP_BONUS","is_daily":false,"chose_seed":false,"campfire_upgraded":3,"win_rate":0.0,"timestamp":1610664115,"path_taken":["M","?","?","?","M","R","E","M","T","M","R","$","M","?","R","BOSS","M","M","M","M","?","R","M","R","T","?","E","$","M","?","R","BOSS","M","M","?","$","M","R","E","R","T","M","?","M","?","$","R","BOSS"],"items_purchased_type":["Relic","Relic","Relic","Card","Card","Potion","Relic","Card"],"build_version":"2020-12-22","purchased_purges":1,"victory":false,"max_hp_per_floor":[88,88,88,88,88,88,88,88,88,88,88,88,88,88,88,88,66,66,66,66,66,66,66,66,66,66,58,58,58,58,58,58,58,58,58,58,58,58,58,58,58,58,58,58,58,58,58,58,58,58,58],"card_choices":[{"not_picked":["Wild Strike","Anger","Clothesline"],"picked":"SKIP","floor":1},{"not_picked":["ReplayTheSpireMod:Strike From Hell","Havoc"],"picked":"Inflame","floor":2},{"not_picked":["Sever Soul","Run Through","Clothesline"],"picked":"SKIP","floor":5},{"not_picked":["Burning Pact","Exhume","Clothesline"],"picked":"SKIP","floor":7},{"not_picked":["Anger","Headbutt","Body Slam"],"picked":"SKIP","floor":8},{"not_picked":["Pommel Strike","Havoc","Thunderclap"],"picked":"SKIP","floor":10},{"not_picked":["Dropkick","ReplayTheSpireMod:Limb From Limb"],"picked":"Sword Boomerang","floor":11},{"not_picked":["ReplayTheSpireMod:Strike From Hell","Dark Embrace"],"picked":"Replay:Undeath\u0027s Touch","floor":13},{"not_picked":["Bludgeon","Reaper"],"picked":"Impervious","floor":16},{"not_picked":["True Grit","Uppercut","Iron Wave"],"picked":"SKIP","floor":18},{"not_picked":["Sentinel","Blood for Blood","Intimidate"],"picked":"SKIP","floor":19},{"not_picked":["Massacre+1","Entrench+1","Headbutt"],"picked":"SKIP","floor":20},{"not_picked":["Defy Death","Sentinel"],"picked":"Flex","floor":21},{"not_picked":["ReplayTheSpireMod:Limb From Limb","Iron Wave"],"picked":"Replay:Undeath\u0027s Touch","floor":23},{"not_picked":["Body Slam","Havoc","Headbutt+1"],"picked":"SKIP","floor":24},{"not_picked":["Twin Strike","Eclipse"],"picked":"Spot Weakness","floor":28},{"not_picked":["ReplayTheSpireMod:Strike From Hell","Body Slam","Second Wind"],"picked":"SKIP","floor":30},{"not_picked":["Blood for Blood","Shrug It Off"],"picked":"Pummel","floor":32},{"not_picked":["Corruption","Juggernaut"],"picked":"Limit Break","floor":33},{"not_picked":["Blood for Blood","Anger+1"],"picked":"Pummel","floor":35},{"not_picked":["Whirlwind","Headbutt+1","Defy Death+1"],"picked":"SKIP","floor":36},{"not_picked":["Thunderclap","Armaments"],"picked":"Twin Strike","floor":39},{"not_picked":["Eclipse","Feel No Pain+1","Warcry"],"picked":"SKIP","floor":41},{"not_picked":["Perfected Strike","Havoc","Carnage+1"],"picked":"SKIP","floor":44},{"not_picked":["Clash","Sever Soul"],"picked":"Brutality","floor":45},{"not_picked":["Anger","Body Slam+1","Pommel Strike"],"picked":"SKIP","floor":46}],"player_experience":59647,"relics_obtained":[{"floor":2,"key":"Centennial Puzzle"},{"floor":3,"key":"ReplayTheSpireMod:Ring of Collecting"},{"floor":3,"key":"Ring of Searing"},{"floor":4,"key":"Old Coin"},{"floor":4,"key":"ReplayTheSpireMod:Ring of Challenge"},{"floor":7,"key":"Iron Hammer"},{"floor":9,"key":"ReplayTheSpireMod:Ring of Exchange"},{"floor":9,"key":"Dream Catcher"},{"floor":26,"key":"Ring of Peace"},{"floor":26,"key":"ReplayTheSpireMod:Ninjato"},{"floor":28,"key":"MawBank"},{"floor":41,"key":"MealTicket"},{"floor":43,"key":"Replay:PocketPolymizer"}],"event_choices":[{"damage_healed":0,"gold_gain":0,"player_choice":"Became a vampire","damage_taken":0,"max_hp_gain":0,"max_hp_loss":8,"event_name":"Vampires","floor":27,"gold_loss":0,"cards_obtained":["Bite","Bite"]},{"cards_removed":["Bash"],"damage_healed":0,"gold_gain":0,"player_choice":"Elegance","damage_taken":0,"max_hp_gain":0,"max_hp_loss":0,"event_name":"Back to Basics","floor":31,"gold_loss":0},{"damage_healed":0,"gold_gain":0,"player_choice":"Gave Potion","damage_taken":0,"relics_obtained":["Shovel"],"max_hp_gain":0,"max_hp_loss":0,"event_name":"WeMeetAgain","floor":37,"gold_loss":0},{"damage_healed":0,"gold_gain":0,"player_choice":"Upgraded","damage_taken":0,"max_hp_gain":0,"max_hp_loss":0,"event_name":"Upgrade Shrine","floor":47,"gold_loss":0,"cards_upgraded":["Brutality"]}],"is_beta":false,"boss_relics":[{"not_picked":["ReplayTheSpireMod:DimensionalGlitch","Busted Crown"],"picked":"Replay:Drink Me"},{"not_picked":["Guide Book","Ooze Armor"],"picked":"DollysMirror"}],"items_purged_floors":[12],"is_endless":false,"potions_floor_spawned":[1,8,16,19,20,30,35,45,46],"killed_by":"Awakened One","ascension_level":0}}