{"host":"iv4l93feeza0hr07","time":1610596328,"event":{"mods":["2.2 Compatiblity","AchievementEnabler","Act Like it!","BaseMod","BetterRewards","Colored Map","Colored Powertips","Conspire","Downfall","GifTheSpireLib","GungeonMod","Hubris","Infinite Spire","LagranYue(???·?)","Mimic Mod","Minty Spire (QoL Compilation)","Quick Restart","StSLib","The Animator","The Bug Knight","The Wild Card","TheSwordswoman","Yuri Mod"],"gold_per_floor":[116,116,116,139,191,191,217,217,240,266,285,296,296,307,307,433,433,446,461,311,311,328,328,362,362,362],"floor_reached":25,"language":"ENG","playtime":1947,"items_purged":[],"score":203,"play_id":"dd3ec86f-6eb6-4b7d-b571-a9480ef389b5","local_time":"20210113195208","is_ascension_mode":false,"campfire_choices":[{"data":"animator:Kazuma","floor":6,"key":"SMITH"},{"data":"animator:Shuna","floor":8,"key":"SMITH"},{"data":"animator:Souei","floor":13,"key":"SMITH"},{"floor":15,"key":"REST"},{"floor":23,"key":"REST"}],"circlet_count":0,"master_deck":["animator:Strike_Konosuba","animator:Defend_Konosuba","animator:Strike","animator:Strike","animator:Strike","animator:Defend","animator:Defend","animator:Defend","animator:Kazuma+1","animator:Aqua","animator:Bozes+1","animator:Hakurou","animator:Verdia","animator:Shuna+1","animator:Souei+1","animator:Hakurou","animator:Benimaru","animator:Shizu","animator:Millim","animator:Berserker","animator:Alexander","animator:EmiyaShirou+1"],"relics":["animator:VividPicture","animator:TheMissingPiece","LagranYue:RandomDrawCardRelic","animator:PurgingStone","NeowsBlessing","Juzu Bracelet","infinitespire:PuzzleCube","DemoMod:ClearGuonStone","Vajra","Enchiridion","DemoMod:SerJunkan"],"acts_visited":["Exordium","TheCity"],"potions_floor_usage":[24,24,24],"damage_taken":[{"damage":0,"enemies":"Cultist","floor":1,"turns":1},{"damage":0,"enemies":"2 Louse","floor":4,"turns":1},{"damage":0,"enemies":"Jaw Worm","floor":5,"turns":2},{"damage":50,"enemies":"HollowMod:MossKnight","floor":7,"turns":21},{"damage":1,"enemies":"Jaw Worm","floor":10,"turns":4},{"damage":0,"enemies":"Exordium Wildlife","floor":11,"turns":7},{"damage":0,"enemies":"Large Slime","floor":12,"turns":16},{"damage":2,"enemies":"3 Louse","floor":14,"turns":7},{"damage":14,"enemies":"Hexaghost","floor":16,"turns":11},{"damage":12,"enemies":"Chosen","floor":18,"turns":8},{"damage":33,"enemies":"Spheric Guardian","floor":19,"turns":7},{"damage":9,"enemies":"Centurion and Healer","floor":22,"turns":7},{"damage":26,"enemies":"conspire:MimicChest","floor":24,"turns":7},{"damage":6,"enemies":"Sentry and Sphere","floor":25,"turns":2}],"seed_played":"2026485018678969496","potions_obtained":[{"floor":7,"key":"sneckomod:MuddlingPotion"},{"floor":10,"key":"Weak Potion"},{"floor":12,"key":"animator:FalseLifePotion"},{"floor":19,"key":"Energy Potion"},{"floor":24,"key":"Weak Potion"}],"is_trial":false,"path_per_floor":["M","?","?","M","MIM","R","E","R","T","M","M","M","R","M","R","B",null,"M","M","$","?","M","R","?","M"],"character_chosen":"THE_ANIMATOR","items_purchased":["Vajra"],"campfire_rested":2,"item_purchase_floors":[20],"current_hp_per_floor":[66,66,66,66,66,66,19,19,19,20,22,24,24,25,45,33,68,58,27,27,11,4,25,1,0,0],"gold":362,"neow_bonus":"THREE_ENEMY_KILL","is_daily":false,"chose_seed":false,"campfire_upgraded":3,"win_rate":0.0,"timestamp":1610596328,"path_taken":["M","?","?","?","?","R","E","R","T","M","M","M","R","M","R","BOSS","M","M","$","?","M","R","?","M"],"items_purchased_type":["Relic"],"build_version":"2020-12-22","purchased_purges":0,"victory":false,"max_hp_per_floor":[66,66,66,66,66,66,67,67,67,67,67,67,67,68,68,68,68,70,70,70,70,70,70,70,70,70],"card_choices":[{"not_picked":["animator:Evileye","animator:Chung"],"picked":"animator:Bozes","floor":1},{"not_picked":["animator:YaoHaDucy","animator:DwarfShaman"],"picked":"animator:Hakurou","floor":4},{"not_picked":["animator:GuildGirl","animator:Elsword"],"picked":"animator:Verdia","floor":5},{"not_picked":["animator:Vesta","animator:GuildGirl"],"picked":"animator:Shuna","floor":7},{"not_picked":["animator:Millim","animator:Shion"],"picked":"animator:Souei","floor":10},{"not_picked":["animator:Caster","animator:Ara"],"picked":"animator:Hakurou","floor":11},{"not_picked":["animator:MaesHughes","animator:GoblinSlayer","animator:LizardPriest"],"picked":"SKIP","floor":12},{"not_picked":["animator:Add","animator:Kazuma"],"picked":"animator:Benimaru","floor":14},{"not_picked":["animator:Greed","animator:Eris"],"picked":"animator:Shizu","floor":16},{"not_picked":["animator:GazelDwargon","animator:Benimaru"],"picked":"animator:Millim","floor":18},{"not_picked":["animator:Evileye+1","animator:Kaijin"],"picked":"animator:Berserker","floor":19},{"not_picked":["animator:OrikoMikuni","animator:Souei"],"picked":"animator:Alexander","floor":22},{"not_picked":["animator:DwarfShaman+1","animator:WinryRockbell"],"picked":"animator:EmiyaShirou+1","floor":24}],"player_experience":158711,"relics_obtained":[{"floor":5,"key":"Juzu Bracelet"},{"floor":7,"key":"infinitespire:PuzzleCube"},{"floor":9,"key":"DemoMod:ClearGuonStone"},{"floor":21,"key":"Enchiridion"},{"floor":24,"key":"DemoMod:SerJunkan"}],"event_choices":[{"damage_healed":0,"gold_gain":0,"player_choice":"Grow","damage_taken":0,"max_hp_gain":0,"max_hp_loss":0,"event_name":"Living Wall","floor":2,"gold_loss":0,"cards_upgraded":["animator:Bozes"]},{"damage_healed":0,"gold_gain":0,"player_choice":"Leave","damage_taken":0,"max_hp_gain":0,"max_hp_loss":0,"event_name":"conspire:Investor","floor":3,"gold_loss":0},{"damage_healed":0,"gold_gain":0,"player_choice":"Obtained Book","damage_taken":16,"max_hp_gain":0,"max_hp_loss":0,"event_name":"Cursed Tome","floor":21,"gold_loss":0}],"is_beta":false,"boss_relics":[{"not_picked":["Empty Cage","SlaversCollar"],"picked":"animator:VividPicture"}],"items_purged_floors":[],"is_endless":false,"potions_floor_spawned":[7,10,12,14,19,22,24],"killed_by":"Sentry and Sphere","ascension_level":0}}