{"host":"ishme5wb80o83upk","time":1610635375,"event":{"mods":["BaseMod","HololiveMod","Minty Spire (QoL Compilation)","StSLib"],"gold_per_floor":[86,126,76,76,87,117,117,147,147,158,188,206,206,206,206,306,306,323,342,361,340,340,403,403,449,475,519,519,594,676,719,719,851,851,878,898,939,616,616,670,670,670,670,698,765,765,821,850,850,890,890,890,656,714,738],"floor_reached":56,"language":"KOR","playtime":2975,"items_purged":["Parasite","Hololive_BeCareful+1"],"score":2074,"play_id":"da310068-348c-4c6d-893f-c824b1186932","local_time":"20210114234255","is_ascension_mode":true,"campfire_choices":[{"data":"Hololive_Teleport","floor":7.0,"key":"SMITH"},{"data":"Hololive_CallArtia","floor":13.0,"key":"SMITH"},{"data":"Hololive_CallFriendA","floor":15.0,"key":"SMITH"},{"data":"Hololive_RevenueBasedLive","floor":24.0,"key":"SMITH"},{"data":"Hololive_DiamondStrike","floor":28,"key":"SMITH"},{"data":"Hololive_CallSakuraMiko","floor":32,"key":"SMITH"},{"data":"Hololive_BeCareful","floor":41,"key":"SMITH"},{"floor":46,"key":"RECALL"},{"data":"Hololive_Yoholoon","floor":49,"key":"SMITH"},{"data":"Hololive_Recruit","floor":52,"key":"SMITH"}],"circlet_count":0,"master_deck":["Hololive_Trident","Hololive_CallRosalyn","Hololive_CallCivia","Hololive_CallArtia+1","Hololive_CallMurasakiShion","Hololive_CallFriendA+1","Hololive_CallAZKi+1","Hololive_Teleport+1","Hololive_CallOmaruPolka","Hololive_SummonFox+1","Hololive_CallTokinoSora","Hololive_CallHimemoriLuna","Hololive_Drill","Hololive_CallRoboco","Hololive_CallSakuraMiko+1","Hololive_CallDoris+1","Hololive_DiamondStrike+1","Hololive_RevenueBasedLive+1","Hololive_RevenueBasedLive+1","Hololive_CallHoshimachiSuisei","Hololive_Rebound","Hololive_CallAmaneKanata","Hololive_Recruit+1","Hololive_Yoholoon+1","Dark Shackles","Sadistic Nature+1","Hololive_CallFriendA+1","Hololive_CallMomosuzuNene+4","Hololive_CallUsadaPekora+1","Hololive_CallKiryuuCoco+1","Hololive_CallYozoraMel+1","Hololive_CallYuzukiChoco+1","Magnetism+1"],"relics":["Hololive_TheStar","Unceasing Top","Pear","The Courier","Hololive_LightStick","Empty Cage","Oddly Smooth Stone","Hololive_FriedShrimpLion","Pantograph","Coffee Dripper","Frozen Egg 2","MealTicket","Prayer Wheel","Orichalcum","Ice Cream","Bag of Marbles"],"acts_visited":["Exordium","TheCity","TheBeyond","TheEnding"],"potions_floor_usage":[27,45,54,55,55],"damage_taken":[{"damage":0.0,"enemies":"2 Louse","floor":1.0,"turns":2.0},{"damage":0.0,"enemies":"Jaw Worm","floor":2.0,"turns":3.0},{"damage":12.0,"enemies":"Small Slimes","floor":5.0,"turns":3.0},{"damage":0.0,"enemies":"3 Sentries","floor":6.0,"turns":6.0},{"damage":0.0,"enemies":"Gremlin Nob","floor":8.0,"turns":2.0},{"damage":0.0,"enemies":"Looter","floor":10.0,"turns":2.0},{"damage":0.0,"enemies":"Lagavulin","floor":11.0,"turns":4.0},{"damage":0.0,"enemies":"3 Louse","floor":12.0,"turns":2.0},{"damage":0.0,"enemies":"Slime Boss","floor":16.0,"turns":5.0},{"damage":0.0,"enemies":"Shell Parasite","floor":18.0,"turns":5.0},{"damage":0.0,"enemies":"2 Thieves","floor":19.0,"turns":4.0},{"damage":0.0,"enemies":"Shelled Parasite and Fungi","floor":20.0,"turns":3.0},{"damage":0.0,"enemies":"Gremlin Leader","floor":23.0,"turns":5.0},{"damage":0.0,"enemies":"Centurion and Healer","floor":25.0,"turns":5.0},{"damage":8,"enemies":"Slavers","floor":27,"turns":3},{"damage":2,"enemies":"Gremlin Leader","floor":29,"turns":7},{"damage":0,"enemies":"Cultist and Chosen","floor":30,"turns":5},{"damage":0,"enemies":"3 Cultists","floor":31,"turns":5},{"damage":7,"enemies":"Automaton","floor":33,"turns":7},{"damage":0,"enemies":"Orb Walker","floor":35,"turns":3},{"damage":0,"enemies":"3 Darklings","floor":36,"turns":3},{"damage":0,"enemies":"Writhing Mass","floor":37,"turns":3},{"damage":0,"enemies":"Giant Head","floor":40,"turns":7},{"damage":0,"enemies":"Spire Growth","floor":44,"turns":4},{"damage":2,"enemies":"Reptomancer","floor":45,"turns":6},{"damage":0,"enemies":"Giant Head","floor":47,"turns":4},{"damage":0,"enemies":"Sphere and 2 Shapes","floor":48,"turns":3},{"damage":0,"enemies":"Donu and Deca","floor":50,"turns":6},{"damage":0,"enemies":"Shield and Spear","floor":54,"turns":4},{"damage":19,"enemies":"The Heart","floor":55,"turns":7}],"seed_played":"-1334186328910565066","potions_obtained":[{"floor":2.0,"key":"SpeedPotion"},{"floor":8.0,"key":"Explosive Potion"},{"floor":11.0,"key":"Block Potion"},{"floor":23.0,"key":"ColorlessPotion"},{"floor":25.0,"key":"Swift Potion"},{"floor":29,"key":"Block Potion"},{"floor":48,"key":"BlessingOfTheForge"}],"is_trial":false,"path_per_floor":["M","M","?","?","M","E","R","E","T","M","E","M","R","?","R","B",null,"M","M","M","$","?","E","R","M","T","E","R","E","M","M","R","B",null,"M","M","M","$","?","E","R","?","T","M","E","R","E","M","R","B",null,"R","$","E","B",null],"character_chosen":"Hololive_HololiveCharacter","items_purchased":["Hololive_RevenueBasedLive","Frozen Egg 2","Hololive_Yoholoon","Magnetism+1"],"campfire_rested":0,"item_purchase_floors":[21,38,38,53],"current_hp_per_floor":[32,32,32,37,25,25,25,35,35,35,35,35,35,25,25,25,44,44,44,44,44,44,44,44,44,44,36,36,34,34,34,34,43,48,48,48,48,47,37,37,37,37,37,37,35,35,35,35,35,47,47,47,47,47,28],"gold":738,"neow_bonus":"REMOVE_CARD","is_daily":false,"chose_seed":false,"campfire_upgraded":9,"win_rate":0.0,"timestamp":1610635375,"path_taken":["M","M","?","?","M","E","R","E","T","M","E","M","R","?","R","BOSS","M","M","M","$","?","E","R","M","T","E","R","E","M","M","R","BOSS","M","M","M","$","?","E","R","?","T","M","E","R","E","?","R","BOSS","R","$","E","BOSS"],"items_purchased_type":["Card","Relic","Card","Card"],"build_version":"2020-12-22","purchased_purges":2,"victory":true,"max_hp_per_floor":[35,35,35,40,40,40,40,50,50,50,50,50,50,50,50,50,50,50,50,50,50,50,50,50,50,50,50,50,50,50,50,50,50,50,50,50,50,47,47,47,47,47,47,47,47,47,47,47,47,47,47,47,47,47,47],"card_choices":[{"not_picked":["Hololive_CallMoonaHoshinova","Hololive_Drill","Hololive_Trident"],"picked":"Hololive_CallAZKi","floor":1.0},{"not_picked":["Hololive_CallTsunomakiWatame","Hololive_Psychosis","Hololive_OvertimeWork"],"picked":"Hololive_Teleport","floor":2.0},{"not_picked":["Hololive_CallInugamiKorone","Hololive_Breathe","Hololive_Drill"],"picked":"Hololive_CallOmaruPolka","floor":5.0},{"not_picked":["Hololive_LuckPotion","Hololive_Sequa","Hololive_Psychosis"],"picked":"Hololive_SummonFox","floor":6.0},{"not_picked":["Hololive_RevenueBasedLive","Hololive_CallTsunomakiWatame","Hololive_CallRoboco"],"picked":"Hololive_CallTokinoSora","floor":8.0},{"not_picked":["Hololive_OvertimeWork","Hololive_MaximGun","Hololive_CallOkamiMio"],"picked":"Hololive_CallHimemoriLuna","floor":10.0},{"not_picked":["Hololive_CocoNews","Hololive_Sequa","Hololive_BringToTrial"],"picked":"Hololive_Drill","floor":11.0},{"not_picked":["Hololive_CallShiroganeNoel","Hololive_Rebound","Hololive_FlyingPonyTail"],"picked":"Hololive_CallRoboco","floor":12.0},{"not_picked":["Hololive_ASMR","Hololive_ScarfAndHalo","Hololive_Rebirth"],"picked":"Hololive_BeCareful","floor":16.0},{"not_picked":["Hololive_Drill","Hololive_HuntDinosaur+1","Hololive_LuckPotion"],"picked":"Hololive_CallSakuraMiko","floor":18.0},{"not_picked":["Hololive_OvertimeWork","Hololive_CallNekomataOkayu+1","Hololive_CallYogiri"],"picked":"Hololive_CallDoris+1","floor":19.0},{"not_picked":["Hololive_StrengthChampion","Hololive_Sequa","Hololive_CallAZKi"],"picked":"Hololive_DiamondStrike","floor":20.0},{"not_picked":["Hololive_BeCareful","Hololive_Psychosis","Hololive_CocoNews"],"picked":"Hololive_RevenueBasedLive+1","floor":23.0},{"not_picked":["Hololive_LuckPotion","Hololive_CandyCastle","Hololive_Sequa+1"],"picked":"Hololive_CallHoshimachiSuisei","floor":25.0},{"not_picked":["Hololive_Breathe+1","Hololive_CallRosalyn","Hololive_StrengthChampion","Hololive_RevenueBasedLive"],"picked":"SKIP","floor":27},{"not_picked":["Hololive_Breathe+1","Hololive_CallRosalyn","Hololive_StrengthChampion","Hololive_RevenueBasedLive"],"picked":"SKIP","floor":27},{"not_picked":["Hololive_CallKiryuuCoco","Hololive_OpenUp","Hololive_ILoveYou+1"],"picked":"Hololive_Rebound","floor":29},{"not_picked":["Hololive_Breathe","Hololive_LuckPotion+1","Hololive_Rebound","Hololive_Drill"],"picked":"SKIP","floor":30},{"not_picked":["Hololive_CocoNews","Hololive_LuckPotion","Hololive_Breathe"],"picked":"Hololive_CallAmaneKanata","floor":31},{"not_picked":["Hololive_WolfAndLamb","Hololive_AWSL","Hololive_HighAtkLowDef"],"picked":"Hololive_Recruit","floor":33},{"not_picked":["Hololive_StrengthChampion","Hololive_CallNekomataOkayu","Hololive_LuckPotion+1","Hololive_OvertimeWork"],"picked":"SKIP","floor":35},{"not_picked":["Hololive_OvertimeWork+1","Hololive_LuckPotion","Hololive_Rebound+1","Hololive_Trident+1"],"picked":"SKIP","floor":36},{"not_picked":["Hololive_CallRoboco+1","Hololive_Rebound","Hololive_Sequa","Hololive_StrengthChampion"],"picked":"SKIP","floor":37},{"not_picked":["Mind Blast","Good Instincts","PanicButton"],"picked":"Dark Shackles","floor":39},{"not_picked":["Enlightenment","Dramatic Entrance","Panacea"],"picked":"Sadistic Nature+1","floor":39},{"not_picked":["Hololive_HuntDinosaur","Hololive_FlyingPonyTail","Hololive_LuckPotion+1","Hololive_RevenueBasedLive"],"picked":"SKIP","floor":40},{"not_picked":["Hololive_OvertimeWork+1","Hololive_OpenUp","Hololive_CallCivia+1"],"picked":"Hololive_CallMomosuzuNene+1","floor":44},{"not_picked":["Hololive_CocoNews+1","Hololive_FlyingPonyTail","Hololive_OvertimeWork","Hololive_Breathe"],"picked":"SKIP","floor":44},{"not_picked":["Hololive_Trident+1","Hololive_CallMomosuzuNene+1","Hololive_CallUruhaRushia+1"],"picked":"Hololive_CallUsadaPekora+1","floor":45},{"not_picked":["Hololive_Sequa+1","Hololive_OvertimeWork","Hololive_CocoNews"],"picked":"Hololive_CallKiryuuCoco+1","floor":47},{"not_picked":["Hololive_StrengthChampion","Hololive_Rebound","Hololive_LuckPotion"],"picked":"Hololive_CallYozoraMel+1","floor":48},{"not_picked":["Hololive_OvertimeWork+1","Hololive_Drill","Hololive_RevenueBasedLive+1"],"picked":"Hololive_CallYuzukiChoco+1","floor":48},{"not_picked":["Hololive_AWSL","Hololive_StrengthChampion","Hololive_Breathe","Hololive_CallMomosuzuNene+1"],"picked":"SKIP","floor":54}],"player_experience":1087836,"relics_obtained":[{"floor":6.0,"key":"Unceasing Top"},{"floor":8.0,"key":"Pear"},{"floor":9.0,"key":"The Courier"},{"floor":11.0,"key":"Hololive_LightStick"},{"floor":23.0,"key":"Oddly Smooth Stone"},{"floor":27,"key":"Hololive_FriedShrimpLion"},{"floor":29,"key":"Pantograph"},{"floor":40,"key":"MealTicket"},{"floor":43,"key":"Prayer Wheel"},{"floor":45,"key":"Orichalcum"},{"floor":47,"key":"Ice Cream"},{"floor":54,"key":"Bag of Marbles"}],"event_choices":[{"cards_removed":["Hololive_Defend"],"damage_healed":0.0,"max_hp_gain":0.0,"max_hp_loss":0.0,"gold_gain":0.0,"event_name":"The Cleric","player_choice":"Card Removal","floor":3.0,"gold_loss":50.0,"damage_taken":0.0},{"damage_healed":0.0,"max_hp_gain":5.0,"max_hp_loss":0.0,"gold_gain":0.0,"event_name":"Big Fish","player_choice":"Donut","floor":4.0,"gold_loss":0.0,"damage_taken":0.0},{"damage_healed":0.0,"max_hp_gain":0.0,"max_hp_loss":0.0,"gold_gain":0.0,"event_name":"Shining Light","player_choice":"Entered Light","floor":14.0,"gold_loss":0.0,"damage_taken":10.0,"cards_upgraded":["Hololive_CallAZKi","Hololive_SummonFox"]},{"damage_healed":0.0,"max_hp_gain":0.0,"max_hp_loss":0.0,"gold_gain":0.0,"event_name":"Vampires","player_choice":"Ignored","floor":22.0,"gold_loss":0.0,"damage_taken":0.0},{"damage_healed":0,"gold_gain":0,"player_choice":"Memory 3","damage_taken":10,"max_hp_gain":0,"max_hp_loss":0,"event_name":"SensoryStone","floor":39,"gold_loss":0},{"damage_healed":0,"gold_gain":0,"player_choice":"Copied","damage_taken":0,"max_hp_gain":0,"max_hp_loss":0,"event_name":"Duplicator","floor":42,"gold_loss":0,"cards_obtained":["Hololive_CallFriendA"]}],"is_beta":false,"boss_relics":[{"not_picked":["Pandora\u0027s Box","Ectoplasm"],"picked":"Empty Cage"},{"not_picked":["Fusion Hammer","SlaversCollar"],"picked":"Coffee Dripper"}],"items_purged_floors":[38,53],"is_endless":false,"potions_floor_spawned":[2,8,11,12,16,23,25,29,30,36,44,48],"ascension_level":8}}