{"host":"44szraw8fc5x6fuf","time":1610583233,"event":{"mods":["100% Spire Juice","2.2 Compatiblity","Act Like it!","Arknights The Spire","Aspiration","BaseMod","Better Altar","Better Match","Better Note","Better Sensory Stone","Better Skull","Better Third Choice","CapriCore","Chen","Colored Map","Conspire","Gensokyo","Hermit","Highlight Path","Koishi","KomeijiMod","Lobotomy","LobotomyExtend","MarisaÅiñ∂âJÅ@ñÇóùçπÅj","Minty Spire (QoL Compilation)","Onozuka Komachi Mod","Pale of the Ancients","Permanent Neow","Rare Cards Sparkle","ReimuÅiîé??öÎÅj","Replay The Spire","Spicy Shops","StSLib","The Administrix","The Factory","The Immortal","TheFirefly","Yakumo Yukari mod","Yuyuko","Åy?ï®?îvÅzREMEMod"],"gold_per_floor":[119,136,136,136,149,149,149,74,100,123,123,156,5,29,29,157,157,157,157,171,171,189,232,232,248,294,42,73,96,96,160,160,284,284,304,8,28,328,348,348,389,403,403,428,453,486,486,501,501,501,501,501,501,43,77,77],"floor_reached":57,"language":"ENG","playtime":3358,"items_purged":["ats:Strike V"],"score":1397,"play_id":"424b02ee-e592-4bb0-b13a-ea4a2eeccd7a","local_time":"20210113191353","is_ascension_mode":false,"campfire_choices":[{"data":"ats:Mental Burst","floor":6,"key":"SMITH"},{"data":"ats:Demon Strength","floor":11,"key":"SMITH"},{"data":"ats:Emotion Absorption","floor":15,"key":"SMITH"},{"data":"ats:Dogmatic Field","floor":30,"key":"SMITH"},{"data":"ats:Healing Drone","floor":32,"key":"SMITH"},{"floor":40,"key":"RECALL"},{"data":"ats:Soul Rend","floor":47,"key":"SMITH"},{"data":"ats:Burning Ground","floor":49,"key":"SMITH"},{"data":"Magnetism","floor":53,"key":"SMITH"}],"circlet_count":0,"master_deck":["ats:Strike C","ats:Strike G","ats:Strike S","ats:Armor Crushing Shot+1","ats:Defend","ats:Defend","ats:Defend","ats:Defend","ats:Emotion Absorption+1","Magnetism+1","ats:Mental Burst+1","ats:Shell Defense","Dazed","DarkMatter+1","ats:Demon Strength+1","ats:Healing Strengthening+1","ats:Encircling Forest+1","ats:Dogmatic Field+1","ats:Chain Hook+1","ats:Healing Drone+1","ats:Powerful Strike","Pain","ats:Shell Defense+1","ats:Part Time Job+1","ats:Directed Diagnosis","ats:Calcification","ats:Consecutive Shot Auto","Pot Of Greed","Pot Of Greed","Pot Of Greed","ats:Overload","ats:Red Shift+1","ats:Apocalypse+1","ats:Curse Doll+1","ats:Burning Ground+1","ats:Overload","ats:Soul Rend+1","Clumsy","ats:Overload","Pot Of Greed","Apotheosis","ats:Mental Burst"],"relics":["ats:Sanity","REME_ComplimentaryCards","Nunchaku","LetterFromLob","Golden Idol","Oddly Smooth Stone","Potion Belt","ats:Originium","Sundial","Pen Nib","aspiration:RitualDagger","Moonlight_r","aspiration:RitualStick","MutagenicStrength","conspire:TopHat","ats:Rhine Circuitry","REME_HourglassOfDeath","ats:Cure","Mastiff:ReiMu","Bag of Preparation","Philosopher\u0027s Stone","ats:Assault","Grinning Jar","Replay:Baseball","Replay:Wax Seal","aspiration:Lifesprig","ClockworkSouvenir","Vajra"],"acts_visited":["Exordium","TheCity","TheCity","TheEnding"],"potions_floor_usage":[28,33,42,50,56,56,56,56,56,56,56,56,56],"damage_taken":[{"damage":0,"enemies":"Small Slimes","floor":1,"turns":4},{"damage":1,"enemies":"Jaw Worm","floor":2,"turns":2},{"damage":3,"enemies":"Cultist","floor":5,"turns":4},{"damage":0,"enemies":"2 Fungi Beasts","floor":10,"turns":4},{"damage":0,"enemies":"Lagavulin","floor":12,"turns":4},{"damage":9,"enemies":"Exordium Wildlife","floor":14,"turns":5},{"damage":31,"enemies":"The Guardian","floor":16,"turns":10},{"damage":13,"enemies":"2 Thieves","floor":20,"turns":2},{"damage":21,"enemies":"Shell Parasite","floor":22,"turns":3},{"damage":20,"enemies":"Gremlin Leader","floor":23,"turns":5},{"damage":27,"enemies":"Snake Plant","floor":25,"turns":2},{"damage":118,"enemies":"Replay:Snechameleon","floor":28,"turns":9},{"damage":27,"enemies":"Shelled Parasite and Fungi","floor":29,"turns":3},{"damage":55,"enemies":"Gremlin Leader","floor":31,"turns":7},{"damage":163,"enemies":"Collector","floor":33,"turns":11},{"damage":8,"enemies":"theFactory:BigBot","floor":35,"turns":3},{"damage":68,"enemies":"theFactory:4_Mini-Bots","floor":37,"turns":5},{"damage":35,"enemies":"theFactory:Sentry and Guards","floor":39,"turns":5},{"damage":46,"enemies":"theFactory:Manservantes","floor":41,"turns":5},{"damage":58,"enemies":"theFactory:Personnel_and_Big_Bot","floor":42,"turns":4},{"damage":70,"enemies":"theFactory:Orbs_and_Orb_Walker","floor":44,"turns":5},{"damage":39,"enemies":"theFactory:Personnel_and_Mini-Bots","floor":45,"turns":5},{"damage":61,"enemies":"theFactory:SmogElemental","floor":46,"turns":4},{"damage":56,"enemies":"theFactory:DefectiveSentry","floor":48,"turns":7},{"damage":54,"enemies":"theFactory:Experiment01","floor":50,"turns":6},{"damage":76,"enemies":"Shield and Spear","floor":55,"turns":4},{"damage":179,"enemies":"The Heart","floor":56,"turns":7}],"seed_played":"7178981323006281919","potions_obtained":[{"floor":5,"key":"DistilledChaos"},{"floor":10,"key":"CalmPotion"},{"floor":22,"key":"Elixir"},{"floor":25,"key":"EntropicBrew"},{"floor":28,"key":"DuplicationPotion"},{"floor":35,"key":"EssenceOfSteel"},{"floor":46,"key":"SkillPotion"}],"is_trial":false,"path_per_floor":["M","M","?","T","M","R","?","$","T","M","R","E","$","M","R","B",null,"M","?","M","?","M","E","?","M","T","$","E","M","R","E","R","B",null,"M","$","M","?","M","R","E","M","T","M","M","E","R","M","R","B",null,null,"R","$","E","B",null],"character_chosen":"DOCTOR_CLASS","items_purchased":["Pen Nib","REME_HourglassOfDeath","ats:Cure","ats:Assault","Grinning Jar","ats:Overload","Apotheosis","aspiration:Lifesprig","ClockworkSouvenir"],"campfire_rested":0,"item_purchase_floors":[13,27,27,36,36,36,54,54,54],"current_hp_per_floor":[72,71,53,53,50,50,50,50,50,50,50,50,50,44,44,18,72,31,17,4,4,63,72,72,52,52,52,72,60,60,72,72,72,72,72,72,72,72,72,72,60,72,72,72,72,49,49,72,72,72,72,72,72,72,72,42],"gold":77,"neow_bonus":"RANDOM_COMMON_RELIC","is_daily":false,"chose_seed":false,"campfire_upgraded":8,"win_rate":0.0,"timestamp":1610583233,"path_taken":["M","M","?","?","M","R","?","$","T","M","R","E","$","M","R","BOSS","M","?","M","?","M","E","?","M","T","$","E","M","R","E","R","BOSS","M","$","M","?","M","R","E","M","T","M","M","E","R","M","R","BOSS","R","$","E","BOSS"],"items_purchased_type":["Relic","Relic","Relic","Relic","Relic","Card","Card","Relic","Relic"],"build_version":"2020-12-22","purchased_purges":1,"victory":true,"max_hp_per_floor":[72,72,72,72,72,72,72,72,72,72,72,72,72,72,72,72,72,72,72,72,72,72,72,72,72,72,72,72,72,72,72,72,72,72,72,72,72,72,72,72,72,72,72,72,72,72,72,72,72,72,72,72,72,72,72,72],"card_choices":[{"not_picked":["ats:Defend Order","ats:Directed Diagnosis"],"picked":"ats:Mental Burst","floor":1},{"not_picked":["ats:Healing Strengthening","ats:Cat Scratch"],"picked":"ats:Shell Defense","floor":2},{"not_picked":["ats:Hammer On","ats:Revitalization"],"picked":"ats:Hook Shot","floor":5},{"not_picked":["ats:Assault Order","ats:Consecutive Shot Auto"],"picked":"ats:Demon Strength","floor":10},{"not_picked":["ats:Childhood Dance","ats:Directed Diagnosis"],"picked":"ats:Healing Strengthening","floor":12},{"not_picked":["ats:Shell Defense","ats:Assault Order"],"picked":"ats:Encircling Forest","floor":14},{"not_picked":["ats:Volcano","ats:Rat Pack"],"picked":"ats:Dogmatic Field","floor":16},{"not_picked":["ats:Hammer On+1","ats:Flexible Camouflage"],"picked":"ats:Chain Hook+1","floor":20},{"not_picked":["ats:Ignite","ats:Steam Pump"],"picked":"ats:Healing Drone","floor":22},{"not_picked":["ats:Ignite","ats:Hook Shot","ats:Revitalization"],"picked":"SKIP","floor":23},{"not_picked":["ats:Thorns","ats:Rapid Magazine+1"],"picked":"ats:Powerful Strike","floor":25},{"not_picked":["ats:Childhood Dance","ats:Rapid Magazine"],"picked":"ats:Shell Defense+1","floor":28},{"not_picked":["ats:Neurotoxin","ats:Rapid Magazine"],"picked":"ats:Part Time Job+1","floor":29},{"not_picked":["ats:Shadow Raid","ats:Powerful Strike"],"picked":"ats:Directed Diagnosis","floor":31},{"not_picked":["ats:Ambush","ats:Volcano"],"picked":"ats:Calcification","floor":33},{"not_picked":["ats:Cat Scratch","ats:Revitalization"],"picked":"ats:Consecutive Shot Auto","floor":35},{"not_picked":["ats:Poison Spread","ats:Leaping Hammer"],"picked":"ats:Red Shift+1","floor":37},{"not_picked":["ats:Collapsing Strike+1","ats:Consecutive Shot Auto","ats:Assault Order+1"],"picked":"SKIP","floor":39},{"not_picked":["ats:Leaping Hammer+1","ats:Flame Of Heaven+1"],"picked":"ats:Apocalypse+1","floor":41},{"not_picked":["ats:Childhood Dance","ats:Assault Order+1"],"picked":"ats:Curse Doll+1","floor":42},{"not_picked":["ats:Poison Spread+1","ats:Ignite+1"],"picked":"ats:Burning Ground","floor":44},{"not_picked":["ats:Mental Burst+1","ats:Collapsing Strike"],"picked":"ats:Overload","floor":45},{"not_picked":["ats:Burning Ground","ats:Shell Defense+1"],"picked":"ats:Soul Rend","floor":46},{"not_picked":["ats:Collapsing Strike","ats:Poison Spread"],"picked":"ats:Overload","floor":48},{"not_picked":["ats:Leaping Hammer+1","ats:Spore Proliferation"],"picked":"ats:Mental Burst","floor":55}],"player_experience":213096,"relics_obtained":[{"floor":1,"key":"LetterFromLob"},{"floor":4,"key":"Oddly Smooth Stone"},{"floor":9,"key":"Potion Belt"},{"floor":12,"key":"ats:Originium"},{"floor":12,"key":"Sundial"},{"floor":23,"key":"ats:Originium"},{"floor":23,"key":"conspire:TopHat"},{"floor":26,"key":"ats:Rhine Circuitry"},{"floor":28,"key":"ats:Originium"},{"floor":28,"key":"Mastiff:ReiMu"},{"floor":31,"key":"Bag of Preparation"},{"floor":41,"key":"Replay:Baseball"},{"floor":46,"key":"Replay:Wax Seal"},{"floor":55,"key":"Vajra"}],"event_choices":[{"damage_healed":0,"gold_gain":0,"player_choice":"Take Damage","damage_taken":18,"relics_obtained":["Golden Idol"],"max_hp_gain":0,"max_hp_loss":0,"event_name":"Golden Idol","floor":3,"gold_loss":0},{"cards_removed":["Magnetism"],"damage_healed":0,"gold_gain":0,"player_choice":"Take \u0026 Give","damage_taken":0,"max_hp_gain":0,"max_hp_loss":0,"event_name":"betterNote:BetterNote","floor":7,"gold_loss":0,"cards_obtained":["DarkMatter"]},{"damage_healed":0,"gold_gain":0,"player_choice":"Inject Mutagens","damage_taken":0,"relics_obtained":["MutagenicStrength"],"max_hp_gain":0,"max_hp_loss":0,"event_name":"Drug Dealer","floor":21,"gold_loss":0},{"damage_healed":0,"gold_gain":0,"player_choice":"Ignored","damage_taken":0,"max_hp_gain":0,"max_hp_loss":0,"event_name":"Ghosts","floor":24,"gold_loss":0}],"is_beta":false,"boss_relics":[{"not_picked":["Kintsugi","conspire:RunicOctahedron"],"picked":"aspiration:RitualDagger"},{"not_picked":["Painkiller Herb","ChewingGum"],"picked":"Philosopher\u0027s Stone"}],"items_purged_floors":[8],"is_endless":false,"potions_floor_spawned":[5,10,22,25,28,35,37,46,50],"ascension_level":0}}