{"host":"ct28ocsd8g8yr2ah","time":1610651443,"event":{"mods":["BaseMod","Better Third Choice","Hermit","KinomotoSakuraMod(????)","Koishi","Marisa????????","Minty Spire (QoL Compilation)","Reimu??????","Remilia??????","StSLib","The Animator","The Gatherer","The Servant 0.9.4","Waifu the Spire"],"gold_per_floor":[109,109,34,44,58,58,87,87,87,103,115,115,149,165,165,267,267,278,21,31,31,56,56,56,56,56,66,66,16,16,48,48,151,151,170,188,36,50,66,66,66,66,66],"floor_reached":42,"language":"RUS","playtime":1419,"items_purged":["Strike_S+1","Strike_S","Strike_S+1"],"score":426,"play_id":"1fb3087e-0422-4b5d-8416-f150283e01fd","local_time":"20210115001043","is_ascension_mode":false,"campfire_choices":[{"data":"KidneyShot","floor":6,"key":"SMITH"},{"floor":8,"key":"REST"},{"data":"SurpressingFire","floor":12,"key":"SMITH"},{"floor":15,"key":"REST"},{"data":"Sunlight","floor":23,"key":"SMITH"},{"data":"Ricochet","floor":25,"key":"SMITH"},{"floor":32,"key":"REST"},{"data":"Sunlight","floor":40,"key":"SMITH"}],"circlet_count":0,"master_deck":["Strike_S+1","Defend_S+1","Defend_S+1","Defend_S+1","Defend_S+1","KidneyShot+1","Exchange","BottledTime","Ricochet+1","TimeWarp","FastForward","Rearm+1","SurpressingFire+1","TimeWarp","Advance","Sunlight+1","Snipe","Desolation+1","BottledTime+1","Sunlight+1"],"relics":["Uniform","Juzu Bracelet","Bottled Lightning","Boot","Velvet Choker","Pan","Red Mask","Smiling Mask","Bag of Preparation","RedLine:ReiMu","Art of War"],"acts_visited":["Exordium","TheCity","TheBeyond"],"potions_floor_usage":[7,13,33,33,33,42],"damage_taken":[{"damage":1,"enemies":"Jaw Worm","floor":1,"turns":4},{"damage":4,"enemies":"2 Louse","floor":4,"turns":3},{"damage":2,"enemies":"Small Slimes","floor":5,"turns":3},{"damage":17,"enemies":"3 Sentries","floor":7,"turns":5},{"damage":0,"enemies":"3 Louse","floor":10,"turns":2},{"damage":6,"enemies":"Red Slaver","floor":11,"turns":3},{"damage":14,"enemies":"Gremlin Nob","floor":13,"turns":6},{"damage":2,"enemies":"Exordium Wildlife","floor":14,"turns":4},{"damage":30,"enemies":"Slime Boss","floor":16,"turns":15},{"damage":10,"enemies":"Shell Parasite","floor":18,"turns":5},{"damage":0,"enemies":"3 Byrds","floor":20,"turns":3},{"damage":0,"enemies":"Masked Bandits","floor":22,"turns":2},{"damage":7,"enemies":"Snecko","floor":27,"turns":4},{"damage":10,"enemies":"Gremlin Leader","floor":31,"turns":4},{"damage":30,"enemies":"Champ","floor":33,"turns":10},{"damage":0,"enemies":"Orb Walker","floor":35,"turns":2},{"damage":9,"enemies":"3 Shapes","floor":36,"turns":1},{"damage":0,"enemies":"Jaw Worm Horde","floor":38,"turns":2},{"damage":0,"enemies":"Transient","floor":39,"turns":5},{"damage":62,"enemies":"Giant Head","floor":42,"turns":8}],"seed_played":"6175900238086425529","potions_obtained":[{"floor":5,"key":"Fire Potion"},{"floor":7,"key":"Weak Potion"},{"floor":11,"key":"SneckoOil"},{"floor":16,"key":"Ancient Potion"},{"floor":18,"key":"AttackPotion"},{"floor":33,"key":"LiquidMemories"},{"floor":36,"key":"SmokeBomb"},{"floor":38,"key":"Energy Potion"}],"is_trial":false,"path_per_floor":["M","?","$","M","M","R","E","R","T","M","M","R","E","M","R","B",null,"M","$","M","$","?","R","?","R","T","M","?","$","?","E","R","B",null,"M","M","$","M","M","R","?","E"],"character_chosen":"THE_SERVANT","items_purchased":["Pan","Art of War"],"campfire_rested":3,"item_purchase_floors":[19,37],"current_hp_per_floor":[70,56,56,52,50,50,33,54,54,54,48,48,34,32,53,23,71,61,61,61,61,61,61,61,61,61,54,54,54,54,44,65,35,71,71,62,62,62,62,62,62,0,0],"gold":66,"neow_bonus":"TEN_PERCENT_HP_BONUS","is_daily":false,"chose_seed":false,"campfire_upgraded":5,"win_rate":0.0,"timestamp":1610651443,"path_taken":["M","?","$","M","M","R","E","R","T","M","M","R","E","M","R","BOSS","M","$","M","$","?","R","?","R","T","M","?","$","?","E","R","BOSS","M","M","$","M","M","R","?","E"],"items_purchased_type":["Relic","Relic"],"build_version":"2020-12-22","purchased_purges":3,"victory":false,"max_hp_per_floor":[71,71,71,71,71,71,71,71,71,71,71,71,71,71,71,71,71,71,71,71,71,71,71,71,71,71,71,71,71,71,71,71,71,71,71,71,71,71,71,71,71,71,71],"card_choices":[{"not_picked":["Unruled","Moondial"],"picked":"BottledTime","floor":1},{"not_picked":["Deny","Unruled"],"picked":"Ricochet","floor":4},{"not_picked":["Replace","Unruled"],"picked":"TimeWarp","floor":5},{"not_picked":["Spin","Unruled"],"picked":"FastForward","floor":7},{"not_picked":["Revamp","Collapse"],"picked":"Rearm","floor":10},{"not_picked":["DoubleEdge","Replace"],"picked":"SurpressingFire","floor":11},{"not_picked":["Starlight","FloweringNight"],"picked":"TimeWarp","floor":13},{"not_picked":["Deadline","RealityMarble"],"picked":"Advance","floor":14},{"not_picked":["Duplication","MurderousAura"],"picked":"Sunlight","floor":16},{"not_picked":["ShatteredReality","Starlight","Unruled"],"picked":"SKIP","floor":18},{"not_picked":["Alleviate","TimeWarp"],"picked":"Snipe","floor":20},{"not_picked":["SpecialFormula+1","Replace"],"picked":"Desolation+1","floor":22},{"not_picked":["Rewind","TimeWarp","DoubleEdge"],"picked":"SKIP","floor":27},{"not_picked":["Starlight","Snipe"],"picked":"BottledTime+1","floor":31},{"not_picked":["FloweringNight","TheWorld"],"picked":"Sunlight","floor":33},{"not_picked":["DoubleEdge","FastForward+1","ShatteredReality+1"],"picked":"SKIP","floor":35},{"not_picked":["Gouge+1","Replace","DoubleEdge"],"picked":"SKIP","floor":36},{"not_picked":["DualDimension","Rearm","ShatteredReality+1"],"picked":"SKIP","floor":38},{"not_picked":["BottledTime+1","MoonPhase","Defy+1"],"picked":"SKIP","floor":39}],"player_experience":533898,"relics_obtained":[{"floor":7,"key":"Juzu Bracelet"},{"floor":9,"key":"Bottled Lightning"},{"floor":13,"key":"Boot"},{"floor":22,"key":"Red Mask"},{"floor":26,"key":"Smiling Mask"},{"floor":31,"key":"Bag of Preparation"}],"event_choices":[{"damage_healed":70,"gold_gain":0,"player_choice":"Upgrade","damage_taken":14,"max_hp_gain":0,"max_hp_loss":71,"event_name":"betterThird:BetterShining","floor":2,"gold_loss":0,"cards_upgraded":["Defend_S","Strike_S"]},{"damage_healed":0,"gold_gain":0,"player_choice":"Fought Bandits","damage_taken":0,"max_hp_gain":0,"max_hp_loss":0,"event_name":"Masked Bandits","floor":22,"gold_loss":0},{"damage_healed":0,"gold_gain":0,"player_choice":"Simplicity","damage_taken":0,"max_hp_gain":0,"max_hp_loss":5,"event_name":"betterThird:BetterWriting","floor":24,"gold_loss":0},{"damage_healed":0,"gold_gain":0,"player_choice":"Bought 0 Potions","damage_taken":0,"max_hp_gain":0,"max_hp_loss":0,"event_name":"The Woman in Blue","floor":28,"gold_loss":0},{"damage_healed":0,"gold_gain":0,"player_choice":"Ignored","damage_taken":0,"max_hp_gain":0,"max_hp_loss":0,"event_name":"Vampires","floor":30,"gold_loss":0},{"damage_healed":0,"gold_gain":0,"player_choice":"Upgraded","damage_taken":0,"max_hp_gain":0,"max_hp_loss":0,"event_name":"Upgrade Shrine","floor":41,"gold_loss":0,"cards_upgraded":["Rearm"]}],"is_beta":false,"boss_relics":[{"not_picked":["Runic Dome","Coffee Dripper"],"picked":"Velvet Choker"},{"not_picked":["Empty Cage","Pandora\u0027s Box"],"picked":"RedLine:ReiMu"}],"items_purged_floors":[3,19,29],"is_endless":false,"potions_floor_spawned":[5,7,11,16,18,33,36,38],"killed_by":"Giant Head","ascension_level":0}}