{"host":"4a0aa7b2d8dxohwr","time":1610606403,"event":{"mods":["ATMod(∞¢Ë™Mod)","Act Like it!","BaseMod","Decade(Õı–°√˜)","Dota2Spire","Gensokyo","GifTheSpireLib","Marisa£®ÏF”Í°°ƒß¿Ì…≥£©","Minty Spire (QoL Compilation)","Reimu£®≤©¿ˆ¡È√Œ£©","Remilia£®¿Ÿ√◊¿Ú—«£©","Shop Mod","StSLib","The Servant 0.9.4","Youmu£®ªÍ∆«—˝√Œ£©","[IsaacMod]“‘»ˆº‚À˛"],"gold_per_floor":[210,250,250,212,223,249,249,277,303,331,367,446,509,667,667,794,794,880,880,941,1006,1042,1098,965,965,992,1056,796,796,796,949,949,1103,1103,1189,863,904,1046,1146,1205,1205,1297,1297,1355,1355,1355,1355,1397,1397,1522,1522,1522,1302,1384,1409],"floor_reached":56,"language":"ZHS","playtime":2409,"items_purged":["Strike_MRS","Defend_MRS","Strike_MRS"],"score":2226,"play_id":"af2c7ebe-2e4b-47eb-9305-5602d28aa88b","local_time":"20210114144003","is_ascension_mode":true,"campfire_choices":[{"data":"AT_FamilyPortrait","floor":7.0,"key":"SMITH"},{"data":"CasketOfStar","floor":15.0,"key":"SMITH"},{"data":"DarkMatter","floor":30,"key":"SMITH"},{"data":"EnergyFlow","floor":32,"key":"SMITH"},{"data":"MasterSpark","floor":41,"key":"SMITH"},{"data":"UltimateShortwave","floor":45,"key":"SMITH"},{"data":"MysteriousBeam","floor":47,"key":"SMITH"},{"floor":49,"key":"RECALL"},{"data":"BinaryStars","floor":52,"key":"SMITH"}],"circlet_count":0,"master_deck":["AscendersBane","Defend_MRS","Defend_MRS","Defend_MRS","MasterSpark+1","UpSweep","AT_FamilyPortrait+1","GrandCross","NonDirectionalLaser","6A","CasketOfStar+1","IllusionStar","PowerUp","BinaryStars+1","CurseOfTheBell","DarkMatter+1","EnergyFlow+1","UnstableBomb","AsteroidBelt+1","UltimateShortwave+1","OneTimeOff+1","MysteriousBeam+1","AlicesGift+1","MagicChant+1","EnergyFlow+1","PropBag+1","PropBag"],"relics":["MiniHakkero","AT_ATBox","HushsDoor","BloodDonationMachine","MoneyPower","BookOfRevelations","AT_SeraphEmbrace","AT_ForceNature","AT_MibuBalloonWealth","AT_BladeRuinedKing","Happy Flower","InkBottle","TungstenRod","Tea:ReiMu","Tiny Chest","Membership Card","Art of War","Akabeko","AT_TrinityForce","Dota2Spire:HeartOfTarrasque","Prayer Wheel","Shuriken","TheBattery","MerchantsRug","Peace Pipe","AT_EbonyIvory","Turnip","Dota2Spire:BladeMail","Habit","Bronze Scales","Dota2Spire:UrnOfShadows"],"acts_visited":["Gensokyo:Gensokyo","Gensokyo:Gensokyoer","TheBeyond","TheEnding"],"potions_floor_usage":[33,33,55,55],"damage_taken":[{"damage":0.0,"enemies":"Gensokyo:Python","floor":1.0,"turns":3.0},{"damage":3.0,"enemies":"Gensokyo:Gryphon","floor":2.0,"turns":2.0},{"damage":0.0,"enemies":"Gensokyo:2_Kodama","floor":5.0,"turns":3.0},{"damage":0.0,"enemies":"Gensokyo:Aya","floor":6.0,"turns":3.0},{"damage":10.0,"enemies":"Gensokyo:Mamizou","floor":8.0,"turns":4.0},{"damage":1.0,"enemies":"Gensokyo:Cirno","floor":10.0,"turns":5.0},{"damage":3.0,"enemies":"Gensokyo:Kitsune","floor":11.0,"turns":3.0},{"damage":13.0,"enemies":"Gensokyo:Mamizou","floor":12.0,"turns":7.0},{"damage":0.0,"enemies":"Gensokyo:2_Rabbits","floor":13.0,"turns":5.0},{"damage":4.0,"enemies":"Gensokyo:Cirno","floor":14.0,"turns":5.0},{"damage":0.0,"enemies":"Gensokyo:Kokoro","floor":16.0,"turns":6.0},{"damage":8.0,"enemies":"Gensokyo:3_Dogs","floor":18.0,"turns":3.0},{"damage":0.0,"enemies":"Gensokyo:2_Gloops","floor":20.0,"turns":2.0},{"damage":0.0,"enemies":"Gensokyo:Monolith_and_Dog","floor":21.0,"turns":2.0},{"damage":12.0,"enemies":"Gensokyo:Wraith","floor":22.0,"turns":3.0},{"damage":0.0,"enemies":"Gensokyo:Koishi","floor":23.0,"turns":2.0},{"damage":0.0,"enemies":"Gensokyo:Slime_Group","floor":27.0,"turns":3.0},{"damage":9,"enemies":"Gensokyo:Reisen","floor":31,"turns":6},{"damage":16,"enemies":"Gensokyo:Eternal_Rivals","floor":33,"turns":6},{"damage":6,"enemies":"3 Shapes","floor":35,"turns":3},{"damage":0,"enemies":"Orb Walker","floor":37,"turns":1},{"damage":0,"enemies":"3 Darklings","floor":38,"turns":1},{"damage":0,"enemies":"2 Orb Walkers","floor":39,"turns":2},{"damage":6,"enemies":"Nemesis","floor":40,"turns":3},{"damage":0,"enemies":"Jaw Worm Horde","floor":42,"turns":1},{"damage":0,"enemies":"Giant Head","floor":44,"turns":2},{"damage":0,"enemies":"Maw","floor":48,"turns":2},{"damage":0,"enemies":"Awakened One","floor":50,"turns":4},{"damage":0,"enemies":"Shield and Spear","floor":54,"turns":2},{"damage":73,"enemies":"The Heart","floor":55,"turns":4}],"seed_played":"-6684771500832195287","potions_obtained":[{"floor":2.0,"key":"Ancient Potion"},{"floor":6.0,"key":"AttackPotion"},{"floor":10.0,"key":"Dota2Spire:HealingSalve"},{"floor":14.0,"key":"PowerPotion"},{"floor":16.0,"key":"Dota2Spire:HealingSalve"},{"floor":21.0,"key":"Fire Potion"},{"floor":23.0,"key":"Dota2Spire:HealingSalve"},{"floor":31,"key":"EssenceOfSteel"},{"floor":37,"key":"Explosive Potion"},{"floor":40,"key":"Energy Potion"},{"floor":54,"key":"DuplicationPotion"}],"is_trial":false,"path_per_floor":["M","M","?","COS","M","E","R","E","T","E","M","E","M","E","R","B",null,"M","?","M","M","M","E","COS","T","T","M","$","?","R","E","R","B",null,"M","$","M","M","?","E","R","M","T","E","R","T","R","M","R","B",null,"R","$","E","B",null],"character_chosen":"MARISA","items_purchased":["Membership Card","Art of War","UltimateShortwave","Shuriken","TheBattery","MerchantsRug","MysteriousBeam","Habit","Bronze Scales","PowerPotion"],"campfire_rested":0,"item_purchase_floors":[28,28,34,36,36,36,36,53,53,53],"current_hp_per_floor":[68,65,65,65,65,65,65,62,62,61,58,45,51,47,47,47,68,60,60,60,60,48,48,48,48,48,48,48,48,48,39,39,35,63,65,65,65,65,65,59,59,59,59,59,59,59,59,59,59,59,75,75,75,75,19],"gold":1409,"neow_bonus":"HUNDRED_GOLD","is_daily":false,"chose_seed":false,"campfire_upgraded":8,"win_rate":0.0,"timestamp":1610606403,"path_taken":["M","M","?","COS","M","E","R","E","T","E","M","E","M","E","R","BOSS","M","?","M","?","M","E","COS","?","T","?","$","?","R","E","R","BOSS","M","$","M","M","?","E","R","M","T","E","R","?","R","M","R","BOSS","R","$","E","BOSS"],"items_purchased_type":["Relic","Relic","Card","Relic","Relic","Relic","Card","Relic","Relic","Potion"],"build_version":"2020-12-22","purchased_purges":3,"victory":true,"max_hp_per_floor":[75,75,75,75,75,75,75,75,75,75,75,75,75,75,75,75,75,75,75,75,75,75,75,75,75,75,75,75,75,75,75,75,75,72,80,80,80,80,80,80,80,80,80,80,80,80,80,80,80,80,80,80,80,80,80],"card_choices":[{"not_picked":[],"picked":"Bomb","floor":0.0},{"not_picked":["GravityBeat","MaximisePower"],"picked":"GrandCross","floor":1.0},{"not_picked":["MilkyWay","DC"],"picked":"NonDirectionalLaser","floor":2.0},{"not_picked":["StarlightTyphoon","Acceleration","GalacticHalo"],"picked":"SKIP","floor":5.0},{"not_picked":["UnstableBomb","Robbery"],"picked":"6A","floor":6.0},{"not_picked":["LuminesStrike","BlazeAway"],"picked":"CasketOfStar","floor":8.0},{"not_picked":["Robbery","SatelliteIllusion"],"picked":"IllusionStar","floor":10.0},{"not_picked":["BlazeAway","GrandCross","GravityBeat"],"picked":"SKIP","floor":11.0},{"not_picked":["GrandCross","ShootingEcho","ChargeUpSpray"],"picked":"SKIP","floor":12.0},{"not_picked":["MagicAbsorber","IllusionStar"],"picked":"PowerUp","floor":13.0},{"not_picked":["DarkSpark","GalacticHalo","LuminesStrike"],"picked":"SKIP","floor":14.0},{"not_picked":["CollectingQuirk","TreasureHunter"],"picked":"BinaryStars","floor":16.0},{"not_picked":["6A+1","IllusionStar","NonDirectionalLaser"],"picked":"SKIP","floor":18.0},{"not_picked":["EnergyRecoil","NonDirectionalLaser+1","Acceleration+1"],"picked":"SKIP","floor":20.0},{"not_picked":["WitchOfGreed","MachineGunSpark"],"picked":"EnergyFlow","floor":21.0},{"not_picked":["NonDirectionalLaser","MysteriousBeam"],"picked":"UnstableBomb","floor":22.0},{"not_picked":["Robbery","GrandCross"],"picked":"AsteroidBelt+1","floor":23.0},{"not_picked":["FinalSpark","Robbery","GrandCross"],"picked":"SKIP","floor":27.0},{"not_picked":["PowerUp","StarlightTyphoon","RefractionSpark+1"],"picked":"SKIP","floor":31},{"not_picked":["DC","SporeBomb"],"picked":"OneTimeOff+1","floor":35},{"not_picked":["FairyDestructionRay","UnstableBomb","GasGiant+1"],"picked":"SKIP","floor":35},{"not_picked":["Orbital+1","WitchLeyline+1","DragonMeteor+1"],"picked":"SKIP","floor":37},{"not_picked":["MagicAbsorber","GrandCross","AsteroidBelt"],"picked":"SKIP","floor":37},{"not_picked":["GravityBeat","GrandCross+1"],"picked":"AlicesGift+1","floor":38},{"not_picked":["ShootingEcho","NonDirectionalLaser+1","LuminesStrike"],"picked":"SKIP","floor":38},{"not_picked":["DragonMeteor+1","WitchOfGreed+1","Acceleration+1"],"picked":"SKIP","floor":40},{"not_picked":["LuminesStrike","GalacticHalo"],"picked":"MagicChant+1","floor":42},{"not_picked":["LuminesStrike+1","BigCrunch","GasGiant+1"],"picked":"SKIP","floor":42},{"not_picked":["OrrerysSun","StarlightTyphoon+1","GravityBeat"],"picked":"SKIP","floor":44},{"not_picked":["SporeBomb+1","EventHorizon"],"picked":"EnergyFlow+1","floor":48},{"not_picked":["OrrerysSun","IllusionStar+1"],"picked":"PropBag+1","floor":48},{"not_picked":["ShootTheMoon","NonDirectionalLaser+1"],"picked":"PropBag","floor":54}],"player_experience":474315,"relics_obtained":[{"floor":6.0,"key":"AT_ArchangelStaff"},{"floor":8.0,"key":"AT_ForceNature"},{"floor":10.0,"key":"AT_MibuBalloonWealth"},{"floor":12.0,"key":"SharpPlug"},{"floor":14.0,"key":"AT_BladeRuinedKing"},{"floor":17.0,"key":"Happy Flower"},{"floor":17.0,"key":"InkBottle"},{"floor":17.0,"key":"TungstenRod"},{"floor":25.0,"key":"Tea:ReiMu"},{"floor":26.0,"key":"Tiny Chest"},{"floor":31,"key":"Akabeko"},{"floor":39,"key":"Peace Pipe"},{"floor":40,"key":"AT_EbonyIvory"},{"floor":44,"key":"Turnip"},{"floor":46,"key":"Dota2Spire:BladeMail"},{"floor":54,"key":"Dota2Spire:UrnOfShadows"}],"event_choices":[{"damage_healed":0,"gold_gain":0,"player_choice":"Fight","damage_taken":0,"max_hp_gain":0,"max_hp_loss":0,"event_name":"Mysterious Sphere","floor":39,"gold_loss":0}],"is_beta":false,"boss_relics":[{"not_picked":["Empty Cage","Astrolabe"],"picked":"Calling Bell"},{"not_picked":[]},{"not_picked":["ChampionBelt","SacredBark"],"picked":"AT_TrinityForce"},{"not_picked":[]}],"items_purged_floors":[28,36,53],"is_endless":false,"potions_floor_spawned":[2,6,10,12,14,16,20,21,23,31,37,40,54],"ascension_level":11}}