{"host":"7f01flv6y0vhl3vt","time":1610664375,"event":{"mods":["Act Like it!","BaseMod","Downfall","Minty Spire (QoL Compilation)","StSLib"],"gold_per_floor":[99,118,135,150,150,150,225,75,95,107,107,207,219,239,256,256,256,256],"floor_reached":16,"language":"ENG","playtime":1365,"items_purged":[],"score":121,"play_id":"e8949b8c-1df3-4001-ada0-b1f983cad996","local_time":"20210114174615","is_ascension_mode":false,"campfire_choices":[{"floor":1,"key":"RECALL"},{"floor":8,"key":"REST"},{"floor":11,"key":"REST"}],"circlet_count":0,"master_deck":["champ:Strike","champ:Strike","champ:Strike","champ:Strike","champ:Defend","champ:Defend","champ:Defend","champ:Defend","champ:Execute","champ:Taunt","champ:ShieldWall","champ:EndlessRage","champ:ShieldWall","champ:EnragedBash","champ:Duel","champ:RecklessLeap","champ:DefensiveStyle","champ:CrownThrow"],"relics":["champ:ChampionCrown","White Beast Statue","downfall:ShatteredFragment","downfall:HeartBlessingBlue","downfall:HeartBlessingRed"],"acts_visited":["Exordium"],"potions_floor_usage":[10,10,13,14,16],"damage_taken":[{"damage":19,"enemies":"2 Louse","floor":2,"turns":4},{"damage":18,"enemies":"Jaw Worm","floor":3,"turns":4},{"damage":21,"enemies":"Small Slimes","floor":4,"turns":4},{"damage":24,"enemies":"Exordium Thugs","floor":9,"turns":4},{"damage":22,"enemies":"2 Fungi Beasts","floor":10,"turns":3},{"damage":31,"enemies":"Exordium Thugs","floor":13,"turns":5},{"damage":6,"enemies":"Blue Slaver","floor":14,"turns":2},{"damage":34,"enemies":"Lots of Slimes","floor":15,"turns":5},{"damage":43,"enemies":"downfall:Defect","floor":16,"turns":4}],"seed_played":"-2895232302555717006","potions_obtained":[{"floor":4,"key":"Slimebound:ThreeZeroPotion"},{"floor":9,"key":"LiquidBronze"},{"floor":10,"key":"Block Potion"},{"floor":13,"key":"Fire Potion"},{"floor":14,"key":"FairyPotion"},{"floor":15,"key":"Block Potion"}],"is_trial":false,"path_per_floor":["R","M","M","M","?","?","T","R","M","M","R","?","M","M","M","B"],"character_chosen":"THE_CHAMP","items_purchased":[],"campfire_rested":2,"item_purchase_floors":[],"current_hp_per_floor":[99,90,77,61,61,34,34,76,52,32,64,64,37,33,34,0,0,0],"gold":256,"neow_bonus":"TEN_PERCENT_HP_BONUS","is_daily":false,"chose_seed":false,"campfire_upgraded":0,"win_rate":0.0,"timestamp":1610664375,"path_taken":["R","M","M","M","?","?","T","R","M","M","R","?","M","?","M","BOSS"],"items_purchased_type":[],"build_version":"2020-12-22","purchased_purges":0,"victory":false,"max_hp_per_floor":[99,99,99,99,99,99,99,109,109,109,109,109,109,109,109,109,109,109],"card_choices":[{"not_picked":["champ:Backstep","champ:AdrenalArmor"],"picked":"champ:ShieldWall","floor":2},{"not_picked":["champ:ArenaPreparation","champ:Duel"],"picked":"champ:EndlessRage","floor":3},{"not_picked":["champ:StanceDance","champ:FanOfKnives"],"picked":"champ:ShieldWall","floor":4},{"not_picked":["champ:FanOfKnives","champ:BladeFlurry"],"picked":"champ:EnragedBash","floor":9},{"not_picked":["champ:Backstep","champ:Haymaker"],"picked":"champ:Duel","floor":10},{"not_picked":["champ:FightOn","champ:AdrenalArmor"],"picked":"champ:RecklessLeap","floor":13},{"not_picked":["champ:GutPunch","champ:BerserkersShout"],"picked":"champ:DefensiveStyle","floor":14},{"not_picked":["champ:FocusedDefense","champ:BerserkersShout"],"picked":"champ:CrownThrow","floor":15}],"player_experience":1261004,"relics_obtained":[],"event_choices":[],"is_beta":false,"boss_relics":[],"items_purged_floors":[],"is_endless":false,"potions_floor_spawned":[4,9,10,13,14,15],"killed_by":"downfall:Defect","ascension_level":0}}