{"host":"x3q4ieql2tr7v8o6","time":1610628982,"event":{"mods":["BaseMod","Bestiary","Better Altar","Better Match","Better Note","Better Sensory Stone","Better Skull","Better Third Choice","Colored Map","Colored Powertips","Curses Come First","Minty Spire (QoL Compilation)","StSLib"],"gold_per_floor":[119,119,134,152,172,172,205,205,205,205,217,34,64,79,79,150,150,166,182,7,7,7,7,24,42,69,69,69,69,69],"floor_reached":29,"language":"ENG","playtime":1262,"items_purged":["Decay","Strike_G"],"score":436,"play_id":"cb9f7f6c-5ed7-4137-8bb4-0c7c99c72ce3","local_time":"20210114125622","is_ascension_mode":true,"campfire_choices":[{"data":"Blade Dance","floor":6,"key":"SMITH"},{"data":"Footwork","floor":8,"key":"SMITH"},{"data":"Cloak And Dagger","floor":10,"key":"SMITH"},{"floor":15,"key":"REST"},{"data":"Neutralize","floor":23,"key":"SMITH"},{"data":"Cloak And Dagger","floor":28,"key":"SMITH"}],"circlet_count":0,"master_deck":["AscendersBane","Defend_G","Defend_G","Defend_G","Defend_G","Defend_G","Survivor","Neutralize+1","Acrobatics","Blade Dance+1","Cloak And Dagger+1","Tactician","Footwork+1","Blur","Noxious Fumes","Backstab","Bane","Sucker Punch","Corpse Explosion","Finisher","Prepared","Slice","Cloak And Dagger+1","Bite","Bite","Bite","Bite","Bite","Catalyst+1","Catalyst+1"],"relics":["Ring of the Snake","Calipers","MealTicket","Ornamental Fan","InkBottle","SacredBark","Toxic Egg 2","Akabeko"],"acts_visited":["Exordium","TheCity"],"potions_floor_usage":[16,16,29],"damage_taken":[{"damage":0,"enemies":"Jaw Worm","floor":1,"turns":7},{"damage":2,"enemies":"Cultist","floor":3,"turns":5},{"damage":1,"enemies":"2 Louse","floor":4,"turns":3},{"damage":5,"enemies":"Exordium Wildlife","floor":5,"turns":5},{"damage":35,"enemies":"3 Sentries","floor":7,"turns":13},{"damage":0,"enemies":"Red Slaver","floor":11,"turns":4},{"damage":18,"enemies":"Gremlin Nob","floor":13,"turns":5},{"damage":4,"enemies":"Lots of Slimes","floor":14,"turns":5},{"damage":12,"enemies":"Slime Boss","floor":16,"turns":11},{"damage":2,"enemies":"3 Byrds","floor":18,"turns":2},{"damage":18,"enemies":"2 Thieves","floor":19,"turns":2},{"damage":8,"enemies":"3 Cultists","floor":24,"turns":3},{"damage":0,"enemies":"Centurion and Healer","floor":25,"turns":2},{"damage":53,"enemies":"Book of Stabbing","floor":29,"turns":8}],"seed_played":"1159274033939864540","potions_obtained":[{"floor":1,"key":"GamblersBrew"},{"floor":4,"key":"LiquidMemories"},{"floor":13,"key":"CultistPotion"},{"floor":18,"key":"Weak Potion"}],"is_trial":false,"path_per_floor":["M","?","M","M","M","R","E","R","T","R","M","$","E","M","R","B",null,"M","M","$","?","T","R","M","M","T","$","R","E"],"character_chosen":"THE_SILENT","items_purchased":["Noxious Fumes","Backstab","Slice","Cloak And Dagger"],"campfire_rested":1,"item_purchase_floors":[12,12,20,20],"current_hp_per_floor":[59,59,57,56,51,51,16,16,16,16,16,31,13,9,27,15,49,47,29,44,42,42,42,38,38,38,42,42,0,0],"gold":69,"neow_bonus":"ONE_RARE_RELIC","is_daily":false,"chose_seed":false,"campfire_upgraded":5,"win_rate":0.0,"timestamp":1610628982,"path_taken":["M","?","M","M","M","R","E","R","T","R","?","$","E","?","R","BOSS","M","M","$","?","?","R","M","?","T","$","R","E"],"items_purchased_type":["Card","Card","Card","Card"],"build_version":"2020-12-22","purchased_purges":2,"victory":false,"max_hp_per_floor":[60,60,60,60,60,60,60,60,60,60,60,60,60,60,60,60,60,60,60,60,42,42,42,42,42,42,42,42,42,42],"card_choices":[{"not_picked":["Deflect","Dodge and Roll"],"picked":"Acrobatics","floor":1},{"not_picked":["Accuracy","Bane"],"picked":"Blade Dance","floor":3},{"not_picked":["Bane","Endless Agony"],"picked":"Cloak And Dagger","floor":4},{"not_picked":["Flying Knee","All Out Attack"],"picked":"Tactician","floor":5},{"not_picked":["PiercingWail","Backstab"],"picked":"Footwork","floor":7},{"not_picked":["Underhanded Strike","Deflect"],"picked":"Blur","floor":11},{"not_picked":["Poisoned Stab","Backstab"],"picked":"Bane","floor":13},{"not_picked":["Poisoned Stab","All Out Attack"],"picked":"Sucker Punch","floor":14},{"not_picked":["Adrenaline","Wraith Form v2"],"picked":"Corpse Explosion","floor":16},{"not_picked":["Skewer","Dodge and Roll"],"picked":"Finisher","floor":18},{"not_picked":["Deflect","Concentrate"],"picked":"Prepared","floor":19},{"not_picked":["Blur+1","Backflip+1"],"picked":"Catalyst+1","floor":24},{"not_picked":["Dagger Spray","Backflip+1"],"picked":"Catalyst+1","floor":25}],"player_experience":716482,"relics_obtained":[{"floor":7,"key":"MealTicket"},{"floor":9,"key":"Ornamental Fan"},{"floor":13,"key":"InkBottle"},{"floor":22,"key":"Toxic Egg 2"},{"floor":26,"key":"Akabeko"}],"event_choices":[{"damage_healed":0,"gold_gain":0,"player_choice":"Cursed","damage_taken":0,"max_hp_gain":0,"max_hp_loss":0,"event_name":"Wheel of Change","floor":2,"gold_loss":0,"cards_obtained":["Decay"]},{"damage_healed":0,"gold_gain":0,"player_choice":"Became a vampire","damage_taken":0,"max_hp_gain":0,"max_hp_loss":18,"event_name":"Vampires","floor":21,"gold_loss":0,"cards_obtained":["Bite","Bite","Bite","Bite","Bite"]}],"is_beta":false,"boss_relics":[{"not_picked":["Snecko Eye","Coffee Dripper"],"picked":"SacredBark"}],"items_purged_floors":[12,20],"is_endless":false,"potions_floor_spawned":[1,4,13,14,18],"killed_by":"Book of Stabbing","ascension_level":15}}