{"host":"4coy96o7l3fioe37","time":1610630878,"event":{"mods":["AchievementEnabler","Act Like it!","AlwaysNeverKeys","BaseMod","Better Altar","Better Match","Better Note","Better Sensory Stone","Better Skull","Better Third Choice","Better Vampires","BetterRewards","ChefMod","Colored Map","Disable Question Mark Monsters","Minty Spire (QoL Compilation)","Rare Cards Sparkle","Replay The Spire","StSLib","The Marked"],"gold_per_floor":[114,114,114,199,0,0,0,31,47,47,95,95,95,112,127,139,139,238,238,251,262,262,280,280,280,308,308,332,369,398,398,254,283,283,396,396,410,23,0,0,0,14,25,59,59,59,109,109,143,156,156,156],"floor_reached":53,"language":"ENG","playtime":8319,"items_purged":["Strike_R"],"score":778,"play_id":"96bc63b9-3bea-4ba2-a49d-d65a4ea69a84","local_time":"20210114132758","is_ascension_mode":false,"campfire_choices":[{"data":"Glass Knife","floor":10,"key":"SMITH"},{"data":"Rage","floor":17,"key":"SMITH"},{"floor":25,"key":"REST"},{"floor":27,"key":"REST"},{"data":"Rupture","floor":31,"key":"SMITH"},{"floor":34,"key":"REST"},{"data":"Brutality","floor":46,"key":"SMITH"},{"data":"Twin Strike","floor":48,"key":"SMITH"},{"data":"Warcry","floor":51,"key":"SMITH"}],"circlet_count":0,"master_deck":["Strike_R","Strike_R","Strike_R","Strike_R","Defend_R","Defend_R","Defend_R","Defend_R","Bash","Whirlwind+1","Glass Knife+1","Warcry+1","Enlightenment","Rupture+1","Rage+1","Replay:Undeath\u0027s Touch","Brutality+1","Twin Strike+1","Warcry","theMarked:ComboAttacks+1","Flex+1","Rupture+1","Sword Boomerang","Hemokinesis+1","Reaper","Armaments+1","Limit Break+1","Flex+1","Thunderclap+1"],"relics":["Burning Blood","NeowsBlessing","Replay:WaspNest","Anchor","Replay:Baseball","Omamori","Black Star","Meat on the Bone","Replay:Kaleidoscope","ReplayTheSpireMod:Lightbulb","CeramicFish","HornCleat","ReplayTheSpireMod:CursedCoin","PreservedInsect","Busted Crown","Bird Faced Urn","Red Mask","MealTicket","Blood Vial","Paper Frog","Another Sword","Strawberry","Calipers"],"acts_visited":["Exordium","TheCity","TheBeyond"],"potions_floor_usage":[18,21,26,26,35,43,44,52],"damage_taken":[{"damage":0,"enemies":"Jaw Worm","floor":1,"turns":1},{"damage":0,"enemies":"Lagavulin","floor":8,"turns":1},{"damage":0,"enemies":"Cultist","floor":9,"turns":1},{"damage":0,"enemies":"Small Slimes","floor":14,"turns":2},{"damage":2,"enemies":"2 Fungi Beasts","floor":15,"turns":2},{"damage":0,"enemies":"Exordium Wildlife","floor":16,"turns":2},{"damage":35,"enemies":"Hexaghost","floor":18,"turns":9},{"damage":25,"enemies":"Shell Parasite","floor":20,"turns":6},{"damage":2,"enemies":"Chosen","floor":21,"turns":4},{"damage":30,"enemies":"Sentry and Sphere","floor":23,"turns":6},{"damage":37,"enemies":"Book of Stabbing","floor":26,"turns":4},{"damage":25,"enemies":"Replay:Snechameleon","floor":29,"turns":6},{"damage":26,"enemies":"Snake Plant","floor":30,"turns":5},{"damage":17,"enemies":"Cultist and Chosen","floor":33,"turns":6},{"damage":68,"enemies":"Automaton","floor":35,"turns":7},{"damage":9,"enemies":"3 Darklings","floor":37,"turns":3},{"damage":2,"enemies":"Orb Walker","floor":42,"turns":3},{"damage":44,"enemies":"Sphere and 2 Shapes","floor":43,"turns":4},{"damage":27,"enemies":"R_Hoarder","floor":44,"turns":6},{"damage":17,"enemies":"Mind Bloom Boss Battle","floor":47,"turns":4},{"damage":5,"enemies":"Giant Head","floor":49,"turns":4},{"damage":5,"enemies":"Writhing Mass","floor":50,"turns":4},{"damage":56,"enemies":"Donu and Deca","floor":52,"turns":6}],"seed_played":"-4969944838648060052","potions_obtained":[{"floor":1,"key":"Block Potion"},{"floor":9,"key":"LifebloodPotion"},{"floor":14,"key":"Death Potion"},{"floor":23,"key":"SkillPotion"},{"floor":24,"key":"PowerPotion"},{"floor":30,"key":"DistilledChaos"},{"floor":33,"key":"ElixirPotion"},{"floor":35,"key":"PowerPotion"},{"floor":43,"key":"Dexterity Potion"},{"floor":44,"key":"Energy Potion"},{"floor":49,"key":"Regen Potion"}],"is_trial":false,"path_per_floor":["M","?","?","?","?","PTL","PTL","E","M","R","T","$","?","M","M","M","R","B",null,"M","M","?","M","?","R","E","R","T","E","M","R","$","M","R","B",null,"M","$","?","?","?","M","M","E","T","R","?","R","E","M","R","B",null],"character_chosen":"IRONCLAD","items_purchased":["Reaper","ReplayTheSpireMod:CursedCoin","PreservedInsect","Bird Faced Urn"],"campfire_rested":3,"item_purchase_floors":[32,32,32,38],"current_hp_per_floor":[80,72,72,40,46,46,46,52,58,58,58,58,58,64,68,74,74,45,86,67,71,71,47,47,72,41,66,66,59,51,51,51,52,77,47,86,83,83,83,83,83,86,56,60,60,60,59,59,93,93,93,61],"gold":156,"neow_bonus":"THREE_ENEMY_KILL","is_daily":false,"chose_seed":false,"campfire_upgraded":6,"win_rate":0.0,"timestamp":1610630878,"path_taken":["M","?","?","?","?","PTL","PTL","E","M","R","T","?","?","M","M","?","R","BOSS","M","M","?","M","?","R","E","R","T","E","?","R","$","M","R","BOSS","M","$","?","?","?","?","M","E","T","R","?","R","E","M","R","BOSS"],"items_purchased_type":["Card","Relic","Relic","Relic"],"build_version":"2020-12-22","purchased_purges":1,"victory":true,"max_hp_per_floor":[80,80,80,80,86,86,86,86,86,86,86,86,86,86,86,86,86,86,86,86,86,86,86,86,86,86,86,86,86,86,86,86,86,86,86,86,86,86,86,86,86,86,86,86,86,86,86,86,93,93,93,93],"card_choices":[{"not_picked":["True Grit","Dual Wield"],"picked":"Whirlwind","floor":1},{"not_picked":["Sever Soul","Body Slam"],"picked":"Warcry","floor":4},{"not_picked":["ReplayTheSpireMod:Strike From Hell","Sword Boomerang"],"picked":"Rupture","floor":8},{"not_picked":["Armaments","Run Through","Body Slam"],"picked":"SKIP","floor":9},{"not_picked":["Abandon","Wild Strike","Run Through"],"picked":"SKIP","floor":14},{"not_picked":["Shockwave","Iron Wave"],"picked":"Rage","floor":15},{"not_picked":["Cleave","Havoc"],"picked":"Replay:Undeath\u0027s Touch","floor":16},{"not_picked":["Bludgeon","Limit Break"],"picked":"Brutality","floor":18},{"not_picked":["Iron Wave","Carnage+1"],"picked":"Twin Strike","floor":20},{"not_picked":["ReplayTheSpireMod:Corrosion Curse","Wild Strike"],"picked":"Warcry","floor":21},{"not_picked":["Anger+1","Second Wind"],"picked":"Flex+1","floor":23},{"not_picked":["Heavy Blade","ReplayTheSpireMod:Strike From Hell+1"],"picked":"Rupture+1","floor":26},{"not_picked":["Body Slam","Flame Barrier"],"picked":"Sword Boomerang","floor":29},{"not_picked":["ReplayTheSpireMod:LeadingStrike","ReplayTheSpireMod:Limb From Limb"],"picked":"Hemokinesis+1","floor":30},{"not_picked":["Thunderclap","Fiend Fire"],"picked":"Armaments+1","floor":33},{"not_picked":["Bludgeon","Replay:Many Hands"],"picked":"Limit Break","floor":35},{"not_picked":["Carnage"],"picked":"SKIP","floor":37},{"not_picked":["Iron Wave"],"picked":"SKIP","floor":42},{"not_picked":["Run Through+1"],"picked":"SKIP","floor":43},{"not_picked":[],"picked":"Flex+1","floor":44},{"not_picked":[],"picked":"Thunderclap+1","floor":49},{"not_picked":["Replay:Undeath\u0027s Touch"],"picked":"SKIP","floor":50}],"player_experience":230294,"relics_obtained":[{"floor":4,"key":"Anchor"},{"floor":8,"key":"Replay:Baseball"},{"floor":11,"key":"Omamori"},{"floor":26,"key":"Meat on the Bone"},{"floor":26,"key":"Replay:Kaleidoscope"},{"floor":28,"key":"ReplayTheSpireMod:Lightbulb"},{"floor":29,"key":"CeramicFish"},{"floor":29,"key":"HornCleat"},{"floor":44,"key":"MealTicket"},{"floor":44,"key":"Blood Vial"},{"floor":45,"key":"Paper Frog"},{"floor":47,"key":"Another Sword"},{"floor":49,"key":"Strawberry"},{"floor":49,"key":"Calipers"}],"event_choices":[{"damage_healed":0,"gold_gain":0,"player_choice":"Bought 0 Potions","damage_taken":0,"max_hp_gain":0,"max_hp_loss":0,"event_name":"The Woman in Blue","floor":3,"gold_loss":0},{"damage_healed":0,"gold_gain":0,"player_choice":"RENOUNCE","damage_taken":199,"max_hp_gain":0,"max_hp_loss":0,"event_name":"betterThird:BetterSerpent","floor":5,"gold_loss":199,"cards_obtained":["Enlightenment"]},{"damage_healed":0,"gold_gain":0,"player_choice":"Forge","damage_taken":0,"max_hp_gain":0,"max_hp_loss":0,"event_name":"Accursed Blacksmith","floor":13,"gold_loss":0,"cards_upgraded":["Whirlwind"]},{"cards_removed":["Glass Knife"],"damage_healed":0,"gold_gain":0,"player_choice":"Take \u0026 Give","damage_taken":0,"max_hp_gain":0,"max_hp_loss":0,"event_name":"betterNote:BetterNote","floor":22,"gold_loss":0,"cards_obtained":["theMarked:ComboAttacks"]},{"damage_healed":0,"gold_gain":0,"player_choice":"Got Potions","damage_taken":0,"max_hp_gain":0,"max_hp_loss":0,"event_name":"Lab","floor":24,"gold_loss":0},{"damage_healed":0,"gold_gain":0,"player_choice":"Paid","damage_taken":0,"relics_obtained":["Red Mask"],"max_hp_gain":0,"max_hp_loss":0,"event_name":"Tomb of Lord Red Mask","floor":39,"gold_loss":23},{"damage_healed":0,"gold_gain":3,"player_choice":"1","damage_taken":0,"max_hp_gain":0,"max_hp_loss":0,"event_name":"betterStone:BetterStone","floor":40,"gold_loss":0},{"damage_healed":0,"gold_gain":0,"player_choice":"Upgraded","damage_taken":0,"max_hp_gain":0,"max_hp_loss":0,"event_name":"Upgrade Shrine","floor":41,"gold_loss":0,"cards_upgraded":["Limit Break"]},{"damage_healed":0,"gold_gain":0,"player_choice":"Fight","damage_taken":0,"max_hp_gain":0,"max_hp_loss":0,"event_name":"MindBloom","floor":47,"gold_loss":0}],"is_beta":false,"boss_relics":[{"not_picked":["Electric Blood","ReplayTheSpireMod:DimensionalGlitch"],"picked":"Black Star"},{"not_picked":["Fusion Hammer","Astrolabe"],"picked":"Busted Crown"}],"items_purged_floors":[38],"is_endless":false,"potions_floor_spawned":[1,9,14,16,23,30,33,35,43,44,49],"ascension_level":0}}