{"host":"a5lz0e76zb3fcwkm","time":1610612193,"event":{"mods":["AchievementEnabler","BaseMod","Colored Map","Colored Powertips","Minty Spire (QoL Compilation)","StSLib","SuperFastMode"],"gold_per_floor":[18,18,18,36,46,46,62,62,62,62,79,113,113,124,124,124,124],"floor_reached":16,"language":"KOR","playtime":454,"items_purged":[],"score":204,"play_id":"fedb3552-ca96-4b4b-b189-3a6ccbe307ea","local_time":"20210114171633","is_ascension_mode":true,"campfire_choices":[{"data":"White Noise","floor":6,"key":"SMITH"},{"floor":10,"key":"REST"},{"floor":13,"key":"REST"},{"data":"Biased Cognition","floor":15,"key":"SMITH"}],"circlet_count":0,"master_deck":["AscendersBane","Strike_B","Strike_B","Defend_B","Defend_B","Defend_B","Zap","Dualcast","Echo Form","Steam","White Noise+1","Streamline","Pain","Coolheaded","Cold Snap","Skim","Cold Snap","Biased Cognition+1"],"relics":["Cracked Core","WarpedTongs","PreservedInsect","InkBottle"],"acts_visited":["Exordium"],"potions_floor_usage":[7,12],"damage_taken":[{"damage":4,"enemies":"Small Slimes","floor":1,"turns":4},{"damage":2,"enemies":"Cultist","floor":4,"turns":3},{"damage":4,"enemies":"Jaw Worm","floor":5,"turns":3},{"damage":23,"enemies":"Lots of Slimes","floor":7,"turns":5},{"damage":15,"enemies":"3 Louse","floor":11,"turns":3},{"damage":31,"enemies":"Gremlin Nob","floor":12,"turns":4},{"damage":9,"enemies":"Large Slime","floor":14,"turns":5},{"damage":15,"enemies":"Hexaghost","floor":16,"turns":9}],"seed_played":"5838094191644087913","potions_obtained":[{"floor":4,"key":"Block Potion"},{"floor":7,"key":"Weak Potion"},{"floor":12,"key":"DuplicationPotion"}],"is_trial":false,"path_per_floor":["M","?","?","M","M","R","M","$","T","R","M","E","R","M","R","B"],"character_chosen":"DEFECT","items_purchased":[],"campfire_rested":2,"item_purchase_floors":[],"current_hp_per_floor":[60,60,60,58,54,54,31,31,31,52,37,6,27,18,18,3,3],"gold":124,"neow_bonus":"TRANSFORM_TWO_CARDS","is_daily":false,"chose_seed":false,"campfire_upgraded":2,"win_rate":0.0,"timestamp":1610612193,"path_taken":["M","?","?","M","M","R","?","$","T","R","M","E","R","M","R","BOSS"],"items_purchased_type":[],"build_version":"2020-12-22","purchased_purges":0,"victory":false,"max_hp_per_floor":[71,71,71,71,71,71,71,71,71,71,71,71,71,71,71,71,71],"card_choices":[{"not_picked":["Rebound","Sunder"],"picked":"White Noise","floor":1},{"not_picked":["Hello World","Reprogram"],"picked":"Coolheaded","floor":4},{"not_picked":["Beam Cell","Fusion","Hologram"],"picked":"SKIP","floor":5},{"not_picked":["Beam Cell","Fusion","Hologram"],"picked":"SKIP","floor":5},{"not_picked":["Stack","Rebound"],"picked":"Cold Snap","floor":7},{"not_picked":["Lockon","Sweeping Beam"],"picked":"Skim","floor":11},{"not_picked":["Barrage","Beam Cell"],"picked":"Cold Snap","floor":12},{"not_picked":["Sweeping Beam","Coolheaded"],"picked":"Biased Cognition","floor":14}],"player_experience":1725592,"relics_obtained":[{"floor":9,"key":"PreservedInsect"},{"floor":12,"key":"InkBottle"}],"event_choices":[{"damage_healed":0,"gold_gain":0,"cards_transformed":["Strike_B"],"player_choice":"Change","damage_taken":0,"max_hp_gain":0,"max_hp_loss":0,"event_name":"Living Wall","floor":2,"gold_loss":0,"cards_obtained":["Streamline"]},{"damage_healed":0,"gold_gain":0,"player_choice":"Rummage","damage_taken":0,"relics_obtained":["WarpedTongs"],"max_hp_gain":0,"max_hp_loss":0,"event_name":"Accursed Blacksmith","floor":3,"gold_loss":0,"cards_obtained":["Pain"]}],"is_beta":false,"boss_relics":[],"items_purged_floors":[],"is_endless":false,"potions_floor_spawned":[4,7,12],"killed_by":"Hexaghost","ascension_level":20}}