{"host":"19t2eyow02s954g8","time":1610608549,"event":{"mods":["BaseMod","Colored Map","DeckTracker","Minty Spire (QoL Compilation)","StSLib","SuperFastMode"],"gold_per_floor":[118,118,43,43,58,58,83,83,106,106,106,120,120,151,151,151,151],"floor_reached":16,"language":"KOR","playtime":279,"items_purged":[],"score":262,"play_id":"7ce38085-bd5c-4038-abe7-e8c6a26f2c70","local_time":"20210114161549","is_ascension_mode":true,"campfire_choices":[{"data":"Prepared","floor":6,"key":"SMITH"},{"data":"Neutralize","floor":8,"key":"SMITH"},{"data":"Dagger Spray","floor":10,"key":"SMITH"},{"data":"Acrobatics","floor":13,"key":"SMITH"},{"floor":15,"key":"REST"}],"circlet_count":0,"master_deck":["AscendersBane","Strike_G","Strike_G","Strike_G","Strike_G","Defend_G","Defend_G","Defend_G","Defend_G","Defend_G","Survivor","Neutralize+1","Dagger Spray+1","Prepared+1","Infinite Blades","Acrobatics+1","Tactician"],"relics":["Ring of the Snake","NeowsBlessing","Tingsha","Anchor","Regal Pillow","Snake Skull","Ginger"],"acts_visited":["Exordium"],"potions_floor_usage":[16],"damage_taken":[{"damage":0,"enemies":"Cultist","floor":1,"turns":1},{"damage":0,"enemies":"2 Louse","floor":5,"turns":1},{"damage":0,"enemies":"Gremlin Nob","floor":7,"turns":1},{"damage":0,"enemies":"Jaw Worm","floor":12,"turns":2},{"damage":20,"enemies":"3 Sentries","floor":14,"turns":6},{"damage":20,"enemies":"Slime Boss","floor":16,"turns":6}],"seed_played":"9079041606780521786","potions_obtained":[{"floor":12,"key":"SneckoOil"}],"is_trial":false,"path_per_floor":["M","T","?","?","M","R","E","R","T","R","?","M","R","E","R","B"],"character_chosen":"THE_SILENT","items_purchased":[],"campfire_rested":1,"item_purchase_floors":[],"current_hp_per_floor":[59,59,59,59,59,59,59,59,59,59,33,33,33,13,47,27,27],"gold":151,"neow_bonus":"THREE_ENEMY_KILL","is_daily":false,"chose_seed":false,"campfire_upgraded":4,"win_rate":0.0,"timestamp":1610608549,"path_taken":["M","?","?","?","?","R","E","R","T","R","?","M","R","E","R","BOSS"],"items_purchased_type":[],"build_version":"2020-12-22","purchased_purges":0,"victory":false,"max_hp_per_floor":[66,66,66,66,66,66,66,66,66,66,66,66,66,66,66,66,66],"card_choices":[{"not_picked":["Backflip","Flying Knee"],"picked":"Dagger Spray","floor":1},{"not_picked":["Quick Slash","Escape Plan","Setup"],"picked":"SKIP","floor":5},{"not_picked":["Caltrops","Setup"],"picked":"Infinite Blades","floor":7},{"not_picked":["Bane","Underhanded Strike"],"picked":"Acrobatics","floor":12},{"not_picked":["Poisoned Stab","Dodge and Roll"],"picked":"Tactician","floor":14}],"player_experience":4262601,"relics_obtained":[{"floor":2,"key":"Tingsha"},{"floor":7,"key":"Anchor"},{"floor":9,"key":"Regal Pillow"},{"floor":14,"key":"Ginger"}],"event_choices":[{"cards_removed":["Strike_G"],"damage_healed":0,"gold_gain":0,"player_choice":"Card Removal","damage_taken":0,"max_hp_gain":0,"max_hp_loss":0,"event_name":"The Cleric","floor":3,"gold_loss":75},{"damage_healed":0,"gold_gain":0,"player_choice":"1 cards matched","damage_taken":0,"max_hp_gain":0,"max_hp_loss":0,"event_name":"Match and Keep!","floor":4,"gold_loss":0,"cards_obtained":["Prepared"]},{"damage_healed":0,"gold_gain":0,"player_choice":"Success","damage_taken":26,"relics_obtained":["Snake Skull"],"max_hp_gain":0,"max_hp_loss":0,"event_name":"Scrap Ooze","floor":11,"gold_loss":0}],"is_beta":false,"boss_relics":[],"items_purged_floors":[],"is_endless":false,"potions_floor_spawned":[12],"killed_by":"Slime Boss","ascension_level":20}}