{"host":"sh8ot41fo7a0kahq","time":1610632293,"event":{"mods":["ATMod(°¢èªMod)","BaseMod","Better Third Choice","Colored Powertips","Displayed Cursed Tome","Minty Spire (QoL Compilation)","Quick Restart","Spicy Shops","StSLib","UnlockEverythingMod","¡¾ÒÅÎï¿¨ÅÆ¡¿REMEMod"],"gold_per_floor":[110,130,130,149,68,86,86,101,101,101,131,145,164,198,198,295,295,305,305,19,33,33,167,186,201,201,216,216,233,253,253,253,453,453,465,481,500,515,258,258,278,408,408,408,426,426,426,142,142,242,242,242,53,282,382],"floor_reached":56,"language":"ZHS","playtime":2324,"items_purged":["Strike_R","Strike_R","Strike_R"],"score":1621,"play_id":"b8dd1978-f903-4229-b89d-a4cce32ab9c6","local_time":"20210114215133","is_ascension_mode":true,"campfire_choices":[{"data":"AT_CaressingTears","floor":7.0,"key":"SMITH"},{"data":"Pommel Strike","floor":10.0,"key":"SMITH"},{"data":"Berserk","floor":15.0,"key":"SMITH"},{"data":"Feel No Pain","floor":32.0,"key":"SMITH"},{"floor":40.0,"key":"RECALL"},{"data":"Wild Strike","floor":46,"key":"SMITH"},{"data":"Rupture","floor":49,"key":"SMITH"},{"data":"REME_ACTH","floor":52,"key":"SMITH"}],"circlet_count":0,"master_deck":["Strike_R","Defend_R","Defend_R","Defend_R","Defend_R","Bash","AT_CaressingTears+1","Reaper","Bloodletting+1","AT_DiedThrough","Pommel Strike+1","Battle Trance","Berserk+1","Wild Strike+1","AT_CaressingTears","Exhume+1","Feel No Pain+1","REME_FirmDetermination+1","REME_Scribble+1","Shrug It Off+1","Impervious","Dark Embrace","AT_IchimonjiDouble+1","Rupture+1","REME_Scribble","REME_FearOfPain+1","REME_ACTH+1","Wild Strike+1"],"relics":["Burning Blood","AT_ATBox","REME_ComplimentaryCards","NeowsBlessing","Happy Flower","Question Card","Potion Belt","REME_LowDesire","War Paint","AT_BladeRuinedKing","AT_TheCollector","AT_DeathDance","AT_ChloranthyRing","Ginger","Runic Cube","Membership Card","Calipers","Bottled Flame","StoneCalendar","Orrery","AT_RedTearstoneRing","AT_ForceNature","AT_RedNoBalance"],"acts_visited":["Exordium","TheCity","TheBeyond","TheEnding"],"potions_floor_usage":[54],"damage_taken":[{"damage":0.0,"enemies":"2 Louse","floor":1.0,"turns":1.0},{"damage":0.0,"enemies":"Small Slimes","floor":2.0,"turns":1.0},{"damage":0.0,"enemies":"Cultist","floor":4.0,"turns":1.0},{"damage":36.0,"enemies":"Lots of Slimes","floor":6.0,"turns":6.0},{"damage":13.0,"enemies":"2 Fungi Beasts","floor":8.0,"turns":4.0},{"damage":28.0,"enemies":"Lagavulin","floor":11.0,"turns":5.0},{"damage":39.0,"enemies":"Exordium Thugs","floor":12.0,"turns":6.0},{"damage":17.0,"enemies":"Blue Slaver","floor":13.0,"turns":4.0},{"damage":40.0,"enemies":"3 Sentries","floor":14.0,"turns":6.0},{"damage":19.0,"enemies":"Slime Boss","floor":16.0,"turns":7.0},{"damage":14.0,"enemies":"3 Byrds","floor":18.0,"turns":4.0},{"damage":33.0,"enemies":"Spheric Guardian","floor":21.0,"turns":5.0},{"damage":48.0,"enemies":"Book of Stabbing","floor":23.0,"turns":6.0},{"damage":21.0,"enemies":"Chosen and Byrds","floor":24.0,"turns":8.0},{"damage":15.0,"enemies":"Centurion and Healer","floor":25.0,"turns":7.0},{"damage":27.0,"enemies":"Snecko","floor":27.0,"turns":5.0},{"damage":20.0,"enemies":"Chosen and Byrds","floor":29.0,"turns":8.0},{"damage":19.0,"enemies":"Centurion and Healer","floor":30.0,"turns":6.0},{"damage":89.0,"enemies":"Collector","floor":33.0,"turns":13.0},{"damage":36.0,"enemies":"3 Darklings","floor":35.0,"turns":7.0},{"damage":12.0,"enemies":"Orb Walker","floor":36.0,"turns":4.0},{"damage":43.0,"enemies":"Jaw Worm Horde","floor":37.0,"turns":4.0},{"damage":6.0,"enemies":"Transient","floor":38.0,"turns":5.0},{"damage":24.0,"enemies":"Maw","floor":41.0,"turns":6.0},{"damage":77.0,"enemies":"Giant Head","floor":42.0,"turns":9.0},{"damage":28,"enemies":"Spire Growth","floor":45,"turns":4},{"damage":72,"enemies":"Time Eater","floor":50,"turns":5},{"damage":11,"enemies":"Shield and Spear","floor":54,"turns":3},{"damage":14,"enemies":"The Heart","floor":55,"turns":5}],"seed_played":"-3244995935995377525","potions_obtained":[{"floor":8.0,"key":"Fire Potion"},{"floor":11.0,"key":"DuplicationPotion"},{"floor":12.0,"key":"Fire Potion"},{"floor":13.0,"key":"Swift Potion"},{"floor":16.0,"key":"SneckoOil"},{"floor":18.0,"key":"BloodPotion"},{"floor":21.0,"key":"SteroidPotion"},{"floor":22.0,"key":"SkillPotion"},{"floor":22.0,"key":"BloodPotion"},{"floor":33.0,"key":"SpeedPotion"},{"floor":38.0,"key":"Explosive Potion"},{"floor":54,"key":"Block Potion"}],"is_trial":false,"path_per_floor":["M","M","?","M","?","M","R","M","T","R","E","M","M","E","R","B",null,"M","$","$","M","?","E","M","M","T","M","T","M","M","?","R","B",null,"M","M","M","M","$","R","M","E","T","?","M","R","?","$","R","B",null,"R","$","E","B",null],"character_chosen":"IRONCLAD","items_purchased":["AT_TheCollector","Membership Card","Calipers","Rupture","Orrery","AT_RedTearstoneRing","AT_ForceNature"],"campfire_rested":0,"item_purchase_floors":[20,39,39,48,48,48,53],"current_hp_per_floor":[80,80,80,80,80,70,70,71,71,71,65,56,53,31,31,80,80,78,78,78,56,56,45,44,40,40,34,34,46,44,44,44,76,93,100,103,103,113,113,113,122,73,73,73,60,60,117,117,117,94,115,115,115,127,86],"gold":382,"neow_bonus":"THREE_ENEMY_KILL","is_daily":false,"chose_seed":false,"campfire_upgraded":7,"win_rate":0.0,"timestamp":1610632293,"path_taken":["M","M","?","M","?","M","R","M","T","R","E","M","?","E","R","BOSS","M","?","$","M","?","E","M","?","T","M","?","M","M","?","R","BOSS","M","?","M","M","?","R","M","E","T","?","M","R","?","$","R","BOSS","R","$","E","BOSS"],"items_purchased_type":["Relic","Relic","Relic","Card","Relic","Relic","Relic"],"build_version":"2020-12-22","purchased_purges":3,"victory":true,"max_hp_per_floor":[80,80,80,80,80,80,80,80,80,80,80,80,80,80,80,80,80,80,80,80,80,80,80,80,80,80,83,83,89,92,92,92,98,98,104,107,110,116,116,116,122,128,128,128,134,134,117,117,117,122,122,122,122,127,132],"card_choices":[{"not_picked":["Anger","Inflame"],"picked":"Bloodletting","floor":1.0},{"not_picked":["Havoc","Uppercut"],"picked":"AT_DiedThrough","floor":2.0},{"not_picked":["REME_SingleHolding","Headbutt","True Grit"],"picked":"SKIP","floor":4.0},{"not_picked":["Clash","Metallicize"],"picked":"Pommel Strike","floor":6.0},{"not_picked":["Sever Soul","Carnage"],"picked":"Battle Trance","floor":8.0},{"not_picked":["Twin Strike","True Grit"],"picked":"Berserk","floor":11.0},{"not_picked":["Ghostly Armor","AT_BodySlamDance","AT_DiedThrough","Twin Strike"],"picked":"SKIP","floor":12.0},{"not_picked":["AT_BodySlamDance","Twin Strike","Fire Breathing"],"picked":"Wild Strike","floor":13.0},{"not_picked":["Double Tap","Thunderclap","Cleave"],"picked":"AT_CaressingTears","floor":14.0},{"not_picked":["Brutality","Bludgeon","Fiend Fire"],"picked":"Exhume","floor":16.0},{"not_picked":["Whirlwind","Anger","True Grit","Hemokinesis+1","REME_MagicPocketWatch"],"picked":"SKIP","floor":18.0},{"not_picked":["Warcry","Combust","Rupture","REME_WheelOfFate"],"picked":"Feel No Pain","floor":21.0},{"not_picked":["Wild Strike","Ghostly Armor","AT_DrawKnifeCut","Carnage","Enlightenment"],"picked":"SKIP","floor":23.0},{"not_picked":["Armaments+1","Clash","Iron Wave","Entrench+1"],"picked":"REME_FirmDetermination+1","floor":24.0},{"not_picked":["Sword Boomerang","AT_BodySlamDance","Clothesline","Chrysalis"],"picked":"REME_Scribble+1","floor":25.0},{"not_picked":["Havoc","REME_TheLastStrike","Anger+1","Perfected Strike","AT_Homeward"],"picked":"SKIP","floor":27.0},{"not_picked":["Twin Strike","Clash","AT_IchimonjiDouble","AT_LightSaberMaster"],"picked":"Shrug It Off","floor":29.0},{"not_picked":["AT_DrawKnifeCut","Ghostly Armor","Heavy Blade+1","Cleave+1","Impatience"],"picked":"SKIP","floor":30.0},{"not_picked":["Double Tap","Corruption","Reaper","REME_ShortnessOfBreath"],"picked":"Impervious","floor":33.0},{"not_picked":["AT_GerminateFire+1","Pommel Strike+1","Second Wind","Madness"],"picked":"Dark Embrace","floor":35.0},{"not_picked":["Headbutt+1","Shrug It Off","Heavy Blade+1","Twin Strike+1","Mayhem"],"picked":"SKIP","floor":36.0},{"not_picked":["AT_IchimonjiDouble","Twin Strike+1","Flex+1","Second Wind","Violence"],"picked":"SKIP","floor":37.0},{"not_picked":["Intimidate+1","Battle Trance","Thunderclap","Warcry+1","REME_EyeOfCthun"],"picked":"SKIP","floor":38.0},{"not_picked":["Whirlwind+1","True Grit","Armaments+1","Pommel Strike","Deep Breath"],"picked":"SKIP","floor":41.0},{"not_picked":["Inflame+1","Whirlwind","Flex","True Grit+1","Flash of Steel"],"picked":"SKIP","floor":42},{"not_picked":["Headbutt+1","Iron Wave","Anger+1","REME_TwoStrings+1"],"picked":"AT_IchimonjiDouble+1","floor":45},{"not_picked":["Shrug It Off","REME_SingleHolding+1","Heavy Blade","AT_CelerityRune"],"picked":"REME_Scribble","floor":48},{"not_picked":["Dual Wield+1","Sword Boomerang","True Grit+1","Bandage Up"],"picked":"REME_FearOfPain+1","floor":48},{"not_picked":["Cleave+1","Bloodletting+1","Warcry+1","Panache"],"picked":"REME_ACTH","floor":48},{"not_picked":["Warcry+1","Havoc","Juggernaut","REME_PuzzleBox"],"picked":"Wild Strike+1","floor":54}],"player_experience":326008,"relics_obtained":[{"floor":11.0,"key":"Question Card"},{"floor":14.0,"key":"Potion Belt"},{"floor":17.0,"key":"War Paint"},{"floor":17.0,"key":"AT_BladeRuinedKing"},{"floor":23.0,"key":"AT_DeathDance"},{"floor":26.0,"key":"AT_ChloranthyRing"},{"floor":28.0,"key":"Ginger"},{"floor":42,"key":"Bottled Flame"},{"floor":43,"key":"StoneCalendar"},{"floor":54,"key":"AT_SilverBalance"}],"event_choices":[{"damage_healed":0.0,"max_hp_gain":0.0,"max_hp_loss":0.0,"gold_gain":0.0,"event_name":"betterThird:BetterSerpent","player_choice":"Ignored","floor":3.0,"gold_loss":0.0,"damage_taken":130.0},{"damage_healed":0.0,"max_hp_gain":0.0,"max_hp_loss":0.0,"gold_gain":0.0,"event_name":"WeMeetAgain","player_choice":"Paid Gold","floor":5.0,"gold_loss":81.0,"damage_taken":0.0,"relics_obtained":["Happy Flower"]},{"damage_healed":0.0,"max_hp_gain":0.0,"max_hp_loss":0.0,"gold_gain":0.0,"event_name":"Lab","player_choice":"Got Potions","floor":22.0,"gold_loss":0.0,"damage_taken":0.0},{"damage_healed":0.0,"max_hp_gain":0.0,"max_hp_loss":0.0,"gold_gain":0.0,"event_name":"Upgrade Shrine","player_choice":"Upgraded","floor":31.0,"gold_loss":0.0,"damage_taken":0.0,"cards_upgraded":["Shrug It Off"]},{"cards_removed":["Strike_R"],"damage_healed":0,"gold_gain":0,"player_choice":"Removed Attack","damage_taken":0,"max_hp_gain":0,"max_hp_loss":0,"event_name":"Falling","floor":44,"gold_loss":0},{"damage_healed":117,"gold_gain":0,"player_choice":"Heal","damage_taken":0,"max_hp_gain":0,"max_hp_loss":17,"event_name":"The Moai Head","floor":47,"gold_loss":0}],"is_beta":false,"boss_relics":[{"not_picked":["Cursed Key","REME_DuelDisc"],"picked":"REME_LowDesire"},{"not_picked":["Sozu","Runic Pyramid"],"picked":"Runic Cube"}],"items_purged_floors":[39,48,53],"is_endless":false,"potions_floor_spawned":[8,11,12,13,16,18,21,24,33,38,42,45,54],"ascension_level":8}}