{"host":"51fyd6gkml7xavq8","time":1610623366,"event":{"mods":["BaseMod","BetterRewards","Colored Map","Energized Spire","Infinite Spire","Minty Spire (QoL Compilation)","Replay The Spire","Shop Mod","Spicy Shops","StSLib","The Blue Laboratory","[IsaacMod]????"],"gold_per_floor":[116,391,391,402,350,350,379,392,392,405,405,405,419,419,419],"floor_reached":14,"language":"ENG","playtime":455,"items_purged":["Decay"],"score":142,"play_id":"828a9712-4aba-4896-bf31-0057bfc8814a","local_time":"20210114082246","is_ascension_mode":true,"campfire_choices":[{"data":"Lockon","floor":6,"key":"SMITH"}],"circlet_count":0,"master_deck":["Strike_B","Strike_B","Strike_B","Strike_B","Defend_B","Defend_B","Defend_B","Defend_B","Zap","Dualcast","Defragment","Lockon+1","FIFO Queue"],"relics":["Cracked Core","HushsDoor","MaYiHuaBei","MerchantsRug","ReplayTheSpireMod:CursedCoin","Boot","PillsDrop"],"acts_visited":["Exordium"],"potions_floor_usage":[14,14],"damage_taken":[{"damage":0.0,"enemies":"Small Slimes","floor":1.0,"turns":2.0},{"damage":1.0,"enemies":"Cultist","floor":4.0,"turns":3.0},{"damage":25,"enemies":"Lagavulin","floor":7,"turns":5},{"damage":12,"enemies":"Jaw Worm","floor":8,"turns":3},{"damage":6,"enemies":"3 Louse","floor":10,"turns":3},{"damage":12,"enemies":"Looter","floor":13,"turns":3},{"damage":20,"enemies":"3 Sentries","floor":14,"turns":2}],"seed_played":"5224352802459089942","potions_obtained":[{"floor":1.0,"key":"blueLaboratory:ForbiddenFruitJuice"},{"floor":7,"key":"blueLaboratory:CorrosionFlask"},{"floor":10,"key":"Strength Potion"}],"is_trial":false,"path_per_floor":["M","?","?","M","$","R","E","M","T","M","PTL","PTL","M","E"],"character_chosen":"DEFECT","items_purchased":["MerchantsRug","ReplayTheSpireMod:CursedCoin","Lockon","FIFO Queue"],"campfire_rested":0,"item_purchase_floors":[0,5,5,5],"current_hp_per_floor":[68,68,68,67,67,67,42,30,30,24,24,24,12,0,0],"gold":419,"neow_bonus":"","is_daily":false,"chose_seed":false,"campfire_upgraded":1,"win_rate":0.0,"timestamp":1610623366,"path_taken":["M","?","?","M","$","R","E","M","T","?","PTL","PTL","M","E"],"items_purchased_type":["Relic","Relic","Card","Card"],"build_version":"2020-12-22","purchased_purges":1,"victory":false,"max_hp_per_floor":[75,75,75,75,75,75,75,75,75,75,75,75,75,75,75],"card_choices":[{"not_picked":["Compile Driver","Conserve Battery","Leap"],"picked":"SKIP","floor":1.0},{"not_picked":["Heatsinks","Barrage"],"picked":"Defragment","floor":4.0},{"not_picked":["Leap","Chill","Compile Driver"],"picked":"SKIP","floor":7},{"not_picked":["Rebound","Steam","Darkness"],"picked":"SKIP","floor":8},{"not_picked":["Biased Cognition","Chill","Cold Snap"],"picked":"SKIP","floor":10},{"not_picked":["Time Bomb","Melter","Rebound"],"picked":"SKIP","floor":13}],"player_experience":519318,"relics_obtained":[{"floor":7,"key":"Boot"},{"floor":9,"key":"PillsDrop"}],"event_choices":[{"damage_healed":0.0,"max_hp_gain":0.0,"max_hp_loss":0.0,"gold_gain":275.0,"event_name":"Golden Shrine","player_choice":"Desecrate","floor":2.0,"gold_loss":0.0,"damage_taken":0.0,"cards_obtained":["Regret"]},{"cards_removed":["Regret"],"damage_healed":0.0,"max_hp_gain":0.0,"max_hp_loss":0.0,"gold_gain":0.0,"event_name":"Living Wall","player_choice":"Forget","floor":3.0,"gold_loss":0.0,"damage_taken":0.0}],"is_beta":false,"boss_relics":[],"items_purged_floors":[5],"is_endless":false,"potions_floor_spawned":[1,7,10],"killed_by":"3 Sentries","ascension_level":6}}