{"host":"ci7cmvrwpmzqnw7e","time":1610667615,"event":{"mods":["BaseMod","BetterRewards","Colored Map","Downfall","GungeonMod","Highlight Path","Hubris","Infinite Spire","Minty Spire (QoL Compilation)","Random Character Button","Rare Cards Sparkle","Replay The Spire","Shop Mod","StSLib"],"gold_per_floor":[99,99,99,99,99,119,119,132,148,60,60,74,93,93,93,93],"floor_reached":14,"language":"ENG","playtime":439,"items_purged":[],"score":80,"play_id":"c921bb88-c6da-451e-8388-e4a3e9da55f7","local_time":"20210114164015","is_ascension_mode":false,"campfire_choices":[{"floor":1,"key":"RECALL"},{"floor":11,"key":"REST"}],"circlet_count":0,"master_deck":["Slimebound:Strike_Slimebound","Slimebound:Strike_Slimebound","Slimebound:Strike_Slimebound","Slimebound:Tackle","Slimebound:Defend_Slimebound","Slimebound:Defend_Slimebound","Slimebound:Defend_Slimebound","Slimebound:Defend_Slimebound","Slimebound:Split","Slimebound:CorrosiveSpit","Slimebound:SplitMire","Slimebound:FlameTackle","Regret","Slimebound:ViciousTackle","Slimebound:RollThrough","Slimebound:Grow"],"relics":["Slimebound:AbsorbEndCombat","downfall:HeartsMalice","hubris:Reverence","Sundial"],"acts_visited":["Exordium"],"potions_floor_usage":[8,14],"damage_taken":[{"damage":0,"enemies":"Small Slimes","floor":2,"turns":1},{"damage":0,"enemies":"Jaw Worm","floor":3,"turns":1},{"damage":0,"enemies":"Cultist","floor":5,"turns":1},{"damage":26,"enemies":"Gremlin Gang","floor":6,"turns":4},{"damage":6,"enemies":"Red Slaver","floor":8,"turns":1},{"damage":30,"enemies":"2 Fungi Beasts","floor":9,"turns":3},{"damage":25,"enemies":"downfall:FleeingMerchant","floor":10,"turns":4},{"damage":41,"enemies":"Exordium Thugs","floor":12,"turns":4},{"damage":10,"enemies":"Exordium Wildlife","floor":13,"turns":4},{"damage":70,"enemies":"Gremlin Nob","floor":14,"turns":4}],"seed_played":"-8538062507071539042","potions_obtained":[{"floor":6,"key":"Fire Potion"},{"floor":12,"key":"SkillPotion"}],"is_trial":false,"path_per_floor":["R_BF","M","M","?","M","M","T","M","M","$","R","M","M","E"],"character_chosen":"SLIMEBOUND","items_purchased":["Slimebound:Grow"],"campfire_rested":1,"item_purchase_floors":[10],"current_hp_per_floor":[60,60,60,60,60,57,57,51,37,36,54,33,43,0,0,0],"gold":93,"neow_bonus":"THREE_ENEMY_KILL","is_daily":false,"chose_seed":false,"campfire_upgraded":0,"win_rate":0.0,"timestamp":1610667615,"path_taken":["R_BF","M","M","?","M","M","T","M","M","$","R","M","M","E"],"items_purchased_type":["Card"],"build_version":"2020-12-22","purchased_purges":0,"victory":false,"max_hp_per_floor":[60,60,60,60,60,60,60,60,60,60,60,60,60,60,60,60],"card_choices":[{"not_picked":["Slimebound:LeechEnergy","Slimebound:PressTheAttack"],"picked":"Slimebound:SplitMire","floor":2},{"not_picked":["Slimebound:ItLooksTasty","Slimebound:ComboTackle"],"picked":"Slimebound:FlameTackle","floor":3},{"not_picked":["Slimebound:LeechEnergy","Slimebound:MegaLick"],"picked":"Slimebound:ViciousTackle","floor":5},{"not_picked":["Slimebound:ServeAndProtect","Slimebound:TongueLash","Slimebound:LevelUp"],"picked":"SKIP","floor":6},{"not_picked":["Slimebound:LeadByExample","Slimebound:SlimeSpikes"],"picked":"Slimebound:RollThrough","floor":8},{"not_picked":["Slimebound:ViciousTackle","Slimebound:GoopSpray","Slimebound:SplitMire"],"picked":"SKIP","floor":9},{"not_picked":["Slimebound:SlimeSlap","Slimebound:SplitBruiser","Slimebound:LeechingTouch"],"picked":"SKIP","floor":10},{"not_picked":["Slimebound:SpikyOuterGoop","Slimebound:SplitMire","Slimebound:Prepare"],"picked":"SKIP","floor":12},{"not_picked":["Slimebound:SamplingLick","Slimebound:DivideAndConquer","Slimebound:OneTwoCombo"],"picked":"SKIP","floor":13}],"player_experience":70970,"relics_obtained":[{"floor":7,"key":"Sundial"}],"event_choices":[{"damage_healed":0,"gold_gain":0,"player_choice":"Box","damage_taken":0,"relics_obtained":["hubris:Reverence"],"max_hp_gain":0,"max_hp_loss":0,"event_name":"Big Fish","floor":4,"gold_loss":0,"cards_obtained":["Regret"]}],"is_beta":false,"boss_relics":[],"items_purged_floors":[],"is_endless":false,"potions_floor_spawned":[6,12],"killed_by":"Gremlin Nob","ascension_level":0}}