{"host":"tb138zs7vhci6g1j","time":1610668022,"event":{"mods":["2.2 Compatiblity","Aspiration","BaseMod","Better Note","Friendly Minions","Minty Spire (QoL Compilation)","RNG Fix","Rare Cards Sparkle","StSLib","The Marked"],"gold_per_floor":[119,119,140,140,163,203,203,243,266,6,26,26,26,46,46,175,175,200,200,200,225,246,246,246,246],"floor_reached":24,"language":"ENG","playtime":984,"items_purged":[],"score":288,"play_id":"79c7901b-3731-4199-a0e5-5e6c3646a49c","local_time":"20210115014702","is_ascension_mode":true,"campfire_choices":[{"floor":7,"key":"REST"},{"floor":13,"key":"REST"},{"data":"theMarked:Indomitable","floor":15,"key":"SMITH"},{"data":"theMarked:SoldierOfQuellstein","floor":23,"key":"SMITH"}],"circlet_count":0,"master_deck":["theMarked:Strike","theMarked:Strike","theMarked:Strike","theMarked:Strike","theMarked:Strike","theMarked:Defend","theMarked:Defend","theMarked:Defend","theMarked:Defend","theMarked:SoldierOfQuellstein+1","theMarked:RepellingDischarge","theMarked:Opportunist","theMarked:TwofoldDefense","theMarked:RepellingDischarge","theMarked:ElectricStrings","theMarked:Indomitable+1","theMarked:ResourceFulStrike","theMarked:Snap","theMarked:StartUp","theMarked:HeightenedSenses+1"],"relics":["theMarked:ArtifactOfAir","NeowsBlessing","Golden Idol","aspiration:ChemicalBlood","MealTicket","Art of War","Frozen Egg 2","Runic Pyramid"],"acts_visited":["Exordium","TheCity"],"potions_floor_usage":[6,6,8,8,14,16,16,18,24,24,24,24,24],"damage_taken":[{"damage":0,"enemies":"2 Louse","floor":1,"turns":1},{"damage":0,"enemies":"Cultist","floor":3,"turns":1},{"damage":0,"enemies":"Jaw Worm","floor":5,"turns":1},{"damage":29,"enemies":"Lagavulin","floor":6,"turns":9},{"damage":36,"enemies":"Gremlin Nob","floor":8,"turns":6},{"damage":3,"enemies":"3 Louse","floor":11,"turns":5},{"damage":9,"enemies":"Exordium Wildlife","floor":14,"turns":7},{"damage":6,"enemies":"Slime Boss","floor":16,"turns":7},{"damage":5,"enemies":"3 Byrds","floor":18,"turns":6},{"damage":8,"enemies":"Spheric Guardian","floor":21,"turns":4},{"damage":10,"enemies":"Snecko","floor":22,"turns":7},{"damage":52,"enemies":"Book of Stabbing","floor":24,"turns":5}],"seed_played":"8848927453381518831","potions_obtained":[{"floor":1,"key":"Swift Potion"},{"floor":4,"key":"theMarked:ChargePotion"},{"floor":4,"key":"AttackPotion"},{"floor":6,"key":"Weak Potion"},{"floor":11,"key":"Regen Potion"},{"floor":14,"key":"SpeedPotion"},{"floor":18,"key":"Dexterity Potion"}],"is_trial":false,"path_per_floor":["M","?","M","?","M","E","R","E","T","$","M","?","R","M","R","B",null,"M","?","?","M","M","R","E"],"character_chosen":"THE_DEFAULT","items_purchased":["Frozen Egg 2"],"campfire_rested":2,"item_purchase_floors":[10],"current_hp_per_floor":[63,46,46,46,46,17,38,2,2,17,14,21,42,33,33,27,59,54,54,54,46,36,36,0,0],"gold":246,"neow_bonus":"THREE_ENEMY_KILL","is_daily":false,"chose_seed":false,"campfire_upgraded":2,"win_rate":0.0,"timestamp":1610668022,"path_taken":["M","?","M","?","M","E","R","E","T","?","?","?","R","M","R","BOSS","M","?","?","?","M","R","E"],"items_purchased_type":["Relic"],"build_version":"2020-12-22","purchased_purges":0,"victory":false,"max_hp_per_floor":[70,70,70,70,70,70,70,70,70,70,70,70,70,70,70,70,70,70,70,70,70,70,70,70,70],"card_choices":[{"not_picked":["theMarked:TunnelVision","theMarked:HeightenedSenses"],"picked":"theMarked:RepellingDischarge","floor":1},{"not_picked":["theMarked:TwofoldDefense","theMarked:RepellingDischarge"],"picked":"theMarked:Opportunist","floor":3},{"not_picked":["theMarked:Frustration","theMarked:MysticalArsenal"],"picked":"theMarked:TwofoldDefense","floor":5},{"not_picked":["theMarked:DeterminationOfTheMarked","theMarked:Electrify"],"picked":"theMarked:RepellingDischarge","floor":6},{"not_picked":["theMarked:Electrocute","theMarked:Standoff"],"picked":"theMarked:ElectricStrings","floor":8},{"not_picked":["theMarked:ResourceFulStrike","theMarked:ParalyzingBlade"],"picked":"theMarked:Indomitable","floor":11},{"not_picked":["theMarked:RepellingDischarge","theMarked:ElectricStrings"],"picked":"theMarked:ResourceFulStrike","floor":14},{"not_picked":["theMarked:Abjuration","theMarked:ThrowWeapon"],"picked":"theMarked:Snap","floor":16},{"not_picked":["theMarked:ElectricStrings","theMarked:TwofoldDefense","theMarked:KeepCalmAndFightOn+1"],"picked":"SKIP","floor":18},{"not_picked":["theMarked:Panic","theMarked:BanishingStrike"],"picked":"theMarked:StartUp","floor":21},{"not_picked":["theMarked:Improvise+1","theMarked:TwofoldDefense"],"picked":"theMarked:HeightenedSenses+1","floor":22}],"player_experience":1731548,"relics_obtained":[{"floor":6,"key":"aspiration:ChemicalBlood"},{"floor":8,"key":"MealTicket"},{"floor":9,"key":"Art of War"}],"event_choices":[{"damage_healed":0,"gold_gain":0,"player_choice":"Take Damage","damage_taken":17,"relics_obtained":["Golden Idol"],"max_hp_gain":0,"max_hp_loss":0,"event_name":"Golden Idol","floor":2,"gold_loss":0},{"damage_healed":0,"gold_gain":0,"player_choice":"Got Potions","damage_taken":0,"max_hp_gain":0,"max_hp_loss":0,"event_name":"Lab","floor":4,"gold_loss":0},{"damage_healed":0,"gold_gain":0,"player_choice":"Ignored","damage_taken":0,"max_hp_gain":0,"max_hp_loss":0,"event_name":"betterNote:BetterNote","floor":19,"gold_loss":0,"cards_obtained":["theMarked:SoldierOfQuellstein"]},{"damage_healed":0,"gold_gain":0,"player_choice":"Ignored","damage_taken":0,"max_hp_gain":0,"max_hp_loss":0,"event_name":"Vampires","floor":20,"gold_loss":0}],"is_beta":false,"boss_relics":[{"not_picked":["Ectoplasm","Tiny House"],"picked":"Runic Pyramid"}],"items_purged_floors":[],"is_endless":false,"potions_floor_spawned":[1,6,11,14,18,22],"killed_by":"Book of Stabbing","ascension_level":8}}