{"host":"dyggtcpod2kd5hqt","time":1610642700,"event":{"mods":["2.2 Compatiblity","AchievementEnabler","BaseMod","Bestiary","Block Reminder","Colored Map","Colored Powertips","Minty Spire (QoL Compilation)","Quick Restart","Rare Cards Sparkle","Relic Stats","Unknown Chances"],"gold_per_floor":[112,123,47,66,66,92,108,139,139,139,149,149,324,359,359,359,359],"floor_reached":16,"language":"ENG","playtime":2408,"items_purged":[],"score":126,"play_id":"b6428441-f902-41ce-a5c4-b20d92168be9","local_time":"20210114114500","is_ascension_mode":true,"campfire_choices":[{"floor":10.0,"key":"REST"},{"data":"Cloak And Dagger","floor":12.0,"key":"SMITH"},{"floor":15.0,"key":"REST"}],"circlet_count":0,"master_deck":["Strike_G","Strike_G","Strike_G","Strike_G","Strike_G","Defend_G","Defend_G","Defend_G","Defend_G","Defend_G","Survivor","Neutralize","Cloak And Dagger+1","Prepared","Accuracy","Backstab","Backflip","Prepared","Finisher","Unload","Doubt"],"relics":["Philosopher\u0027s Stone","Gambling Chip","Strawberry","StrikeDummy"],"acts_visited":["Exordium"],"potions_floor_usage":[16],"damage_taken":[{"damage":0.0,"enemies":"Cultist","floor":1.0,"turns":4.0},{"damage":0.0,"enemies":"2 Louse","floor":2.0,"turns":3.0},{"damage":15.0,"enemies":"Jaw Worm","floor":4.0,"turns":5.0},{"damage":30.0,"enemies":"Lagavulin","floor":6.0,"turns":8.0},{"damage":6.0,"enemies":"Looter","floor":7.0,"turns":3.0},{"damage":21.0,"enemies":"3 Sentries","floor":8.0,"turns":11.0},{"damage":0.0,"enemies":"2 Fungi Beasts","floor":11.0,"turns":3.0},{"damage":24.0,"enemies":"Gremlin Nob","floor":14.0,"turns":4.0},{"damage":34,"enemies":"Hexaghost","floor":16,"turns":9}],"seed_played":"-8104163039059233585","potions_obtained":[{"floor":2.0,"key":"Fruit Juice"},{"floor":4.0,"key":"SteroidPotion"},{"floor":8.0,"key":"ColorlessPotion"},{"floor":11.0,"key":"LiquidBronze"},{"floor":14.0,"key":"DuplicationPotion"}],"is_trial":false,"path_per_floor":["M","M","$","M","$","E","M","E","T","R","M","R","?","E","R","B"],"character_chosen":"THE_SILENT","items_purchased":["Accuracy"],"campfire_rested":2,"item_purchase_floors":[3],"current_hp_per_floor":[70,70,70,55,55,30,24,10,10,34,34,34,34,10,34,0,0],"gold":359,"neow_bonus":"BOSS_RELIC","is_daily":false,"chose_seed":false,"campfire_upgraded":1,"win_rate":0.0,"timestamp":1610642700,"path_taken":["M","M","$","?","?","E","M","E","T","R","M","R","?","E","R","BOSS"],"items_purchased_type":["Card"],"build_version":"2020-12-22","purchased_purges":0,"victory":false,"max_hp_per_floor":[70,70,70,70,70,75,75,82,82,82,82,82,82,82,82,82,82],"relic_stats":{"counters":[9,50],"Gambling Chip":[12],"obtain_stats":[{"Gambling Chip":6,"Strawberry":8,"Philosopher\u0027s Stone":0,"StrikeDummy":14,"Ring of the Snake":0},{"Gambling Chip":4,"Strawberry":6,"Philosopher\u0027s Stone":0,"StrikeDummy":8,"Ring of the Snake":0},{"Gambling Chip":20,"Strawberry":34,"Philosopher\u0027s Stone":0,"StrikeDummy":41,"Ring of the Snake":0}]},"card_choices":[{"not_picked":["Acrobatics","Caltrops"],"picked":"Cloak And Dagger","floor":1.0},{"not_picked":["Flying Knee","Crippling Poison"],"picked":"Prepared","floor":2.0},{"not_picked":["Slice","Bane"],"picked":"Backstab","floor":4.0},{"not_picked":["Bane","Setup"],"picked":"Backflip","floor":6.0},{"not_picked":["Sucker Punch","Masterful Stab"],"picked":"Prepared","floor":7.0},{"not_picked":["Outmaneuver","Well Laid Plans"],"picked":"Finisher","floor":8.0},{"not_picked":["Dagger Throw","Dagger Spray"],"picked":"Unload","floor":11.0},{"not_picked":["Predator","Deadly Poison","Expertise"],"picked":"SKIP","floor":14.0}],"player_experience":642255,"relics_obtained":[{"floor":6.0,"key":"Gambling Chip"},{"floor":8.0,"key":"Strawberry"},{"floor":14.0,"key":"StrikeDummy"}],"event_choices":[{"damage_healed":0.0,"max_hp_gain":0.0,"max_hp_loss":0.0,"gold_gain":175.0,"event_name":"Liars Game","player_choice":"AGREE","floor":13.0,"gold_loss":0.0,"damage_taken":0.0,"cards_obtained":["Doubt"]}],"is_beta":false,"boss_relics":[],"items_purged_floors":[],"is_endless":false,"potions_floor_spawned":[2,4,8,11,14],"killed_by":"Hexaghost","ascension_level":1}}