{"host":"wrlgpq1wkw8k1x5v","time":1610630876,"event":{"mods":["Act Like it!","BaseMod","Colored Powertips","Gensokyo","Koishi","Minty Spire (QoL Compilation)","StSLib"],"gold_per_floor":[112,112,131,56,72,103,3,3,30,47,47,66,66,86,86,86,86],"floor_reached":16,"language":"ZHS","playtime":1579,"items_purged":["Clumsy"],"score":111,"play_id":"809dbc9f-2126-4ad6-8767-c671d59dbf52","local_time":"20210114212756","is_ascension_mode":true,"campfire_choices":[{"floor":8,"key":"REST"},{"floor":15,"key":"REST"}],"circlet_count":0,"master_deck":["Koishi:BasicStrike","Koishi:BasicStrike","Koishi:BasicStrike","Koishi:BasicStrike","Koishi:BasicDefend","Koishi:BasicDefend","Koishi:BasicDefend","Koishi:BasicDefend","Koishi:Provoke","Koishi:HauntingSlash","Clumsy","Koishi:ReflexRadar","Koishi:TraumaticStroke","Koishi:Untouchable","Koishi:FormlessExistence","Pain","Koishi:FleetingPhantom"],"relics":["Koishi:ImaginaryFriend","CaptainsWheel","Gensokyo:NagashiBinaDoll","Toy Ornithopter","Potion Belt","Gensokyo:YoukaiFlower","Gensokyo:LunaticRedEyes","Lantern"],"acts_visited":["Gensokyo:Gensokyo"],"potions_floor_usage":[10,14,14,16],"damage_taken":[{"damage":3,"enemies":"Gensokyo:2_Kodama","floor":1,"turns":6},{"damage":9,"enemies":"Gensokyo:3_Fairies","floor":3,"turns":5},{"damage":0,"enemies":"Gensokyo:Python","floor":5,"turns":4},{"damage":36,"enemies":"Gensokyo:Mamizou","floor":6,"turns":12},{"damage":21,"enemies":"Gensokyo:Kitsune","floor":10,"turns":4},{"damage":19,"enemies":"Gensokyo:Python_and_Kodama","floor":12,"turns":6},{"damage":3,"enemies":"Gensokyo:LivingMonolith","floor":14,"turns":3},{"damage":20,"enemies":"Gensokyo:Reimu","floor":16,"turns":17}],"seed_played":"-1892554108474015297","potions_obtained":[{"floor":1,"key":"SteroidPotion"},{"floor":3,"key":"SpeedPotion"},{"floor":5,"key":"Dexterity Potion"},{"floor":12,"key":"Ancient Potion"}],"is_trial":false,"path_per_floor":["M","?","M","$","M","E","COS","R","T","M","?","M","?","M","R","B"],"character_chosen":"KOISHI","items_purchased":[],"campfire_rested":2,"item_purchase_floors":[],"current_hp_per_floor":[59,59,51,51,52,20,20,38,38,24,24,7,7,14,32,12,12],"gold":86,"neow_bonus":"ONE_RARE_RELIC","is_daily":false,"chose_seed":false,"campfire_upgraded":0,"win_rate":0.0,"timestamp":1610630876,"path_taken":["M","?","?","?","M","E","COS","R","T","M","?","M","?","M","R","BOSS"],"items_purchased_type":[],"build_version":"2020-12-22","purchased_purges":1,"victory":false,"max_hp_per_floor":[60,60,60,60,60,60,60,60,60,60,60,60,60,60,60,60,60],"card_choices":[{"not_picked":["Koishi:Catatonia","Koishi:DreadfulBlow"],"picked":"Koishi:ReflexRadar","floor":1},{"not_picked":["Koishi:UnconsciousUprising","Koishi:ParalyzingFear"],"picked":"Koishi:TraumaticStroke","floor":3},{"not_picked":["Koishi:RacingHeart","Koishi:SubconsciousSweep","Koishi:StingingMind"],"picked":"SKIP","floor":5},{"not_picked":["Koishi:FidgetySnatcher","Koishi:SpiritedAway"],"picked":"Koishi:UnseenTerror","floor":6},{"not_picked":["Koishi:Jaunt","Koishi:LastRemote"],"picked":"Koishi:Untouchable","floor":10},{"not_picked":["Koishi:Heartbroken","Koishi:FadingMemory"],"picked":"Koishi:FormlessExistence","floor":12},{"not_picked":["Koishi:SubterraneanRose","Koishi:HeartfeltFancy","Koishi:Prune"],"picked":"SKIP","floor":12},{"not_picked":["Koishi:Jaunt","Koishi:TremblingHands"],"picked":"Koishi:FleetingPhantom","floor":14}],"player_experience":39403,"relics_obtained":[{"floor":6,"key":"Toy Ornithopter"},{"floor":9,"key":"Potion Belt"}],"event_choices":[],"is_beta":false,"boss_relics":[],"items_purged_floors":[4],"is_endless":false,"potions_floor_spawned":[1,3,5,12],"killed_by":"Gensokyo:Reimu","ascension_level":2}}