{"host":"x52zk6e1f2bye2h7","time":1610656169,"event":{"mods":["AchievementEnabler","BaseMod","Highlight Path","Minty Spire (QoL Compilation)","everything is the same but u backflip on backflip"],"gold_per_floor":[118,118,218,234,250,270,270,297,322,322,322,322],"floor_reached":11,"language":"ENG","playtime":482,"items_purged":[],"score":77,"play_id":"99acac49-e764-4932-ad6e-9a68e5fbf110","local_time":"20210114202929","is_ascension_mode":true,"campfire_choices":[{"data":"Footwork","floor":7,"key":"SMITH"}],"circlet_count":0,"master_deck":["Strike_G","Strike_G","Strike_G","Defend_G","Defend_G","Defend_G","Defend_G","Defend_G","Survivor","Neutralize","Masterful Stab","Footwork+1","Acrobatics","Dagger Throw","Malaise"],"relics":["Ring of the Snake","Omamori","Potion Belt"],"acts_visited":["Exordium"],"potions_floor_usage":[8],"damage_taken":[{"damage":0,"enemies":"Small Slimes","floor":1,"turns":3},{"damage":0,"enemies":"2 Louse","floor":4,"turns":2},{"damage":0,"enemies":"Cultist","floor":5,"turns":4},{"damage":2,"enemies":"Blue Slaver","floor":6,"turns":5},{"damage":34,"enemies":"Gremlin Nob","floor":8,"turns":5},{"damage":19,"enemies":"3 Sentries","floor":11,"turns":4}],"seed_played":"987991967303407312","potions_obtained":[{"floor":5,"key":"AttackPotion"},{"floor":6,"key":"SmokeBomb"}],"is_trial":false,"path_per_floor":["M","?","?","M","M","M","R","E","T","?","E"],"character_chosen":"THE_SILENT","items_purchased":[],"campfire_rested":0,"item_purchase_floors":[],"current_hp_per_floor":[49,54,54,54,54,52,52,18,18,18,0,0],"gold":322,"neow_bonus":"TRANSFORM_TWO_CARDS","is_daily":false,"chose_seed":false,"campfire_upgraded":1,"win_rate":0.0,"timestamp":1610656169,"path_taken":["M","?","?","?","M","M","R","E","T","?","E"],"items_purchased_type":[],"build_version":"2020-12-22","purchased_purges":0,"victory":false,"max_hp_per_floor":[70,75,75,75,75,75,75,75,75,75,75,75],"card_choices":[{"not_picked":["Slice","Terror","Flying Knee"],"picked":"SKIP","floor":1},{"not_picked":["Outmaneuver","Dagger Throw"],"picked":"Footwork","floor":4},{"not_picked":["Deadly Poison","Bane","Predator"],"picked":"SKIP","floor":5},{"not_picked":["Choke","Night Terror"],"picked":"Acrobatics","floor":6},{"not_picked":["Endless Agony","All Out Attack"],"picked":"Dagger Throw","floor":8}],"player_experience":91284,"relics_obtained":[{"floor":8,"key":"Omamori"},{"floor":9,"key":"Potion Belt"}],"event_choices":[{"damage_healed":0,"gold_gain":0,"player_choice":"Donut","damage_taken":0,"max_hp_gain":5,"max_hp_loss":0,"event_name":"Big Fish","floor":2,"gold_loss":0},{"damage_healed":0,"gold_gain":100,"player_choice":"Pray","damage_taken":0,"max_hp_gain":0,"max_hp_loss":0,"event_name":"Golden Shrine","floor":3,"gold_loss":0},{"damage_healed":0,"gold_gain":0,"cards_transformed":["Heel Hook"],"player_choice":"Transformed","damage_taken":0,"max_hp_gain":0,"max_hp_loss":0,"event_name":"Transmorgrifier","floor":10,"gold_loss":0,"cards_obtained":["Malaise"]}],"is_beta":false,"boss_relics":[],"items_purged_floors":[],"is_endless":false,"potions_floor_spawned":[5,6],"killed_by":"3 Sentries","ascension_level":1}}