{"host":"tnsigirk6wurdark","time":1610585939,"event":{"mods":["BaseMod","Colored Map","Colored Powertips","Highlight Path","Minty Spire (QoL Compilation)","Quick Restart","Relic Sorter","StSLib","Synergy Search"],"gold_per_floor":[110,110,130,130,205,224,224,249,249,276,295,295,325,342,342,342,342],"floor_reached":16,"language":"ENG","playtime":1183,"items_purged":[],"score":216,"play_id":"b15d415c-974d-4e05-b97d-54f94829a837","local_time":"20210114005859","is_ascension_mode":true,"campfire_choices":[{"floor":7,"key":"REST"},{"floor":12,"key":"REST"},{"floor":15,"key":"REST"}],"circlet_count":0,"master_deck":["AscendersBane","Strike_G","Strike_G","Strike_G","Strike_G","Strike_G","Defend_G","Defend_G","Defend_G","Defend_G","Defend_G","Survivor","Neutralize","All Out Attack+1","Dagger Spray","Footwork","Cloak And Dagger","Dagger Throw","Deadly Poison","Dash"],"relics":["Runic Pyramid","Mummified Hand","Omamori","Potion Belt","Art of War","Juzu Bracelet"],"acts_visited":["Exordium"],"potions_floor_usage":[8,11,13],"damage_taken":[{"damage":0,"enemies":"Small Slimes","floor":1,"turns":4},{"damage":0,"enemies":"Cultist","floor":3,"turns":4},{"damage":0,"enemies":"2 Louse","floor":6,"turns":3},{"damage":5,"enemies":"3 Sentries","floor":8,"turns":5},{"damage":20,"enemies":"Lagavulin","floor":10,"turns":10},{"damage":4,"enemies":"Exordium Wildlife","floor":11,"turns":4},{"damage":6,"enemies":"3 Sentries","floor":13,"turns":5},{"damage":0,"enemies":"3 Louse","floor":14,"turns":2},{"damage":35,"enemies":"Slime Boss","floor":16,"turns":13}],"seed_played":"-4970547009475376618","potions_obtained":[{"floor":6,"key":"DistilledChaos"},{"floor":10,"key":"Fire Potion"},{"floor":11,"key":"LiquidBronze"}],"is_trial":false,"path_per_floor":["M","?","M","?","?","M","R","E","T","E","M","R","E","M","R","B"],"character_chosen":"THE_SILENT","items_purchased":[],"campfire_rested":3,"item_purchase_floors":[],"current_hp_per_floor":[59,59,59,24,13,13,32,27,27,7,3,22,16,16,35,0,0],"gold":342,"neow_bonus":"BOSS_RELIC","is_daily":false,"chose_seed":false,"campfire_upgraded":0,"win_rate":0.0,"timestamp":1610585939,"path_taken":["M","?","?","?","?","M","R","E","T","E","M","R","E","M","R","BOSS"],"items_purchased_type":[],"build_version":"2020-12-22","purchased_purges":0,"victory":false,"max_hp_per_floor":[66,66,66,66,66,66,66,66,66,66,66,66,66,66,66,66,66],"card_choices":[{"not_picked":["Sucker Punch","Crippling Poison"],"picked":"All Out Attack","floor":1},{"not_picked":["Dagger Throw","Bane"],"picked":"Dagger Spray","floor":3},{"not_picked":["Prepared","Malaise","Finisher"],"picked":"SKIP","floor":6},{"not_picked":["Infinite Blades","Bane"],"picked":"Footwork","floor":8},{"not_picked":["Slice","Sucker Punch"],"picked":"Cloak And Dagger","floor":10},{"not_picked":["PiercingWail","Expertise"],"picked":"Dagger Throw","floor":11},{"not_picked":["Blade Dance","Cloak And Dagger"],"picked":"Deadly Poison","floor":13},{"not_picked":["Well Laid Plans","Accuracy"],"picked":"Dash","floor":14}],"player_experience":730776,"relics_obtained":[{"floor":8,"key":"Omamori"},{"floor":9,"key":"Potion Belt"},{"floor":10,"key":"Art of War"},{"floor":13,"key":"Juzu Bracelet"}],"event_choices":[{"damage_healed":0,"gold_gain":0,"player_choice":"Forge","damage_taken":0,"max_hp_gain":0,"max_hp_loss":0,"event_name":"Accursed Blacksmith","floor":2,"gold_loss":0,"cards_upgraded":["All Out Attack"]},{"damage_healed":0,"gold_gain":0,"player_choice":"Success","damage_taken":35,"relics_obtained":["Mummified Hand"],"max_hp_gain":0,"max_hp_loss":0,"event_name":"Scrap Ooze","floor":4,"gold_loss":0},{"damage_healed":0,"gold_gain":75,"player_choice":"Gather Gold","damage_taken":11,"max_hp_gain":0,"max_hp_loss":0,"event_name":"World of Goop","floor":5,"gold_loss":0}],"is_beta":false,"boss_relics":[],"items_purged_floors":[],"is_endless":false,"potions_floor_spawned":[6,10,11],"killed_by":"Slime Boss","ascension_level":16}}