{"host":"g8a0qo0vjtg6u5wv","time":1610624483,"event":{"mods":["BaseMod","Colored Map","Custom Start","KOR Keyword Fix","Minty Spire (QoL Compilation)","StSLib","SuperFastMode"],"gold_per_floor":[116,41,41,57,57,57,85,260,287,287,321,321,349,360,360,360,360],"floor_reached":16,"language":"KOR","playtime":225,"items_purged":["Defend_P"],"score":190,"play_id":"27a0a4d2-1910-4d94-b6de-0e33ae6781b2","local_time":"20210114204123","is_ascension_mode":true,"campfire_choices":[{"data":"ForeignInfluence","floor":6.0,"key":"SMITH"},{"data":"Eruption","floor":12.0,"key":"SMITH"},{"data":"Halt","floor":15.0,"key":"SMITH"}],"circlet_count":0,"master_deck":["Strike_P","Strike_P","Strike_P","Defend_P","Defend_P","Defend_P","Eruption+1","Vigilance+1","PathToVictory+1","MentalFortress","ForeignInfluence+1","Wallop","Doubt","EmptyBody","Judgement","Halt+1"],"relics":["PureWater","NeowsBlessing","InkBottle","Ancient Tea Set","Strawberry","Unceasing Top","Omamori"],"acts_visited":["Exordium"],"potions_floor_usage":[16],"damage_taken":[{"damage":0.0,"enemies":"Small Slimes","floor":1.0,"turns":1.0},{"damage":0.0,"enemies":"Jaw Worm","floor":4.0,"turns":1.0},{"damage":0.0,"enemies":"3 Sentries","floor":7.0,"turns":2.0},{"damage":15.0,"enemies":"Lagavulin","floor":11.0,"turns":6.0},{"damage":10.0,"enemies":"Gremlin Nob","floor":13.0,"turns":4.0},{"damage":0.0,"enemies":"Cultist","floor":14.0,"turns":2.0},{"damage":24,"enemies":"Hexaghost","floor":16,"turns":7}],"seed_played":"8614651407966881641","potions_obtained":[{"floor":4.0,"key":"Swift Potion"},{"floor":7.0,"key":"Swift Potion"},{"floor":13.0,"key":"ColorlessPotion"},{"floor":14.0,"key":"BlessingOfTheForge"}],"is_trial":false,"path_per_floor":["M","$","?","M","?","R","E","?","T","?","E","R","E","M","R","B"],"character_chosen":"WATCHER","items_purchased":[],"campfire_rested":0,"item_purchase_floors":[],"current_hp_per_floor":[65,65,53,53,53,53,53,53,60,44,29,29,19,19,19,0,0],"gold":360,"neow_bonus":"THREE_ENEMY_KILL","is_daily":false,"chose_seed":false,"campfire_upgraded":3,"win_rate":0.0,"timestamp":1610624483,"path_taken":["M","$","?","M","?","R","E","?","T","?","E","R","E","?","R","BOSS"],"items_purchased_type":[],"build_version":"2020-12-22","purchased_purges":1,"victory":false,"max_hp_per_floor":[72,72,72,72,72,72,72,72,79,79,79,79,79,79,79,79,79],"card_choices":[{"not_picked":["FlyingSleeves","BowlingBash"],"picked":"PathToVictory","floor":1.0},{"not_picked":["EmptyBody","Halt"],"picked":"MentalFortress","floor":4.0},{"not_picked":["EmptyFist","TalkToTheHand"],"picked":"Wallop","floor":7.0},{"not_picked":["Wireheading","CutThroughFate"],"picked":"EmptyBody","floor":11.0},{"not_picked":["Prostrate","EmptyFist"],"picked":"Judgement","floor":13.0},{"not_picked":["FlyingSleeves","SashWhip"],"picked":"Halt","floor":14.0}],"player_experience":569445,"relics_obtained":[{"floor":7.0,"key":"Ancient Tea Set"},{"floor":9.0,"key":"Strawberry"},{"floor":11.0,"key":"Unceasing Top"},{"floor":13.0,"key":"Omamori"}],"event_choices":[{"damage_healed":0.0,"max_hp_gain":0.0,"max_hp_loss":0.0,"gold_gain":0.0,"event_name":"Scrap Ooze","player_choice":"Success","floor":3.0,"gold_loss":0.0,"damage_taken":12.0,"relics_obtained":["InkBottle"]},{"damage_healed":0.0,"max_hp_gain":0.0,"max_hp_loss":0.0,"gold_gain":0.0,"cards_transformed":["Strike_P"],"event_name":"Living Wall","player_choice":"Change","floor":5.0,"gold_loss":0.0,"damage_taken":0.0,"cards_obtained":["ForeignInfluence"]},{"damage_healed":0.0,"max_hp_gain":0.0,"max_hp_loss":0.0,"gold_gain":175.0,"event_name":"Liars Game","player_choice":"AGREE","floor":8.0,"gold_loss":0.0,"damage_taken":0.0,"cards_obtained":["Doubt"]},{"damage_healed":0.0,"max_hp_gain":0.0,"max_hp_loss":0.0,"gold_gain":0.0,"event_name":"Shining Light","player_choice":"Entered Light","floor":10.0,"gold_loss":0.0,"damage_taken":16.0,"cards_upgraded":["PathToVictory","Vigilance"]}],"is_beta":false,"boss_relics":[],"items_purged_floors":[2],"is_endless":false,"potions_floor_spawned":[4,7,13,14],"killed_by":"Hexaghost","ascension_level":7}}