{"host":"5cc4xbo9rb723k69","time":1610583173,"event":{"mods":["Act Like it!","Aspiration","Astrologer","Bartender","BaseMod","Bestiary","CapriCore","Conspire","Downfall","Duelist Mod","Friendly Minions","Gensokyo","Hermit","Hubris","Infinite Spire","Jedi Mod","Kiyohime????","Koishi","LagranYue(???·?)","Luminous","Mad Scientist","Mari Mod (Legacy)","Mari\u0027s V1 Patch","Marisa????????","Minty Spire (QoL Compilation)","Nova Terra(??·??)","Pale of the Ancients","Prisma Mod","Random Character Button","Reimu??????","Replay The Spire","Robot Space Explorer","Somnambulant","StSLib","The Alterego","The Animator","The Bladedancer","The Clintock","The Construct","The Cursed","The Disciple","The Exalted","The Gatherer","The Immortal","The Jungle","The Marked","The Mystic","The Problem Sleuth","The Runesmith","The Saiyan","The Senshi","The Servant 0.9.4","The Spell Scribe","TheArtist","Waifu the Spire","Yuri Mod","thorton","vexMod"],"gold_per_floor":[28,28,3,19,19,19,44,44,44,44,44,75,75,104,104,213,213,228,228,228,153,176,203,203,220,220,220,220,234,268,268,268],"floor_reached":31,"language":"DEU","playtime":3990,"items_purged":["hubris:Despair"],"score":326,"play_id":"8c38defd-7e3c-4dda-9a6e-47c31124b7d3","local_time":"20210114011253","is_ascension_mode":true,"campfire_choices":[{"floor":6,"key":"REST"},{"floor":8,"key":"REST"},{"floor":11,"key":"REST"},{"floor":13,"key":"REST"},{"floor":15,"key":"REST"},{"floor":24,"key":"REST"},{"floor":28,"key":"REST"}],"circlet_count":0,"master_deck":["animator:Strike_Overlord","animator:Defend_Overlord","animator:Strike","animator:Strike","animator:Strike","animator:Defend","animator:Defend","animator:Defend","animator:Cocytus","animator:Demiurge","animator:Emonzaemon","animator:Chung","ReplayTheSpireMod:Black Plague","animator:Biyorigo","animator:Demiurge","animator:Elesis","animator:Albedo","animator:Shalltear","animator:Millim","animator:Eve","animator:Souei+1","animator:EmiyaShirou","animator:TukaLunaMarceau","sneckomod:UnknownClassSAIYAN_CARD_COLOR"],"relics":["animator:LivingPicture","animator:TheMissingPiece","LagranYue:RandomDrawCardRelic","hubris:KleinBottle","Runic Capacitor","hubris:TenFootPole","hubris:BundleOfHerbs","jedi:archwizardhat","Regal Pillow","infinitespire:Cupcake","construct:FoamFinger","hubris:Towel","Replay:Mystery Machine","aspiration:Lifesprig","PrismaticShard","Anchor"],"acts_visited":["Exordium","TheCity"],"potions_floor_usage":[14,18,23],"damage_taken":[{"damage":11,"enemies":"Small Slimes","floor":1,"turns":4},{"damage":4,"enemies":"Jaw Worm","floor":4,"turns":4},{"damage":38,"enemies":"Gremlin Nob","floor":7,"turns":5},{"damage":29,"enemies":"Lagavulin","floor":12,"turns":6},{"damage":28,"enemies":"Gremlin Nob","floor":14,"turns":4},{"damage":48,"enemies":"The Guardian","floor":16,"turns":10},{"damage":4,"enemies":"Spheric Guardian","floor":18,"turns":3},{"damage":0,"enemies":"Chosen","floor":22,"turns":5},{"damage":72,"enemies":"Gremlin Leader","floor":23,"turns":7},{"damage":38,"enemies":"Sentry and Sphere","floor":25,"turns":6},{"damage":22,"enemies":"Snake Plant","floor":29,"turns":4},{"damage":36,"enemies":"Book of Stabbing","floor":30,"turns":6},{"damage":38,"enemies":"Cultist and Chosen","floor":31,"turns":8}],"seed_played":"1124471959071811666","potions_obtained":[{"floor":7,"key":"champ:CounterPotion"},{"floor":16,"key":"jedi:StrikingPotion"},{"floor":22,"key":"CultistPotion"},{"floor":30,"key":"Dexterity Potion"}],"is_trial":false,"path_per_floor":["M","?","?","M","$","R","E","R","T","?","R","E","R","E","R","B",null,"M","?","?","$","M","E","R","M","T","?","R","M","E","M"],"character_chosen":"THE_ANIMATOR","items_purchased":["hubris:KleinBottle","Runic Capacitor"],"campfire_rested":7,"item_purchase_floors":[5,5],"current_hp_per_floor":[67,67,67,63,34,57,20,43,43,40,63,34,57,29,67,19,79,76,76,76,76,76,46,80,43,43,39,78,56,38,0,0],"gold":268,"neow_bonus":"TWENTY_PERCENT_HP_BONUS","is_daily":false,"chose_seed":false,"campfire_upgraded":0,"win_rate":0.0,"timestamp":1610583173,"path_taken":["M","?","?","?","?","R","E","R","T","?","R","E","R","E","R","BOSS","M","?","?","$","M","E","R","M","T","?","R","M","E","?"],"items_purchased_type":["Relic","Relic"],"build_version":"2020-12-22","purchased_purges":1,"victory":false,"max_hp_per_floor":[78,78,78,78,78,78,79,79,79,79,79,79,79,79,79,79,79,80,80,80,80,80,80,80,81,81,81,81,81,81,81,81],"card_choices":[{"not_picked":["animator:Hitei","animator:Demiurge"],"picked":"animator:Emonzaemon","floor":1},{"not_picked":["animator:Ara","animator:DwarfShaman"],"picked":"animator:Chung","floor":4},{"not_picked":["infinitespire:FutureSight","hubris:Rewind"],"picked":"ReplayTheSpireMod:Black Plague","floor":5},{"not_picked":["animator:UneriGinkaku","animator:Shalltear"],"picked":"animator:Biyorigo","floor":7},{"not_picked":["animator:PandorasActor","animator:Evileye"],"picked":"animator:Demiurge","floor":12},{"not_picked":["animator:PandorasActor","animator:Konayuki"],"picked":"animator:Elesis","floor":14},{"not_picked":["animator:Eve","animator:Saber"],"picked":"animator:Albedo","floor":16},{"not_picked":["animator:SilverFang+1","animator:Entoma"],"picked":"animator:Shalltear","floor":18},{"not_picked":["animator:Azekura","animator:Elsword+1"],"picked":"animator:Millim","floor":22},{"not_picked":["animator:Shuna","animator:Emonzaemon"],"picked":"animator:Eve","floor":23},{"not_picked":["animator:ShinjiMatou","animator:Ain"],"picked":"animator:Souei+1","floor":25},{"not_picked":["animator:Togame","animator:Konayuki"],"picked":"animator:EmiyaShirou","floor":27},{"not_picked":["blademaster:BladeMastery","PrismaMod:MiyuCheapAttack2"],"picked":"animator:TukaLunaMarceau","floor":29},{"not_picked":["theDuelist:NightmareWheel","Luminous:Abyss_Heart_Luminous"],"picked":"sneckomod:UnknownClassSAIYAN_CARD_COLOR","floor":30}],"player_experience":259316,"relics_obtained":[{"floor":7,"key":"hubris:TenFootPole"},{"floor":12,"key":"jedi:archwizardhat"},{"floor":14,"key":"Regal Pillow"},{"floor":23,"key":"Replay:Mystery Machine"},{"floor":26,"key":"aspiration:Lifesprig"},{"floor":27,"key":"PrismaticShard"},{"floor":30,"key":"Anchor"}],"event_choices":[{"damage_healed":0,"gold_gain":0,"player_choice":"Disagree","damage_taken":0,"max_hp_gain":0,"max_hp_loss":0,"event_name":"conspire:LoneGhost","floor":2,"gold_loss":0},{"damage_healed":0,"gold_gain":0,"player_choice":"Success","damage_taken":7,"relics_obtained":["hubris:BundleOfHerbs"],"max_hp_gain":0,"max_hp_loss":0,"event_name":"Scrap Ooze","floor":10,"gold_loss":0}],"is_beta":false,"boss_relics":[{"not_picked":["Tiny House","Honey Jar"],"picked":"infinitespire:Cupcake"}],"items_purged_floors":[21],"is_endless":false,"potions_floor_spawned":[7,16,22,30],"killed_by":"Cultist and Chosen","ascension_level":1}}