{"host":"yttw759xqm3gosmj","time":1610593949,"event":{"mods":["AchievementEnabler","Bard","BaseMod","Better Note","Better Third Choice","BetterRewards","Clockwork Mod","Colored Map","Colorless Booster Pack","Conspire","Custom Start","Dio Mod","Downfall","Energized Spire","GifTheSpireLib","Glutton Mod","Googly Eyes","Hermit","Hubris","Infinite Spire","Mimic Mod","Minty Spire (QoL Compilation)","MostiFishMod","Rare Cards Sparkle","Replay The Spire","Shade Mod","Shop Mod","Spicy Shops","Spikes Relics","Spire Birthday Party","StSLib","Stuff the Spire","The Alterego","The Animator","The Bladedancer","The Cursed","The Edgeheg","The Forsaken","The Hierophant","The Judge","The Jungle","The Kombatant","The Marked","The Necromancer","The Poker Player","The Servant 0.9.4","The Trickster","TheSwordswoman","TheVacant","Trackpad","Useless Jewels Mod","Waifu the Spire","WarShipGirlsR/????R mod","egg","slay the spire mod where everything is the same but ironclad has a cowboy hat","thorton","??????REMEMod"],"gold_per_floor":[121,24,42,63,54,54,54,78,120,2,2,32,32,9,9,122,122,133,154,154,154,201,201,261,261,287,287,34,74,121,150,150,196,196,196],"floor_reached":33,"language":"ENG","playtime":2649,"items_purged":["theEdgeheg:BlowCover"],"score":266,"play_id":"61f43496-6bfd-4c8e-afd8-cb4f941a346f","local_time":"20210113221229","is_ascension_mode":false,"campfire_choices":[{"floor":6,"key":"REST"},{"floor":11,"key":"REST"},{"floor":13,"key":"RECALL"},{"floor":15,"key":"REST"},{"data":"thethorton:TrueForm","floor":23,"key":"SMITH"},{"data":"thethorton:Investment","floor":25,"key":"SMITH"}],"circlet_count":0,"master_deck":["thethorton:Strike","thethorton:Strike","thethorton:Strike","thethorton:Strike","thethorton:Defend","thethorton:Defend","thethorton:Defend","thethorton:Defend","thethorton:Heckle","thethorton:CreditCard","Normality","thethorton:RunningKick","thethorton:FearfulRun","thethorton:HitAhead","thethorton:PowerUp","thethorton:DownPayment","thethorton:SicklyRun","thethorton:Crash","thethorton:BusinessCard","thethorton:PocketChange","thethorton:BusinessCard","thethorton:ShoutAndRun","thethorton:CoinShield","thethorton:DoubleRun","thethorton:LongTermPayoff","thethorton:StumblingSlap","thethorton:RichRun","thethorton:TakeAccounts","Intending2","thethorton:TrueForm+1","thethorton:CoinClash+1","thethorton:PowerUp","MostiFishMod:PerfectForm+1","thethorton:Investment+1","thethorton:HedgeFund","hubris:Sloth","thethorton:SicklyRun+1","thethorton:BusinessCard+1","thethorton:LongTermPayoff+1"],"relics":["thethorton:CouragePotion","DaveBox","REME_ComplimentaryCards","SacredBark","Bronze Scales","MerchantsRug","trackpad:WindUpAutoDealer","SynthV:TestCard","Anchor","Unceasing Top","Replay:Grab Bag","energizedSpire:CursedPentagram","conspire:RoyalGoblet","conspire:SpecialSausage","hubris:BottledHeart","StuffTheSpire:Experiment12","Onion Ring","White Beast Statue"],"acts_visited":["TheCity"],"potions_floor_usage":[16,16,16,31,33],"damage_taken":[{"damage":8,"enemies":"infinitespire:Voidling","floor":1,"turns":3},{"damage":2,"enemies":"conspire:RoseBush","floor":3,"turns":3},{"damage":1,"enemies":"2 Louse","floor":4,"turns":2},{"damage":13,"enemies":"Exordium Thugs","floor":5,"turns":3},{"damage":11,"enemies":"Exordium Wildlife","floor":8,"turns":4},{"damage":7,"enemies":"3 Louse","floor":9,"turns":5},{"damage":0,"enemies":"3 Louse","floor":12,"turns":4},{"damage":31,"enemies":"The Guardian","floor":16,"turns":15},{"damage":28,"enemies":"2 Thieves","floor":18,"turns":5},{"damage":2,"enemies":"Shell Parasite","floor":19,"turns":7},{"damage":0,"enemies":"conspire:HollyBat","floor":22,"turns":8},{"damage":0,"enemies":"Centurion and Healer","floor":24,"turns":7},{"damage":0,"enemies":"Chosen and Byrds","floor":29,"turns":6},{"damage":0,"enemies":"conspire:HollyBat","floor":30,"turns":6},{"damage":0,"enemies":"Snake Plant","floor":31,"turns":5},{"damage":49,"enemies":"Automaton","floor":33,"turns":6}],"seed_played":"6796810135083665341","potions_obtained":[{"floor":1,"key":"EssenceOfSteel"},{"floor":8,"key":"SteroidPotion"},{"floor":16,"key":"Regen Potion"},{"floor":19,"key":"Ancient Potion"},{"floor":30,"key":"Block Potion"},{"floor":31,"key":"Elixir"}],"is_trial":false,"path_per_floor":["M","$","M","M","M","R","?","M","MIM","$","R","M","R","$","R","B",null,"M","M","?","?","M","R","M","R","T","?","$","M","M","M","R_BF","B"],"character_chosen":"THE_THORT","items_purchased":["thethorton:RunningKick","thethorton:FearfulRun","thethorton:HitAhead","thethorton:PowerUp","thethorton:DownPayment","Bronze Scales","MerchantsRug","PowerPotion","thethorton:Crash","thethorton:BusinessCard","thethorton:LongTermPayoff","thethorton:StumblingSlap","thethorton:TakeAccounts","Onion Ring"],"campfire_rested":3,"item_purchase_floors":[0,0,0,0,0,0,0,0,2,2,10,10,14,28],"current_hp_per_floor":[29,29,27,26,13,33,55,44,37,37,57,57,57,57,68,37,68,40,38,38,1,1,1,1,1,1,1,1,1,1,1,1,0,0,0],"gold":196,"neow_bonus":"","is_daily":false,"chose_seed":false,"campfire_upgraded":2,"win_rate":0.0,"timestamp":1610593949,"path_taken":["M","$","M","?","M","R","?","M","MIM","?","R","M","R","?","R","BOSS","M","M","?","?","M","R","M","R","T","?","?","?","M","M","R_BF","BOSS"],"items_purchased_type":["Card","Card","Card","Card","Card","Relic","Relic","Potion","Card","Card","Card","Card","Card","Relic"],"build_version":"2020-12-22","purchased_purges":1,"victory":false,"max_hp_per_floor":[68,68,68,68,68,68,68,68,68,68,68,68,68,68,68,68,68,68,68,68,1,1,1,1,1,1,1,1,1,1,1,1,1,1,1],"card_choices":[{"not_picked":["thethorton:HitAhead","thethorton:SeeingDouble"],"picked":"thethorton:SicklyRun","floor":1},{"not_picked":["thethorton:DesperateRun","thethorton:StumblingSlap","thethorton:HitAhead","thethorton:RunningKick"],"picked":"thethorton:PocketChange","floor":3},{"not_picked":["thethorton:WhirlingBriefcase","thethorton:CannonShot","thethorton:ChartProject","thethorton:TakeAccounts"],"picked":"thethorton:BusinessCard","floor":4},{"not_picked":["thethorton:ChartProject","thethorton:SicklyRun","thethorton:CoffeeBlast","thethorton:ElbowSmash"],"picked":"thethorton:ShoutAndRun","floor":5},{"not_picked":["thethorton:SeeingDouble","thethorton:DesperateRun","thethorton:WhirlingBriefcase","thethorton:GoldBuffer"],"picked":"thethorton:CoinShield","floor":8},{"not_picked":["thethorton:LastDitchEffort","thethorton:YoureFired","thethorton:WhirlingBriefcase","thethorton:TakeAccounts"],"picked":"thethorton:DoubleRun","floor":9},{"not_picked":["thethorton:StumblingSlap","thethorton:FeelNoBrain","thethorton:DualBap","thethorton:LongTermPayoff"],"picked":"thethorton:RichRun","floor":12},{"not_picked":["thethorton:CallShop","thethorton:Fortune","thethorton:CrashingStocks","thethorton:Portfolio"],"picked":"thethorton:TrueForm","floor":16},{"not_picked":["thethorton:DesperateRun","thethorton:ChartProject","thethorton:PocketChange+1","thethorton:BusinessBurst"],"picked":"thethorton:CoinClash+1","floor":18},{"not_picked":["thethorton:ElbowSmash","thethorton:WhirlingBriefcase","thethorton:HitAhead","thethorton:StumblingSlap"],"picked":"thethorton:PowerUp","floor":19},{"not_picked":["thethorton:GoldBuffer+1","thethorton:BusinessCard","thethorton:TakeAccounts","thethorton:DownPayment"],"picked":"thethorton:Investment","floor":22},{"not_picked":["thethorton:MomentaryBreak","thethorton:ElbowSmash+1","thethorton:GemGun","thethorton:StumblingSlap+1"],"picked":"thethorton:HedgeFund","floor":24},{"not_picked":["thethorton:Rebalance","thethorton:Fortune","thethorton:DualBap+1","thethorton:CoinClash+1"],"picked":"thethorton:SicklyRun+1","floor":29},{"not_picked":["thethorton:GoldBuffer+1","thethorton:DownPayment","thethorton:FearfulRun+1","thethorton:PowerUp"],"picked":"thethorton:BusinessCard","floor":30},{"not_picked":["thethorton:RunningKick","thethorton:HitAhead+1","thethorton:ElbowSmash","thethorton:TakeAccounts"],"picked":"thethorton:LongTermPayoff+1","floor":31}],"player_experience":104091,"relics_obtained":[{"floor":1,"key":"SynthV:TestCard"},{"floor":9,"key":"Anchor"},{"floor":26,"key":"StuffTheSpire:Experiment12"}],"event_choices":[{"damage_healed":22,"gold_gain":0,"player_choice":"Banana","damage_taken":0,"max_hp_gain":0,"max_hp_loss":0,"event_name":"Big Fish","floor":7,"gold_loss":0},{"cards_removed":["thethorton:TrueForm"],"damage_healed":0,"gold_gain":0,"player_choice":"Take \u0026 Give","damage_taken":0,"max_hp_gain":0,"max_hp_loss":0,"event_name":"betterNote:BetterNote","floor":20,"gold_loss":0,"cards_obtained":["MostiFishMod:PerfectForm"]}],"is_beta":false,"boss_relics":[{"not_picked":["RhineFirstAidKit","HaiYi:Twilight"],"picked":"Replay:Grab Bag"},{"not_picked":["Runic Dome","CosmicIsotope"],"picked":"energizedSpire:CursedPentagram"},{"not_picked":["Replay:Bronze Core","energizedSpire:EnergizedDie"],"picked":"conspire:RoyalGoblet"},{"not_picked":["REME_LowDesire","StuffTheSpire:Kangaroo"],"picked":"conspire:SpecialSausage"}],"items_purged_floors":[0],"is_endless":false,"potions_floor_spawned":[1,8,12,16,19,30,31],"killed_by":"Automaton","ascension_level":0}}