{"host":"mmro3auxcbu5pwad","time":1610619430,"event":{"mods":["Aspiration","BaseMod","Conspire","Energized Spire","Halation","Hubris","Infinite Spire","Minty Spire (QoL Compilation)","Permanent Neow","Replay The Spire","StSLib","vexMod"],"gold_per_floor":[118,163,503,518,537,537,537,537],"floor_reached":7,"language":"ENG","playtime":327,"items_purged":[],"score":41,"play_id":"c9aa1589-24df-450b-b4bc-5a4f4df208ad","local_time":"20210114111710","is_ascension_mode":false,"campfire_choices":[{"data":"hubris:SlightOfHand","floor":6,"key":"SMITH"}],"circlet_count":0,"master_deck":["Strike_G","Strike_G","Strike_G","Strike_G","Strike_G","Defend_G","Defend_G","Defend_G","Defend_G","Defend_G","Survivor","Neutralize","Underhanded Strike","ReplayTheSpireMod:Speed Training","hubris:SlightOfHand+1","EmptyFist","Swivel"],"relics":["Ring of the Snake","aspiration:Nostalgia","Replay:M_SmolderingBlood","Meat on the Bone","Old Coin"],"acts_visited":["Exordium"],"potions_floor_usage":[3],"damage_taken":[{"damage":1,"enemies":"Jaw Worm","floor":1,"turns":8},{"damage":7,"enemies":"conspire:MimicChest","floor":3,"turns":8},{"damage":0,"enemies":"Small Slimes","floor":4,"turns":4},{"damage":0,"enemies":"2 Louse","floor":5,"turns":2},{"damage":60,"enemies":"Gremlin Nob","floor":7,"turns":6}],"seed_played":"-7813948479238811094","potions_obtained":[{"floor":1,"key":"BlessingOfTheForge"}],"is_trial":false,"path_per_floor":["M","?","?","M","M","R","E"],"character_chosen":"THE_SILENT","items_purchased":[],"campfire_rested":0,"item_purchase_floors":[],"current_hp_per_floor":[69,52,45,45,45,45,0,0],"gold":537,"neow_bonus":"NOSTALGIA","is_daily":false,"chose_seed":false,"campfire_upgraded":1,"win_rate":0.0,"timestamp":1610619430,"path_taken":["M","?","?","M","M","R","E"],"items_purchased_type":[],"build_version":"2020-12-22","purchased_purges":0,"victory":false,"max_hp_per_floor":[70,70,70,70,70,70,70,70],"card_choices":[{"not_picked":["Well Laid Plans","Poisoned Stab"],"picked":"Underhanded Strike","floor":1},{"not_picked":["Backflip","Envenom"],"picked":"ReplayTheSpireMod:Speed Training","floor":2},{"not_picked":["Halt","Headbutt"],"picked":"hubris:SlightOfHand","floor":3},{"not_picked":["Deadly Poison","Quick Slash"],"picked":"EmptyFist","floor":4},{"not_picked":["Catalyst","Crippling Poison"],"picked":"Swivel","floor":5}],"player_experience":36865,"relics_obtained":[{"floor":2,"key":"Meat on the Bone"},{"floor":3,"key":"Old Coin"}],"event_choices":[],"is_beta":false,"boss_relics":[],"items_purged_floors":[],"is_endless":false,"potions_floor_spawned":[1],"killed_by":"Gremlin Nob","ascension_level":0}}