{"host":"qyjrmrr57odine7m","time":1610635976,"event":{"mods":["AchievementEnabler","BaseMod","Bestiary","Block Reminder","Card Forge","Highlight Path","Minty Spire (QoL Compilation)","Permanent Neow","StSLib"],"gold_per_floor":[117,134,134,134,153,187,202,235,288,316,316,344,362,391,391,470,470,489,489,509,509,54,54,85,105,105,139,157,79,179,193,193,267,267,283,295,295,309,326,326,343,343,343,354,354,374,386,133,133,133],"floor_reached":51,"language":"ENG","playtime":4796,"items_purged":[],"score":1349,"play_id":"1e383ad3-b28d-4320-8943-ff697be7014c","local_time":"20210114145256","is_ascension_mode":true,"campfire_choices":[{"floor":11,"key":"REST"},{"floor":15,"key":"REST"},{"data":"1","floor":23,"key":"LIFT"},{"data":"2","floor":32,"key":"LIFT"},{"data":"3","floor":40,"key":"LIFT"},{"floor":45,"key":"REST"},{"floor":49,"key":"REST"}],"circlet_count":0,"master_deck":["AscendersBane","Dramatic Entrance+1","Headbutt+1","Power Through+1","Limit Break+1","Barricade+1","Ghostly Armor+1","Metallicize+1","Sword Boomerang+1","Cleave+1","Evolve+1","Sword Boomerang+1","Metallicize+1","Shrug It Off+1","Power Through+1"],"relics":["Black Blood","Hammer of Thor","Seething Fire","Anvil of the Gods","Question Card","Bottled Flame","Anchor","Bag of Marbles","Self Forming Clay","Odd Mushroom","WarpedTongs","Medical Kit","Girya","Torii","Matryoshka","Juzu Bracelet","Turnip","Pantograph","Mark of Pain","War Paint","Molten Egg 2","Paper Frog"],"acts_visited":["Exordium","TheCity","TheBeyond"],"potions_floor_usage":[33,50,50,50],"damage_taken":[{"damage":0,"enemies":"2 Louse","floor":1,"turns":2},{"damage":0,"enemies":"Small Slimes","floor":2,"turns":1},{"damage":0,"enemies":"Cultist","floor":5,"turns":2},{"damage":16,"enemies":"Gremlin Nob","floor":6,"turns":3},{"damage":0,"enemies":"3 Louse","floor":7,"turns":2},{"damage":16,"enemies":"3 Sentries","floor":8,"turns":8},{"damage":0,"enemies":"Lagavulin","floor":10,"turns":7},{"damage":0,"enemies":"3 Sentries","floor":12,"turns":5},{"damage":0,"enemies":"Red Slaver","floor":13,"turns":3},{"damage":0,"enemies":"The Mushroom Lair","floor":14,"turns":1},{"damage":0,"enemies":"The Guardian","floor":16,"turns":10},{"damage":1,"enemies":"3 Byrds","floor":18,"turns":5},{"damage":0,"enemies":"Chosen","floor":20,"turns":2},{"damage":8,"enemies":"Gremlin Leader","floor":24,"turns":6},{"damage":0,"enemies":"Centurion and Healer","floor":25,"turns":6},{"damage":21,"enemies":"Slavers","floor":27,"turns":5},{"damage":0,"enemies":"Chosen and Byrds","floor":28,"turns":7},{"damage":15,"enemies":"Colosseum Slavers","floor":30,"turns":5},{"damage":32,"enemies":"Colosseum Nobs","floor":30,"turns":5},{"damage":0,"enemies":"Cultist and Chosen","floor":31,"turns":7},{"damage":7,"enemies":"Automaton","floor":33,"turns":8},{"damage":12,"enemies":"3 Darklings","floor":35,"turns":6},{"damage":0,"enemies":"3 Shapes","floor":36,"turns":4},{"damage":0,"enemies":"Sphere and 2 Shapes","floor":38,"turns":5},{"damage":0,"enemies":"Writhing Mass","floor":39,"turns":7},{"damage":18,"enemies":"4 Shapes","floor":41,"turns":4},{"damage":0,"enemies":"Spire Growth","floor":44,"turns":4},{"damage":0,"enemies":"Jaw Worm Horde","floor":46,"turns":1},{"damage":0,"enemies":"Maw","floor":47,"turns":6},{"damage":18,"enemies":"Awakened One","floor":50,"turns":9}],"seed_played":"-3894097811633200978","potions_obtained":[{"floor":2,"key":"Regen Potion"},{"floor":5,"key":"Strength Potion"},{"floor":10,"key":"EssenceOfSteel"},{"floor":33,"key":"EntropicBrew"}],"is_trial":false,"path_per_floor":["M","M","$","?","M","E","M","E","T","E","R","E","M","?","R","B",null,"M","?","M","?","$","R","E","M","T","E","M","$","?","M","R","B",null,"M","M","?","M","M","R","M","?","T","M","R","M","M","$","R","B",null],"character_chosen":"IRONCLAD","items_purchased":["Medical Kit","Girya","Metallicize","Paper Frog"],"campfire_rested":4,"item_purchase_floors":[22,22,29,48],"current_hp_per_floor":[74,75,75,75,75,65,71,61,61,67,75,75,75,75,75,75,75,75,75,75,75,75,75,75,75,75,66,75,75,52,64,64,75,75,75,75,71,75,75,75,69,69,69,75,75,75,75,75,75,69],"gold":133,"neow_bonus":"RANDOM_COLORLESS","is_daily":false,"chose_seed":false,"campfire_upgraded":0,"win_rate":0.0,"timestamp":1610635976,"path_taken":["M","M","$","?","M","E","M","E","T","E","R","E","M","?","R","BOSS","M","?","M","?","$","R","E","M","T","E","M","$","?","M","R","BOSS","M","M","?","M","M","R","M","?","T","M","R","M","M","?","R","BOSS"],"items_purchased_type":["Relic","Relic","Card","Relic"],"build_version":"2020-12-22","purchased_purges":0,"victory":true,"max_hp_per_floor":[75,75,75,75,75,75,75,75,75,75,75,75,75,75,75,75,75,75,75,75,75,75,75,75,75,75,75,75,75,75,75,75,75,75,75,75,75,75,75,75,75,75,75,75,75,75,75,75,75,75],"card_choices":[{"not_picked":["Impatience","Dark Shackles"],"picked":"Dramatic Entrance","floor":0},{"not_picked":["Flex","Perfected Strike"],"picked":"Headbutt","floor":1},{"not_picked":["Sever Soul","Wild Strike"],"picked":"Power Through","floor":2},{"not_picked":["Flex","Armaments"],"picked":"Twin Strike","floor":5},{"not_picked":["Wild Strike","Thunderclap"],"picked":"Limit Break","floor":6},{"not_picked":["Shockwave","Spot Weakness","Anger"],"picked":"Thunderclap","floor":7},{"not_picked":["Pommel Strike","Armaments","Heavy Blade"],"picked":"Barricade","floor":8},{"not_picked":["Pommel Strike","Body Slam","Heavy Blade"],"picked":"Ghostly Armor","floor":10},{"not_picked":["Sentinel","Battle Trance","Whirlwind"],"picked":"Inflame","floor":12},{"not_picked":["Iron Wave","Body Slam","Perfected Strike"],"picked":"Shrug It Off","floor":13},{"not_picked":["Sentinel","Havoc","Ghostly Armor"],"picked":"Metallicize","floor":14},{"not_picked":["Carnage","Warcry+1","Flex"],"picked":"Sword Boomerang","floor":18},{"not_picked":["Fire Breathing","Wild Strike","Bloodletting+1"],"picked":"Cleave","floor":20},{"not_picked":["Bludgeon","Power Through","Headbutt"],"picked":"Evolve","floor":24},{"not_picked":["Armaments","True Grit","Anger","Rage"],"picked":"SKIP","floor":25},{"not_picked":["Havoc","Berserk","Rupture","True Grit"],"picked":"SKIP","floor":27},{"not_picked":["Sever Soul","Headbutt","Thunderclap+1"],"picked":"Sword Boomerang+1","floor":28},{"not_picked":["Disarm","Flex","Perfected Strike","Clash"],"picked":"SKIP","floor":31},{"not_picked":["Twin Strike","Pommel Strike+1","Havoc","Shrug It Off"],"picked":"SKIP","floor":35},{"not_picked":["Dark Embrace","Metallicize","Pommel Strike","Dual Wield"],"picked":"SKIP","floor":36},{"not_picked":["Carnage","Shockwave+1","Armaments+1","Thunderclap+1"],"picked":"SKIP","floor":38},{"not_picked":["Infernal Blade","Anger+1","Sword Boomerang","Hemokinesis"],"picked":"SKIP","floor":39},{"not_picked":["Exhume","Heavy Blade","Clash+1","Body Slam"],"picked":"SKIP","floor":41},{"not_picked":["Second Wind","Warcry","Flex","Infernal Blade"],"picked":"SKIP","floor":44},{"not_picked":["Armaments","Rupture","Havoc+1"],"picked":"Power Through+1","floor":46},{"not_picked":["Anger+1","Havoc","True Grit","Immolate+1"],"picked":"SKIP","floor":47}],"player_experience":1246896,"relics_obtained":[{"floor":6,"key":"Question Card"},{"floor":8,"key":"Bottled Flame"},{"floor":9,"key":"Anchor"},{"floor":10,"key":"Bag of Marbles"},{"floor":12,"key":"Self Forming Clay"},{"floor":14,"key":"Odd Mushroom"},{"floor":24,"key":"Torii"},{"floor":26,"key":"Matryoshka"},{"floor":27,"key":"Juzu Bracelet"},{"floor":30,"key":"Turnip"},{"floor":30,"key":"Pantograph"},{"floor":43,"key":"War Paint"},{"floor":43,"key":"Molten Egg 2"}],"event_choices":[{"damage_healed":0,"gold_gain":0,"player_choice":"Ignored","damage_taken":0,"max_hp_gain":0,"max_hp_loss":0,"event_name":"Shining Light","floor":4,"gold_loss":0},{"damage_healed":0,"gold_gain":0,"player_choice":"Fought Mushrooms","damage_taken":0,"max_hp_gain":0,"max_hp_loss":0,"event_name":"Mushrooms","floor":14,"gold_loss":0},{"damage_healed":0,"gold_gain":0,"player_choice":"Ignored","damage_taken":0,"max_hp_gain":0,"max_hp_loss":0,"event_name":"Cursed Tome","floor":19,"gold_loss":0},{"damage_healed":0,"gold_gain":0,"player_choice":"Rummage","damage_taken":0,"relics_obtained":["WarpedTongs"],"max_hp_gain":0,"max_hp_loss":0,"event_name":"Accursed Blacksmith","floor":21,"gold_loss":0,"cards_obtained":["Pain"]},{"damage_healed":0,"gold_gain":0,"player_choice":"Fight","damage_taken":0,"max_hp_gain":0,"max_hp_loss":0,"event_name":"Colosseum","floor":30,"gold_loss":0},{"damage_healed":0,"gold_gain":0,"player_choice":"Fought Nobs","damage_taken":0,"max_hp_gain":0,"max_hp_loss":0,"event_name":"Colosseum","floor":30,"gold_loss":0},{"damage_healed":0,"gold_gain":0,"player_choice":"Bought 0 Potions","damage_taken":0,"max_hp_gain":0,"max_hp_loss":0,"event_name":"The Woman in Blue","floor":37,"gold_loss":0},{"damage_healed":0,"gold_gain":0,"player_choice":"1 cards matched","damage_taken":0,"max_hp_gain":0,"max_hp_loss":0,"event_name":"Match and Keep!","floor":42,"gold_loss":0,"cards_obtained":["Shrug It Off"]}],"is_beta":false,"boss_relics":[{"not_picked":["Snecko Eye","Runic Cube"],"picked":"Black Blood"},{"not_picked":["Sozu","Runic Pyramid"],"picked":"Mark of Pain"}],"items_purged_floors":[],"is_endless":false,"potions_floor_spawned":[2,5,7,10,13,14,18,25,27,30,33,36,38,41,44],"ascension_level":15}}