{"host":"g01l53quoe6lrer0","time":1610627006,"event":{"mods":["2.2 Compatiblity","AchievementEnabler","BaseMod","Colored Map","Highlight Path","Keyboard Shortcuts","Minty Spire (QoL Compilation)","Permanent Neow","StSLib","SuperFastMode","everything is the same but u backflip on backflip"],"gold_per_floor":[364,439,439,14,31,31,56,71,118,146,161,176,176,33,33,105,105,88,104,120,120,140,140,159,159,159,9,25,25,25,38,38,38,38],"floor_reached":33,"language":"KOR","playtime":1009,"items_purged":["Strike_B","Strike_B"],"score":453,"play_id":"230d7e16-5504-4869-8444-f0ed8c06e5cc","local_time":"20210114212326","is_ascension_mode":true,"campfire_choices":[{"data":"Zap","floor":6.0,"key":"SMITH"},{"data":"Dualcast","floor":13.0,"key":"SMITH"},{"data":"White Noise","floor":15.0,"key":"SMITH"},{"floor":23.0,"key":"REST"},{"floor":29.0,"key":"REST"},{"data":"Biased Cognition","floor":32.0,"key":"SMITH"}],"circlet_count":0,"master_deck":["AscendersBane","Strike_B","Strike_B+1","Defend_B","Defend_B","Defend_B","Defend_B","Zap+1","Dualcast+1","Self Repair","Blizzard+1","Coolheaded","Reinforced Body","Machine Learning","Barrage","Biased Cognition+1","Skim","Rebound","White Noise+1","Core Surge","Undo","Hologram","Reboot","Cold Snap","Stack","Loop","Decay","Turbo"],"relics":["Cracked Core","Bird Faced Urn","Whetstone","Happy Flower","Pocketwatch","SlaversCollar","Pantograph","Matryoshka"],"acts_visited":["Exordium","TheCity"],"potions_floor_usage":[],"damage_taken":[{"damage":4.0,"enemies":"Cultist","floor":1.0,"turns":3.0},{"damage":0.0,"enemies":"2 Louse","floor":5.0,"turns":4.0},{"damage":48.0,"enemies":"Gremlin Nob","floor":7.0,"turns":5.0},{"damage":3.0,"enemies":"Small Slimes","floor":8.0,"turns":3.0},{"damage":13.0,"enemies":"Lagavulin","floor":10.0,"turns":9.0},{"damage":5.0,"enemies":"Exordium Thugs","floor":11.0,"turns":5.0},{"damage":2.0,"enemies":"Looter","floor":12.0,"turns":4.0},{"damage":29.0,"enemies":"Slime Boss","floor":16.0,"turns":6.0},{"damage":23.0,"enemies":"2 Thieves","floor":18.0,"turns":4.0},{"damage":0.0,"enemies":"Chosen","floor":19.0,"turns":4.0},{"damage":32.0,"enemies":"Snake Plant","floor":20.0,"turns":5.0},{"damage":27.0,"enemies":"Chosen and Byrds","floor":22.0,"turns":6.0},{"damage":31.0,"enemies":"Shelled Parasite and Fungi","floor":24.0,"turns":7.0},{"damage":28.0,"enemies":"Sentry and Sphere","floor":28.0,"turns":8.0},{"damage":3.0,"enemies":"Snecko","floor":31.0,"turns":9.0},{"damage":0,"enemies":"Champ","floor":33,"turns":1}],"seed_played":"-3812767468923686283","potions_obtained":[{"floor":5.0,"key":"EssenceOfSteel"},{"floor":8.0,"key":"EssenceOfSteel"},{"floor":10.0,"key":"Dexterity Potion"},{"floor":12.0,"key":"AttackPotion"},{"floor":19.0,"key":"SteroidPotion"},{"floor":20.0,"key":"SkillPotion"},{"floor":22.0,"key":"SkillPotion"},{"floor":28.0,"key":"PowerPotion"}],"is_trial":false,"path_per_floor":["M","?","?","$","M","R","E","M","T","E","M","M","R","$","R","B",null,"M","M","M","T","M","R","M","?","T","$","M","R","?","M","R","B"],"character_chosen":"DEFECT","items_purchased":["Blizzard","Coolheaded","Bird Faced Urn","Explosive Potion","White Noise","SkillPotion"],"campfire_rested":2,"item_purchase_floors":[4,4,4,4,14,27],"current_hp_per_floor":[60,49,49,49,49,49,10,18,18,16,24,35,35,35,35,19,58,50,54,37,37,23,44,36,30,30,30,17,38,38,52,52,71,71],"gold":38,"neow_bonus":"TWO_FIFTY_GOLD","is_daily":false,"chose_seed":false,"campfire_upgraded":4,"win_rate":0.0,"timestamp":1610627006,"path_taken":["M","?","?","$","M","R","E","?","T","E","M","M","R","?","R","BOSS","M","M","M","?","M","R","M","?","T","$","?","R","?","M","R","BOSS"],"items_purchased_type":["Card","Card","Relic","Potion","Card","Potion"],"build_version":"2020-12-22","purchased_purges":2,"victory":false,"max_hp_per_floor":[71,71,71,71,71,71,71,71,71,71,71,71,71,71,71,71,71,71,71,71,71,71,71,71,71,71,71,71,71,71,71,71,71,71],"card_choices":[{"not_picked":["Rip and Tear","Recycle"],"picked":"Self Repair","floor":1.0},{"not_picked":["Rip and Tear","Beam Cell"],"picked":"Reinforced Body","floor":5.0},{"not_picked":["FTL","Stack"],"picked":"Machine Learning","floor":7.0},{"not_picked":["Compile Driver","Steam"],"picked":"Barrage","floor":8.0},{"not_picked":["Blizzard","Stack"],"picked":"Biased Cognition","floor":10.0},{"not_picked":["Redo","Steam"],"picked":"Skim","floor":11.0},{"not_picked":["Melter","Go for the Eyes"],"picked":"Rebound","floor":12.0},{"not_picked":["Echo Form","Rainbow"],"picked":"Core Surge","floor":16.0},{"not_picked":["Rebound","Skim"],"picked":"Undo","floor":18.0},{"not_picked":["Conserve Battery","Skim"],"picked":"Hologram","floor":19.0},{"not_picked":["Turbo","Redo"],"picked":"Reboot","floor":20.0},{"not_picked":["Barrage","Turbo"],"picked":"Cold Snap","floor":22.0},{"not_picked":["Leap","Compile Driver"],"picked":"Stack","floor":24.0},{"not_picked":["Sweeping Beam","Go for the Eyes"],"picked":"Loop","floor":28.0},{"not_picked":["Chaos","Go for the Eyes"],"picked":"Turbo","floor":31.0}],"player_experience":184781,"relics_obtained":[{"floor":7.0,"key":"Whetstone"},{"floor":9.0,"key":"Happy Flower"},{"floor":10.0,"key":"Pocketwatch"},{"floor":21.0,"key":"Pantograph"},{"floor":26.0,"key":"Matryoshka"}],"event_choices":[{"damage_healed":0.0,"max_hp_gain":0.0,"max_hp_loss":0.0,"gold_gain":75.0,"event_name":"World of Goop","player_choice":"Gather Gold","floor":2.0,"gold_loss":0.0,"damage_taken":11.0},{"cards_removed":["Pain"],"damage_healed":0.0,"max_hp_gain":0.0,"max_hp_loss":0.0,"gold_gain":0.0,"event_name":"Wheel of Change","player_choice":"Card Removal","floor":3.0,"gold_loss":0.0,"damage_taken":0.0},{"damage_healed":0.0,"max_hp_gain":0.0,"max_hp_loss":0.0,"gold_gain":0.0,"event_name":"Knowing Skull","player_choice":"","floor":25.0,"potions_obtained":[],"gold_loss":0.0,"damage_taken":6.0,"cards_obtained":[]},{"damage_healed":0.0,"max_hp_gain":0.0,"max_hp_loss":0.0,"gold_gain":0.0,"event_name":"Forgotten Altar","player_choice":"Smashed Altar","floor":30.0,"gold_loss":0.0,"damage_taken":0.0,"cards_obtained":["Decay"]}],"is_beta":false,"boss_relics":[{"not_picked":["Runic Dome","Snecko Eye"],"picked":"SlaversCollar"}],"items_purged_floors":[14,27],"is_endless":false,"potions_floor_spawned":[5,8,10,12,19,20,22,28],"killed_by":"Champ","ascension_level":15}}