{"host":"t7mx8yfj1no5p62f","time":1610609105,"event":{"mods":["BaseMod","Bestiary","Colored Map","Colored Powertips","Minty Spire (QoL Compilation)","Relic Stats","StSLib","ojb\u0027s Info Mod"],"gold_per_floor":[10,25,45,56,56,56,77,93,146,184,184,198,242,255,255,351,351,371,371,389,389,408,408,431,452,452,476,476,492,492,517,517,610,610,629,413,432,432,432,473,473,494,494,61,77,98,132,145,145,145,145],"floor_reached":50,"language":"ENG","playtime":2066,"items_purged":["Defend_B","Zap"],"score":1048,"play_id":"c274fc29-db06-4e59-b983-d424fddca415","local_time":"20210114022505","is_ascension_mode":true,"campfire_choices":[{"data":"Beam Cell","floor":6.0,"key":"SMITH"},{"data":"Capacitor","floor":11.0,"key":"SMITH"},{"data":"Barrage","floor":15,"key":"SMITH"},{"data":"Coolheaded","floor":23,"key":"SMITH"},{"data":"Biased Cognition","floor":30,"key":"SMITH"},{"data":"Glacier","floor":32,"key":"SMITH"},{"data":"Genetic Algorithm","floor":41,"key":"SMITH"},{"floor":49,"key":"RECALL"}],"circlet_count":0,"master_deck":["AscendersBane","Defend_B","Defend_B","Defend_B","Dualcast","Beam Cell+1","Glacier+1","Barrage+1","Electrodynamics","Conserve Battery","Capacitor+1","Compile Driver","Static Discharge","Go for the Eyes+1","Biased Cognition+1","Coolheaded+1","Gash+1","BootSequence","Sunder+1","Doom and Gloom+1","Genetic Algorithm+1","Heatsinks+1","Capacitor"],"relics":["Cracked Core","Bird Faced Urn","Golden Idol","MealTicket","Ancient Tea Set","Molten Egg 2","Coffee Dripper","Pocketwatch","Empty Cage","Dream Catcher","FossilizedHelix","Frozen Egg 2"],"acts_visited":["Exordium","TheCity","TheBeyond"],"potions_floor_usage":[16,22,25,33,33,35,40,42,46,47,48],"damage_taken":[{"damage":2.0,"enemies":"Cultist","floor":1.0,"turns":4.0},{"damage":7.0,"enemies":"Small Slimes","floor":2.0,"turns":3.0},{"damage":0.0,"enemies":"Jaw Worm","floor":3.0,"turns":3.0},{"damage":6.0,"enemies":"Blue Slaver","floor":4.0,"turns":3.0},{"damage":0.0,"enemies":"Large Slime","floor":7.0,"turns":4.0},{"damage":10.0,"enemies":"Exordium Thugs","floor":8.0,"turns":4.0},{"damage":24.0,"enemies":"Gremlin Nob","floor":10.0,"turns":4.0},{"damage":4,"enemies":"2 Fungi Beasts","floor":12,"turns":4},{"damage":11,"enemies":"3 Sentries","floor":13,"turns":6},{"damage":11,"enemies":"Looter","floor":14,"turns":3},{"damage":5,"enemies":"Hexaghost","floor":16,"turns":9},{"damage":25,"enemies":"Shell Parasite","floor":18,"turns":3},{"damage":21,"enemies":"2 Thieves","floor":20,"turns":4},{"damage":5,"enemies":"3 Cultists","floor":22,"turns":4},{"damage":2,"enemies":"Snake Plant","floor":24,"turns":3},{"damage":6,"enemies":"Chosen and Byrds","floor":25,"turns":7},{"damage":0,"enemies":"Centurion and Healer","floor":27,"turns":4},{"damage":0,"enemies":"Cultist and Chosen","floor":29,"turns":5},{"damage":12,"enemies":"Sentry and Sphere","floor":31,"turns":5},{"damage":36,"enemies":"Automaton","floor":33,"turns":10},{"damage":0,"enemies":"Orb Walker","floor":35,"turns":4},{"damage":0,"enemies":"3 Darklings","floor":37,"turns":5},{"damage":58,"enemies":"Giant Head","floor":40,"turns":9},{"damage":31,"enemies":"Spire Growth","floor":42,"turns":7},{"damage":0,"enemies":"Maw","floor":45,"turns":7},{"damage":9,"enemies":"Writhing Mass","floor":46,"turns":6},{"damage":27,"enemies":"Nemesis","floor":47,"turns":7},{"damage":18,"enemies":"Spire Growth","floor":48,"turns":4},{"damage":15,"enemies":"Donu and Deca","floor":50,"turns":2}],"seed_played":"1110544057995729378","potions_obtained":[{"floor":3.0,"key":"Ancient Potion"},{"floor":7.0,"key":"LiquidMemories"},{"floor":10.0,"key":"GamblersBrew"},{"floor":12,"key":"Explosive Potion"},{"floor":14,"key":"DistilledChaos"},{"floor":18,"key":"PowerPotion"},{"floor":22,"key":"SkillPotion"},{"floor":25,"key":"SpeedPotion"},{"floor":27,"key":"FocusPotion"},{"floor":33,"key":"Block Potion"},{"floor":40,"key":"EssenceOfSteel"},{"floor":42,"key":"GamblersBrew"},{"floor":46,"key":"Block Potion"}],"is_trial":false,"path_per_floor":["M","M","M","M","?","R","M","M","T","E","R","M","E","M","R","B",null,"M","?","M","?","M","R","M","M","T","M","?","M","R","M","R","B",null,"M","$","M","?","?","E","R","M","T","$","M","M","E","M","R","B"],"character_chosen":"DEFECT","items_purchased":["AttackPotion","Regen Potion","FossilizedHelix"],"campfire_rested":0,"item_purchase_floors":[36,36,44],"current_hp_per_floor":[62,55,55,49,49,49,51,43,43,21,21,21,14,9,9,10,51,34,34,21,21,26,26,28,30,30,38,38,46,46,42,42,14,52,60,64,64,64,64,27,27,6,6,21,31,32,17,11,11,0,0],"gold":145,"neow_bonus":"ONE_RARE_RELIC","is_daily":false,"chose_seed":false,"campfire_upgraded":7,"win_rate":0.0,"timestamp":1610609105,"path_taken":["M","M","?","M","?","R","M","M","T","E","R","M","E","M","R","BOSS","M","?","M","?","M","R","M","M","T","M","?","?","R","M","R","BOSS","M","$","M","?","?","E","R","M","T","$","M","M","E","M","R","BOSS"],"items_purchased_type":["Potion","Potion","Relic"],"build_version":"2020-12-22","purchased_purges":2,"victory":false,"max_hp_per_floor":[71,71,71,71,64,64,64,64,64,64,64,64,64,64,64,64,64,64,64,64,64,64,64,64,64,64,64,64,64,64,64,64,64,64,64,64,64,64,64,64,64,64,64,64,64,64,64,64,64,64,64],"relic_stats":{"Dream Catcher":0,"counters":[29,143],"Golden Idol":139,"Bird Faced Urn":[169],"MealTicket":19,"obtain_stats":[{"Dream Catcher":40,"Golden Idol":5,"Bird Faced Urn":0,"MealTicket":9,"Molten Egg 2":13,"Coffee Dripper":17,"Frozen Egg 2":47,"Cracked Core":0,"Ancient Tea Set":10,"Empty Cage":34,"FossilizedHelix":44,"Pocketwatch":26},{"Dream Catcher":23,"Golden Idol":4,"Bird Faced Urn":0,"MealTicket":6,"Molten Egg 2":9,"Coffee Dripper":11,"Frozen Egg 2":27,"Cracked Core":0,"Ancient Tea Set":7,"Empty Cage":20,"FossilizedHelix":24,"Pocketwatch":16},{"Dream Catcher":110,"Golden Idol":13,"Bird Faced Urn":0,"MealTicket":21,"Molten Egg 2":35,"Coffee Dripper":47,"Frozen Egg 2":137,"Cracked Core":0,"Ancient Tea Set":25,"Empty Cage":92,"FossilizedHelix":117,"Pocketwatch":68}],"Pocketwatch":[102]},"card_choices":[{"not_picked":["Steam Power","Go for the Eyes"],"picked":"Beam Cell","floor":1.0},{"not_picked":["Heatsinks","Steam"],"picked":"Glacier","floor":2.0},{"not_picked":["Conserve Battery","Loop"],"picked":"Barrage","floor":3.0},{"not_picked":["Steam Power","Coolheaded"],"picked":"Electrodynamics","floor":4.0},{"not_picked":["Leap","Streamline","Storm"],"picked":"SKIP","floor":7.0},{"not_picked":["Auto Shields","Hologram"],"picked":"Conserve Battery","floor":8.0},{"not_picked":["Heatsinks","BootSequence"],"picked":"Capacitor","floor":10.0},{"not_picked":["Darkness","Cold Snap"],"picked":"Compile Driver","floor":12},{"not_picked":["Multi-Cast","Streamline+1"],"picked":"Static Discharge","floor":13},{"not_picked":["Sweeping Beam+1","Rebound+1"],"picked":"Go for the Eyes+1","floor":14},{"not_picked":["Buffer","Rainbow"],"picked":"Biased Cognition","floor":16},{"not_picked":["Sunder+1","Sweeping Beam+1"],"picked":"Coolheaded","floor":18},{"not_picked":["Redo","Compile Driver+1"],"picked":"BootSequence","floor":20},{"not_picked":["Loop","Lockon+1"],"picked":"Sunder+1","floor":22},{"not_picked":["Coolheaded","Turbo","Go for the Eyes+1"],"picked":"SKIP","floor":24},{"not_picked":["Beam Cell+1","Static Discharge","Hologram"],"picked":"SKIP","floor":25},{"not_picked":["Cold Snap+1","Redo+1"],"picked":"Doom and Gloom+1","floor":27},{"not_picked":["Turbo","All For One+1"],"picked":"Genetic Algorithm","floor":29},{"not_picked":["Ball Lightning+1","FTL+1","Beam Cell+1"],"picked":"SKIP","floor":31},{"not_picked":["Recycle+1","Self Repair","Steam Power"],"picked":"SKIP","floor":35},{"not_picked":["Rebound+1","Go for the Eyes+1","Static Discharge"],"picked":"SKIP","floor":37},{"not_picked":["Skim","Chaos"],"picked":"Heatsinks+1","floor":40},{"not_picked":["Streamline+1","Stack","Coolheaded"],"picked":"SKIP","floor":42},{"not_picked":["Skim+1","Static Discharge","Stack"],"picked":"SKIP","floor":45},{"not_picked":["Hello World","Gash+1"],"picked":"Capacitor","floor":46},{"not_picked":["Reprogram","Capacitor+1","Ball Lightning+1"],"picked":"SKIP","floor":47},{"not_picked":["Hologram","Conserve Battery","Rebound+1"],"picked":"SKIP","floor":48}],"player_experience":1765672,"relics_obtained":[{"floor":9.0,"key":"MealTicket"},{"floor":10.0,"key":"Ancient Tea Set"},{"floor":13,"key":"Molten Egg 2"},{"floor":26,"key":"Pocketwatch"},{"floor":40,"key":"Dream Catcher"},{"floor":47,"key":"Frozen Egg 2"}],"event_choices":[{"damage_healed":0.0,"max_hp_gain":0.0,"max_hp_loss":7.0,"gold_gain":0.0,"event_name":"Golden Idol","player_choice":"Lose Max HP","floor":5.0,"gold_loss":0.0,"damage_taken":0.0,"relics_obtained":["Golden Idol"]},{"damage_healed":0,"gold_gain":0,"cards_transformed":["Strike_B","Strike_B"],"player_choice":"Became Test Subject","damage_taken":0,"max_hp_gain":0,"max_hp_loss":0,"event_name":"Drug Dealer","floor":19,"gold_loss":0,"cards_obtained":["Gash","Streamline"]},{"damage_healed":0,"gold_gain":0,"player_choice":"Ignored","damage_taken":0,"max_hp_gain":0,"max_hp_loss":0,"event_name":"Cursed Tome","floor":21,"gold_loss":0},{"damage_healed":0,"gold_gain":0,"player_choice":"Got Potions","damage_taken":0,"max_hp_gain":0,"max_hp_loss":0,"event_name":"Lab","floor":28,"gold_loss":0},{"damage_healed":0,"gold_gain":0,"player_choice":"Ignored","damage_taken":0,"max_hp_gain":0,"max_hp_loss":0,"event_name":"Tomb of Lord Red Mask","floor":38,"gold_loss":0},{"cards_removed":["Streamline"],"damage_healed":0,"gold_gain":0,"player_choice":"Removed Attack","damage_taken":0,"max_hp_gain":0,"max_hp_loss":0,"event_name":"Falling","floor":39,"gold_loss":0}],"is_beta":false,"boss_relics":[{"not_picked":["SlaversCollar","Busted Crown"],"picked":"Coffee Dripper"},{"not_picked":["Philosopher\u0027s Stone","Pandora\u0027s Box"],"picked":"Empty Cage"}],"items_purged_floors":[36,44],"is_endless":false,"potions_floor_spawned":[3,7,10,12,14,18,22,25,27,33,40,42,45,46],"killed_by":"Donu and Deca","ascension_level":20}}