{"host":"4sgoj70bvr8ov3jh","time":1610617075,"event":{"mods":["2.2 Compatiblity","AchievementEnabler","BaseMod","Chen","GifTheSpireLib","Hero for Fun","Marisa????????","Minty Spire (QoL Compilation)","Permanent Neow","Remilia_Scarlet Moed?????·?????3.3.5","StSLib","The Alterego","The Servant 0.9.4"],"gold_per_floor":[112,112,128,138,153,153,165,117684,117684,117697,117697,117714,117732,117747,117747,117842,117892,117904,117313,117313,117329,117329,117329,116474,116489,116489,116489,116500,116500,116519,116552,116552,116657,116657,116672,116688,116668,116686,116706,116706,116741,116760,116828,121232,121274,121291,121316,120387,120387,120387,120387,120387,118760,118800,118800],"floor_reached":56,"language":"ENG","playtime":4193,"items_purged":[],"score":1827,"play_id":"19a0afb9-d106-4241-8f40-f7d586ec9b66","local_time":"20210114013755","is_ascension_mode":false,"campfire_choices":[{"data":"DoubleEdge","floor":6.0,"key":"SMITH"},{"floor":11.0,"key":"RECALL"},{"data":"Exchange","floor":15.0,"key":"SMITH"},{"data":"ReturningBlade+1","floor":23.0,"key":"SMITH"},{"data":"ReturningBlade+2","floor":27.0,"key":"SMITH"},{"data":"KidneyShot","floor":29.0,"key":"SMITH"},{"data":"ReturningBlade+3","floor":32.0,"key":"SMITH"},{"data":"ReturningBlade+4","floor":40.0,"key":"SMITH"},{"data":"1","floor":49,"key":"LIFT"},{"data":"2","floor":52,"key":"LIFT"}],"circlet_count":1,"master_deck":["Strike_S+1","Strike_S","Strike_S","Strike_S+1","Defend_S+1","Defend_S+1","Defend_S+1","Defend_S+1","KidneyShot+1","Exchange+1","DoubleEdge+1","ShiftingGears+1","Unruled+1","DoubleEdge+1","Desolation+1","BottledTime+1","Snipe+1","PanicButton+1","Comet+1","TheWorld+1","Rearm+1","FloweringNight+1","Defy+1","Moonlight+1","FastForward+1","DoubleEdge+1","Comet+1","GearUp+1","GearUp+1","Starlight+1","Sabotage+1","Sunlight+1","ReturningBlade+5","Spin+1","Go for the Eyes+1","alterego_mod:SakuraFive+1","Electrodynamics+1","Chen:Panic+1","ChargingUp+1","ShatteredReality+1","Comet+1","BestPractice+1","Luminosity+1","Gouge+1","ShatteredReality+1","SilverBlades+1","Unruled+1","RealityMarble+1","BestPractice+1","Enlightenment+1","Good Instincts+1","Sadistic Nature+1","Chrysalis+1","alterego_mod:DiscoLights+1","Serious_Side_Hops+1","Heatsinks+1","Metamorphosis+1","Metallicize+1","alterego_mod:BusterCard+1","Chaos+1","Wallop+1","alterego_mod:Clones+1","Luminosity+1","alterego_mod:MaintainEyeContact+1","MysteriousBeam+1","Potential+1","Reset+1","Replace+1","SilverBlades+1","SpecialFormula+1","SilverBlades+1","Rearm+1","Replace+1","Defy+1","Revamp+1","TheWorld+1","Rewind+1","ShiftingGears+1","Ricochet+1","Trip+1","Sadistic Nature+1","Deep Breath+1","Flash of Steel+1","Starlight+1","Comet+1","Discovery+1","Swift Strike+1","Master of Strategy+1","Panache+1","Luminosity+1","BestPractice+1","Luminosity+1","SurpressingFire+1","MoonPhase+1","SilverBlades+1","WasteNot+1","BestPractice+1","SilverBlades+1","Luminosity+1","SurpressingFire+1","SurpressingFire+1","FloweringNight+1","BestPractice+1","Advance+1","Starlight+1","RemiliaMod:CMABianfuzhen+1"],"relics":["Uniform","Enchiridion","Dead Branch","DataDisk","Frozen Egg 2","Molten Egg 2","Toxic Egg 2","Membership Card","Inserter","The Courier","Symbiotic Virus","RemiliaMod:RXiangDui","Bronze Scales","Bronze Scales","Bronze Scales","Bronze Scales","Bronze Scales","Bronze Scales","RemiliaMod:RXiangDui","Bronze Scales","Bronze Scales","Bronze Scales","Bronze Scales","Bronze Scales","Bronze Scales","Bronze Scales","Bronze Scales","Bronze Scales","Bronze Scales","Bronze Scales","Bronze Scales","Bronze Scales","Bronze Scales","Bronze Scales","Bronze Scales","Bronze Scales","Bronze Scales","Bronze Scales","Bronze Scales","Bronze Scales","Bronze Scales","Bronze Scales","RemiliaMod:RXiangDui","RemiliaMod:RXiangDui","RemiliaMod:RXiangDui","Bronze Scales","RemiliaMod:RXiangDui","RemiliaMod:RXiangDui","Bronze Scales","Bronze Scales","RemiliaMod:RXiangDui","Bronze Scales","Bronze Scales","Bronze Scales","Bronze Scales","Bronze Scales","Bronze Scales","Bronze Scales","Bronze Scales","Bronze Scales","Bronze Scales","Bronze Scales","Bronze Scales","Bronze Scales","Bronze Scales","Bronze Scales","WarpedTongs","Black Blood","Akabeko","Lantern","Lantern","PrismaticShard","Oddly Smooth Stone","Blue Candle","Nunchaku","Singing Bowl","Ice Cream","TungstenRod","Thread and Needle","Dead Branch","War Paint","Molten Egg 2","Orichalcum","Whetstone","Toy Ornithopter","Omamori","Vajra","Calipers","Bottled Flame","Lantern","Darkstone Periapt","Blood Vial","Pen Nib","Mercury Hourglass","White Beast Statue","Tiny House","Dream Catcher","Matryoshka","Strange Spoon","PreservedInsect","Ornamental Fan","Centennial Puzzle","Nilry\u0027s Codex","Bottled Tornado","TheAbacus","Strawberry","HornCleat","Ginger","Gremlin Horn","Mummified Hand","Mummified Hand","Regal Pillow","Pantograph","Coffee Dripper","Shovel","Bronze Scales","Letter Opener","Kunai","Kunai","Kunai","Kunai","Kunai","Kunai","Kunai","Kunai","Kunai","Kunai","Kunai","Kunai","Kunai","Kunai","Kunai","Kunai","Kunai","Kunai","Kunai","Kunai","Kunai","Kunai","Kunai","Kunai","Shuriken","Shuriken","Shuriken","Shuriken","Shuriken","Shuriken","Shuriken","Shuriken","Kunai","Kunai","Kunai","Shuriken","Kunai","Shuriken","Shuriken","Shuriken","Shuriken","Shuriken","Shuriken","Kunai","Shuriken","Shuriken","Shuriken","Uniform","Uniform","Uniform","Uniform","Uniform","Uniform","Uniform","Uniform","Uniform","KneeBrace","KneeBrace","KneeBrace","KneeBrace","KneeBrace","KneeBrace","KneeBrace","KneeBrace","KneeBrace","KneeBrace","KneeBrace","KneeBrace","KneeBrace","KneeBrace","Anchor","Art of War","War Paint","Tingsha","Sling","Sling","Sling","Sling","Sling","Sling","Sling","AmplifyWand","DollysMirror","OldScarf","BreadOfAWashokuLover","Brimstone","Omamori","RomanBracelet","Damaru","Darkstone Periapt","DataDisk","SimpleLauncher","CatCart","CeramicFish","Ninja Scroll","HandmadeGrimoire","HolyWater","HoveringKite","Turnip","Girya","PocketWatch","StoneCalendar","Bird Faced Urn","Unceasing Top","Bottled Lightning","Meat on the Bone","Ancient Tea Set","Happy Flower","Boot","Kunai","Membership Card","Shuriken","Eternal Feather","Frozen Egg 2","Sundial","Torii","DollysMirror","Mango","Art of War","Lizard Tail","Incense Burner","CaptainsWheel","FossilizedHelix","Pocketwatch","Du-Vu Doll","Circlet"],"acts_visited":["Exordium","TheCity","TheBeyond","TheEnding"],"potions_floor_usage":[44,45,55,55,55],"damage_taken":[{"damage":10.0,"enemies":"Cultist","floor":1.0,"turns":4.0},{"damage":4.0,"enemies":"2 Louse","floor":3.0,"turns":3.0},{"damage":9.0,"enemies":"Jaw Worm","floor":4.0,"turns":1.0},{"damage":43.0,"enemies":"Gremlin Gang","floor":5.0,"turns":5.0},{"damage":2.0,"enemies":"3 Louse","floor":7.0,"turns":2.0},{"damage":0.0,"enemies":"Large Slime","floor":10.0,"turns":1.0},{"damage":0.0,"enemies":"Blue Slaver","floor":12.0,"turns":1.0},{"damage":0.0,"enemies":"2 Fungi Beasts","floor":13.0,"turns":1.0},{"damage":0.0,"enemies":"Lots of Slimes","floor":14.0,"turns":2.0},{"damage":0.0,"enemies":"The Guardian","floor":16.0,"turns":2.0},{"damage":0.0,"enemies":"Spheric Guardian","floor":18.0,"turns":1.0},{"damage":0.0,"enemies":"Shell Parasite","floor":21.0,"turns":1.0},{"damage":0.0,"enemies":"Snake Plant","floor":25.0,"turns":1.0},{"damage":0.0,"enemies":"Snecko","floor":28.0,"turns":2.0},{"damage":0.0,"enemies":"Cultist and Chosen","floor":30.0,"turns":1.0},{"damage":0.0,"enemies":"Slavers","floor":31.0,"turns":1.0},{"damage":0.0,"enemies":"Collector","floor":33.0,"turns":2.0},{"damage":0.0,"enemies":"3 Shapes","floor":35.0,"turns":1.0},{"damage":0.0,"enemies":"Orb Walker","floor":36.0,"turns":1.0},{"damage":0.0,"enemies":"Jaw Worm Horde","floor":38.0,"turns":1.0},{"damage":1.0,"enemies":"Spire Growth","floor":39.0,"turns":2.0},{"damage":0.0,"enemies":"Giant Head","floor":41.0,"turns":2.0},{"damage":0.0,"enemies":"3 Darklings","floor":42.0,"turns":1.0},{"damage":0.0,"enemies":"Remilia_Smww","floor":44.0,"turns":22.0},{"damage":0,"enemies":"Nemesis","floor":45,"turns":1},{"damage":0,"enemies":"Maw","floor":46,"turns":1},{"damage":0,"enemies":"Transient","floor":47,"turns":1},{"damage":0,"enemies":"Awakened One","floor":50,"turns":2},{"damage":0,"enemies":"Shield and Spear","floor":54,"turns":1},{"damage":0,"enemies":"The Heart","floor":55,"turns":1}],"seed_played":"4367536695511605019","potions_obtained":[{"floor":5.0,"key":"SkillPotion"},{"floor":10.0,"key":"DistilledChaos"},{"floor":16.0,"key":"LiquidMemories"},{"floor":17.0,"key":"BlessingOfTheForge"},{"floor":18.0,"key":"LiquidBronze"},{"floor":25.0,"key":"ColorlessPotion"},{"floor":37.0,"key":"AttackPotion"},{"floor":39.0,"key":"ColorlessPotion"},{"floor":41.0,"key":"ColorlessPotion"},{"floor":42.0,"key":"SkillPotion"},{"floor":44,"key":"Dexterity Potion"},{"floor":44,"key":"Ancient Potion"},{"floor":44,"key":"EssenceOfSteel"},{"floor":44,"key":"Fruit Juice"},{"floor":45,"key":"Fruit Juice"},{"floor":46,"key":"Dexterity Potion"}],"is_trial":false,"path_per_floor":["M","?","M","M","M","R","M","$","T","M","R","M","M","M","R","B",null,"M","$","?","M","?","R","$","M","T","R","M","R","M","E","R","B",null,"M","M","?","M","M","R","E","M","T","?","E","M","M","$","R","B",null,"R","$","E","B",null],"character_chosen":"THE_SERVANT","items_purchased":["PrismaticShard","Oddly Smooth Stone","Snipe+1","PanicButton+1","Blue Candle","Nunchaku","Singing Bowl","Ice Cream","TungstenRod","Comet+1","TheWorld+1","Rearm+1","FloweringNight+1","Defy+1","Moonlight+1","FastForward+1","DoubleEdge+1","Comet+1","GearUp+1","GearUp+1","Starlight+1","Sabotage+1","Thread and Needle","Dead Branch","War Paint","Molten Egg 2","Orichalcum","Whetstone","Toy Ornithopter","DuplicationPotion","Omamori","Vajra","Calipers","Bottled Flame","Lantern","Darkstone Periapt","Blood Vial","Pen Nib","Mercury Hourglass","Sunlight+1","ReturningBlade+1","Spin+1","ShatteredReality+1","Comet+1","BestPractice+1","Luminosity+1","Dream Catcher","Matryoshka","Strange Spoon","PreservedInsect","Ornamental Fan","Centennial Puzzle","Gouge+1","ShatteredReality+1","SilverBlades+1","Unruled+1","RealityMarble+1","BestPractice+1","Bottled Tornado","TheAbacus","Strawberry","HornCleat","Ginger","Gremlin Horn","Enlightenment+1","Good Instincts+1","Sadistic Nature+1","Chrysalis+1","Potential+1","Reset+1","Replace+1","SilverBlades+1","SpecialFormula+1","SilverBlades+1","Rearm+1","Replace+1","Defy+1","Revamp+1","TheWorld+1","Rewind+1","ShiftingGears+1","Ricochet+1","Trip+1","Sadistic Nature+1","Deep Breath+1","Flash of Steel+1","Kunai","Membership Card","Shuriken","Eternal Feather","Frozen Egg 2","Sundial","Starlight+1","Comet+1","Discovery+1","Swift Strike+1","Master of Strategy+1","Panache+1","Torii","DollysMirror","Mango","Art of War","Lizard Tail","Incense Burner","CaptainsWheel","FossilizedHelix","Pocketwatch","Du-Vu Doll","Circlet","BestPractice+1","Luminosity+1","SurpressingFire+1","MoonPhase+1","SilverBlades+1","WasteNot+1","BestPractice+1","SilverBlades+1","Luminosity+1","SurpressingFire+1","SurpressingFire+1","FloweringNight+1","BestPractice+1","Advance+1","Starlight+1"],"campfire_rested":0,"item_purchase_floors":[8,8,8,8,8,8,8,8,8,8,8,8,8,8,8,8,8,8,8,8,8,8,8,8,8,8,8,8,8,8,8,8,8,8,8,8,8,8,8,8,8,8,19,19,19,19,19,19,19,19,19,19,19,19,24,24,24,24,24,24,24,24,24,24,24,24,24,24,48,48,48,48,48,48,48,48,48,48,48,48,48,48,48,48,48,48,48,48,48,48,48,48,48,48,48,48,48,53,53,53,53,53,53,53,53,53,53,53,53,53,53,53,53,53,53,53,53,53,53,53,53,53,53,53],"current_hp_per_floor":[65,65,65,65,65,65,65,65,65,67,67,67,67,69,69,69,74,74,74,62,76,76,76,83,83,83,83,83,83,85,85,85,85,85,85,85,85,87,87,87,87,87,87,92,97,99,99,99,99,99,99,99,113,113,113],"gold":118800,"neow_bonus":"THREE_CARDS","is_daily":false,"chose_seed":false,"campfire_upgraded":7,"win_rate":0.0,"timestamp":1610617075,"path_taken":["M","?","M","M","M","R","M","?","T","M","R","M","M","M","R","BOSS","M","$","?","M","?","R","$","M","T","R","?","R","M","E","R","BOSS","M","M","?","?","M","R","E","M","T","?","E","M","M","$","R","BOSS","R","$","E","BOSS"],"items_purchased_type":["Relic","Relic","Card","Card","Relic","Relic","Relic","Relic","Relic","Card","Card","Card","Card","Card","Card","Card","Card","Card","Card","Card","Card","Card","Relic","Relic","Relic","Relic","Relic","Relic","Relic","Potion","Relic","Relic","Relic","Relic","Relic","Relic","Relic","Relic","Relic","Card","Card","Card","Card","Card","Card","Card","Relic","Relic","Relic","Relic","Relic","Relic","Card","Card","Card","Card","Card","Card","Relic","Relic","Relic","Relic","Relic","Relic","Card","Card","Card","Card","Card","Card","Card","Card","Card","Card","Card","Card","Card","Card","Card","Card","Card","Card","Card","Card","Card","Card","Relic","Relic","Relic","Relic","Relic","Relic","Card","Card","Card","Card","Card","Card","Relic","Relic","Relic","Relic","Relic","Relic","Relic","Relic","Relic","Relic","Undefined","Card","Card","Card","Card","Card","Card","Card","Card","Card","Card","Card","Card","Card","Card","Card"],"build_version":"2020-12-22","purchased_purges":0,"victory":true,"max_hp_per_floor":[65,65,65,65,65,65,65,65,65,67,67,67,67,69,69,69,74,74,74,74,76,76,76,83,83,83,83,83,83,85,85,85,85,85,85,85,85,87,87,87,87,87,87,92,97,99,99,99,99,99,99,99,113,113,113],"card_choices":[{"not_picked":["BottledTime","Unruled"],"picked":"DoubleEdge","floor":0.0},{"not_picked":["Unruled+1","TimeWarp+1"],"picked":"ShiftingGears+1","floor":1.0},{"not_picked":["Advance+1","Replace+1"],"picked":"Unruled+1","floor":3.0},{"not_picked":["Advance+1","Alleviate+1"],"picked":"DoubleEdge+1","floor":4.0},{"not_picked":["DoubleEdge+1","FastForward+1"],"picked":"Desolation+1","floor":5.0},{"not_picked":["DoubleEdge+1","Replace+1"],"picked":"BottledTime+1","floor":7.0},{"not_picked":["Secret Technique+1","ShootingEcho+1","Misdirection+1"],"picked":"Singing Bowl","floor":10.0},{"not_picked":["MoonPhase+1","Poisoned Stab+1"],"picked":"Go for the Eyes+1","floor":12.0},{"not_picked":["WitchOfGreed+1","Ball Lightning+1"],"picked":"alterego_mod:SakuraFive+1","floor":13.0},{"not_picked":["Battle Trance+1","ManaConvection+1","Recycle+1"],"picked":"Singing Bowl","floor":14.0},{"not_picked":["RemiliaMod:CWYRF+1","SoulSculpture+1"],"picked":"Electrodynamics+1","floor":16.0},{"not_picked":["Flying Knee+1","Alleviate+1"],"picked":"Chen:Panic+1","floor":17.0},{"not_picked":["RemiliaMod:CFPLL+1","RemiliaMod:CJNMJFZ+1"],"picked":"ChargingUp+1","floor":18.0},{"not_picked":["Chen:ResistTemptation+1","Read+1","alterego_mod:Punishment+1"],"picked":"Singing Bowl","floor":21.0},{"not_picked":["Poisoned Stab+1","Chen:ResistTemptation+1"],"picked":"alterego_mod:DiscoLights+1","floor":25.0},{"not_picked":["Collect+1","alterego_mod:Cushion+1"],"picked":"Serious_Side_Hops+1","floor":28.0},{"not_picked":["Footwork+1","Chen:EvasiveFireShift+1","PowerUp+1"],"picked":"Singing Bowl","floor":30.0},{"not_picked":["Dodge and Roll+1","Forethought+1"],"picked":"Heatsinks+1","floor":31.0},{"not_picked":["Thunder Strike+1","Doppelganger+1"],"picked":"Metamorphosis+1","floor":33.0},{"not_picked":["Wild Strike+1","Spot Weakness+1"],"picked":"Metallicize+1","floor":35.0},{"not_picked":["RemiliaMod:CDB+1","GrandCross+1"],"picked":"alterego_mod:BusterCard+1","floor":36.0},{"not_picked":["RemiliaMod:CJDB+1","GasGiant+1","Starlight+1"],"picked":"Singing Bowl","floor":38.0},{"not_picked":["alterego_mod:BeGentle+1","Flying Knee+1"],"picked":"Chaos+1","floor":39.0},{"not_picked":["RemiliaMod:CDB+1","Deny+1"],"picked":"Wallop+1","floor":41.0},{"not_picked":["alterego_mod:DiscoLights+1","Deflect+1"],"picked":"alterego_mod:Clones+1","floor":42.0},{"not_picked":["alterego_mod:Maid+1","DC+1"],"picked":"alterego_mod:MaintainEyeContact+1","floor":45},{"not_picked":["Dodge and Roll+1","Self Repair+1","Bloodletting+1"],"picked":"Singing Bowl","floor":46},{"not_picked":["Tactician+1","ReachHeaven+1"],"picked":"MysteriousBeam+1","floor":47},{"not_picked":["alterego_mod:BiFurious+1","SuperNova+1"],"picked":"RemiliaMod:CMABianfuzhen+1","floor":54}],"player_experience":207278,"relics_obtained":[{"floor":9.0,"key":"White Beast Statue"},{"floor":20.0,"key":"Nilry\u0027s Codex"},{"floor":26.0,"key":"Regal Pillow"},{"floor":31.0,"key":"Pantograph"},{"floor":41.0,"key":"Shovel"},{"floor":43.0,"key":"Bronze Scales"},{"floor":43.0,"key":"Letter Opener"},{"floor":44,"key":"Turnip"},{"floor":44,"key":"Girya"},{"floor":44,"key":"PocketWatch"},{"floor":44,"key":"StoneCalendar"},{"floor":44,"key":"Bird Faced Urn"},{"floor":44,"key":"Unceasing Top"},{"floor":44,"key":"Bottled Lightning"},{"floor":44,"key":"Meat on the Bone"},{"floor":44,"key":"Ancient Tea Set"},{"floor":44,"key":"Happy Flower"},{"floor":45,"key":"Boot"}],"event_choices":[{"damage_healed":0.0,"max_hp_gain":0.0,"max_hp_loss":0.0,"gold_gain":0.0,"event_name":"Accursed Blacksmith","player_choice":"Rummage","floor":2.0,"gold_loss":0.0,"damage_taken":0.0,"relics_obtained":["WarpedTongs"],"cards_obtained":["Pain"]},{"damage_healed":0.0,"max_hp_gain":0.0,"max_hp_loss":0.0,"gold_gain":0.0,"event_name":"Cursed Tome","player_choice":"Obtained Book","floor":20.0,"gold_loss":0.0,"damage_taken":16.0},{"cards_removed":["Pain"],"damage_healed":0.0,"max_hp_gain":0.0,"max_hp_loss":0.0,"gold_gain":0.0,"event_name":"Fountain of Cleansing","player_choice":"Removed Curses","floor":22.0,"gold_loss":0.0,"damage_taken":0.0},{"damage_healed":0.0,"max_hp_gain":0.0,"max_hp_loss":0.0,"gold_gain":0.0,"event_name":"The Woman in Blue","player_choice":"Bought 1 Potion","floor":37.0,"gold_loss":0.0,"damage_taken":0.0},{"damage_healed":0,"gold_gain":0,"player_choice":"Bought 3 Potions","damage_taken":0,"max_hp_gain":0,"max_hp_loss":0,"event_name":"The Woman in Blue","floor":44,"gold_loss":0}],"is_beta":false,"boss_relics":[{"not_picked":["Astrolabe","Fusion Hammer"],"picked":"Tiny House"},{"not_picked":["Runic Dome","Snecko Eye"],"picked":"Coffee Dripper"}],"items_purged_floors":[],"is_endless":false,"potions_floor_spawned":[5,10,12,13,14,16,18,21,25,28,30,31,33,35,36,38,39,41,42,44,45,46,47,54],"ascension_level":0}}