{"host":"vyjryxuuuxkt43k4","time":1610643002,"event":{"mods":["BaseMod","Colored Map","DeckTracker","Minty Spire (QoL Compilation)","Permanent Neow","Quick Restart","StSLib","SuperFastMode","everything is the same but u backflip on backflip"],"gold_per_floor":[114,131,131,146,146,146,37,69,69,69,86,86,36,48,48,153,153,166,166,177,177,189,189,209,209,233,245,48,80,80,80],"floor_reached":30,"language":"KOR","playtime":1466,"items_purged":["Defend_P","Defend_P","Defend_P"],"score":250,"play_id":"efda84a3-4650-4f0e-8faf-d942990ac600","local_time":"20210115015002","is_ascension_mode":false,"campfire_choices":[{"data":"Halt","floor":6.0,"key":"SMITH"},{"data":"Adaptation","floor":10.0,"key":"SMITH"},{"data":"EmptyFist","floor":12.0,"key":"SMITH"},{"data":"FollowUp","floor":15.0,"key":"SMITH"},{"data":"Vault","floor":23.0,"key":"SMITH"},{"data":"Adaptation","floor":25.0,"key":"SMITH"}],"circlet_count":0,"master_deck":["Strike_P+1","Eruption+1","Vigilance+1","LikeWater","FollowUp+1","Halt+1","Adaptation+1","Collect","EmptyFist+1","DevaForm","Vault+1","EmptyBody+1","Judgement","ReachHeaven","Adaptation+1","FlurryOfBlows"],"relics":["PureWater","Meat on the Bone","Smiling Mask","Empty Cage","TheAbacus","Tiny Chest"],"acts_visited":["Exordium","TheCity"],"potions_floor_usage":[],"damage_taken":[{"damage":7.0,"enemies":"Jaw Worm","floor":1.0,"turns":4.0},{"damage":0.0,"enemies":"Small Slimes","floor":2.0,"turns":4.0},{"damage":0.0,"enemies":"2 Louse","floor":4.0,"turns":1.0},{"damage":17.0,"enemies":"3 Sentries","floor":8.0,"turns":7.0},{"damage":6.0,"enemies":"Looter","floor":11.0,"turns":4.0},{"damage":12.0,"enemies":"Gremlin Gang","floor":14.0,"turns":5.0},{"damage":34.0,"enemies":"Hexaghost","floor":16.0,"turns":8.0},{"damage":0.0,"enemies":"Chosen","floor":18.0,"turns":4.0},{"damage":0.0,"enemies":"3 Byrds","floor":20.0,"turns":4.0},{"damage":0.0,"enemies":"Cultist and Chosen","floor":22.0,"turns":4.0},{"damage":22.0,"enemies":"Chosen and Byrds","floor":24.0,"turns":7.0},{"damage":0.0,"enemies":"3 Cultists","floor":27.0,"turns":4.0},{"damage":52.0,"enemies":"Book of Stabbing","floor":29.0,"turns":7.0},{"damage":20,"enemies":"Centurion and Healer","floor":30,"turns":1}],"seed_played":"-7276475233232378381","potions_obtained":[{"floor":2.0,"key":"ColorlessPotion"},{"floor":4.0,"key":"AttackPotion"},{"floor":8.0,"key":"BottledMiracle"},{"floor":14.0,"key":"StancePotion"},{"floor":22.0,"key":"Dexterity Potion"}],"is_trial":false,"path_per_floor":["M","M","?","M","?","R","$","E","T","R","M","R","$","M","R","B",null,"M","?","M","?","M","R","M","R","T","M","$","E","M"],"character_chosen":"WATCHER","items_purchased":["Adaptation","TheAbacus"],"campfire_rested":0,"item_purchase_floors":[7,28],"current_hp_per_floor":[65,65,70,70,55,55,55,38,38,38,44,44,44,44,44,22,77,77,77,77,77,77,77,55,55,55,55,55,15,0,0],"gold":80,"neow_bonus":"UPGRADE_CARD","is_daily":false,"chose_seed":false,"campfire_upgraded":6,"win_rate":0.0,"timestamp":1610643002,"path_taken":["M","M","?","M","?","R","$","E","T","R","M","R","$","M","R","BOSS","M","?","M","?","M","R","M","R","T","M","$","E","?"],"items_purchased_type":["Card","Relic"],"build_version":"2020-12-22","purchased_purges":3,"victory":false,"max_hp_per_floor":[72,72,77,77,77,77,77,77,77,77,77,77,77,77,77,77,77,77,77,77,77,77,77,77,77,77,77,77,77,77,77],"card_choices":[{"not_picked":["CrushJoints","Evaluate"],"picked":"LikeWater","floor":1.0},{"not_picked":["Crescendo","Weave"],"picked":"FollowUp","floor":2.0},{"not_picked":["CutThroughFate","Swivel"],"picked":"Halt","floor":4.0},{"not_picked":["PathToVictory","BattleHymn"],"picked":"Collect","floor":8.0},{"not_picked":["SashWhip","BattleHymn"],"picked":"EmptyFist","floor":11.0},{"not_picked":["ThirdEye","FollowUp"],"picked":"DevaForm","floor":14.0},{"not_picked":["Blasphemy","Establishment"],"picked":"Vault","floor":16.0},{"not_picked":["JustLucky+1","WheelKick+1"],"picked":"EmptyBody+1","floor":18.0},{"not_picked":["PathToVictory+1","ThirdEye","Worship"],"picked":"SKIP","floor":20.0},{"not_picked":["SashWhip","CarveReality","Prostrate"],"picked":"SKIP","floor":22.0},{"not_picked":["ClearTheMind","Evaluate"],"picked":"Adaptation","floor":24.0},{"not_picked":["LikeWater+1","CutThroughFate","Swivel"],"picked":"SKIP","floor":27.0},{"not_picked":["Collect","FlyingSleeves"],"picked":"FlurryOfBlows","floor":29.0}],"player_experience":308297,"relics_obtained":[{"floor":8.0,"key":"Meat on the Bone"},{"floor":9.0,"key":"Smiling Mask"},{"floor":29.0,"key":"Tiny Chest"}],"event_choices":[{"damage_healed":0.0,"max_hp_gain":5.0,"max_hp_loss":0.0,"gold_gain":0.0,"event_name":"Big Fish","player_choice":"Donut","floor":3.0,"gold_loss":0.0,"damage_taken":0.0},{"damage_healed":0.0,"max_hp_gain":0.0,"max_hp_loss":0.0,"gold_gain":0.0,"event_name":"Shining Light","player_choice":"Entered Light","floor":5.0,"gold_loss":0.0,"damage_taken":15.0,"cards_upgraded":["Vigilance","Strike_P"]},{"damage_healed":0.0,"max_hp_gain":0.0,"max_hp_loss":0.0,"gold_gain":0.0,"cards_transformed":["Defend_P","Strike_P"],"event_name":"Drug Dealer","player_choice":"Became Test Subject","floor":19.0,"gold_loss":0.0,"damage_taken":0.0,"cards_obtained":["Judgement","ReachHeaven"]},{"damage_healed":0.0,"max_hp_gain":0.0,"max_hp_loss":0.0,"gold_gain":0.0,"event_name":"Match and Keep!","player_choice":"0 cards matched","floor":21.0,"gold_loss":0.0,"damage_taken":0.0,"cards_obtained":[]}],"is_beta":false,"boss_relics":[{"not_picked":["Busted Crown","Fusion Hammer"],"picked":"Empty Cage"}],"items_purged_floors":[7,13,28],"is_endless":false,"potions_floor_spawned":[2,4,8,14,22],"killed_by":"Centurion and Healer","ascension_level":0}}