{"host":"52m1o8iwwagurbjs","time":1610637255,"event":{"mods":["AchievementEnabler","BaseMod","Bestiary","Colored Powertips","GifTheSpireLib","Minty Spire (QoL Compilation)","Quick Restart","RNG Fix","Relic Stats","StSLib"],"gold_per_floor":[111,286,299,315,334,334,347,347,421,198,198,42,19,0,0,0,0],"floor_reached":16,"language":"ENG","playtime":400,"items_purged":["Doubt"],"score":152,"play_id":"67bf7f9b-4c3a-4139-8953-b485025897e2","local_time":"20210114101415","is_ascension_mode":true,"campfire_choices":[{"data":"Dark Embrace","floor":6,"key":"SMITH"},{"data":"Feel No Pain","floor":8,"key":"SMITH"},{"data":"Thunderclap","floor":11,"key":"SMITH"},{"data":"Power Through","floor":15,"key":"SMITH"}],"circlet_count":0,"master_deck":["AscendersBane","Strike_R","Strike_R","Strike_R","Strike_R","Strike_R","Defend_R","Defend_R","Defend_R","Defend_R","Bash","Thunderclap+1","Twin Strike","Dark Embrace+1","Flame Barrier","Feel No Pain+1","Power Through+1","Fire Breathing","Headbutt","Ghostly Armor"],"relics":["Burning Blood","NeowsBlessing","Bottled Flame","Medical Kit"],"acts_visited":["Exordium"],"potions_floor_usage":[13,16],"damage_taken":[{"damage":0,"enemies":"Jaw Worm","floor":1,"turns":1},{"damage":0,"enemies":"Small Slimes","floor":3,"turns":1},{"damage":0,"enemies":"2 Louse","floor":4,"turns":1},{"damage":25,"enemies":"Lots of Slimes","floor":5,"turns":4},{"damage":21,"enemies":"Blue Slaver","floor":7,"turns":5},{"damage":30,"enemies":"Exordium Thugs","floor":13,"turns":5},{"damage":12,"enemies":"Looter","floor":14,"turns":4},{"damage":35,"enemies":"Slime Boss","floor":16,"turns":8}],"seed_played":"-6593549212362098851","potions_obtained":[{"floor":3,"key":"EssenceOfSteel"},{"floor":5,"key":"BloodPotion"}],"is_trial":false,"path_per_floor":["M","?","M","M","M","R","M","R","T","$","R","$","M","M","R","B"],"character_chosen":"IRONCLAD","items_purchased":["Power Through","Fire Breathing","Medical Kit"],"campfire_rested":0,"item_purchase_floors":[10,10,12],"current_hp_per_floor":[78,78,80,80,61,61,46,46,46,46,46,46,38,32,32,0,0],"gold":0,"neow_bonus":"THREE_ENEMY_KILL","is_daily":false,"chose_seed":false,"campfire_upgraded":4,"win_rate":0.0,"timestamp":1610637255,"path_taken":["M","?","M","?","M","R","M","R","T","?","R","$","M","M","R","BOSS"],"items_purchased_type":["Card","Card","Relic"],"build_version":"2020-12-22","purchased_purges":1,"victory":false,"max_hp_per_floor":[80,80,80,80,80,80,80,80,80,80,80,80,80,80,80,80,80],"relic_stats":{"counters":[8,29],"Medical Kit":[4],"obtain_stats":[{"Bottled Flame":9,"NeowsBlessing":0,"Medical Kit":12,"Burning Blood":0},{"Bottled Flame":5,"NeowsBlessing":0,"Medical Kit":5,"Burning Blood":0},{"Bottled Flame":12,"NeowsBlessing":0,"Medical Kit":12,"Burning Blood":0}],"Burning Blood":32},"card_choices":[{"not_picked":["Reckless Charge","Shrug It Off"],"picked":"Thunderclap","floor":1},{"not_picked":["Thunderclap","Brutality"],"picked":"Twin Strike","floor":3},{"not_picked":["Evolve","Pummel"],"picked":"Dark Embrace","floor":4},{"not_picked":["Heavy Blade","Infernal Blade"],"picked":"Flame Barrier","floor":5},{"not_picked":["Twin Strike","Thunderclap"],"picked":"Feel No Pain","floor":7},{"not_picked":["Thunderclap","Shrug It Off"],"picked":"Headbutt","floor":13},{"not_picked":["Whirlwind","Cleave"],"picked":"Ghostly Armor","floor":14}],"player_experience":1117134,"relics_obtained":[{"floor":9,"key":"Bottled Flame"}],"event_choices":[{"damage_healed":0,"gold_gain":175,"player_choice":"AGREE","damage_taken":0,"max_hp_gain":0,"max_hp_loss":0,"event_name":"Liars Game","floor":2,"gold_loss":0,"cards_obtained":["Doubt"]}],"is_beta":false,"boss_relics":[],"items_purged_floors":[10],"is_endless":false,"potions_floor_spawned":[3,5],"killed_by":"Slime Boss","ascension_level":13}}