{"host":"i4eavuqabbk5mi94","time":1610639674,"event":{"mods":["BaseMod","Googly Eyes","Minty Spire (QoL Compilation)"],"gold_per_floor":[109,119,137,137,151,181,146,156,156,156,189,114,132,159,159,256,256,266,295,45,45,58,90,90,90,90,115,131,146,20,46,46,141,141,153,164,164,39,39,71,71,97,97,127,142,65,65,65,65,65,65],"floor_reached":50,"language":"ENG","playtime":2148,"items_purged":["Strike_G","Defend_G","Defend_G"],"score":914,"play_id":"30b0d880-e830-42cb-9106-f3003213df90","local_time":"20210114155434","is_ascension_mode":true,"campfire_choices":[{"floor":10,"key":"REST"},{"floor":15,"key":"REST"},{"data":"Accuracy","floor":24,"key":"SMITH"},{"floor":32,"key":"REST"},{"data":"Accuracy","floor":49,"key":"SMITH"}],"circlet_count":0,"master_deck":["Strike_G","Strike_G","Strike_G","Strike_G","Defend_G+1","Defend_G+1","Defend_G","Survivor","Neutralize","Prepared","Finisher","Calculated Gamble","Blade Dance","Tactician","Blade Dance","Slice","Cloak And Dagger","Adrenaline","Footwork","Slice+1","Accuracy+1","Blur","Necronomicurse","Cloak And Dagger","A Thousand Cuts","Accuracy+1"],"relics":["Ring of the Snake","InkBottle","Ornamental Fan","Singing Bowl","Shuriken","Sozu","Red Mask","Nunchaku","Necronomicon","Bottled Lightning","Nloth\u0027s Gift","Bottled Tornado","Happy Flower","Ice Cream","HoveringKite","Juzu Bracelet","Blue Candle","Letter Opener","Sundial","Eternal Feather"],"acts_visited":["Exordium","TheCity","TheBeyond"],"potions_floor_usage":[6,14,16,19],"damage_taken":[{"damage":0,"enemies":"Cultist","floor":1,"turns":1},{"damage":0,"enemies":"2 Louse","floor":2,"turns":1},{"damage":0,"enemies":"Small Slimes","floor":3,"turns":1},{"damage":6,"enemies":"Blue Slaver","floor":5,"turns":5},{"damage":25,"enemies":"Lagavulin","floor":6,"turns":6},{"damage":4,"enemies":"Looter","floor":8,"turns":4},{"damage":12,"enemies":"Gremlin Nob","floor":11,"turns":4},{"damage":0,"enemies":"Gremlin Gang","floor":13,"turns":3},{"damage":0,"enemies":"Lagavulin","floor":14,"turns":4},{"damage":0,"enemies":"Slime Boss","floor":16,"turns":5},{"damage":0,"enemies":"3 Byrds","floor":18,"turns":3},{"damage":0,"enemies":"Masked Bandits","floor":19,"turns":5},{"damage":0,"enemies":"2 Thieves","floor":22,"turns":3},{"damage":10,"enemies":"Book of Stabbing","floor":23,"turns":6},{"damage":0,"enemies":"Slavers","floor":27,"turns":3},{"damage":8,"enemies":"Snake Plant","floor":28,"turns":4},{"damage":0,"enemies":"Sentry and Sphere","floor":29,"turns":2},{"damage":0,"enemies":"Book of Stabbing","floor":31,"turns":4},{"damage":7,"enemies":"Collector","floor":33,"turns":7},{"damage":0,"enemies":"3 Shapes","floor":35,"turns":2},{"damage":0,"enemies":"Orb Walker","floor":36,"turns":1},{"damage":31,"enemies":"Reptomancer","floor":40,"turns":5},{"damage":19,"enemies":"Nemesis","floor":42,"turns":5},{"damage":19,"enemies":"Giant Head","floor":44,"turns":7},{"damage":0,"enemies":"4 Shapes","floor":45,"turns":5},{"damage":84,"enemies":"Time Eater","floor":50,"turns":5}],"seed_played":"7400517171615500949","potions_obtained":[{"floor":2,"key":"FearPotion"},{"floor":8,"key":"SpeedPotion"},{"floor":11,"key":"BlessingOfTheForge"},{"floor":13,"key":"BlessingOfTheForge"},{"floor":14,"key":"SmokeBomb"}],"is_trial":false,"path_per_floor":["M","M","M","?","M","E","?","M","T","R","E","$","M","E","R","B",null,"M","?","$","?","M","E","R","?","T","E","M","M","$","E","R","B",null,"M","M","?","$","?","E","$","E","T","E","M","$","T","?","R","B"],"character_chosen":"THE_SILENT","items_purchased":["Accuracy","Nunchaku","Blur","Cloak And Dagger","Accuracy"],"campfire_rested":3,"item_purchase_floors":[20,20,20,30,46],"current_hp_per_floor":[70,70,70,56,50,25,42,38,38,59,49,49,49,49,70,70,72,72,72,72,56,58,50,50,50,50,52,46,48,48,50,75,70,82,84,86,88,88,87,58,58,41,41,22,24,24,24,81,81,0,0],"gold":65,"neow_bonus":"THREE_ENEMY_KILL","is_daily":false,"chose_seed":false,"campfire_upgraded":2,"win_rate":0.0,"timestamp":1610639674,"path_taken":["M","M","?","?","M","E","?","M","T","R","E","$","M","E","R","BOSS","M","?","$","?","M","E","R","?","T","E","?","M","$","E","R","BOSS","M","M","?","$","?","E","?","E","T","E","M","?","?","?","R","BOSS"],"items_purchased_type":["Card","Relic","Card","Card","Card"],"build_version":"2020-12-22","purchased_purges":3,"victory":false,"max_hp_per_floor":[70,70,70,70,70,70,70,70,70,70,72,72,72,72,72,72,72,72,72,72,72,74,76,76,76,76,78,80,82,82,84,84,86,86,88,90,92,92,87,89,89,91,91,91,93,93,93,81,81,81,81],"card_choices":[{"not_picked":["Acrobatics","Outmaneuver"],"picked":"Prepared","floor":1},{"not_picked":["Catalyst","Bane"],"picked":"Finisher","floor":2},{"not_picked":["Quick Slash","Backflip"],"picked":"Calculated Gamble","floor":3},{"not_picked":["Cloak And Dagger","All Out Attack"],"picked":"Blade Dance","floor":5},{"not_picked":["Poisoned Stab","Underhanded Strike"],"picked":"Tactician","floor":6},{"not_picked":["Dagger Spray","Acrobatics"],"picked":"Blade Dance","floor":8},{"not_picked":["Grand Finale","Reflex","Acrobatics"],"picked":"Singing Bowl","floor":11},{"not_picked":["Quick Slash","Prepared"],"picked":"Slice","floor":13},{"not_picked":["Deflect","Expertise"],"picked":"Cloak And Dagger","floor":14},{"not_picked":["Glass Knife","Venomology"],"picked":"Adrenaline","floor":16},{"not_picked":["Blade Dance","Prepared"],"picked":"Footwork","floor":18},{"not_picked":["Deadly Poison","Dash+1"],"picked":"Slice+1","floor":19},{"not_picked":["Cloak And Dagger","Skewer+1","Backstab"],"picked":"Singing Bowl","floor":22},{"not_picked":["All Out Attack+1","Deflect","Reflex"],"picked":"Singing Bowl","floor":23},{"not_picked":["Flying Knee+1","Acrobatics","Burst"],"picked":"Singing Bowl","floor":27},{"not_picked":["Skewer","Flechettes","Calculated Gamble"],"picked":"Singing Bowl","floor":28},{"not_picked":["Sucker Punch","Distraction","Prepared"],"picked":"Singing Bowl","floor":29},{"not_picked":["Dagger Throw","Heel Hook","Acrobatics"],"picked":"Singing Bowl","floor":31},{"not_picked":["Venomology","Tools of the Trade","After Image"],"picked":"Singing Bowl","floor":33},{"not_picked":["Venomology","Tactician+1","Leg Sweep+1"],"picked":"Singing Bowl","floor":35},{"not_picked":["Dagger Spray","Blur+1","Quick Slash+1"],"picked":"Singing Bowl","floor":36},{"not_picked":["Magnetism","Forethought","PanicButton"],"picked":"Singing Bowl","floor":37},{"not_picked":["Envenom","Concentrate+1","Backstab"],"picked":"Singing Bowl","floor":40},{"not_picked":["Prepared+1","Malaise","Burst"],"picked":"Singing Bowl","floor":42},{"not_picked":["Distraction","Well Laid Plans"],"picked":"A Thousand Cuts","floor":44},{"not_picked":["Sucker Punch","Leg Sweep","Expertise"],"picked":"Singing Bowl","floor":45}],"player_experience":395800,"relics_obtained":[{"floor":6,"key":"InkBottle"},{"floor":9,"key":"Ornamental Fan"},{"floor":11,"key":"Singing Bowl"},{"floor":14,"key":"Shuriken"},{"floor":19,"key":"Red Mask"},{"floor":21,"key":"Necronomicon"},{"floor":23,"key":"Bottled Lightning"},{"floor":26,"key":"Bottled Tornado"},{"floor":27,"key":"Happy Flower"},{"floor":31,"key":"Ice Cream"},{"floor":40,"key":"Juzu Bracelet"},{"floor":42,"key":"Blue Candle"},{"floor":43,"key":"Letter Opener"},{"floor":44,"key":"Sundial"},{"floor":47,"key":"Eternal Feather"}],"event_choices":[{"damage_healed":0,"gold_gain":0,"player_choice":"Entered Light","damage_taken":14,"max_hp_gain":0,"max_hp_loss":0,"event_name":"Shining Light","floor":4,"gold_loss":0,"cards_upgraded":["Defend_G","Defend_G"]},{"damage_healed":17,"gold_gain":0,"player_choice":"Healed","damage_taken":0,"max_hp_gain":0,"max_hp_loss":0,"event_name":"The Cleric","floor":7,"gold_loss":35},{"damage_healed":0,"gold_gain":0,"player_choice":"Fought Bandits","damage_taken":0,"max_hp_gain":0,"max_hp_loss":0,"event_name":"Masked Bandits","floor":19,"gold_loss":0},{"damage_healed":0,"gold_gain":0,"player_choice":"Obtained Book","damage_taken":16,"max_hp_gain":0,"max_hp_loss":0,"event_name":"Cursed Tome","floor":21,"gold_loss":0},{"damage_healed":0,"gold_gain":0,"player_choice":"Traded Relic","damage_taken":0,"relics_obtained":["Nloth\u0027s Gift"],"max_hp_gain":0,"max_hp_loss":0,"event_name":"N\u0027loth","floor":25,"relics_lost":["NeowsBlessing"],"gold_loss":0},{"damage_healed":0,"gold_gain":0,"player_choice":"Memory 1","damage_taken":0,"max_hp_gain":0,"max_hp_loss":0,"event_name":"SensoryStone","floor":37,"gold_loss":0},{"damage_healed":0,"gold_gain":0,"player_choice":"Max HP","damage_taken":0,"max_hp_gain":0,"max_hp_loss":5,"event_name":"Winding Halls","floor":39,"gold_loss":0},{"damage_healed":81,"gold_gain":0,"player_choice":"Heal","damage_taken":0,"max_hp_gain":0,"max_hp_loss":12,"event_name":"The Moai Head","floor":48,"gold_loss":0}],"is_beta":false,"boss_relics":[{"not_picked":["Coffee Dripper","Tiny House"],"picked":"Sozu"},{"not_picked":["Pandora\u0027s Box","Cursed Key"],"picked":"HoveringKite"}],"items_purged_floors":[12,30,38],"is_endless":false,"potions_floor_spawned":[2,8,11,13,14,22,27,29,31,35,44],"killed_by":"Time Eater","ascension_level":5}}