{"host":"cjhtzh7tp54jdfyv","time":1610615930,"event":{"mods":["AchievementEnabler","BaseMod","Colored Map","Colored Powertips","Curses Come First","DeckTracker","Filter the Spire","Minty Spire (QoL Compilation)","RNG Fix","Relic Sorter","Relic Stats","StSLib","UnlockEverythingMod","ojb\u0027s Better Paths Mod","ojb\u0027s Info Mod"],"gold_per_floor":[117,17,17,92,92,92,108,108,108,141,41,68,68,86,86,161,161,175,92,92,92,103,103,137,137,137,12,30,60,77,97,97,171,171,182,32,49,101,101,117,117,152,152,152,166,388,406,231,231,231,231],"floor_reached":50,"language":"ENG","playtime":2787,"items_purged":["Defend_P","Defend_P","Strike_P","Strike_P","Strike_P"],"score":1092,"play_id":"4fca5268-6914-4980-a5d0-d28d764ade04","local_time":"20210114041850","is_ascension_mode":true,"campfire_choices":[{"data":"Eruption","floor":6.0,"key":"SMITH"},{"floor":8.0,"key":"REST"},{"data":"EmptyMind","floor":13.0,"key":"SMITH"},{"data":"FlurryOfBlows","floor":15.0,"key":"SMITH"},{"data":"Vault","floor":23.0,"key":"SMITH"},{"data":"Adaptation","floor":25.0,"key":"SMITH"},{"floor":32.0,"key":"REST"},{"floor":41.0,"key":"RECALL"},{"floor":49.0,"key":"REST"}],"circlet_count":0,"master_deck":["AscendersBane","Strike_P+1","Eruption+1","Vigilance","TalkToTheHand","BowlingBash+1","EmptyFist","EmptyMind+1","FlurryOfBlows+1","Vault+1","Crescendo+1","Tantrum","Vault","Adaptation+1","FearNoEvil","Omniscience"],"relics":["SacredBark","GoldenEye","CaptainsWheel","War Paint","Centennial Puzzle","SlaversCollar","StoneCalendar","Bottled Lightning","Red Mask","Fusion Hammer","Turnip","Art of War"],"acts_visited":["Exordium","TheCity","TheBeyond"],"potions_floor_usage":[50],"damage_taken":[{"damage":2.0,"enemies":"Jaw Worm","floor":1.0,"turns":5.0},{"damage":5.0,"enemies":"Small Slimes","floor":7.0,"turns":3.0},{"damage":18.0,"enemies":"Lagavulin","floor":10.0,"turns":4.0},{"damage":4.0,"enemies":"Gremlin Nob","floor":12.0,"turns":4.0},{"damage":0.0,"enemies":"Cultist","floor":14.0,"turns":2.0},{"damage":0.0,"enemies":"Slime Boss","floor":16.0,"turns":5.0},{"damage":14.0,"enemies":"2 Thieves","floor":18.0,"turns":4.0},{"damage":6.0,"enemies":"Chosen","floor":22.0,"turns":4.0},{"damage":23.0,"enemies":"Book of Stabbing","floor":24.0,"turns":5.0},{"damage":0.0,"enemies":"Sentry and Sphere","floor":28.0,"turns":3.0},{"damage":0.0,"enemies":"Masked Bandits","floor":29.0,"turns":4.0},{"damage":0.0,"enemies":"Chosen and Byrds","floor":30.0,"turns":3.0},{"damage":3.0,"enemies":"Shelled Parasite and Fungi","floor":31.0,"turns":3.0},{"damage":8.0,"enemies":"Automaton","floor":33.0,"turns":5.0},{"damage":0.0,"enemies":"3 Shapes","floor":35.0,"turns":3.0},{"damage":8.0,"enemies":"Orb Walker","floor":37.0,"turns":3.0},{"damage":0.0,"enemies":"2 Orb Walkers","floor":38.0,"turns":4.0},{"damage":0.0,"enemies":"Spire Growth","floor":40.0,"turns":4.0},{"damage":13.0,"enemies":"Giant Head","floor":42.0,"turns":5.0},{"damage":18.0,"enemies":"Jaw Worm Horde","floor":45.0,"turns":3.0},{"damage":0.0,"enemies":"Sphere and 2 Shapes","floor":47.0,"turns":3.0},{"damage":44,"enemies":"Time Eater","floor":50,"turns":9}],"seed_played":"-1321210530817519843","potions_obtained":[{"floor":14.0,"key":"GamblersBrew"},{"floor":16.0,"key":"PowerPotion"},{"floor":28.0,"key":"LiquidBronze"},{"floor":29.0,"key":"AttackPotion"},{"floor":30.0,"key":"PowerPotion"},{"floor":31.0,"key":"ColorlessPotion"},{"floor":33.0,"key":"DuplicationPotion"},{"floor":38.0,"key":"DuplicationPotion"}],"is_trial":false,"path_per_floor":["M","$","?","?","?","R","M","R","T","E","$","E","R","M","R","B",null,"M","$","?","?","M","R","E","R","T","$","M","?","M","M","R","B",null,"M","$","M","?","?","M","R","E","T","$","M","?","M","$","R","B"],"character_chosen":"WATCHER","items_purchased":["BowlingBash","Tantrum"],"campfire_rested":3,"item_purchase_floors":[2,19],"current_hp_per_floor":[59,59,39,28,17,17,12,32,32,14,14,10,10,10,10,10,54,40,40,40,40,34,34,11,11,11,11,11,11,11,8,28,20,56,56,56,48,48,48,48,48,35,35,35,17,17,17,17,37,0,0],"gold":231,"neow_bonus":"BOSS_RELIC","is_daily":false,"chose_seed":false,"campfire_upgraded":5,"win_rate":0.0,"timestamp":1610615930,"path_taken":["M","$","?","?","?","R","?","R","T","E","?","E","R","M","R","BOSS","M","$","?","?","M","R","E","R","T","$","?","?","M","M","R","BOSS","M","$","M","?","?","M","R","E","T","$","?","?","M","?","R","BOSS"],"items_purchased_type":["Card","Card"],"build_version":"2020-12-22","purchased_purges":5,"victory":false,"max_hp_per_floor":[68,68,68,68,68,68,68,68,68,68,68,68,68,68,68,68,68,68,68,68,68,68,68,68,68,68,68,68,68,68,68,68,68,68,68,68,68,68,68,68,68,68,68,68,68,68,68,68,68,68,68],"relic_stats":{"Centennial Puzzle":[27],"counters":[22,88],"StoneCalendar":[52],"Turnip":[1],"Art of War":[1],"War Paint":["Defend_P","Defend_P"],"GoldenEye":[0],"obtain_stats":[{"SacredBark":0,"StoneCalendar":24,"War Paint":10,"GoldenEye":5,"SlaversCollar":17,"CaptainsWheel":9,"Centennial Puzzle":12,"Fusion Hammer":34,"Turnip":38,"Red Mask":29,"Art of War":42,"Bottled Lightning":26,"PureWater":0},{"SacredBark":0,"StoneCalendar":9,"War Paint":3,"GoldenEye":1,"SlaversCollar":6,"CaptainsWheel":2,"Centennial Puzzle":4,"Fusion Hammer":14,"Turnip":17,"Red Mask":11,"Art of War":19,"Bottled Lightning":9,"PureWater":0},{"SacredBark":0,"StoneCalendar":36,"War Paint":12,"GoldenEye":5,"SlaversCollar":23,"CaptainsWheel":8,"Centennial Puzzle":16,"Fusion Hammer":54,"Turnip":64,"Red Mask":43,"Art of War":73,"Bottled Lightning":36,"PureWater":0}]},"card_choices":[{"not_picked":["Halt","Study"],"picked":"TalkToTheHand","floor":1.0},{"not_picked":["Halt","CrushJoints"],"picked":"EmptyFist","floor":7.0},{"not_picked":["FlyingSleeves","ConjureBlade","WaveOfTheHand"],"picked":"SKIP","floor":10.0},{"not_picked":["Evaluate","JustLucky"],"picked":"EmptyMind","floor":12.0},{"not_picked":["Meditate","CutThroughFate"],"picked":"FlurryOfBlows","floor":14.0},{"not_picked":["SpiritShield","Scrawl"],"picked":"Vault","floor":16.0},{"not_picked":["ReachHeaven","Conclude"],"picked":"Crescendo+1","floor":18.0},{"not_picked":["BattleHymn","ThirdEye","ClearTheMind"],"picked":"SKIP","floor":22.0},{"not_picked":["Protect","BowlingBash+1"],"picked":"Adaptation","floor":24.0},{"not_picked":["FlyingSleeves","Halt","SignatureMove"],"picked":"SKIP","floor":28.0},{"not_picked":["CrushJoints","Protect"],"picked":"FearNoEvil","floor":29.0},{"not_picked":["EmptyBody","FlyingSleeves","Evaluate"],"picked":"SKIP","floor":30.0},{"not_picked":["Weave","FollowUp","Study"],"picked":"SKIP","floor":31.0},{"not_picked":["MasterReality","SpiritShield"],"picked":"Omniscience","floor":33.0},{"not_picked":["Meditate+1","JustLucky","Protect"],"picked":"SKIP","floor":35.0},{"not_picked":["BattleHymn","Indignation","Consecrate"],"picked":"SKIP","floor":37.0},{"not_picked":["EmptyBody+1","WindmillStrike","FlyingSleeves"],"picked":"SKIP","floor":40.0},{"not_picked":["ClearTheMind","Crescendo","Swivel"],"picked":"SKIP","floor":42.0},{"not_picked":["FlurryOfBlows","FlyingSleeves","Indignation"],"picked":"SKIP","floor":45.0},{"not_picked":["EmptyFist","ThirdEye+1","EmptyBody"],"picked":"SKIP","floor":47.0}],"player_experience":4525541,"relics_obtained":[{"floor":9.0,"key":"CaptainsWheel"},{"floor":10.0,"key":"War Paint"},{"floor":12.0,"key":"Centennial Puzzle"},{"floor":24.0,"key":"StoneCalendar"},{"floor":26.0,"key":"Bottled Lightning"},{"floor":29.0,"key":"Red Mask"},{"floor":38.0,"key":"Turnip"},{"floor":42.0,"key":"Art of War"}],"event_choices":[{"damage_healed":0.0,"max_hp_gain":0.0,"max_hp_loss":0.0,"gold_gain":0.0,"event_name":"Shining Light","player_choice":"Entered Light","floor":3.0,"gold_loss":0.0,"damage_taken":20.0,"cards_upgraded":["BowlingBash","Strike_P"]},{"damage_healed":0.0,"max_hp_gain":0.0,"max_hp_loss":0.0,"gold_gain":75.0,"event_name":"World of Goop","player_choice":"Gather Gold","floor":4.0,"gold_loss":0.0,"damage_taken":11.0},{"damage_healed":0.0,"max_hp_gain":0.0,"max_hp_loss":0.0,"gold_gain":0.0,"event_name":"Scrap Ooze","player_choice":"Success","floor":5.0,"gold_loss":0.0,"damage_taken":11.0,"relics_obtained":["GoldenEye"]},{"damage_healed":0.0,"max_hp_gain":0.0,"max_hp_loss":0.0,"gold_gain":0.0,"event_name":"Cursed Tome","player_choice":"Ignored","floor":20.0,"gold_loss":0.0,"damage_taken":0.0},{"damage_healed":0.0,"max_hp_gain":0.0,"max_hp_loss":0.0,"gold_gain":0.0,"cards_transformed":["Defend_P","Defend_P"],"event_name":"Drug Dealer","player_choice":"Became Test Subject","floor":21.0,"gold_loss":0.0,"damage_taken":0.0,"cards_obtained":["Vault","Devotion"]},{"damage_healed":0.0,"max_hp_gain":0.0,"max_hp_loss":0.0,"gold_gain":0.0,"event_name":"Masked Bandits","player_choice":"Fought Bandits","floor":29.0,"gold_loss":0.0,"damage_taken":0.0},{"damage_healed":0.0,"max_hp_gain":0.0,"max_hp_loss":0.0,"gold_gain":0.0,"event_name":"Mysterious Sphere","player_choice":"Fight","floor":38.0,"gold_loss":0.0,"damage_taken":0.0},{"cards_removed":["Devotion"],"damage_healed":0.0,"max_hp_gain":0.0,"max_hp_loss":0.0,"gold_gain":0.0,"event_name":"Falling","player_choice":"Removed Power","floor":39.0,"gold_loss":0.0,"damage_taken":0.0},{"damage_healed":0.0,"max_hp_gain":0.0,"max_hp_loss":0.0,"gold_gain":222.0,"event_name":"Tomb of Lord Red Mask","player_choice":"Wore Mask","floor":46.0,"gold_loss":0.0,"damage_taken":0.0}],"is_beta":false,"boss_relics":[{"not_picked":["Velvet Choker","Sozu"],"picked":"SlaversCollar"},{"not_picked":["Cursed Key","Tiny House"],"picked":"Fusion Hammer"}],"items_purged_floors":[2,11,27,36,48],"is_endless":false,"potions_floor_spawned":[14,16,28,29,30,31,33,38,45,47],"killed_by":"Time Eater","ascension_level":20}}