{"host":"tnsigirk6wurdark","time":1610584492,"event":{"mods":["BaseMod","Colored Map","Colored Powertips","Highlight Path","Minty Spire (QoL Compilation)","Quick Restart","Relic Sorter","StSLib","Synergy Search"],"gold_per_floor":[113,133,133,133,148,148,183,183,183,183,183,16,50,84,84,182,182,196,176,53,71,92,92,123,123,149,185,29,68,103,124,124,215,215,240,67,83,103,103,103,134,150,174,194,194,230,230,245,245,245],"floor_reached":51,"language":"ENG","playtime":4342,"items_purged":["Regret","Injury"],"score":1303,"play_id":"b9a1dc4e-3063-4323-bada-3ced68af94ee","local_time":"20210114003452","is_ascension_mode":true,"campfire_choices":[{"data":"Slice","floor":6,"key":"SMITH"},{"floor":8,"key":"REST"},{"floor":11,"key":"REST"},{"floor":15,"key":"REST"},{"floor":23,"key":"REST"},{"floor":25,"key":"REST"},{"floor":32,"key":"REST"},{"data":"Burst","floor":40,"key":"SMITH"},{"floor":45,"key":"REST"},{"floor":49,"key":"REST"}],"circlet_count":0,"master_deck":["AscendersBane","Strike_G","Defend_G","Defend_G","Defend_G","Defend_G","Defend_G","Survivor","Neutralize","Blade Dance","Slice","Slice+1","Terror","Blade Dance","Accuracy","Finisher","Dash","Blade Dance","Venomology","Cloak And Dagger","Slice+1","Dodge and Roll+1","Accuracy","Infinite Blades","Blur","Sucker Punch+1","Finisher+1","Burst+1","CurseOfTheBell","Blur+1","Infinite Blades","Backstab+1","Blade Dance","Accuracy+1","Dodge and Roll+1","Panache","Cloak And Dagger+1"],"relics":["Empty Cage","Boot","Turnip","Medical Kit","Molten Egg 2","SlaversCollar","Odd Mushroom","Red Mask","Golden Idol","Bag of Marbles","White Beast Statue","Art of War","Juzu Bracelet","Calling Bell","Bronze Scales","Ginger","Mercury Hourglass","Ornamental Fan","Incense Burner","Kunai","Omamori"],"acts_visited":["Exordium","TheCity","TheBeyond"],"potions_floor_usage":[7,14,16,16,22,22,24,27,29,29,30,30,31,33,33,35,35,38,38,41,41,44,44,48,50,50,50],"damage_taken":[{"damage":3,"enemies":"2 Louse","floor":1,"turns":6},{"damage":1,"enemies":"Small Slimes","floor":2,"turns":6},{"damage":2,"enemies":"Cultist","floor":5,"turns":4},{"damage":37,"enemies":"Lagavulin","floor":7,"turns":6},{"damage":5,"enemies":"3 Sentries","floor":13,"turns":8},{"damage":21,"enemies":"The Mushroom Lair","floor":14,"turns":3},{"damage":13,"enemies":"Hexaghost","floor":16,"turns":6},{"damage":8,"enemies":"Shell Parasite","floor":18,"turns":4},{"damage":12,"enemies":"Chosen","floor":21,"turns":3},{"damage":11,"enemies":"3 Cultists","floor":22,"turns":5},{"damage":16,"enemies":"Slavers","floor":24,"turns":5},{"damage":0,"enemies":"Gremlin Leader","floor":27,"turns":4},{"damage":5,"enemies":"Slavers","floor":29,"turns":4},{"damage":4,"enemies":"Masked Bandits","floor":30,"turns":4},{"damage":2,"enemies":"Shelled Parasite and Fungi","floor":31,"turns":4},{"damage":25,"enemies":"Champ","floor":33,"turns":8},{"damage":4,"enemies":"3 Darklings","floor":35,"turns":3},{"damage":1,"enemies":"Orb Walker","floor":37,"turns":3},{"damage":22,"enemies":"3 Darklings","floor":38,"turns":6},{"damage":0,"enemies":"Mind Bloom Boss Battle","floor":41,"turns":5},{"damage":9,"enemies":"Spire Growth","floor":42,"turns":4},{"damage":10,"enemies":"Transient","floor":44,"turns":5},{"damage":1,"enemies":"Giant Head","floor":46,"turns":5},{"damage":7,"enemies":"3 Darklings","floor":48,"turns":5},{"damage":54,"enemies":"Time Eater","floor":50,"turns":9}],"seed_played":"-3580820575037193117","potions_obtained":[{"floor":2,"key":"FearPotion"},{"floor":7,"key":"Dexterity Potion"},{"floor":13,"key":"Strength Potion"},{"floor":14,"key":"Poison Potion"},{"floor":16,"key":"GamblersBrew"},{"floor":18,"key":"DuplicationPotion"},{"floor":19,"key":"Fire Potion"},{"floor":24,"key":"SpeedPotion"},{"floor":27,"key":"SteroidPotion"},{"floor":29,"key":"LiquidMemories"},{"floor":30,"key":"Block Potion"},{"floor":31,"key":"Fruit Juice"},{"floor":33,"key":"LiquidBronze"},{"floor":35,"key":"Ancient Potion"},{"floor":38,"key":"Fire Potion"},{"floor":41,"key":"SpeedPotion"},{"floor":42,"key":"Fire Potion"},{"floor":44,"key":"Energy Potion"},{"floor":48,"key":"DistilledChaos"}],"is_trial":false,"path_per_floor":["M","M","?","?","M","R","E","R","T","?","R","$","E","?","R","B",null,"M","?","$","M","M","R","E","R","T","E","$","E","?","M","R","B",null,"M","$","M","M","?","R","?","M","T","M","R","E","?","M","R","B",null],"character_chosen":"THE_SILENT","items_purchased":["Blade Dance","Accuracy","Finisher","Cloak And Dagger","Medical Kit","Regen Potion"],"campfire_rested":8,"item_purchase_floors":[12,12,12,20,28,36],"current_hp_per_floor":[56,55,55,55,53,53,16,35,35,28,47,47,42,21,40,27,56,48,48,48,36,25,44,28,47,47,47,47,42,38,41,62,37,63,59,59,58,51,51,51,51,42,42,32,53,52,52,45,66,12],"gold":245,"neow_bonus":"BOSS_RELIC","is_daily":false,"chose_seed":false,"campfire_upgraded":2,"win_rate":0.0,"timestamp":1610584492,"path_taken":["M","M","?","?","M","R","E","R","T","?","R","$","E","?","R","BOSS","M","?","$","M","M","R","E","R","T","E","?","E","?","M","R","BOSS","M","$","M","M","?","R","?","M","T","M","R","E","?","M","R","BOSS"],"items_purchased_type":["Card","Card","Card","Card","Relic","Potion"],"build_version":"2020-12-22","purchased_purges":2,"victory":true,"max_hp_per_floor":[66,66,66,66,66,66,66,66,66,66,66,66,66,66,66,66,66,66,66,66,66,66,66,66,66,66,66,66,66,66,71,71,71,71,71,71,71,71,71,71,71,71,71,71,71,71,71,71,71,71],"card_choices":[{"not_picked":["PiercingWail","Concentrate"],"picked":"Blade Dance","floor":1},{"not_picked":["Masterful Stab","Backflip"],"picked":"Slice","floor":2},{"not_picked":["Underhanded Strike","Setup"],"picked":"Slice","floor":5},{"not_picked":["Deflect","Quick Slash"],"picked":"Terror","floor":7},{"not_picked":["Escape Plan","Underhanded Strike"],"picked":"Dash","floor":13},{"not_picked":["Noxious Fumes","Catalyst"],"picked":"Blade Dance","floor":14},{"not_picked":["Doppelganger","Phantasmal Killer"],"picked":"Venomology","floor":16},{"not_picked":["Sucker Punch","Deadly Poison","Crippling Poison"],"picked":"SKIP","floor":18},{"not_picked":["Endless Agony","Quick Slash"],"picked":"Slice+1","floor":21},{"not_picked":["Quick Slash+1","Dagger Spray"],"picked":"Dodge and Roll+1","floor":22},{"not_picked":["Acrobatics","Masterful Stab"],"picked":"Accuracy","floor":24},{"not_picked":["Adrenaline","PiercingWail"],"picked":"Infinite Blades","floor":27},{"not_picked":["Predator+1","Catalyst"],"picked":"Blur","floor":29},{"not_picked":["Slice+1","Noxious Fumes"],"picked":"Sucker Punch+1","floor":30},{"not_picked":["Slice+1","Terror"],"picked":"Finisher+1","floor":31},{"not_picked":["Envenom","Doppelganger"],"picked":"Burst","floor":33},{"not_picked":["Outmaneuver+1","Acrobatics"],"picked":"Blur+1","floor":35},{"not_picked":["Sucker Punch+1","Well Laid Plans"],"picked":"Infinite Blades","floor":37},{"not_picked":["Cloak And Dagger","PiercingWail"],"picked":"Backstab+1","floor":38},{"not_picked":["Concentrate","Riddle With Holes+1"],"picked":"Accuracy+1","floor":41},{"not_picked":["Flying Knee+1","Expertise","Outmaneuver"],"picked":"SKIP","floor":42},{"not_picked":["Noxious Fumes+1","Choke+1"],"picked":"Dodge and Roll+1","floor":44},{"not_picked":["Tactician","Concentrate","Dodge and Roll"],"picked":"SKIP","floor":46},{"not_picked":["Finesse","PanicButton"],"picked":"Panache","floor":47},{"not_picked":["Slice+1","Acrobatics+1"],"picked":"Cloak And Dagger+1","floor":48}],"player_experience":721121,"relics_obtained":[{"floor":7,"key":"Bag of Marbles"},{"floor":9,"key":"Ornamental Fan"},{"floor":13,"key":"White Beast Statue"},{"floor":14,"key":"Odd Mushroom"},{"floor":24,"key":"Juzu Bracelet"},{"floor":26,"key":"Art of War"},{"floor":27,"key":"Molten Egg 2"},{"floor":29,"key":"Incense Burner"},{"floor":30,"key":"Red Mask"},{"floor":34,"key":"Kunai"},{"floor":34,"key":"Bronze Scales"},{"floor":34,"key":"Ginger"},{"floor":41,"key":"Turnip"},{"floor":43,"key":"Omamori"},{"floor":46,"key":"Boot"}],"event_choices":[{"damage_healed":0,"gold_gain":0,"player_choice":"Box","damage_taken":0,"relics_obtained":["Mercury Hourglass"],"max_hp_gain":0,"max_hp_loss":0,"event_name":"Big Fish","floor":3,"gold_loss":0,"cards_obtained":["Regret"]},{"damage_healed":0,"gold_gain":0,"player_choice":"Take Wound","damage_taken":0,"relics_obtained":["Golden Idol"],"max_hp_gain":0,"max_hp_loss":0,"event_name":"Golden Idol","floor":4,"gold_loss":0,"cards_obtained":["Injury"]},{"cards_removed":["Strike_G"],"damage_healed":0,"gold_gain":0,"player_choice":"Card Removal","damage_taken":7,"max_hp_gain":0,"max_hp_loss":0,"event_name":"Golden Wing","floor":10,"gold_loss":0},{"damage_healed":0,"gold_gain":0,"player_choice":"Fought Mushrooms","damage_taken":0,"max_hp_gain":0,"max_hp_loss":0,"event_name":"Mushrooms","floor":14,"gold_loss":0},{"damage_healed":0,"gold_gain":0,"player_choice":"Bought 1 Potion","damage_taken":0,"max_hp_gain":0,"max_hp_loss":0,"event_name":"The Woman in Blue","floor":19,"gold_loss":0},{"damage_healed":0,"gold_gain":0,"player_choice":"Fought Bandits","damage_taken":0,"max_hp_gain":0,"max_hp_loss":0,"event_name":"Masked Bandits","floor":30,"gold_loss":0},{"damage_healed":0,"gold_gain":0,"cards_transformed":["Strike_G"],"player_choice":"Transformed","damage_taken":0,"max_hp_gain":0,"max_hp_loss":0,"event_name":"Transmorgrifier","floor":39,"gold_loss":0,"cards_obtained":["Blade Dance"]},{"damage_healed":0,"gold_gain":0,"player_choice":"Fight","damage_taken":0,"max_hp_gain":0,"max_hp_loss":0,"event_name":"MindBloom","floor":41,"gold_loss":0},{"damage_healed":0,"gold_gain":0,"player_choice":"Memory 1","damage_taken":0,"max_hp_gain":0,"max_hp_loss":0,"event_name":"SensoryStone","floor":47,"gold_loss":0}],"is_beta":false,"boss_relics":[{"not_picked":["Sozu","Busted Crown"],"picked":"SlaversCollar"},{"not_picked":["SacredBark","HoveringKite"],"picked":"Calling Bell"}],"items_purged_floors":[20,36],"is_endless":false,"potions_floor_spawned":[2,7,13,14,16,18,21,22,24,27,29,30,31,33,35,37,38,41,42,44,46,48],"ascension_level":15}}