{"host":"a1eatafr7pisesky","time":1610642372,"event":{"mods":["AchievementEnabler","BaseMod","Colored Map","Keyboard Shortcuts","Minty Spire (QoL Compilation)","Say the Spire","StSLib","SuperFastMode","everything is the same but u backflip on backflip"],"gold_per_floor":[113,213,226,226,226,34,75,75,155,176,192,228,228,249,249,380,380,400,300,323,337,337,370,370,40,40,40,73,92,92,131,131,257,257,277,127,142,163,176,176,176],"floor_reached":40,"language":"KOR","playtime":1478,"items_purged":["Strike_G","Strike_G","Strike_G","Defend_G"],"score":743,"play_id":"d50c9471-b857-4474-a714-7806f00bcb79","local_time":"20210115013932","is_ascension_mode":true,"campfire_choices":[{"floor":13.0,"key":"REST"},{"data":"Footwork","floor":15.0,"key":"SMITH"},{"data":"Catalyst","floor":27.0,"key":"SMITH"},{"floor":30.0,"key":"REST"},{"floor":32.0,"key":"REST"}],"circlet_count":0,"master_deck":["Defend_G+1","Defend_G","Survivor+1","Neutralize","Noxious Fumes+1","Footwork+1","Poisoned Stab","Die Die Die","PiercingWail","Corpse Explosion","Footwork","Envenom","Bullet Time+1","Acrobatics+1","Backflip+1","Crippling Poison+1","Cloak And Dagger","Catalyst+1","Blade Dance","Backflip+1","Cloak And Dagger+1","Burst","Noxious Fumes+1","Adrenaline"],"relics":["Ring of the Snake","NeowsBlessing","Golden Idol","Ninja Scroll","Ancient Tea Set","Astrolabe","Omamori","TwistedFunnel","War Paint","Bag of Marbles","Regal Pillow","Coffee Dripper"],"acts_visited":["Exordium","TheCity","TheBeyond"],"potions_floor_usage":[],"damage_taken":[{"damage":0.0,"enemies":"2 Louse","floor":1.0,"turns":1.0},{"damage":0.0,"enemies":"Cultist","floor":3.0,"turns":1.0},{"damage":0.0,"enemies":"3 Sentries","floor":7.0,"turns":1.0},{"damage":0.0,"enemies":"Small Slimes","floor":10.0,"turns":4.0},{"damage":11.0,"enemies":"Looter","floor":11.0,"turns":3.0},{"damage":12.0,"enemies":"Lagavulin","floor":12.0,"turns":8.0},{"damage":0.0,"enemies":"Exordium Wildlife","floor":14.0,"turns":3.0},{"damage":22.0,"enemies":"Hexaghost","floor":16.0,"turns":9.0},{"damage":1.0,"enemies":"2 Thieves","floor":18.0,"turns":2.0},{"damage":0.0,"enemies":"Chosen","floor":20.0,"turns":4.0},{"damage":19.0,"enemies":"Shelled Parasite and Fungi","floor":21.0,"turns":5.0},{"damage":0.0,"enemies":"Gremlin Leader","floor":23.0,"turns":6.0},{"damage":28.0,"enemies":"Book of Stabbing","floor":28.0,"turns":6.0},{"damage":0.0,"enemies":"Centurion and Healer","floor":29.0,"turns":4.0},{"damage":21.0,"enemies":"Gremlin Leader","floor":31.0,"turns":5.0},{"damage":43.0,"enemies":"Collector","floor":33.0,"turns":6.0},{"damage":0.0,"enemies":"Orb Walker","floor":35.0,"turns":3.0},{"damage":0.0,"enemies":"3 Darklings","floor":37.0,"turns":2.0},{"damage":9.0,"enemies":"Sphere and 2 Shapes","floor":38.0,"turns":4.0},{"damage":12.0,"enemies":"Transient","floor":39.0,"turns":5.0},{"damage":47,"enemies":"Reptomancer","floor":40,"turns":3}],"seed_played":"-4008311769399484046","potions_obtained":[{"floor":3.0,"key":"LiquidBronze"},{"floor":11.0,"key":"Explosive Potion"},{"floor":14.0,"key":"Regen Potion"},{"floor":20.0,"key":"CultistPotion"},{"floor":31.0,"key":"PowerPotion"},{"floor":38.0,"key":"Ancient Potion"}],"is_trial":false,"path_per_floor":["M","?","M","?","?","$","E","?","T","M","M","E","R","M","R","B",null,"M","$","M","M","?","E","?","$","T","R","E","M","R","E","R","B",null,"M","$","M","M","M","E"],"character_chosen":"THE_SILENT","items_purchased":["Footwork","Poisoned Stab","TwistedFunnel","Blade Dance"],"campfire_rested":3,"item_purchase_floors":[6,6,25,25],"current_hp_per_floor":[63,63,63,56,56,56,56,56,56,56,45,33,52,52,52,30,56,55,55,55,36,36,51,51,51,51,51,23,23,42,21,55,12,52,52,52,52,43,31,0,0],"gold":176,"neow_bonus":"THREE_ENEMY_KILL","is_daily":false,"chose_seed":false,"campfire_upgraded":2,"win_rate":0.0,"timestamp":1610642372,"path_taken":["M","?","?","?","?","?","E","?","T","M","M","E","R","M","R","BOSS","M","$","M","?","?","E","?","?","T","R","E","M","R","E","R","BOSS","M","$","M","?","M","E"],"items_purchased_type":["Card","Card","Relic","Card"],"build_version":"2020-12-22","purchased_purges":4,"victory":false,"max_hp_per_floor":[70,70,70,70,65,65,65,65,65,65,65,65,65,65,65,65,65,65,65,65,65,65,65,65,65,65,65,65,65,65,65,65,65,65,65,65,65,65,65,65,65],"card_choices":[{"not_picked":["Flying Knee","Bane","Heel Hook"],"picked":"SKIP","floor":1.0},{"not_picked":["Heel Hook","Calculated Gamble"],"picked":"Noxious Fumes","floor":3.0},{"not_picked":["Setup","Slice","Acrobatics"],"picked":"SKIP","floor":7.0},{"not_picked":["Noxious Fumes","Quick Slash"],"picked":"Die Die Die","floor":10.0},{"not_picked":["Deflect","Flying Knee"],"picked":"PiercingWail","floor":11.0},{"not_picked":["Well Laid Plans","Deadly Poison"],"picked":"Corpse Explosion","floor":12.0},{"not_picked":["Reflex","Quick Slash"],"picked":"Footwork","floor":14.0},{"not_picked":["Bullet Time","Tools of the Trade"],"picked":"Envenom","floor":16.0},{"not_picked":["Bane","Dodge and Roll+1"],"picked":"Crippling Poison+1","floor":18.0},{"not_picked":["Caltrops","Infinite Blades","Flying Knee"],"picked":"SKIP","floor":20.0},{"not_picked":["Prepared+1","Dagger Throw+1"],"picked":"Cloak And Dagger","floor":21.0},{"not_picked":["Setup","Concentrate+1","Glass Knife"],"picked":"SKIP","floor":23.0},{"not_picked":["Flying Knee","Bane+1","Deflect+1"],"picked":"SKIP","floor":28.0},{"not_picked":["Setup","Accuracy"],"picked":"Backflip+1","floor":29.0},{"not_picked":["Storm of Steel","Quick Slash+1"],"picked":"Cloak And Dagger+1","floor":31.0},{"not_picked":["Bullet Time","Storm of Steel"],"picked":"Burst","floor":33.0},{"not_picked":["Concentrate+1","Footwork","Outmaneuver"],"picked":"SKIP","floor":35.0},{"not_picked":["Slice","Flying Knee+1","Masterful Stab"],"picked":"SKIP","floor":37.0},{"not_picked":["Choke+1","Quick Slash"],"picked":"Noxious Fumes+1","floor":38.0},{"not_picked":["Finisher","Slice"],"picked":"Adrenaline","floor":39.0}],"player_experience":317212,"relics_obtained":[{"floor":7.0,"key":"Ninja Scroll"},{"floor":12.0,"key":"Ancient Tea Set"},{"floor":23.0,"key":"Omamori"},{"floor":26.0,"key":"War Paint"},{"floor":28.0,"key":"Bag of Marbles"},{"floor":31.0,"key":"Regal Pillow"}],"event_choices":[{"damage_healed":0.0,"max_hp_gain":0.0,"max_hp_loss":0.0,"gold_gain":100.0,"event_name":"Golden Shrine","player_choice":"Pray","floor":2.0,"gold_loss":0.0,"damage_taken":0.0},{"cards_removed":["Strike_G"],"damage_healed":0.0,"max_hp_gain":0.0,"max_hp_loss":0.0,"gold_gain":0.0,"event_name":"Golden Wing","player_choice":"Card Removal","floor":4.0,"gold_loss":0.0,"damage_taken":7.0},{"damage_healed":0.0,"max_hp_gain":0.0,"max_hp_loss":5.0,"gold_gain":0.0,"event_name":"Golden Idol","player_choice":"Lose Max HP","floor":5.0,"gold_loss":0.0,"damage_taken":0.0,"relics_obtained":["Golden Idol"]},{"damage_healed":0.0,"max_hp_gain":0.0,"max_hp_loss":0.0,"gold_gain":0.0,"event_name":"Upgrade Shrine","player_choice":"Upgraded","floor":8.0,"gold_loss":0.0,"damage_taken":0.0,"cards_upgraded":["Noxious Fumes"]},{"damage_healed":0.0,"max_hp_gain":0.0,"max_hp_loss":0.0,"gold_gain":0.0,"event_name":"The Library","player_choice":"Read","floor":22.0,"gold_loss":0.0,"damage_taken":0.0,"cards_obtained":["Catalyst"]},{"damage_healed":0.0,"max_hp_gain":0.0,"max_hp_loss":0.0,"gold_gain":0.0,"event_name":"Ghosts","player_choice":"Ignored","floor":24.0,"gold_loss":0.0,"damage_taken":0.0}],"is_beta":false,"boss_relics":[{"not_picked":["SlaversCollar","Busted Crown"],"picked":"Astrolabe"},{"not_picked":["Snecko Eye","HoveringKite"],"picked":"Coffee Dripper"}],"items_purged_floors":[6,19,25,36],"is_endless":false,"potions_floor_spawned":[3,11,14,16,20,21,31,38],"killed_by":"Reptomancer","ascension_level":8}}