{"host":"pno9h1fupbyz205f","time":1610584150,"event":{"mods":["Aspiration","BaseMod","Better Altar","Better Match","Better Note","Better Sensory Stone","Better Skull","Better Third Choice","Colored Map","Colored Powertips","Downfall","Hubris","Infinite Spire","Jedi Mod","Mad Scientist","Marisa????????","Minty Spire (QoL Compilation)","Permanent Neow","Potionbrewer","Replay The Spire","Shop Mod","Spicy Shops","StSLib","Td1madao Mod","The Blackbeard","The Gatherer","The Hierophant","The Poker Player","The Runesmith","The Servant 0.9.4","The Vixen","thorton","vexMod"],"gold_per_floor":[99,113,113,113,131,159,159,175,198,198,236,61,61,91,91,204,204,187,214,249,33,33,33,83,121,148,175,175,217,217,248,248,372,372,486,599,713,713,829,963,963,1087,1087,1199,1199,52,52,174,174,171],"floor_reached":51,"language":"ENG","playtime":2568,"items_purged":["expansioncontent:StudyTheSpire","Doubt","jedi:RedIncense","hierophant:Defend_Hierophant"],"score":911,"play_id":"b404e5e4-fbcf-4647-82c9-4114b636e5e8","local_time":"20210113162910","daily_mods":["Allstar","Heirloom"],"is_ascension_mode":false,"campfire_choices":[{"data":"Apotheosis","floor":7.0,"key":"SMITH"},{"data":"hierophant:ChurchCoffers","floor":13,"key":"SMITH"},{"floor":15,"key":"DIG"},{"data":"hierophant:Kindle","floor":23,"key":"SMITH"},{"data":"hierophant:RepressedViolence","floor":28,"key":"SMITH"},{"data":"Secret Technique","floor":30,"key":"SMITH"},{"floor":32,"key":"REST"},{"floor":47,"key":"REST"},{"floor":49,"key":"REST"}],"circlet_count":0,"master_deck":["infinitespire:NeuralNetwork+1","hierophant:Strike_Hierophant","hierophant:Strike_Hierophant","hierophant:Strike_Hierophant","hierophant:Strike_Hierophant","hierophant:Punish","hierophant:Defend_Hierophant","hierophant:Defend_Hierophant","hierophant:Defend_Hierophant","hierophant:ChurchCoffers+1","Secret Technique+1","Apotheosis+1","hierophant:OrnateJavelin","hierophant:FieryStrike","hierophant:Kindle+1","hierophant:RepressedViolence+1","hierophant:Doomsaying+1","hierophant:ThreeLashes","Writhe","hierophant:ThreeLashes+1","hierophant:BulkyChest","hierophant:Exaltation","blackbeard:GoldenDefense","blackbeard:CaptainsHat+1","Madness","Madness","Parasite","hierophant:OrnateBuckler+1","hierophant:ChurchCoffers+1","Madness+1","hierophant:Glossolalia+1"],"relics":["hierophant:PropheticMaskRelic","Ring of Chaos","Du-Vu Doll","hubris:DisguiseKit","Ring of Misfortune","Ring of Hypnosis","Replay:Bottled Steam","Replay:Bandana","vexMod:InvisibilityCloak","Blood Vial","infinitespire:Beetle Shell","Painkiller Herb","Nunchaku","Singing Bowl","vexMod:CardConverter","Oddly Smooth Stone","Fusion Hammer","Unceasing Top","Golden Egg","Pen Nib","DollysMirror","Replay:Baseball","Chameleon Ring","MerchantsRug"],"acts_visited":["Exordium","TheCity","TheBeyond"],"potions_floor_usage":[16,27,31,36,50],"damage_taken":[{"damage":3.0,"enemies":"Small Slimes","floor":2.0,"turns":3.0},{"damage":0.0,"enemies":"Cultist","floor":5.0,"turns":4.0},{"damage":10.0,"enemies":"3 Sentries","floor":6.0,"turns":5.0},{"damage":2.0,"enemies":"2 Louse","floor":8.0,"turns":3.0},{"damage":0,"enemies":"Lagavulin","floor":11,"turns":5},{"damage":8,"enemies":"Gremlin Gang","floor":14,"turns":4},{"damage":18,"enemies":"Hexaghost","floor":16,"turns":6},{"damage":16,"enemies":"2 Thieves","floor":18,"turns":3},{"damage":0,"enemies":"3 Byrds","floor":19,"turns":3},{"damage":0,"enemies":"Snecko","floor":20,"turns":4},{"damage":0,"enemies":"Replay:Snechameleon","floor":24,"turns":4},{"damage":13,"enemies":"Shelled Parasite and Fungi","floor":25,"turns":4},{"damage":0,"enemies":"Sentry and Sphere","floor":27,"turns":4},{"damage":7,"enemies":"Cultist and Chosen","floor":29,"turns":4},{"damage":30,"enemies":"Snake Plant","floor":31,"turns":4},{"damage":36,"enemies":"Automaton","floor":33,"turns":7},{"damage":12,"enemies":"3 Shapes","floor":35,"turns":4},{"damage":8,"enemies":"3 Darklings","floor":36,"turns":4},{"damage":33,"enemies":"4 Shapes","floor":37,"turns":5},{"damage":6,"enemies":"Jaw Worm Horde","floor":39,"turns":4},{"damage":6,"enemies":"Nemesis","floor":40,"turns":7},{"damage":22,"enemies":"Spire Growth","floor":42,"turns":4},{"damage":0,"enemies":"Writhing Mass","floor":44,"turns":3},{"damage":5,"enemies":"Sphere and 2 Shapes","floor":48,"turns":4},{"damage":0,"enemies":"hubris:GrandSnecko","floor":50,"turns":6}],"seed_played":"-8863351027466222365","potions_obtained":[{"floor":2.0,"key":"FairyPotion"},{"floor":14,"key":"Strength Potion"},{"floor":16,"key":"Block Potion"},{"floor":18,"key":"potionbrewer:CleansingPotion"},{"floor":27,"key":"BlessingOfTheForge"},{"floor":35,"key":"Toxic Potion"},{"floor":40,"key":"Block Potion"}],"is_trial":true,"path_per_floor":["?","M","?","?","M","E","R","M","T","?","E","$","R","M","R_BF","B",null,"?","?","?","T","?","T","E","?","T","?","T","?","T","?","T","B",null,"?","?","?","?","?","E","?","?","T","?","?","T","T","?","T","B",null],"character_chosen":"HIEROPHANT","items_purchased":["hierophant:ThreeLashes","Nunchaku","DollysMirror","Replay:Baseball","Madness","Chameleon Ring","MerchantsRug"],"campfire_rested":3,"item_purchase_floors":[21,21,46,46,46,46,46],"current_hp_per_floor":[75,72,72,72,72,62,62,60,60,60,60,60,60,54,54,38,75,59,61,63,63,63,63,67,58,58,62,62,59,59,33,58,26,87,77,73,44,44,42,40,32,14,14,20,20,24,57,56,89,91],"gold":171,"neow_bonus":"","is_daily":false,"chose_seed":false,"campfire_upgraded":5,"win_rate":0.0,"timestamp":1610584150,"path_taken":["?","M","?","?","M","E","R","M","T","?","E","$","R","M","R_BF","BOSS","?","?","?","T","?","T","E","?","T","?","T","?","T","?","T","BOSS","?","?","?","?","?","E","?","?","T","?","?","T","T","?","T","BOSS"],"items_purchased_type":["Card","Relic","Relic","Relic","Card","Relic","Relic"],"build_version":"2020-12-22","purchased_purges":4,"victory":true,"max_hp_per_floor":[75,75,75,75,75,75,75,75,75,75,75,75,75,75,75,75,75,75,75,75,75,75,75,77,79,79,81,81,83,83,85,85,87,87,89,91,93,93,95,97,101,103,103,107,107,111,111,113,113,113],"card_choices":[{"not_picked":["hierophant:Zeal","hierophant:Smite","hierophant:Shelter","blackbeard:AgileStrike"],"picked":"SKIP","floor":2.0},{"not_picked":["hierophant:FlamingChariot","hierophant:PassingBell","blackbeard:WoodenLeg"],"picked":"hierophant:OrnateJavelin","floor":5.0},{"not_picked":["hierophant:Smite","hierophant:HolyVerse","hierophant:Bribe","blackbeard:BeatUp"],"picked":"SKIP","floor":6.0},{"not_picked":["hierophant:RecallFunds","hierophant:SecretStash","blackbeard:Sword"],"picked":"hierophant:FieryStrike","floor":8.0},{"not_picked":["hierophant:SolarFlare","hierophant:EyeForCoin","hierophant:PristineSoul","blackbeard:PowderKeg"],"picked":"SKIP","floor":11},{"not_picked":["hierophant:SolarFlare","hierophant:EyeForCoin","hierophant:PristineSoul","blackbeard:PowderKeg"],"picked":"SKIP","floor":11},{"not_picked":["hierophant:RecallFunds","hierophant:MorningPrayer","hierophant:CursedGold","blackbeard:Boarding"],"picked":"SKIP","floor":14},{"not_picked":["hierophant:Determination","hierophant:Invocation","blackbeard:Halberd"],"picked":"hierophant:Kindle","floor":16},{"not_picked":["hierophant:AuricBeam","hierophant:Sermon","hierophant:FlamingChariot","blackbeard:TacticalRetreat"],"picked":"SKIP","floor":18},{"not_picked":["hierophant:HolyVerse","hierophant:CoinFling","blackbeard:WoodenLeg"],"picked":"hierophant:RepressedViolence","floor":19},{"not_picked":["hierophant:Alms","hierophant:MirrorShield","blackbeard:DangerousBlow"],"picked":"hierophant:Doomsaying+1","floor":20},{"not_picked":["hierophant:Mercenaries","hierophant:MorningPrayer","hierophant:RustyCrate","blackbeard:CloakAndCannonball"],"picked":"Singing Bowl","floor":24},{"not_picked":["hierophant:Zeal","hierophant:PristineSoul","hierophant:DisplayOfPower","blackbeard:Sharpening"],"picked":"Singing Bowl","floor":25},{"not_picked":["hierophant:OrnateJavelin","hierophant:Shelter+1","hierophant:Flagellation","blackbeard:PiratesWill"],"picked":"Singing Bowl","floor":27},{"not_picked":["hierophant:SolarFlare","hierophant:FlamingChariot","blackbeard:Boarding"],"picked":"hierophant:ThreeLashes+1","floor":29},{"not_picked":["hierophant:AuricShield","hierophant:DisplayOfPower","hierophant:Purify+1","blackbeard:WoodenLeg"],"picked":"Singing Bowl","floor":31},{"not_picked":["hierophant:DeathKnell","hierophant:Batter","blackbeard:Salvager"],"picked":"hierophant:BulkyChest","floor":33},{"not_picked":["hierophant:Remorse+1","hierophant:Refuge","blackbeard:DoubleBottom"],"picked":"hierophant:Exaltation","floor":35},{"not_picked":["hierophant:HolyVerse+1","hierophant:Doubloon","hierophant:AuricBeam","blackbeard:Dagger"],"picked":"Singing Bowl","floor":36},{"not_picked":["hierophant:CursedGold+1","hierophant:Smite","hierophant:Remorse","blackbeard:Shrapnel"],"picked":"Singing Bowl","floor":37},{"not_picked":["hierophant:Chorus","hierophant:OrnateJavelin+1","hierophant:Flagellation+1"],"picked":"blackbeard:GoldenDefense","floor":39},{"not_picked":["hierophant:OrnateJavelin+1","hierophant:Dazzle+1","hierophant:Exaltation"],"picked":"blackbeard:CaptainsHat","floor":40},{"not_picked":["hierophant:Patience","hierophant:SealAway","hierophant:Refuge","blackbeard:FinalBarrage"],"picked":"Singing Bowl","floor":42},{"not_picked":["hierophant:Upheaval","hierophant:Flagellation","blackbeard:Toast"],"picked":"hierophant:OrnateBuckler+1","floor":44},{"not_picked":["hierophant:AuricBeam+1","hierophant:Empathy","blackbeard:GoldenStrike"],"picked":"hierophant:Glossolalia+1","floor":48}],"player_experience":169311,"relics_obtained":[{"floor":4.0,"key":"Ring of Misfortune"},{"floor":4.0,"key":"Ring of Hypnosis"},{"floor":6.0,"key":"Replay:Bottled Steam"},{"floor":9.0,"key":"Replay:Bandana"},{"floor":10.0,"key":"vexMod:InvisibilityCloak"},{"floor":11,"key":"Blood Vial"},{"floor":15,"key":"infinitespire:Beetle Shell"},{"floor":24,"key":"vexMod:CardConverter"},{"floor":26,"key":"Oddly Smooth Stone"},{"floor":40,"key":"Golden Egg"},{"floor":43,"key":"Pen Nib"}],"event_choices":[{"damage_healed":0.0,"max_hp_gain":0.0,"max_hp_loss":0.0,"gold_gain":0.0,"event_name":"Wheel of Change","player_choice":"Relic","floor":10.0,"gold_loss":0.0,"damage_taken":0.0},{"cards_removed":["Replay:SS_fish_1"],"damage_healed":0,"gold_gain":0,"player_choice":"Gave Card","damage_taken":0,"relics_obtained":["Unceasing Top"],"max_hp_gain":0,"max_hp_loss":0,"event_name":"WeMeetAgain","floor":38,"gold_loss":0},{"damage_healed":0,"gold_gain":0,"player_choice":"Embrace Madness","damage_taken":12,"max_hp_gain":0,"max_hp_loss":0,"event_name":"Winding Halls","floor":41,"gold_loss":0,"cards_obtained":["Madness","Madness"]}],"is_beta":false,"boss_relics":[{"not_picked":["hubris:BlackHole","Snecko Heart"],"picked":"Painkiller Herb"},{"not_picked":["expansioncontent:StudyCardRelic","jedi:paperlyon"],"picked":"Fusion Hammer"}],"items_purged_floors":[12,12,21,46],"is_endless":false,"potions_floor_spawned":[2,14,16,18,19,27,35,40,44,48],"ascension_level":0}}