{"host":"q6ff4ns2kep02ti6","time":1610653302,"event":{"mods":["AchievementEnabler","BaseMod","Minty Spire (QoL Compilation)","Relic Stats","StSLib","Unceasing Turn Reminder"],"gold_per_floor":[133,188,188,248,306,345,345,400,451,387,352,393,17,52,52,52,52],"floor_reached":16,"language":"ENG","playtime":1101,"items_purged":["Strike_R"],"score":208,"play_id":"adf32483-d3e6-4a4c-9b85-787c8ab52074","local_time":"20210114204142","is_ascension_mode":true,"campfire_choices":[{"floor":7,"key":"REST"},{"floor":15,"key":"REST"}],"circlet_count":0,"master_deck":["AscendersBane","Strike_R","Strike_R","Strike_R","Strike_R","Defend_R","Defend_R","Defend_R","Defend_R","Bash","HandOfGreed","Twin Strike","True Grit","Second Wind","Corruption","Flame Barrier","Clothesline","Barricade","Burning Pact"],"relics":["Burning Blood","Golden Idol","Tiny Chest","Regal Pillow","Toolbox"],"acts_visited":["Exordium"],"potions_floor_usage":[6,8,16,16],"damage_taken":[{"damage":2,"enemies":"Cultist","floor":1,"turns":4},{"damage":2,"enemies":"2 Louse","floor":2,"turns":4},{"damage":3,"enemies":"Small Slimes","floor":4,"turns":4},{"damage":8,"enemies":"3 Louse","floor":5,"turns":5},{"damage":44,"enemies":"Gremlin Nob","floor":6,"turns":5},{"damage":16,"enemies":"Exordium Thugs","floor":8,"turns":5},{"damage":11,"enemies":"2 Fungi Beasts","floor":12,"turns":4},{"damage":29,"enemies":"Large Slime","floor":14,"turns":7},{"damage":47,"enemies":"Hexaghost","floor":16,"turns":9}],"seed_played":"3637386473229880777","potions_obtained":[{"floor":5,"key":"EssenceOfSteel"},{"floor":6,"key":"Fire Potion"},{"floor":12,"key":"SmokeBomb"},{"floor":14,"key":"Weak Potion"}],"is_trial":false,"path_per_floor":["M","M","?","M","M","E","R","M","T","?","?","M","$","M","R","B"],"character_chosen":"IRONCLAD","items_purchased":["Toolbox","PowerPotion","Barricade"],"campfire_rested":2,"item_purchase_floors":[13,13,13],"current_hp_per_floor":[68,68,45,48,46,8,28,18,18,18,35,30,30,7,42,0,0],"gold":52,"neow_bonus":"RANDOM_COLORLESS_2","is_daily":false,"chose_seed":false,"campfire_upgraded":0,"win_rate":0.0,"timestamp":1610653302,"path_taken":["M","M","?","M","M","E","R","M","T","?","?","M","$","M","R","BOSS"],"items_purchased_type":["Relic","Potion","Card"],"build_version":"2020-12-22","purchased_purges":1,"victory":false,"max_hp_per_floor":[68,68,68,68,68,68,68,68,68,68,68,68,68,68,68,68,68],"relic_stats":{"Regal Pillow":15,"counters":[9,47],"Golden Idol":26,"Tiny Chest":0,"obtain_stats":[{"Regal Pillow":9,"Golden Idol":3,"Toolbox":13,"Tiny Chest":6,"Burning Blood":0},{"Regal Pillow":6,"Golden Idol":2,"Toolbox":7,"Tiny Chest":5,"Burning Blood":0},{"Regal Pillow":27,"Golden Idol":8,"Toolbox":31,"Tiny Chest":22,"Burning Blood":0}],"Burning Blood":40},"card_choices":[{"not_picked":["Sadistic Nature","Secret Technique"],"picked":"HandOfGreed","floor":0},{"not_picked":["Iron Wave","Pummel"],"picked":"Twin Strike","floor":1},{"not_picked":["Perfected Strike","Clash"],"picked":"True Grit","floor":2},{"not_picked":["Metallicize","Clash"],"picked":"Second Wind","floor":4},{"not_picked":["Sword Boomerang","Ghostly Armor"],"picked":"Corruption","floor":5},{"not_picked":["Havoc","Twin Strike"],"picked":"Flame Barrier","floor":6},{"not_picked":["Body Slam","Thunderclap"],"picked":"Clothesline","floor":8},{"not_picked":["Heavy Blade","Flex","True Grit"],"picked":"SKIP","floor":12},{"not_picked":["Sever Soul","Body Slam"],"picked":"Burning Pact","floor":14}],"player_experience":935727,"relics_obtained":[{"floor":6,"key":"Tiny Chest"},{"floor":9,"key":"Regal Pillow"}],"event_choices":[{"damage_healed":0,"gold_gain":0,"player_choice":"Take Damage","damage_taken":23,"relics_obtained":["Golden Idol"],"max_hp_gain":0,"max_hp_loss":0,"event_name":"Golden Idol","floor":3,"gold_loss":0},{"damage_healed":0,"gold_gain":0,"player_choice":"Left Gold","damage_taken":0,"max_hp_gain":0,"max_hp_loss":0,"event_name":"World of Goop","floor":10,"gold_loss":64},{"damage_healed":17,"gold_gain":0,"player_choice":"Healed","damage_taken":0,"max_hp_gain":0,"max_hp_loss":0,"event_name":"The Cleric","floor":11,"gold_loss":35}],"is_beta":false,"boss_relics":[],"items_purged_floors":[13],"is_endless":false,"potions_floor_spawned":[5,6,12,14],"killed_by":"Hexaghost","ascension_level":20}}