{"host":"1z4hbl9vfqrhg136","time":1610652426,"event":{"mods":["BaseMod","Minty Spire (QoL Compilation)"],"gold_per_floor":[116,116,116,132,144,177,177,210,259,273,273,273],"floor_reached":11,"language":"ENG","playtime":705,"items_purged":[],"score":166,"play_id":"e93dbe71-b83c-4f8b-8266-30bec7989aa0","local_time":"20210114192706","is_ascension_mode":true,"campfire_choices":[{"data":"Compile Driver","floor":7,"key":"SMITH"}],"circlet_count":0,"master_deck":["AscendersBane","Strike_B","Strike_B","Strike_B","Strike_B","Defend_B","Defend_B","Defend_B","Defend_B","Zap","Dualcast","Sweeping Beam","Chaos","Compile Driver","Compile Driver+1","Biased Cognition","Beam Cell"],"relics":["Cracked Core","The Courier","Omamori","Nunchaku"],"acts_visited":["Exordium"],"potions_floor_usage":[6,6,10,11],"damage_taken":[{"damage":2,"enemies":"Jaw Worm","floor":1,"turns":5},{"damage":0,"enemies":"Small Slimes","floor":4,"turns":2},{"damage":1,"enemies":"Cultist","floor":5,"turns":3},{"damage":4,"enemies":"3 Sentries","floor":6,"turns":7},{"damage":38,"enemies":"Lagavulin","floor":8,"turns":7},{"damage":10,"enemies":"Gremlin Gang","floor":10,"turns":4},{"damage":33,"enemies":"3 Sentries","floor":11,"turns":7}],"seed_played":"455694108966244402","potions_obtained":[{"floor":1,"key":"EssenceOfDarkness"},{"floor":5,"key":"SkillPotion"},{"floor":8,"key":"SkillPotion"},{"floor":10,"key":"GamblersBrew"}],"is_trial":false,"path_per_floor":["M","?","?","M","M","E","R","E","T","M","E"],"character_chosen":"DEFECT","items_purchased":[],"campfire_rested":0,"item_purchase_floors":[],"current_hp_per_floor":[69,69,78,78,77,73,73,35,35,25,0,0],"gold":273,"neow_bonus":"TEN_PERCENT_HP_BONUS","is_daily":false,"chose_seed":false,"campfire_upgraded":1,"win_rate":0.0,"timestamp":1610652426,"path_taken":["M","?","?","M","?","E","R","E","T","?","E"],"items_purchased_type":[],"build_version":"2020-12-22","purchased_purges":0,"victory":false,"max_hp_per_floor":[78,78,78,78,78,78,78,78,78,78,78,78],"card_choices":[{"not_picked":["Fusion","Chill"],"picked":"Sweeping Beam","floor":1},{"not_picked":["Double Energy","Recycle"],"picked":"Chaos","floor":4},{"not_picked":["Barrage","Tempest"],"picked":"Compile Driver","floor":5},{"not_picked":["Force Field","Stack"],"picked":"Compile Driver","floor":6},{"not_picked":["Leap","Cold Snap"],"picked":"Biased Cognition","floor":8},{"not_picked":["Conserve Battery","Coolheaded"],"picked":"Beam Cell","floor":10}],"player_experience":1882454,"relics_obtained":[{"floor":6,"key":"The Courier"},{"floor":8,"key":"Omamori"},{"floor":9,"key":"Nunchaku"}],"event_choices":[{"damage_healed":0,"gold_gain":0,"player_choice":"Ignored","damage_taken":0,"max_hp_gain":0,"max_hp_loss":0,"event_name":"Shining Light","floor":2,"gold_loss":0},{"damage_healed":9,"gold_gain":0,"player_choice":"Full Heal","damage_taken":0,"max_hp_gain":0,"max_hp_loss":0,"event_name":"Wheel of Change","floor":3,"gold_loss":0}],"is_beta":false,"boss_relics":[],"items_purged_floors":[],"is_endless":false,"potions_floor_spawned":[1,5,8,10],"killed_by":"3 Sentries","ascension_level":20}}