{"host":"d85gwtocd8go8gx0","time":1610598491,"event":{"mods":["BaseMod","Highlight Path","Minty Spire (QoL Compilation)","Permanent Neow","Quick Restart"],"gold_per_floor":[109,127,61,76,86,119,119,148,148,148,164,176,209,36,36,113,113,130,130,130,144,158,186,186,221,221,238,238,238,238,238],"floor_reached":30,"language":"ENG","playtime":1218,"items_purged":[],"score":580,"play_id":"7f741b5b-5ae3-48e0-ae96-7d84065b2815","local_time":"20210113202811","is_ascension_mode":true,"campfire_choices":[{"floor":7.0,"key":"REST"},{"data":"Perfected Strike","floor":15.0,"key":"SMITH"},{"floor":24.0,"key":"REST"},{"floor":29,"key":"REST"}],"circlet_count":0,"master_deck":["AscendersBane","Strike_R","Strike_R","Strike_R","Strike_R","Strike_R","Defend_R","Defend_R","Defend_R","Defend_R","Bash+1","Warcry","Burning Pact","Twin Strike","Rage","Anger","Decay","Perfected Strike+1","Flex","Clothesline","Barricade","Perfected Strike","Normality","J.A.X.","Anger+1","Metallicize","Havoc","Perfected Strike","Regret","Flex+1"],"relics":["Cursed Key","Question Card","Strawberry","Sundial","Self Forming Clay","Lee\u0027s Waffle","Sozu","Dead Branch","Bronze Scales","Incense Burner","Pantograph","Frozen Egg 2"],"acts_visited":["Exordium","TheCity"],"potions_floor_usage":[],"damage_taken":[{"damage":7.0,"enemies":"Cultist","floor":1.0,"turns":4.0},{"damage":7.0,"enemies":"Jaw Worm","floor":2.0,"turns":3.0},{"damage":12.0,"enemies":"Small Slimes","floor":4.0,"turns":3.0},{"damage":18.0,"enemies":"Red Slaver","floor":5.0,"turns":5.0},{"damage":6.0,"enemies":"Gremlin Nob","floor":6.0,"turns":3.0},{"damage":29.0,"enemies":"Lagavulin","floor":8.0,"turns":6.0},{"damage":11.0,"enemies":"Looter","floor":11.0,"turns":2.0},{"damage":4.0,"enemies":"Blue Slaver","floor":12.0,"turns":3.0},{"damage":2.0,"enemies":"Gremlin Nob","floor":13.0,"turns":3.0},{"damage":22.0,"enemies":"Slime Boss","floor":16.0,"turns":7.0},{"damage":23.0,"enemies":"Shell Parasite","floor":18.0,"turns":4.0},{"damage":14.0,"enemies":"2 Thieves","floor":21.0,"turns":4.0},{"damage":20.0,"enemies":"Centurion and Healer","floor":22.0,"turns":4.0},{"damage":39.0,"enemies":"Gremlin Leader","floor":23.0,"turns":4.0},{"damage":23.0,"enemies":"Book of Stabbing","floor":25.0,"turns":4.0},{"damage":7,"enemies":"Sentry and Sphere","floor":27,"turns":4},{"damage":28,"enemies":"Gremlin Leader","floor":30,"turns":4}],"seed_played":"-6433360477462081554","potions_obtained":[{"floor":1.0,"key":"SteroidPotion"},{"floor":6.0,"key":"Ancient Potion"},{"floor":8.0,"key":"Weak Potion"},{"floor":12.0,"key":"HeartOfIron"},{"floor":13.0,"key":"BloodPotion"},{"floor":16.0,"key":"Explosive Potion"}],"is_trial":false,"path_per_floor":["M","M","?","M","M","E","R","E","T","?","M","M","E","$","R","B",null,"M","T","?","M","M","E","R","E","T","M","?","R","E"],"character_chosen":"IRONCLAD","items_purchased":["Lee\u0027s Waffle"],"campfire_rested":3,"item_purchase_floors":[14],"current_hp_per_floor":[61,54,54,42,24,18,40,18,18,18,7,3,1,89,89,67,84,61,61,61,47,27,5,31,8,8,1,1,27,0,0],"gold":238,"neow_bonus":"BOSS_RELIC","is_daily":false,"chose_seed":false,"campfire_upgraded":1,"win_rate":0.0,"timestamp":1610598491,"path_taken":["M","M","?","M","M","E","R","E","T","?","M","?","E","?","R","BOSS","M","?","?","M","M","E","R","E","T","M","?","R","E"],"items_purchased_type":["Relic"],"build_version":"2020-12-22","purchased_purges":0,"victory":false,"max_hp_per_floor":[75,75,75,75,75,75,75,82,82,82,82,82,82,89,89,89,89,89,89,89,89,89,89,89,89,89,89,89,89,89,89],"card_choices":[{"not_picked":["Combust","Shrug It Off"],"picked":"Warcry","floor":1.0},{"not_picked":["Wild Strike","True Grit"],"picked":"Burning Pact","floor":2.0},{"not_picked":["True Grit","Intimidate","Combust"],"picked":"SKIP","floor":4.0},{"not_picked":["Pommel Strike","Headbutt"],"picked":"Twin Strike","floor":5.0},{"not_picked":["Thunderclap","Burning Pact"],"picked":"Rage","floor":6.0},{"not_picked":["Headbutt","Clash","Body Slam"],"picked":"Anger","floor":8.0},{"not_picked":["Power Through","Sever Soul","Fiend Fire"],"picked":"Perfected Strike","floor":11.0},{"not_picked":["Body Slam","Combust","Sword Boomerang"],"picked":"Flex","floor":12.0},{"not_picked":["True Grit","Hemokinesis","Wild Strike"],"picked":"Clothesline","floor":13.0},{"not_picked":["Exhume","Reaper","Limit Break"],"picked":"Barricade","floor":16.0},{"not_picked":["Seeing Red+1","Evolve+1","Infernal Blade"],"picked":"Perfected Strike","floor":18.0},{"not_picked":["Whirlwind","Heavy Blade","Hemokinesis"],"picked":"Anger+1","floor":21.0},{"not_picked":["Cleave","Anger","Sword Boomerang"],"picked":"Metallicize","floor":22.0},{"not_picked":["Inflame","Iron Wave","Evolve"],"picked":"Havoc","floor":23.0},{"not_picked":["Berserk","Pommel Strike","Clash"],"picked":"Perfected Strike","floor":25.0},{"not_picked":["Shockwave","Armaments","Clash"],"picked":"Flex+1","floor":27}],"player_experience":5910,"relics_obtained":[{"floor":6.0,"key":"Question Card"},{"floor":8.0,"key":"Strawberry"},{"floor":9.0,"key":"Sundial"},{"floor":13.0,"key":"Self Forming Clay"},{"floor":19.0,"key":"Dead Branch"},{"floor":23.0,"key":"Bronze Scales"},{"floor":25.0,"key":"Incense Burner"},{"floor":26.0,"key":"Pantograph"},{"floor":28,"key":"Frozen Egg 2"}],"event_choices":[{"damage_healed":0.0,"max_hp_gain":0.0,"max_hp_loss":0.0,"gold_gain":0.0,"event_name":"World of Goop","player_choice":"Left Gold","floor":3.0,"gold_loss":66.0,"damage_taken":0.0},{"damage_healed":0.0,"max_hp_gain":0.0,"max_hp_loss":0.0,"gold_gain":0.0,"event_name":"Upgrade Shrine","player_choice":"Upgraded","floor":10.0,"gold_loss":0.0,"damage_taken":0.0,"cards_upgraded":["Bash"]},{"damage_healed":0.0,"max_hp_gain":0.0,"max_hp_loss":0.0,"gold_gain":0.0,"event_name":"Drug Dealer","player_choice":"Obtain J.A.X.","floor":20.0,"gold_loss":0.0,"damage_taken":0.0,"cards_obtained":["J.A.X."]},{"damage_healed":0,"gold_gain":0,"player_choice":"Relic","damage_taken":0,"max_hp_gain":0,"max_hp_loss":0,"event_name":"Wheel of Change","floor":28,"gold_loss":0}],"is_beta":false,"boss_relics":[{"not_picked":["Astrolabe","Empty Cage"],"picked":"Sozu"}],"items_purged_floors":[],"is_endless":false,"potions_floor_spawned":[1,6,8,12,13,16,21,23],"killed_by":"Gremlin Leader","ascension_level":20}}