{"host":"wogey4gsknv4ot2d","time":1610597711,"event":{"mods":["AchievementEnabler","BaseMod","Bestiary","Colored Map","Colored Powertips","Key Reminder","Minty Spire (QoL Compilation)","Permanent Neow","Rare Cards Sparkle","Relic Stats","The IronCluck","slay the spire mod where everything is the same but ironclad has a cowboy hat"],"gold_per_floor":[113,127,141,7,20,47,111,136,161,161,177,177,177,277,277,277,277],"floor_reached":16,"language":"ENG","playtime":704,"items_purged":[],"score":110,"play_id":"840b0976-c869-4a82-abf2-bc1a3d407215","local_time":"20210113221511","is_ascension_mode":false,"campfire_choices":[{"floor":10,"key":"REST"},{"data":"Flame Barrier","floor":15,"key":"SMITH"}],"circlet_count":0,"master_deck":["Strike_R","Strike_R","Strike_R","Strike_R","Strike_R","Defend_R","Defend_R","Defend_R","Defend_R","Bash","Brutality","Uppercut","Flame Barrier+1","Shrug It Off","Discovery","Heavy Blade","Seeing Red+1","Rampage","Cleave"],"relics":["Burning Blood","Toxic Egg 2","Orichalcum","Bag of Preparation"],"acts_visited":["Exordium"],"potions_floor_usage":[5,6,16],"damage_taken":[{"damage":3,"enemies":"Small Slimes","floor":1,"turns":3},{"damage":1,"enemies":"2 Louse","floor":2,"turns":3},{"damage":1,"enemies":"Cultist","floor":3,"turns":4},{"damage":21,"enemies":"Lots of Slimes","floor":5,"turns":6},{"damage":29,"enemies":"Lagavulin","floor":6,"turns":6},{"damage":41,"enemies":"3 Sentries","floor":8,"turns":9},{"damage":1,"enemies":"Looter","floor":11,"turns":2},{"damage":62,"enemies":"The Guardian","floor":16,"turns":15}],"seed_played":"-8099656361618044349","potions_obtained":[{"floor":1,"key":"DistilledChaos"},{"floor":11,"key":"EssenceOfSteel"}],"is_trial":false,"path_per_floor":["M","M","M","$","M","E","?","E","T","R","M","?","?","?","R","B"],"character_chosen":"IRONCLAD","items_purchased":["FearPotion","Discovery"],"campfire_rested":1,"item_purchase_floors":[4,4],"current_hp_per_floor":[80,80,80,80,65,42,42,7,7,31,36,36,62,62,62,0,0],"gold":277,"neow_bonus":"ONE_RANDOM_RARE_CARD","is_daily":false,"chose_seed":false,"campfire_upgraded":1,"win_rate":0.0,"timestamp":1610597711,"path_taken":["M","M","M","$","M","E","?","E","T","R","M","?","?","?","R","BOSS"],"items_purchased_type":["Potion","Card"],"build_version":"2020-12-22","purchased_purges":0,"victory":false,"max_hp_per_floor":[80,80,80,80,80,80,80,80,80,80,80,80,80,80,80,80,80],"relic_stats":{"counters":[8,47],"Bag of Preparation":[4],"Orichalcum":[18],"obtain_stats":[{"Bag of Preparation":9,"Toxic Egg 2":6,"Orichalcum":8,"Burning Blood":0},{"Bag of Preparation":6,"Toxic Egg 2":5,"Orichalcum":6,"Burning Blood":0},{"Bag of Preparation":31,"Toxic Egg 2":22,"Orichalcum":31,"Burning Blood":0}],"Burning Blood":29},"card_choices":[{"not_picked":["Rupture","Wild Strike"],"picked":"Uppercut","floor":1},{"not_picked":["Pommel Strike","Heavy Blade"],"picked":"Flame Barrier","floor":2},{"not_picked":["Perfected Strike","Flex"],"picked":"Shrug It Off","floor":3},{"not_picked":["Power Through","Flex"],"picked":"Heavy Blade","floor":5},{"not_picked":["Feed","Pommel Strike"],"picked":"Seeing Red+1","floor":6},{"not_picked":["Warcry+1","Demon Form"],"picked":"Rampage","floor":8},{"not_picked":["Flex+1","Blood for Blood"],"picked":"Cleave","floor":11}],"player_experience":29224,"relics_obtained":[{"floor":6,"key":"Toxic Egg 2"},{"floor":8,"key":"Orichalcum"},{"floor":9,"key":"Bag of Preparation"}],"event_choices":[{"damage_healed":0,"gold_gain":64,"player_choice":"Gained Gold","damage_taken":0,"max_hp_gain":0,"max_hp_loss":0,"event_name":"Golden Wing","floor":7,"gold_loss":0},{"damage_healed":0,"gold_gain":0,"player_choice":"Fled","damage_taken":0,"max_hp_gain":0,"max_hp_loss":0,"event_name":"Scrap Ooze","floor":12,"gold_loss":0},{"damage_healed":26,"gold_gain":0,"player_choice":"Banana","damage_taken":0,"max_hp_gain":0,"max_hp_loss":0,"event_name":"Big Fish","floor":13,"gold_loss":0},{"damage_healed":0,"gold_gain":100,"player_choice":"Pray","damage_taken":0,"max_hp_gain":0,"max_hp_loss":0,"event_name":"Golden Shrine","floor":14,"gold_loss":0}],"is_beta":false,"boss_relics":[],"items_purged_floors":[],"is_endless":false,"potions_floor_spawned":[1,8,11],"killed_by":"The Guardian","ascension_level":0}}