{"host":"m5bsg12zcyqnofur","time":1610664126,"event":{"mods":["AchievementEnabler","BaseMod","BetterRewards","Colored Powertips","Downfall","Hermit","Highlight Path","Minty Spire (QoL Compilation)","Quick Restart","Replay The Spire","Shop Mod","StSLib","The Bug Knight"],"gold_per_floor":[367,292,307,171,186,213,213,247,273,293,326,326,338,348,348,447,447,457,372,372,372,382,417,417,443,443,31,51,51,69,94,94,197,197,214,234,234,234,254,254,284,300,323,118,118,45,45,45,45,45,45,45,45,72,72,72],"floor_reached":55,"language":"ENG","playtime":4169,"items_purged":["Strike_R","Strike_R","Strike_R"],"score":710,"play_id":"9aff3a9f-e532-4fe1-b62e-af97de10cb6a","local_time":"20210114164206","is_ascension_mode":true,"campfire_choices":[{"data":"Berserk","floor":7.0,"key":"SMITH"},{"data":"Pot Of Greed","floor":12.0,"key":"SMITH"},{"data":"Pot Of Greed","floor":15.0,"key":"SMITH"},{"data":"Berserk","floor":24.0,"key":"SMITH"},{"data":"Demon Form","floor":29.0,"key":"SMITH"},{"data":"Corruption","floor":32.0,"key":"SMITH"},{"data":"Heavy Blade","floor":40.0,"key":"SMITH"},{"data":"Demon Form","floor":45.0,"key":"SMITH"},{"data":"Rampage","floor":47.0,"key":"SMITH"},{"floor":49.0,"key":"RECALL"},{"data":"Pummel","floor":52.0,"key":"SMITH"}],"circlet_count":0,"master_deck":["Defend_R","Defend_R","Defend_R","Defend_R+1","Bash","Seeing Red+1","Iron Wave","Twin Strike+1","Berserk+1","Pummel+1","Pot Of Greed+1","Pot Of Greed+1","Reaper","Sword Boomerang","Demon Form+1","Berserk+1","Demon Form+1","Corruption+1","Offering+1","Heavy Blade+1","Flame Barrier+1","Overencumbered","Rage+1","Pot Of Greed+1","Rampage+1","Seeing Red+1"],"relics":["Burning Blood","War Paint","PreservedInsect","Grinning Jar","Runic Pyramid","HornCleat","Nloth\u0027s Gift","Nunchaku","Bag of Marbles","Toxic Egg 2","Strange Spoon","Eternal Feather","SacredBark","Blue Candle","Dead Branch","ReplayTheSpireMod:CursedCoin","CaptainsWheel"],"acts_visited":["Exordium","TheCity","TheBeyond","TheEnding"],"potions_floor_usage":[55],"damage_taken":[{"damage":0.0,"enemies":"Small Slimes","floor":1.0,"turns":3.0},{"damage":9.0,"enemies":"Jaw Worm","floor":3.0,"turns":3.0},{"damage":1.0,"enemies":"Cultist","floor":5.0,"turns":3.0},{"damage":21.0,"enemies":"HollowMod:MossKnight","floor":6.0,"turns":7.0},{"damage":28.0,"enemies":"Lagavulin","floor":8.0,"turns":8.0},{"damage":0.0,"enemies":"Red Slaver","floor":10.0,"turns":1.0},{"damage":8.0,"enemies":"3 Sentries","floor":11.0,"turns":7.0},{"damage":7.0,"enemies":"Gremlin Gang","floor":13.0,"turns":3.0},{"damage":5.0,"enemies":"Exordium Thugs","floor":14.0,"turns":3.0},{"damage":39.0,"enemies":"Fading Forest","floor":16.0,"turns":11.0},{"damage":34.0,"enemies":"2 Thieves","floor":18.0,"turns":5.0},{"damage":0.0,"enemies":"Chosen","floor":22.0,"turns":4.0},{"damage":7.0,"enemies":"Replay:Snechameleon","floor":23.0,"turns":7.0},{"damage":27.0,"enemies":"Book of Stabbing","floor":25.0,"turns":5.0},{"damage":25.0,"enemies":"Snake Plant","floor":28.0,"turns":4.0},{"damage":30.0,"enemies":"Shelled Parasite and Fungi","floor":30.0,"turns":4.0},{"damage":12.0,"enemies":"Slavers","floor":31.0,"turns":4.0},{"damage":36.0,"enemies":"Collector","floor":33.0,"turns":6.0},{"damage":7.0,"enemies":"Orb Walker","floor":35.0,"turns":3.0},{"damage":26.0,"enemies":"3 Shapes","floor":36.0,"turns":3.0},{"damage":40.0,"enemies":"Sphere and 2 Shapes","floor":39.0,"turns":4.0},{"damage":4.0,"enemies":"Giant Head","floor":41.0,"turns":5.0},{"damage":44.0,"enemies":"Transient","floor":42.0,"turns":5.0},{"damage":39.0,"enemies":"Replay:Hell Engine","floor":50.0,"turns":7.0},{"damage":63.0,"enemies":"Shield and Spear","floor":54.0,"turns":5.0},{"damage":60,"enemies":"The Heart","floor":55,"turns":5}],"seed_played":"1096033154468798538","potions_obtained":[{"floor":3.0,"key":"ColorlessPotion"},{"floor":8.0,"key":"Weak Potion"},{"floor":10.0,"key":"Venom Potion"},{"floor":11.0,"key":"EssenceOfSteel"},{"floor":14.0,"key":"Languid Potion"},{"floor":22.0,"key":"SneckoOil"},{"floor":25.0,"key":"GamblersBrew"},{"floor":30.0,"key":"ColorlessPotion"},{"floor":31.0,"key":"BlessingOfTheForge"},{"floor":39.0,"key":"BloodPotion"},{"floor":42.0,"key":"Explosive Potion"}],"is_trial":false,"path_per_floor":["M","$","M","$","M","E","R","E","T","M","E","R","M","M","R","B",null,"M","?","?","?","M","E","R","E","T","$","M","R","M","E","R","B",null,"M","M","?","$","M","R","E","M","T","$","R","$","R","$","R","B",null,"R","$","E","B"],"character_chosen":"IRONCLAD","items_purchased":["Twin Strike+1","Strange Spoon","Demon Form","Dead Branch","ReplayTheSpireMod:CursedCoin","Rage+1","Rampage"],"campfire_rested":0,"item_purchase_floors":[4,27,27,44,44,44,46],"current_hp_per_floor":[72,72,69,69,72,57,57,35,35,41,39,39,38,39,39,26,72,51,51,51,51,61,72,72,63,63,63,50,50,42,60,69,39,72,71,63,63,63,50,62,64,26,26,26,38,38,53,53,68,72,72,72,72,15,0,0],"gold":72,"neow_bonus":"TWO_FIFTY_GOLD","is_daily":false,"chose_seed":false,"campfire_upgraded":10,"win_rate":0.0,"timestamp":1610664126,"path_taken":["M","$","M","$","M","E","R","E","T","M","E","R","M","M","R","BOSS","M","?","?","?","M","E","R","E","T","$","M","R","M","E","R","BOSS","M","M","?","$","M","R","E","M","T","$","R","?","R","$","R","BOSS","R","$","E","BOSS"],"items_purchased_type":["Card","Relic","Card","Relic","Relic","Card","Card"],"build_version":"2020-12-22","purchased_purges":3,"victory":false,"max_hp_per_floor":[72,72,72,72,72,72,72,72,72,72,72,72,72,72,72,72,72,72,72,72,72,72,72,72,72,72,72,72,72,72,72,72,72,72,72,72,72,72,72,72,72,72,72,72,72,72,72,72,72,72,72,72,72,72,72,72],"card_choices":[{"not_picked":["Clothesline","Intimidate"],"picked":"Seeing Red","floor":1.0},{"not_picked":["True Grit","Abandon"],"picked":"Iron Wave","floor":3.0},{"not_picked":["ReplayTheSpireMod:LeadingStrike","Clash","ReplayTheSpireMod:Strike From Hell"],"picked":"SKIP","floor":5.0},{"not_picked":["Shrug It Off","Pommel Strike"],"picked":"Berserk","floor":6.0},{"not_picked":["ReplayTheSpireMod:Stacked","True Grit"],"picked":"Pummel","floor":8.0},{"not_picked":["Perfected Strike","Armaments","Run Through"],"picked":"SKIP","floor":10.0},{"not_picked":["Sever Soul","Dropkick","Thunderclap"],"picked":"SKIP","floor":11.0},{"not_picked":["Bloodletting","Clash","Perfected Strike"],"picked":"SKIP","floor":13.0},{"not_picked":["Demonic Infusion","Havoc","Thunderclap"],"picked":"SKIP","floor":14.0},{"not_picked":["Impervious","Bludgeon"],"picked":"Reaper","floor":16.0},{"not_picked":["Wild Strike","Havoc"],"picked":"Sword Boomerang","floor":18.0},{"not_picked":["Carnage","Burning Pact"],"picked":"Demon Form","floor":22.0},{"not_picked":["Second Wind","Exhume"],"picked":"Berserk","floor":23.0},{"not_picked":["Dual Wield","ReplayTheSpireMod:LeadingStrike+1","Anger"],"picked":"SKIP","floor":25.0},{"not_picked":["Havoc+1","Clash","Power Through+1"],"picked":"SKIP","floor":28.0},{"not_picked":["Searing Blow+1","Shrug It Off+1","ReplayTheSpireMod:Stacked+1"],"picked":"SKIP","floor":30.0},{"not_picked":["Iron Wave","Perfected Strike"],"picked":"Corruption","floor":31.0},{"not_picked":["Feed","Bludgeon"],"picked":"Offering+1","floor":33.0},{"not_picked":["Clash+1","Warcry+1","Cleave+1"],"picked":"SKIP","floor":35.0},{"not_picked":["Second Wind+1","ReplayTheSpireMod:LeadingStrike","Life Link"],"picked":"SKIP","floor":36.0},{"not_picked":["Sword Boomerang","Body Slam"],"picked":"Heavy Blade","floor":39.0},{"not_picked":["Wild Strike","Anger","Replay:Many Hands+1"],"picked":"SKIP","floor":41.0},{"not_picked":["Combust+1","Run Through"],"picked":"Flame Barrier+1","floor":42.0},{"not_picked":["Shrug It Off+1","ReplayTheSpireMod:Strike From Hell+1"],"picked":"Seeing Red+1","floor":54.0}],"player_experience":216233,"relics_obtained":[{"floor":6.0,"key":"War Paint"},{"floor":8.0,"key":"Red Skull"},{"floor":9.0,"key":"PreservedInsect"},{"floor":11.0,"key":"Grinning Jar"},{"floor":23.0,"key":"Nunchaku"},{"floor":25.0,"key":"Bag of Marbles"},{"floor":26.0,"key":"Toxic Egg 2"},{"floor":31.0,"key":"Eternal Feather"},{"floor":41.0,"key":"Blue Candle"},{"floor":54.0,"key":"CaptainsWheel"}],"event_choices":[{"damage_healed":0.0,"max_hp_gain":0.0,"max_hp_loss":0.0,"gold_gain":0.0,"event_name":"Addict","player_choice":"Obtained Relic","floor":19.0,"gold_loss":85.0,"damage_taken":0.0,"relics_obtained":["HornCleat"]},{"cards_removed":["Strike_R"],"damage_healed":0.0,"max_hp_gain":0.0,"max_hp_loss":0.0,"gold_gain":0.0,"event_name":"Back to Basics","player_choice":"Elegance","floor":20.0,"gold_loss":0.0,"damage_taken":0.0},{"damage_healed":0.0,"max_hp_gain":0.0,"max_hp_loss":0.0,"gold_gain":0.0,"event_name":"N\u0027loth","player_choice":"Traded Relic","floor":21.0,"relics_lost":["Red Skull"],"gold_loss":0.0,"damage_taken":0.0,"relics_obtained":["Nloth\u0027s Gift"]},{"cards_removed":["Strike_R"],"damage_healed":0.0,"max_hp_gain":0.0,"max_hp_loss":0.0,"gold_gain":0.0,"event_name":"Bonfire Elementals","player_choice":"Offered Basic","floor":37.0,"gold_loss":0.0,"damage_taken":0.0}],"is_beta":false,"boss_relics":[{"not_picked":["Replay:Wanted Poster","Tiny House"],"picked":"Runic Pyramid"},{"not_picked":["Astrolabe","Runic Cube"],"picked":"SacredBark"}],"items_purged_floors":[2,4,27],"is_endless":false,"potions_floor_spawned":[3,8,10,11,14,22,25,30,31,39,42],"killed_by":"The Heart","ascension_level":2}}