{"host":"minw3mmpo4s8ujtp","time":1610638655,"event":{"mods":["A Magickal Journey","BaseMod","Bestiary","ChefMod","Hermit","Minty Spire (QoL Compilation)","Quick Restart","Relic Stats","Shade Mod","StSLib","The Necromancer","The Runesmith","TheHero","Treasure Hunter"],"gold_per_floor":[119,219,236,246,256,289,29,29,54,54,54,54,54,74,74,170,170,189,201,85,99,99,99,99,118,118,118,118,118],"floor_reached":28,"language":"ENG","playtime":3423,"items_purged":[],"score":218,"play_id":"f501ee0b-1c24-4fe8-bb51-0812c88fe61e","local_time":"20210114103735","is_ascension_mode":false,"campfire_choices":[{"floor":8.0,"key":"REST"},{"data":"CutThroughFate","floor":11.0,"key":"SMITH"},{"data":"Eruption","floor":13.0,"key":"SMITH"},{"data":"PathToVictory","floor":15.0,"key":"SMITH"},{"floor":23.0,"key":"REST"},{"floor":27.0,"key":"REST"}],"circlet_count":0,"master_deck":["Defend_P","Defend_P+1","Defend_P","Defend_P","Eruption+1","Vigilance+1","WheelKick","Prostrate","PathToVictory+1","Evaluate","CutThroughFate+1","Parasite","Consecrate+1","ConjureBlade","Establishment+1","Wireheading+1","Crescendo+1","WindmillStrike+1","ClearTheMind","Wireheading","FearNoEvil+1","CutThroughFate+1","CutThroughFate+1"],"relics":["PureWater","War Paint","Orichalcum","Molten Egg 2","Strawberry","Astrolabe","FossilizedHelix"],"acts_visited":[],"potions_floor_usage":[],"damage_taken":[{"damage":0.0,"enemies":"Small Slimes","floor":1.0,"turns":2.0},{"damage":0.0,"enemies":"Cultist","floor":3.0,"turns":2.0},{"damage":2.0,"enemies":"Jaw Worm","floor":4.0,"turns":3.0},{"damage":2.0,"enemies":"Blue Slaver","floor":5.0,"turns":4.0},{"damage":41.0,"enemies":"3 Sentries","floor":6.0,"turns":16.0},{"damage":6.0,"enemies":"2 Fungi Beasts","floor":14.0,"turns":4.0},{"damage":65.0,"enemies":"The Guardian","floor":16.0,"turns":8.0},{"damage":55.0,"enemies":"3 Byrds","floor":18.0,"turns":5.0},{"damage":6.0,"enemies":"Spheric Guardian","floor":19.0,"turns":4.0},{"damage":15.0,"enemies":"Snake Plant","floor":21.0,"turns":3.0},{"damage":18.0,"enemies":"Snecko","floor":25.0,"turns":5.0},{"damage":0,"enemies":"Chosen and Byrds","floor":28,"turns":1}],"seed_played":"3943196255041509959","potions_obtained":[{"floor":1.0,"key":"FearPotion"},{"floor":3.0,"key":"SpeedPotion"},{"floor":21.0,"key":"AttackPotion"},{"floor":25.0,"key":"DistilledChaos"}],"is_trial":false,"path_per_floor":["M","?","M","M","M","E","$","R","T","?","R","?","R","M","R","B",null,"M","M","$","M","?","R","$","M","T","R","M"],"character_chosen":"WATCHER","items_purchased":["Molten Egg 2","Wireheading","FearNoEvil+1"],"campfire_rested":3,"item_purchase_floors":[7,20,20],"current_hp_per_floor":[72,72,72,70,68,27,27,48,55,74,74,74,74,68,68,3,79,24,18,18,3,3,26,26,8,8,31,31,31],"gold":118,"neow_bonus":"RANDOM_COMMON_RELIC","is_daily":false,"chose_seed":false,"campfire_upgraded":3,"win_rate":0.0,"timestamp":1610638655,"path_taken":["M","?","M","M","?","E","$","R","T","?","R","?","R","M","R","BOSS","M","M","$","M","?","R","$","M","T","R","M"],"items_purchased_type":["Relic","Card","Card"],"build_version":"2020-12-22","purchased_purges":0,"victory":false,"max_hp_per_floor":[72,72,72,72,72,72,72,72,79,79,79,79,79,79,79,79,79,79,79,79,79,79,79,79,79,79,79,79,79],"relic_stats":{"counters":[1,1],"Astrolabe":[],"War Paint":[],"Orichalcum":[0],"obtain_stats":[{"Strawberry":0,"Astrolabe":0,"Molten Egg 2":0,"PureWater":0,"War Paint":0,"Orichalcum":0,"FossilizedHelix":0},{"Strawberry":0,"Astrolabe":0,"Molten Egg 2":0,"PureWater":0,"War Paint":0,"Orichalcum":0,"FossilizedHelix":0},{"Strawberry":0,"Astrolabe":0,"Molten Egg 2":0,"PureWater":0,"War Paint":0,"Orichalcum":0,"FossilizedHelix":0}]},"card_choices":[{"not_picked":["Vengeance","Weave"],"picked":"WheelKick","floor":1.0},{"not_picked":["Indignation","Protect"],"picked":"Prostrate","floor":3.0},{"not_picked":["Halt","CutThroughFate"],"picked":"PathToVictory","floor":4.0},{"not_picked":["Crescendo","ThirdEye"],"picked":"Evaluate","floor":5.0},{"not_picked":["Omniscience","MentalFortress"],"picked":"CutThroughFate","floor":6.0},{"not_picked":["SashWhip+1","Nirvana"],"picked":"Consecrate+1","floor":14.0},{"not_picked":["LessonLearned+1","SpiritShield"],"picked":"ConjureBlade","floor":16.0},{"not_picked":["FlyingSleeves+1","SashWhip+1"],"picked":"WindmillStrike+1","floor":18.0},{"not_picked":["CutThroughFate+1","EmptyBody"],"picked":"ClearTheMind","floor":19.0},{"not_picked":["Swivel","ForeignInfluence+1"],"picked":"CutThroughFate+1","floor":21.0},{"not_picked":["Prostrate","Tantrum+1"],"picked":"CutThroughFate+1","floor":25.0}],"player_experience":225498,"relics_obtained":[{"floor":6.0,"key":"Orichalcum"},{"floor":9.0,"key":"Strawberry"},{"floor":26.0,"key":"FossilizedHelix"}],"event_choices":[{"damage_healed":0.0,"max_hp_gain":0.0,"max_hp_loss":0.0,"gold_gain":100.0,"event_name":"Wheel of Change","player_choice":"Gold","floor":2.0,"gold_loss":0.0,"damage_taken":0.0},{"damage_healed":19.0,"max_hp_gain":0.0,"max_hp_loss":0.0,"gold_gain":0.0,"event_name":"Mushrooms","player_choice":"Healed and dodged fight","floor":10.0,"gold_loss":0.0,"damage_taken":0.0,"cards_obtained":["Parasite"]},{"cards_removed":["Strike_P"],"damage_healed":0.0,"max_hp_gain":0.0,"max_hp_loss":0.0,"gold_gain":0.0,"event_name":"Living Wall","player_choice":"Forget","floor":12.0,"gold_loss":0.0,"damage_taken":0.0},{"damage_healed":0.0,"max_hp_gain":0.0,"max_hp_loss":0.0,"gold_gain":0.0,"event_name":"Cursed Tome","player_choice":"Ignored","floor":22.0,"gold_loss":0.0,"damage_taken":0.0}],"is_beta":false,"boss_relics":[{"not_picked":["Runic Pyramid","Snecko Eye"],"picked":"Astrolabe"}],"items_purged_floors":[],"is_endless":false,"potions_floor_spawned":[1,3,21,25],"killed_by":"Chosen and Byrds","ascension_level":0}}