{"host":"uq4ng344qg9ygyoi","time":1610642016,"event":{"mods":["BaseMod","Minty Spire (QoL Compilation)","Quick Restart","Shop Mod","StSLib"],"gold_per_floor":[109,34,49,69,69,69,83,83,83,83,83,114,64,91,91,192,192,206,223,240,340,358,358,358],"floor_reached":23,"language":"ZHS","playtime":967,"items_purged":["Strike_R"],"score":201,"play_id":"0d069a6f-ec90-4fe5-812c-e0fe990efc0e","local_time":"20210115003336","is_ascension_mode":true,"campfire_choices":[{"data":"Strike_R","floor":6.0,"key":"PURGE"},{"data":"Defend_R","floor":8.0,"key":"PURGE"},{"data":"Regret","floor":11.0,"key":"PURGE"},{"floor":15,"key":"REST"}],"circlet_count":0,"master_deck":["Strike_R+1","Strike_R","Defend_R+1","Defend_R","Defend_R","Bash","Disarm","Cleave","Burning Pact","Armaments","Double Tap","True Grit+1","Body Slam+1","Uppercut+1"],"relics":["Black Blood","Peace Pipe","Bag of Marbles","Sundial","Vajra","Odd Mushroom"],"acts_visited":["Exordium","TheCity"],"potions_floor_usage":[12,14,16,18,22,23],"damage_taken":[{"damage":12.0,"enemies":"Small Slimes","floor":1.0,"turns":4.0},{"damage":14.0,"enemies":"Jaw Worm","floor":3.0,"turns":4.0},{"damage":5.0,"enemies":"2 Louse","floor":4.0,"turns":4.0},{"damage":12.0,"enemies":"Large Slime","floor":7.0,"turns":8.0},{"damage":26,"enemies":"3 Sentries","floor":12,"turns":6},{"damage":10,"enemies":"The Mushroom Lair","floor":14,"turns":3},{"damage":56,"enemies":"Slime Boss","floor":16,"turns":13},{"damage":24,"enemies":"Chosen","floor":18,"turns":6},{"damage":23,"enemies":"3 Byrds","floor":19,"turns":8},{"damage":38,"enemies":"Centurion and Healer","floor":20,"turns":10},{"damage":16,"enemies":"Snecko","floor":22,"turns":5},{"damage":27,"enemies":"Slavers","floor":23,"turns":2}],"seed_played":"-8200584741430211816","potions_obtained":[{"floor":1.0,"key":"EntropicBrew"},{"floor":3.0,"key":"LiquidBronze"},{"floor":7.0,"key":"BloodPotion"},{"floor":16,"key":"Dexterity Potion"},{"floor":18,"key":"BlessingOfTheForge"},{"floor":20,"key":"SteroidPotion"}],"is_trial":false,"path_per_floor":["M","$","M","M","?","R","M","R","T","?","R","E","?","?","R","B",null,"M","M","M","?","M","E"],"character_chosen":"IRONCLAD","items_purchased":[],"campfire_rested":1,"item_purchase_floors":[],"current_hp_per_floor":[50,50,58,59,43,43,53,53,53,53,53,33,33,45,69,19,80,68,57,31,31,27,0,0],"gold":358,"neow_bonus":"ONE_RARE_RELIC","is_daily":false,"chose_seed":false,"campfire_upgraded":0,"win_rate":0.0,"timestamp":1610642016,"path_taken":["M","$","M","M","?","R","M","R","T","?","R","E","?","?","R","BOSS","M","M","M","?","M","E"],"items_purchased_type":[],"build_version":"2020-12-22","purchased_purges":1,"victory":false,"max_hp_per_floor":[80,80,80,80,80,80,80,80,80,80,80,80,80,80,80,80,80,80,80,80,80,80,80,80],"card_choices":[{"not_picked":["Fire Breathing","Searing Blow"],"picked":"Disarm","floor":1.0},{"not_picked":["Wild Strike","Dropkick","Havoc"],"picked":"SKIP","floor":3.0},{"not_picked":["Feel No Pain","Rupture"],"picked":"Cleave","floor":4.0},{"not_picked":["Wild Strike","Evolve","Heavy Blade"],"picked":"SKIP","floor":7.0},{"not_picked":["Carnage","Clash"],"picked":"Burning Pact","floor":12},{"not_picked":["Twin Strike","Shrug It Off"],"picked":"Armaments","floor":14},{"not_picked":["Bludgeon","Impervious"],"picked":"Double Tap","floor":16},{"not_picked":["Reckless Charge","Rupture"],"picked":"True Grit+1","floor":18},{"not_picked":["Evolve","Power Through+1"],"picked":"Body Slam+1","floor":19},{"not_picked":["Fire Breathing","Dark Embrace"],"picked":"Uppercut+1","floor":20},{"not_picked":["Headbutt","Body Slam","Sever Soul"],"picked":"SKIP","floor":22}],"player_experience":400379,"relics_obtained":[{"floor":9.0,"key":"Bag of Marbles"},{"floor":12,"key":"Vajra"},{"floor":14,"key":"Odd Mushroom"}],"event_choices":[{"damage_healed":0.0,"max_hp_gain":0.0,"max_hp_loss":0.0,"gold_gain":0.0,"event_name":"Shining Light","player_choice":"Entered Light","floor":5.0,"gold_loss":0.0,"damage_taken":16.0,"cards_upgraded":["Strike_R","Defend_R"]},{"damage_healed":0.0,"max_hp_gain":0.0,"max_hp_loss":0.0,"gold_gain":0.0,"event_name":"Big Fish","player_choice":"Box","floor":10.0,"gold_loss":0.0,"damage_taken":0.0,"relics_obtained":["Sundial"],"cards_obtained":["Regret"]},{"cards_removed":["Strike_R"],"damage_healed":0,"gold_gain":0,"player_choice":"Card Removal","damage_taken":0,"max_hp_gain":0,"max_hp_loss":0,"event_name":"The Cleric","floor":13,"gold_loss":50},{"damage_healed":0,"gold_gain":0,"player_choice":"Fought Mushrooms","damage_taken":0,"max_hp_gain":0,"max_hp_loss":0,"event_name":"Mushrooms","floor":14,"gold_loss":0},{"damage_healed":0,"gold_gain":100,"player_choice":"Pray","damage_taken":0,"max_hp_gain":0,"max_hp_loss":0,"event_name":"Golden Shrine","floor":21,"gold_loss":0}],"is_beta":false,"boss_relics":[{"not_picked":["Velvet Choker","Sozu"],"picked":"Black Blood"}],"items_purged_floors":[2],"is_endless":false,"potions_floor_spawned":[1,3,7,16,18,20],"killed_by":"Slavers","ascension_level":1}}