{"host":"a1eatafr7pisesky","time":1610642997,"event":{"mods":["AchievementEnabler","BaseMod","Colored Map","Keyboard Shortcuts","Minty Spire (QoL Compilation)","Say the Spire","StSLib","SuperFastMode","everything is the same but u backflip on backflip"],"gold_per_floor":[119,194,206,206,229,241,287,249,261,273,66,66,86,98,98,196,196,208,208,220,240,253,101,101,101],"floor_reached":24,"language":"KOR","playtime":538,"items_purged":["Strike_G","Strike_G"],"score":277,"play_id":"b77aa733-6ab2-45b9-a7f7-fc5f4a931878","local_time":"20210115014957","is_ascension_mode":true,"campfire_choices":[{"floor":6.0,"key":"REST"},{"floor":10.0,"key":"REST"},{"floor":12.0,"key":"REST"},{"floor":15.0,"key":"REST"}],"circlet_count":0,"master_deck":["Defend_G","Defend_G","Defend_G","Defend_G","Survivor","Neutralize","Quick Slash","Poisoned Stab","Noxious Fumes","Bouncing Flask","Blade Dance","Backflip","Envenom","PiercingWail+1","Acrobatics","Crippling Poison+1"],"relics":["Ring of the Snake","MawBank","Toy Ornithopter","Molten Egg 2","TwistedFunnel","WristBlade"],"acts_visited":["Exordium","TheCity"],"potions_floor_usage":[22,24,24,24],"damage_taken":[{"damage":4.0,"enemies":"Jaw Worm","floor":1.0,"turns":4.0},{"damage":1.0,"enemies":"Small Slimes","floor":3.0,"turns":3.0},{"damage":11.0,"enemies":"2 Louse","floor":5.0,"turns":3.0},{"damage":28.0,"enemies":"Gremlin Nob","floor":7.0,"turns":4.0},{"damage":8.0,"enemies":"Large Slime","floor":13.0,"turns":5.0},{"damage":10.0,"enemies":"Lots of Slimes","floor":14.0,"turns":3.0},{"damage":26.0,"enemies":"The Guardian","floor":16.0,"turns":9.0},{"damage":20.0,"enemies":"Shell Parasite","floor":18.0,"turns":5.0},{"damage":0.0,"enemies":"Spheric Guardian","floor":20.0,"turns":3.0},{"damage":21.0,"enemies":"Centurion and Healer","floor":21.0,"turns":6.0},{"damage":13,"enemies":"Shelled Parasite and Fungi","floor":22,"turns":4},{"damage":24,"enemies":"Gremlin Leader","floor":24,"turns":4}],"seed_played":"5994577502309218745","potions_obtained":[{"floor":7.0,"key":"Ancient Potion"},{"floor":14.0,"key":"SneckoOil"},{"floor":16.0,"key":"SkillPotion"},{"floor":20.0,"key":"EssenceOfSteel"}],"is_trial":false,"path_per_floor":["M","?","M","?","M","R","E","?","T","R","$","R","M","M","R","B",null,"M","?","M","M","M","$","E"],"character_chosen":"THE_SILENT","items_purchased":["TwistedFunnel","AttackPotion"],"campfire_rested":4,"item_purchase_floors":[11,23],"current_hp_per_floor":[41,30,29,22,11,32,4,4,4,25,25,46,38,28,49,28,60,40,40,40,19,11,11,2,2],"gold":101,"neow_bonus":"REMOVE_TWO","is_daily":false,"chose_seed":false,"campfire_upgraded":0,"win_rate":0.0,"timestamp":1610642997,"path_taken":["M","?","M","?","M","R","E","?","T","R","$","R","M","M","R","BOSS","M","?","M","?","M","$","E"],"items_purchased_type":["Relic","Potion"],"build_version":"2020-12-22","purchased_purges":2,"victory":false,"max_hp_per_floor":[70,70,70,70,70,70,70,70,70,70,70,70,70,70,70,70,70,70,70,70,70,70,70,70,70],"card_choices":[{"not_picked":["Outmaneuver","Bane"],"picked":"Quick Slash","floor":1.0},{"not_picked":["Eviscerate","Bouncing Flask"],"picked":"Poisoned Stab","floor":3.0},{"not_picked":["Malaise","Poisoned Stab"],"picked":"Noxious Fumes","floor":5.0},{"not_picked":["Bane","Slice"],"picked":"Bouncing Flask","floor":7.0},{"not_picked":["Heel Hook+1","Setup"],"picked":"Blade Dance","floor":13.0},{"not_picked":["Distraction","Sucker Punch+1"],"picked":"Backflip","floor":14.0},{"not_picked":["Night Terror","Storm of Steel"],"picked":"Envenom","floor":16.0},{"not_picked":["Sucker Punch+1","Deflect"],"picked":"PiercingWail+1","floor":18.0},{"not_picked":["Quick Slash+1","Outmaneuver"],"picked":"Acrobatics","floor":20.0},{"not_picked":["Setup","Well Laid Plans"],"picked":"Crippling Poison+1","floor":21.0},{"not_picked":["Sucker Punch+1","Distraction","Bane+1"],"picked":"SKIP","floor":22}],"player_experience":318690,"relics_obtained":[{"floor":7.0,"key":"Toy Ornithopter"},{"floor":9.0,"key":"Molten Egg 2"}],"event_choices":[{"damage_healed":0.0,"max_hp_gain":0.0,"max_hp_loss":0.0,"gold_gain":75.0,"event_name":"World of Goop","player_choice":"Gather Gold","floor":2.0,"gold_loss":0.0,"damage_taken":11.0},{"damage_healed":0.0,"max_hp_gain":0.0,"max_hp_loss":0.0,"gold_gain":0.0,"event_name":"Scrap Ooze","player_choice":"Success","floor":4.0,"gold_loss":0.0,"damage_taken":7.0,"relics_obtained":["MawBank"]},{"cards_removed":["Strike_G"],"damage_healed":0.0,"max_hp_gain":0.0,"max_hp_loss":0.0,"gold_gain":0.0,"event_name":"The Cleric","player_choice":"Card Removal","floor":8.0,"gold_loss":50.0,"damage_taken":0.0},{"cards_removed":["Strike_G"],"damage_healed":0.0,"max_hp_gain":0.0,"max_hp_loss":0.0,"gold_gain":0.0,"event_name":"Purifier","player_choice":"Purged","floor":19.0,"gold_loss":0.0,"damage_taken":0.0}],"is_beta":false,"boss_relics":[{"not_picked":["Sozu","SacredBark"],"picked":"WristBlade"}],"items_purged_floors":[11,23],"is_endless":false,"potions_floor_spawned":[7,14,16,20],"killed_by":"Gremlin Leader","ascension_level":8}}