{"host":"kqe6w2igxc79vo14","time":1610628165,"event":{"mods":["AchievementEnabler","BaseMod","Downfall","Minty Spire (QoL Compilation)","Quick Restart","StSLib"],"gold_per_floor":[114,114,90,109,209,209,226,242,268,301,315,315,15,32,32,32,32],"floor_reached":16,"language":"ENG","playtime":508,"items_purged":["Strike_R"],"score":158,"play_id":"efbc99bf-20fd-4e52-a41f-42028a1005dd","local_time":"20210114144245","is_ascension_mode":true,"campfire_choices":[{"data":"Bash","floor":6,"key":"SMITH"},{"data":"Armaments","floor":12,"key":"SMITH"},{"data":"Corruption","floor":15,"key":"SMITH"}],"circlet_count":0,"master_deck":["AscendersBane","Strike_R","Strike_R","Strike_R","Strike_R","Defend_R","Defend_R","Defend_R","Defend_R","Bash+1","Corruption+1","Iron Wave","Clash","Armaments+1","Madness","Armaments"],"relics":["Burning Blood","MealTicket","Smiling Mask","Vajra"],"acts_visited":["Exordium"],"potions_floor_usage":[10],"damage_taken":[{"damage":9,"enemies":"Jaw Worm","floor":1,"turns":4},{"damage":2,"enemies":"2 Louse","floor":4,"turns":4},{"damage":6,"enemies":"Cultist","floor":7,"turns":3},{"damage":8,"enemies":"Red Slaver","floor":8,"turns":4},{"damage":35,"enemies":"3 Sentries","floor":10,"turns":11},{"damage":4,"enemies":"2 Fungi Beasts","floor":11,"turns":3},{"damage":0,"enemies":"Large Slime","floor":14,"turns":5},{"damage":82,"enemies":"Slime Boss","floor":16,"turns":9}],"seed_played":"3102301888058888749","potions_obtained":[{"floor":7,"key":"Strength Potion"},{"floor":11,"key":"LiquidBronze"}],"is_trial":false,"path_per_floor":["M","?","?","M","?","R","M","M","T","E","M","R","$","M","R","B"],"character_chosen":"IRONCLAD","items_purchased":["Vajra","Madness"],"campfire_rested":0,"item_purchase_floors":[13,13],"current_hp_per_floor":[69,69,69,73,73,73,73,71,71,42,44,44,59,65,65,0,0],"gold":32,"neow_bonus":"ONE_RANDOM_RARE_CARD","is_daily":false,"chose_seed":false,"campfire_upgraded":3,"win_rate":0.0,"timestamp":1610628165,"path_taken":["M","?","?","M","?","R","M","M","T","E","?","R","$","M","R","BOSS"],"items_purchased_type":["Relic","Card"],"build_version":"2020-12-22","purchased_purges":1,"victory":false,"max_hp_per_floor":[80,80,80,80,80,80,80,80,80,80,80,80,80,80,80,80,80],"card_choices":[{"not_picked":["Clothesline","Body Slam","Heavy Blade"],"picked":"SKIP","floor":1},{"not_picked":["Anger","Warcry","Bloodletting"],"picked":"SKIP","floor":4},{"not_picked":["Flex","Sword Boomerang"],"picked":"Iron Wave","floor":7},{"not_picked":["Searing Blow","True Grit"],"picked":"Clash","floor":8},{"not_picked":["Headbutt","Shockwave"],"picked":"Armaments","floor":10},{"not_picked":["Burning Pact","Heavy Blade","Carnage"],"picked":"SKIP","floor":11},{"not_picked":["Corruption","Sword Boomerang"],"picked":"Armaments","floor":14}],"player_experience":898663,"relics_obtained":[{"floor":9,"key":"MealTicket"},{"floor":10,"key":"Smiling Mask"}],"event_choices":[{"damage_healed":0,"gold_gain":0,"player_choice":"Ignored","damage_taken":0,"max_hp_gain":0,"max_hp_loss":0,"event_name":"Shining Light","floor":2,"gold_loss":0},{"damage_healed":0,"gold_gain":0,"player_choice":"Left Gold","damage_taken":0,"max_hp_gain":0,"max_hp_loss":0,"event_name":"World of Goop","floor":3,"gold_loss":24},{"damage_healed":0,"gold_gain":100,"player_choice":"Gold","damage_taken":0,"max_hp_gain":0,"max_hp_loss":0,"event_name":"Wheel of Change","floor":5,"gold_loss":0}],"is_beta":false,"boss_relics":[],"items_purged_floors":[13],"is_endless":false,"potions_floor_spawned":[7,11],"killed_by":"Slime Boss","ascension_level":11}}