{"host":"chv1qanoipyt46jc","time":1610650411,"event":{"mods":["2.2 Compatiblity","AchievementEnabler","BaseMod","BetterRewards","CapriCore","Card Filter","Evolution","Gold Saver","Grow up Mod","Minty Spire (QoL Compilation)","Rare Cards Sparkle","Relic Filter","Remove Card Discount Mod","Reorder Act Four","StSLib"],"gold_per_floor":[871,883,901,915,929,957,968,968,991,1091,1091,1106,1116,1134,1134,1237,1237,1257,1276,1286,1296,1309,1335,1352,1382,1408,1408,1408,1433,1452,1452,1452,1549,1549,1560,1577,1597,1591,1601,1601,1632,1650,1676,1674,1707,1722,1735,1752,1752,1752,1752,1752,1752,1784,1784],"floor_reached":56,"language":"ENG","playtime":1342,"items_purged":["EmptyBody","CutThroughFate","CutThroughFate","CutThroughFate","CutThroughFate","EmptyBody","EmptyBody","EmptyBody+1","Vigilance+1","LessonLearned+1","PathToVictory+1"],"score":1633,"play_id":"2478adea-73cf-4e67-92da-5d9082bebbe9","local_time":"20210114125331","is_ascension_mode":false,"campfire_choices":[{"floor":8,"key":"RECALL"},{"data":"PathToVictory","floor":11,"key":"SMITH"},{"data":"PathToVictory","floor":15,"key":"SMITH"},{"data":"PathToVictory","floor":32,"key":"SMITH"},{"floor":40,"key":"REST"},{"floor":49,"key":"REST"},{"floor":53,"key":"REST"}],"circlet_count":0,"master_deck":["PathToVictory+1","PathToVictory+1","PathToVictory+1","PathToVictory+1","PathToVictory+1","DevaForm+1"],"relics":["PureWater","EVO:Axolotl","Membership Card","TheAbacus","Bronze Scales","Medical Kit","Blood Vial","Whetstone","Busted Crown","Gremlin Horn","Damaru","Bag of Preparation","Eternal Feather","FossilizedHelix","Runic Dome","Art of War","Pen Nib","Sundial","War Paint"],"acts_visited":["Exordium","TheCity","TheBeyond","TheEnding"],"potions_floor_usage":[55,55,55],"damage_taken":[{"damage":4,"enemies":"Jaw Worm","floor":1,"turns":2},{"damage":0,"enemies":"Cultist","floor":2,"turns":2},{"damage":10,"enemies":"Small Slimes","floor":3,"turns":2},{"damage":0,"enemies":"Blue Slaver","floor":4,"turns":1},{"damage":3,"enemies":"Looter","floor":5,"turns":2},{"damage":30,"enemies":"3 Sentries","floor":6,"turns":4},{"damage":0,"enemies":"Large Slime","floor":7,"turns":2},{"damage":0,"enemies":"Exordium Wildlife","floor":12,"turns":2},{"damage":7,"enemies":"Gremlin Gang","floor":13,"turns":2},{"damage":0,"enemies":"2 Fungi Beasts","floor":14,"turns":2},{"damage":9,"enemies":"The Guardian","floor":16,"turns":3},{"damage":7,"enemies":"3 Byrds","floor":18,"turns":2},{"damage":0,"enemies":"Chosen","floor":19,"turns":2},{"damage":10,"enemies":"Shelled Parasite and Fungi","floor":20,"turns":2},{"damage":10,"enemies":"Chosen and Byrds","floor":21,"turns":2},{"damage":6,"enemies":"3 Cultists","floor":22,"turns":3},{"damage":3,"enemies":"Gremlin Leader","floor":23,"turns":2},{"damage":10,"enemies":"Cultist and Chosen","floor":24,"turns":2},{"damage":17,"enemies":"Slavers","floor":25,"turns":2},{"damage":12,"enemies":"Book of Stabbing","floor":29,"turns":3},{"damage":20,"enemies":"Centurion and Healer","floor":30,"turns":2},{"damage":7,"enemies":"Automaton","floor":33,"turns":4},{"damage":0,"enemies":"3 Shapes","floor":35,"turns":2},{"damage":0,"enemies":"Orb Walker","floor":36,"turns":2},{"damage":0,"enemies":"Transient","floor":37,"turns":4},{"damage":0,"enemies":"3 Darklings","floor":39,"turns":1},{"damage":0,"enemies":"Giant Head","floor":41,"turns":3},{"damage":0,"enemies":"Jaw Worm Horde","floor":42,"turns":1},{"damage":6,"enemies":"Nemesis","floor":45,"turns":3},{"damage":0,"enemies":"Sphere and 2 Shapes","floor":46,"turns":2},{"damage":0,"enemies":"3 Darklings","floor":47,"turns":1},{"damage":0,"enemies":"Spire Growth","floor":48,"turns":2},{"damage":35,"enemies":"Awakened One","floor":50,"turns":4},{"damage":34,"enemies":"Shield and Spear","floor":54,"turns":3},{"damage":100,"enemies":"The Heart","floor":55,"turns":4}],"seed_played":"-746550131084088496","potions_obtained":[{"floor":3,"key":"Swift Potion"},{"floor":7,"key":"Energy Potion"},{"floor":13,"key":"BottledMiracle"}],"is_trial":false,"path_per_floor":["M","M","M","M","M","E","M","R","T","?","R","M","M","M","R","B",null,"M","M","M","M","M","E","M","E","T","?","?","E","M","T","R","B",null,"M","M","M","$","M","R","E","M","T","$","E","M","M","M","R","B",null,"$","R","E","B",null],"character_chosen":"WATCHER","items_purchased":["PathToVictory","LessonLearned","Membership Card","PathToVictory","TheAbacus","PathToVictory","Bronze Scales","PathToVictory","Medical Kit","Blood Vial"],"campfire_rested":3,"item_purchase_floors":[0,0,0,0,0,0,0,0,0,0],"current_hp_per_floor":[52,64,66,78,87,69,81,91,101,111,121,133,138,150,160,163,268,271,283,285,287,293,302,304,299,309,319,329,329,321,331,347,352,438,448,458,468,478,488,498,508,518,528,538,542,554,566,578,588,563,608,618,628,604,516],"gold":1784,"neow_bonus":"","is_daily":false,"chose_seed":false,"campfire_upgraded":3,"win_rate":0.0,"timestamp":1610650411,"path_taken":["M","M","M","M","M","E","M","R","T","?","R","M","M","M","R","BOSS","M","M","M","M","M","E","M","E","T","?","?","E","M","?","R","BOSS","M","M","M","$","M","R","E","M","T","$","E","M","M","M","R","BOSS","$","R","E","BOSS"],"items_purchased_type":["Card","Card","Relic","Card","Relic","Card","Relic","Card","Relic","Relic"],"build_version":"2020-12-22","purchased_purges":11,"victory":true,"max_hp_per_floor":[108,118,128,138,148,158,168,178,188,198,208,218,228,238,248,258,268,278,288,298,308,318,328,338,348,358,368,378,388,398,408,418,428,438,448,458,468,478,488,498,508,518,528,538,548,558,568,578,588,598,608,618,628,638,648],"card_choices":[{"not_picked":["FlyingSleeves","Consecrate"],"picked":"PathToVictory","floor":1},{"not_picked":["Halt","Consecrate","EmptyBody"],"picked":"SKIP","floor":2},{"not_picked":["WindmillStrike","ClearTheMind","Evaluate"],"picked":"SKIP","floor":3},{"not_picked":["BowlingBash","FearNoEvil","CrushJoints"],"picked":"SKIP","floor":4},{"not_picked":["Protect","Halt","BowlingBash"],"picked":"SKIP","floor":5},{"not_picked":["EmptyBody","ThirdEye","SignatureMove"],"picked":"SKIP","floor":6},{"not_picked":["Tantrum","Protect"],"picked":"PathToVictory","floor":7},{"not_picked":["Protect","ConjureBlade","WindmillStrike"],"picked":"SKIP","floor":12},{"not_picked":["CrushJoints","Prostrate","FollowUp"],"picked":"SKIP","floor":13},{"not_picked":["LikeWater","FlyingSleeves","Pray"],"picked":"SKIP","floor":14},{"not_picked":["Vault","LessonLearned"],"picked":"DevaForm","floor":16},{"not_picked":["Nirvana"],"picked":"SKIP","floor":18},{"not_picked":["FollowUp"],"picked":"SKIP","floor":19},{"not_picked":["ClearTheMind+1"],"picked":"SKIP","floor":20},{"not_picked":["Pray"],"picked":"SKIP","floor":21},{"not_picked":["Weave"],"picked":"SKIP","floor":22},{"not_picked":["LikeWater"],"picked":"SKIP","floor":23},{"not_picked":["Halt"],"picked":"SKIP","floor":24},{"not_picked":["InnerPeace"],"picked":"SKIP","floor":25},{"not_picked":["EmptyFist"],"picked":"SKIP","floor":29},{"not_picked":["Perseverance+1"],"picked":"SKIP","floor":30},{"not_picked":["EmptyBody+1"],"picked":"SKIP","floor":35},{"not_picked":["ClearTheMind"],"picked":"SKIP","floor":36},{"not_picked":["BowlingBash+1"],"picked":"SKIP","floor":37},{"not_picked":["BowlingBash"],"picked":"SKIP","floor":39},{"not_picked":["CarveReality"],"picked":"SKIP","floor":41},{"not_picked":["Conclude"],"picked":"SKIP","floor":42},{"not_picked":["WindmillStrike"],"picked":"SKIP","floor":45},{"not_picked":["ClearTheMind+1"],"picked":"SKIP","floor":46},{"not_picked":["JustLucky"],"picked":"SKIP","floor":47},{"not_picked":["EmptyBody+1"],"picked":"SKIP","floor":48},{"not_picked":["ForeignInfluence+1"],"picked":"SKIP","floor":54}],"player_experience":304755,"relics_obtained":[{"floor":6,"key":"Whetstone"},{"floor":23,"key":"Gremlin Horn"},{"floor":25,"key":"Damaru"},{"floor":26,"key":"Bag of Preparation"},{"floor":29,"key":"Eternal Feather"},{"floor":31,"key":"FossilizedHelix"},{"floor":41,"key":"Art of War"},{"floor":43,"key":"Pen Nib"},{"floor":45,"key":"Sundial"},{"floor":54,"key":"War Paint"}],"event_choices":[{"damage_healed":0,"gold_gain":100,"player_choice":"Pray","damage_taken":0,"max_hp_gain":0,"max_hp_loss":0,"event_name":"Golden Shrine","floor":10,"gold_loss":0},{"damage_healed":0,"gold_gain":0,"player_choice":"Ignored","damage_taken":0,"max_hp_gain":0,"max_hp_loss":0,"event_name":"Vampires","floor":27,"gold_loss":0},{"cards_removed":["Eruption"],"damage_healed":0,"gold_gain":0,"player_choice":"Elegance","damage_taken":0,"max_hp_gain":0,"max_hp_loss":0,"event_name":"Back to Basics","floor":28,"gold_loss":0}],"is_beta":false,"boss_relics":[{"not_picked":["SacredBark","Tiny House"],"picked":"Busted Crown"},{"not_picked":["Cursed Key","Runic Pyramid"],"picked":"Runic Dome"}],"items_purged_floors":[0,0,0,0,0,0,0,38,38,38,44],"is_endless":false,"potions_floor_spawned":[3,7,13,14,16,18,25,29,35,41,45,47,48],"ascension_level":0}}