{"host":"hbwa3kjetxrogfq8","time":1610633910,"event":{"mods":["AchievementEnabler","BaseMod","Block Reminder","Colored Map","Colored Powertips","Dark Map","Highlight Path","Minty Spire (QoL Compilation)","Rare Cards Sparkle","Relic Stats","StSLib","Synergy Search"],"gold_per_floor":[211,33,43,61,73,73,92,92,118,130,130,140,140,65,65,161,161,161,101,3,3,3,3,3,3,3,3,3,3,3,3,3,3,3],"floor_reached":33,"language":"ENG","playtime":1663,"items_purged":["Strike_B"],"score":289,"play_id":"8f051082-017c-41e3-abe0-b359cadc5081","local_time":"20210114151830","is_ascension_mode":true,"campfire_choices":[{"data":"Zap","floor":6,"key":"SMITH"},{"floor":8,"key":"REST"},{"data":"Dualcast","floor":13,"key":"SMITH"},{"data":"Loop","floor":15,"key":"SMITH"},{"data":"Defragment","floor":23,"key":"SMITH"},{"floor":25,"key":"REST"},{"floor":27,"key":"REST"},{"floor":29,"key":"REST"},{"data":"Echo Form","floor":32,"key":"SMITH"}],"circlet_count":0,"master_deck":["Strike_B","Strike_B","Strike_B","Defend_B","Defend_B","Defend_B","Defend_B","Zap+1","Dualcast+1","Cold Snap","Machine Learning","Tempest","Rip and Tear","Conserve Battery","Coolheaded","Parasite","Loop+1","Electrodynamics","Skim+1","Defragment+1","Sweeping Beam","BootSequence","Echo Form+1","Coolheaded+1"],"relics":["Cracked Core","Oddly Smooth Stone","Ectoplasm","HornCleat"],"acts_visited":["Exordium","TheCity"],"potions_floor_usage":[16,33,33],"damage_taken":[{"damage":7,"enemies":"Jaw Worm","floor":1,"turns":3},{"damage":4,"enemies":"2 Louse","floor":3,"turns":2},{"damage":0,"enemies":"Cultist","floor":4,"turns":3},{"damage":5,"enemies":"2 Fungi Beasts","floor":5,"turns":3},{"damage":21,"enemies":"Exordium Wildlife","floor":7,"turns":5},{"damage":8,"enemies":"3 Louse","floor":10,"turns":2},{"damage":0,"enemies":"Blue Slaver","floor":12,"turns":3},{"damage":40,"enemies":"Slime Boss","floor":16,"turns":8},{"damage":14,"enemies":"Shell Parasite","floor":18,"turns":6},{"damage":16,"enemies":"2 Thieves","floor":19,"turns":3},{"damage":17,"enemies":"Snake Plant","floor":22,"turns":4},{"damage":20,"enemies":"Snecko","floor":24,"turns":4},{"damage":11,"enemies":"Centurion and Healer","floor":30,"turns":4},{"damage":6,"enemies":"Snake Plant","floor":31,"turns":3},{"damage":58,"enemies":"Champ","floor":33,"turns":11}],"seed_played":"-3935560734637639845","potions_obtained":[{"floor":5,"key":"ColorlessPotion"},{"floor":7,"key":"Ancient Potion"},{"floor":10,"key":"CultistPotion"},{"floor":30,"key":"Energy Potion"},{"floor":31,"key":"PotionOfCapacity"}],"is_trial":false,"path_per_floor":["M","$","M","M","M","R","M","R","T","M","?","M","R","$","R","B",null,"M","M","$","?","M","R","M","R","T","R","$","R","M","M","R","B"],"character_chosen":"DEFECT","items_purchased":["Machine Learning","Tempest","Sweeping Beam","BootSequence"],"campfire_rested":4,"item_purchase_floors":[2,2,20,20],"current_hp_per_floor":[68,68,64,64,59,59,38,60,60,52,70,70,70,70,70,30,75,61,45,45,38,21,21,1,23,23,45,45,67,56,50,50,0,0],"gold":3,"neow_bonus":"HUNDRED_GOLD","is_daily":false,"chose_seed":false,"campfire_upgraded":5,"win_rate":0.0,"timestamp":1610633910,"path_taken":["M","$","M","M","M","R","M","R","T","M","?","M","R","$","R","BOSS","M","M","$","?","M","R","M","R","T","R","$","R","M","?","R","BOSS"],"items_purchased_type":["Card","Card","Card","Card"],"build_version":"2020-12-22","purchased_purges":1,"victory":false,"max_hp_per_floor":[75,75,75,75,75,75,75,75,75,75,75,75,75,75,75,75,75,75,75,75,75,75,75,75,75,75,75,75,75,75,75,75,75,75],"relic_stats":{"counters":[15,64],"Ectoplasm":214,"obtain_stats":[{"HornCleat":26,"Oddly Smooth Stone":9,"Ectoplasm":17,"Cracked Core":0},{"HornCleat":12,"Oddly Smooth Stone":5,"Ectoplasm":8,"Cracked Core":0},{"HornCleat":46,"Oddly Smooth Stone":16,"Ectoplasm":29,"Cracked Core":0}]},"card_choices":[{"not_picked":["Barrage","Compile Driver"],"picked":"Cold Snap","floor":1},{"not_picked":["Scrape","Compile Driver"],"picked":"Rip and Tear","floor":3},{"not_picked":["All For One","Turbo"],"picked":"Conserve Battery","floor":4},{"not_picked":["Static Discharge","Stack","Steam"],"picked":"SKIP","floor":5},{"not_picked":["Hyperbeam","Barrage"],"picked":"Coolheaded","floor":7},{"not_picked":["Stack","Streamline","Rebound"],"picked":"SKIP","floor":10},{"not_picked":["Darkness","Lockon"],"picked":"Loop","floor":12},{"not_picked":["Biased Cognition","Fission"],"picked":"Electrodynamics","floor":16},{"not_picked":["Conserve Battery","Stack"],"picked":"Skim+1","floor":18},{"not_picked":["Rebound","Turbo"],"picked":"Defragment","floor":19},{"not_picked":["Barrage+1","Leap+1"],"picked":"Echo Form","floor":22},{"not_picked":["Scrape+1","Streamline","Aggregate"],"picked":"SKIP","floor":24},{"not_picked":["Gash+1","Darkness"],"picked":"Coolheaded+1","floor":30},{"not_picked":["Gash","Steam","Turbo"],"picked":"SKIP","floor":31}],"player_experience":643593,"relics_obtained":[{"floor":9,"key":"Oddly Smooth Stone"},{"floor":26,"key":"HornCleat"}],"event_choices":[{"damage_healed":18,"gold_gain":0,"player_choice":"Healed and dodged fight","damage_taken":0,"max_hp_gain":0,"max_hp_loss":0,"event_name":"Mushrooms","floor":11,"gold_loss":0,"cards_obtained":["Parasite"]},{"damage_healed":0,"gold_gain":0,"player_choice":"Damaged","damage_taken":7,"max_hp_gain":0,"max_hp_loss":0,"event_name":"Wheel of Change","floor":21,"gold_loss":0}],"is_beta":false,"boss_relics":[{"not_picked":["Runic Dome","Busted Crown"],"picked":"Ectoplasm"}],"items_purged_floors":[14],"is_endless":false,"potions_floor_spawned":[5,7,10,30,31],"killed_by":"Champ","ascension_level":4}}