{"host":"fjaupvxe7fzqrf4j","time":1610638144,"event":{"mods":["ATMod(°¢èªMod)","BaseMod","Minty Spire (QoL Compilation)","StSLib"],"gold_per_floor":[114,39,189,75,149,183,216,248,248,279,309,343,375,409,409,483,483,494,494,394,406,417,443,470,501,501,530,530,557,557,582,582,656,656,676,676,339,339,339,364,664,691,691,724,756,883,1017,1143,1143,1343,1543,1543,1543,915,1150,1250],"floor_reached":57,"language":"ZHS","playtime":1507,"items_purged":["Doubt","FollowUp","Consecrate+1","BowlingBash+1"],"score":4960,"play_id":"dfbef574-2990-4262-bfd7-fe0e9c08e386","local_time":"20210114232904","daily_mods":["SealedDeck","Heirloom","Time Dilation","Flight","Elite Swarm"],"is_ascension_mode":true,"campfire_choices":[{"floor":15.0,"key":"DIG"},{"floor":28.0,"key":"DIG"},{"floor":30.0,"key":"DIG"},{"floor":32.0,"key":"DIG"},{"floor":49.0,"key":"RECALL"},{"floor":53.0,"key":"DIG"}],"circlet_count":0,"master_deck":["AscendersBane","Crescendo+1","ClearTheMind+1","WheelKick+1","Tantrum+1","FearNoEvil+1","Adaptation+1","Adaptation+1","Wallop+1","DeusExMachina+1","Brilliance+1","Scrawl+1","Scrawl+1","Ragnarok+1","AT_ChampionStep","Pray","LikeWater"],"relics":["PureWater","AT_ATBox","Prayer Wheel","AT_Manta","Mercury Hourglass","Shovel","Ornamental Fan","GoldenEye","Kunai","Bird Faced Urn","War Paint","Strawberry","White Beast Statue","Busted Crown","Gambling Chip","Singing Bowl","FossilizedHelix","Akabeko","Ancient Tea Set","Bottled Flame","Happy Flower","Smiling Mask","Yang","CaptainsWheel","Fusion Hammer","TheAbacus","TeardropLocket","AT_TheCollector","AT_DeathDance","Bottled Lightning","AT_ForceNature","HornCleat","AT_ArchangelStaff","AT_EbonyIvory","Sling","Sundial"],"acts_visited":["Exordium","TheCity","TheBeyond","TheEnding"],"potions_floor_usage":[56,56],"damage_taken":[{"damage":0.0,"enemies":"Cultist","floor":1.0,"turns":2.0},{"damage":0.0,"enemies":"Gremlin Nob","floor":6.0,"turns":3.0},{"damage":0.0,"enemies":"Lagavulin","floor":7.0,"turns":3.0},{"damage":0.0,"enemies":"3 Sentries","floor":8.0,"turns":2.0},{"damage":0.0,"enemies":"Lagavulin","floor":10.0,"turns":2.0},{"damage":0.0,"enemies":"3 Sentries","floor":11.0,"turns":2.0},{"damage":0.0,"enemies":"Gremlin Nob","floor":12.0,"turns":2.0},{"damage":0.0,"enemies":"3 Sentries","floor":13.0,"turns":2.0},{"damage":0.0,"enemies":"Lagavulin","floor":14.0,"turns":2.0},{"damage":0.0,"enemies":"The Guardian","floor":16.0,"turns":1.0},{"damage":0.0,"enemies":"Chosen","floor":18.0,"turns":1.0},{"damage":0.0,"enemies":"Shell Parasite","floor":21.0,"turns":1.0},{"damage":0.0,"enemies":"Cultist and Chosen","floor":22.0,"turns":1.0},{"damage":0.0,"enemies":"Book of Stabbing","floor":23.0,"turns":1.0},{"damage":0.0,"enemies":"Gremlin Leader","floor":24.0,"turns":1.0},{"damage":0.0,"enemies":"Slavers","floor":25.0,"turns":1.0},{"damage":0.0,"enemies":"Book of Stabbing","floor":27.0,"turns":1.0},{"damage":0.0,"enemies":"Gremlin Leader","floor":29.0,"turns":1.0},{"damage":0.0,"enemies":"Slavers","floor":31.0,"turns":1.0},{"damage":0.0,"enemies":"Automaton","floor":33.0,"turns":2.0},{"damage":0.0,"enemies":"3 Darklings","floor":35.0,"turns":1.0},{"damage":0.0,"enemies":"Giant Head","floor":40.0,"turns":1.0},{"damage":0.0,"enemies":"Nemesis","floor":42.0,"turns":2.0},{"damage":0.0,"enemies":"Giant Head","floor":44.0,"turns":1.0},{"damage":0.0,"enemies":"Nemesis","floor":45.0,"turns":1.0},{"damage":0.0,"enemies":"Reptomancer","floor":46.0,"turns":2.0},{"damage":0.0,"enemies":"Nemesis","floor":47.0,"turns":1.0},{"damage":0.0,"enemies":"Giant Head","floor":48.0,"turns":1.0},{"damage":0.0,"enemies":"Awakened One","floor":50.0,"turns":2.0},{"damage":0.0,"enemies":"Donu and Deca","floor":51.0,"turns":1.0},{"damage":0.0,"enemies":"Shield and Spear","floor":55.0,"turns":1.0},{"damage":6,"enemies":"The Heart","floor":56,"turns":4}],"seed_played":"-9134934375757368943","potions_obtained":[{"floor":1.0,"key":"Fire Potion"},{"floor":8.0,"key":"DuplicationPotion"},{"floor":10.0,"key":"BottledMiracle"},{"floor":21.0,"key":"Swift Potion"}],"is_trial":true,"path_per_floor":["M","?","?","$","?","E","E","E","T","E","E","E","E","E","R","B",null,"M","?","$","M","M","E","E","E","T","E","R","E","R","E","R","B",null,"M","?","$","?","?","E","?","E","T","E","E","E","E","E","R","B","B",null,"R","$","E","B",null],"character_chosen":"WATCHER","items_purchased":["Wallop","AT_ChampionStep","TheAbacus","Pray","AT_ArchangelStaff","AT_EbonyIvory","Sling","LikeWater"],"campfire_rested":0,"item_purchase_floors":[4,37,37,37,54,54,54,54],"current_hp_per_floor":[61,61,61,61,61,61,61,61,61,61,61,61,65,75,75,75,75,75,75,75,75,75,75,77,79,79,81,81,83,83,85,85,87,87,91,86,86,82,82,90,90,96,96,98,100,102,104,106,106,106,106,106,106,106,108,105],"gold":1250,"neow_bonus":"","is_daily":false,"chose_seed":false,"campfire_upgraded":0,"win_rate":0.0,"timestamp":1610638144,"path_taken":["M","?","?","$","?","E","E","E","T","E","E","E","E","E","R","BOSS","M","?","$","?","?","E","E","E","T","E","R","E","R","E","R","BOSS","M","?","$","?","?","E","?","E","T","E","E","E","E","E","R","BOSS","BOSS","R","$","E","BOSS"],"items_purchased_type":["Card","Card","Relic","Card","Relic","Relic","Relic","Card"],"build_version":"2020-12-22","purchased_purges":4,"victory":true,"max_hp_per_floor":[68,68,68,68,68,68,68,68,68,68,68,68,68,75,75,75,75,75,75,75,75,75,75,77,79,79,81,81,83,83,85,85,87,87,91,86,86,92,92,94,94,96,96,98,100,102,104,106,106,106,106,106,106,106,108,108],"card_choices":[{"not_picked":["Evaluate","Wireheading"],"picked":"FollowUp","floor":1.0},{"not_picked":["CutThroughFate","Worship","FollowUp"],"picked":"SKIP","floor":1.0},{"not_picked":["Vault","Ragnarok"],"picked":"LessonLearned","floor":6.0},{"not_picked":["Establishment","Omniscience","AT_RealColorLess"],"picked":"SKIP","floor":7.0},{"not_picked":["AT_RealColorLess","Vault"],"picked":"DeusExMachina","floor":8.0},{"not_picked":["MasterReality","AT_ChampionKick","AT_MachinaRedman"],"picked":"SKIP","floor":10.0},{"not_picked":["Establishment","DevaForm","Devotion"],"picked":"SKIP","floor":11.0},{"not_picked":["LessonLearned","AT_MachinaRedman"],"picked":"Brilliance","floor":12.0},{"not_picked":["Omniscience","Brilliance"],"picked":"Scrawl","floor":13.0},{"not_picked":["Judgement","Wish"],"picked":"Scrawl","floor":14.0},{"not_picked":["AT_ChampionKick","Vault"],"picked":"Ragnarok","floor":16.0},{"not_picked":["Evaluate"],"picked":"SKIP","floor":18.0},{"not_picked":["FlyingSleeves"],"picked":"SKIP","floor":18.0},{"not_picked":["Study"],"picked":"SKIP","floor":21.0},{"not_picked":["Crescendo"],"picked":"SKIP","floor":21.0},{"not_picked":["AT_RealFormLess"],"picked":"SKIP","floor":22.0},{"not_picked":["ClearTheMind"],"picked":"SKIP","floor":22.0},{"not_picked":["SpiritShield"],"picked":"SKIP","floor":23.0},{"not_picked":["Alpha"],"picked":"Singing Bowl","floor":24.0},{"not_picked":["DeusExMachina"],"picked":"Singing Bowl","floor":25.0},{"not_picked":["Blasphemy"],"picked":"Singing Bowl","floor":27.0},{"not_picked":["Omniscience"],"picked":"Singing Bowl","floor":29.0},{"not_picked":["Ragnarok"],"picked":"Singing Bowl","floor":31.0},{"not_picked":["Establishment"],"picked":"Singing Bowl","floor":33.0},{"not_picked":["ThirdEye"],"picked":"Singing Bowl","floor":35.0},{"not_picked":["Tantrum"],"picked":"Singing Bowl","floor":35.0},{"not_picked":["Flash of Steel"],"picked":"Singing Bowl","floor":38.0},{"not_picked":["Magnetism"],"picked":"Singing Bowl","floor":38.0},{"not_picked":["AT_Homeward"],"picked":"Singing Bowl","floor":38.0},{"not_picked":["Ragnarok"],"picked":"Singing Bowl","floor":40.0},{"not_picked":["DeusExMachina"],"picked":"Singing Bowl","floor":42.0},{"not_picked":["DeusExMachina"],"picked":"Singing Bowl","floor":44.0},{"not_picked":["DeusExMachina"],"picked":"Singing Bowl","floor":45.0},{"not_picked":["Scrawl"],"picked":"Singing Bowl","floor":46.0},{"not_picked":["ConjureBlade"],"picked":"Singing Bowl","floor":47.0},{"not_picked":["AT_IrregularMenstruation"],"picked":"Singing Bowl","floor":48.0},{"not_picked":["Alpha"],"picked":"Singing Bowl","floor":55.0}],"player_experience":435771,"relics_obtained":[{"floor":6.0,"key":"AT_Manta"},{"floor":7.0,"key":"Mercury Hourglass"},{"floor":8.0,"key":"Shovel"},{"floor":9.0,"key":"Ornamental Fan"},{"floor":10.0,"key":"GoldenEye"},{"floor":11.0,"key":"Kunai"},{"floor":12.0,"key":"Bird Faced Urn"},{"floor":13.0,"key":"War Paint"},{"floor":14.0,"key":"Strawberry"},{"floor":15.0,"key":"White Beast Statue"},{"floor":23.0,"key":"Gambling Chip"},{"floor":24.0,"key":"Singing Bowl"},{"floor":25.0,"key":"FossilizedHelix"},{"floor":26.0,"key":"Akabeko"},{"floor":27.0,"key":"Ancient Tea Set"},{"floor":28.0,"key":"Bottled Flame"},{"floor":29.0,"key":"Happy Flower"},{"floor":30.0,"key":"Smiling Mask"},{"floor":31.0,"key":"Yang"},{"floor":32.0,"key":"CaptainsWheel"},{"floor":42.0,"key":"TeardropLocket"},{"floor":45.0,"key":"AT_TheCollector"},{"floor":46.0,"key":"AT_DeathDance"},{"floor":47.0,"key":"Bottled Lightning"},{"floor":48.0,"key":"AT_ForceNature"},{"floor":53.0,"key":"HornCleat"},{"floor":55.0,"key":"Sundial"}],"event_choices":[{"cards_removed":["Pray"],"damage_healed":0.0,"max_hp_gain":0.0,"max_hp_loss":0.0,"gold_gain":0.0,"event_name":"The Cleric","player_choice":"Card Removal","floor":2.0,"gold_loss":75.0,"damage_taken":0.0},{"damage_healed":0.0,"max_hp_gain":0.0,"max_hp_loss":0.0,"gold_gain":150.0,"event_name":"Liars Game","player_choice":"AGREE","floor":3.0,"gold_loss":0.0,"damage_taken":0.0,"cards_obtained":["Doubt"]},{"damage_healed":0.0,"max_hp_gain":0.0,"max_hp_loss":0.0,"gold_gain":74.0,"event_name":"Golden Wing","player_choice":"Gained Gold","floor":5.0,"gold_loss":0.0,"damage_taken":0.0},{"damage_healed":0.0,"max_hp_gain":0.0,"max_hp_loss":0.0,"gold_gain":0.0,"event_name":"Upgrade Shrine","player_choice":"Upgraded","floor":19.0,"gold_loss":0.0,"damage_taken":0.0,"cards_upgraded":["Scrawl"]},{"damage_healed":0.0,"max_hp_gain":0.0,"max_hp_loss":5.0,"gold_gain":0.0,"event_name":"Winding Halls","player_choice":"Max HP","floor":36.0,"gold_loss":0.0,"damage_taken":0.0},{"damage_healed":0.0,"max_hp_gain":0.0,"max_hp_loss":0.0,"gold_gain":0.0,"event_name":"SensoryStone","player_choice":"Memory 3","floor":38.0,"gold_loss":0.0,"damage_taken":10.0},{"cards_removed":["LessonLearned"],"damage_healed":0.0,"max_hp_gain":0.0,"max_hp_loss":0.0,"gold_gain":0.0,"event_name":"Falling","player_choice":"Removed Attack","floor":39.0,"gold_loss":0.0,"damage_taken":0.0},{"damage_healed":0.0,"max_hp_gain":0.0,"max_hp_loss":0.0,"gold_gain":300.0,"event_name":"Wheel of Change","player_choice":"Gold","floor":41.0,"gold_loss":0.0,"damage_taken":0.0}],"is_beta":false,"boss_relics":[{"not_picked":["Snecko Eye","SacredBark"],"picked":"Busted Crown"},{"not_picked":["Cursed Key","HolyWater"],"picked":"Fusion Hammer"}],"items_purged_floors":[4,20,37,54],"is_endless":false,"potions_floor_spawned":[1,8,10,16,18,21,22,23,24,25,27,29,31,33,35,40,42,44,45,46,47,48,55],"ascension_level":20}}