{"host":"jscggscbx0p7706o","time":1610635637,"event":{"mods":["AchievementEnabler","BaseMod","Block Reminder","Colored Powertips","Minty Spire (QoL Compilation)","Permanent Neow","Quick Restart","StSLib"],"gold_per_floor":[114,134,309,321,340,340,366,366,366,396,271,271,271,289,289,389,389,404,414,433,458,131,156,156,182,219,231,257,269,306,336,348,464,476,507,323,545,597,597,622,642,642,669,669,687,721,721,749,749,749],"floor_reached":51,"language":"ENG","playtime":3632,"items_purged":["Strike_G","Strike_G","Strike_G"],"score":1223,"play_id":"05e1ab37-1537-4318-9065-cc68db91af38","local_time":"20210114224717","is_ascension_mode":true,"campfire_choices":[{"data":"Neutralize","floor":6.0,"key":"SMITH"},{"floor":13.0,"key":"REST"},{"data":"Footwork","floor":15.0,"key":"SMITH"},{"floor":24.0,"key":"REST"},{"floor":27.0,"key":"REST"},{"floor":32.0,"key":"REST"},{"floor":42,"key":"REST"},{"floor":47,"key":"RECALL"},{"floor":49,"key":"REST"}],"circlet_count":0,"master_deck":["Strike_G+1","Strike_G+1","Defend_G+1","Defend_G+1","Defend_G+1","Defend_G+1","Defend_G+1","Survivor+1","Neutralize+1","CurseOfTheBell","Dash+1","Cloak And Dagger+1","Footwork+1","Dagger Throw+1","Slice+1","Dodge and Roll+1","Cloak And Dagger+1","Glass Knife+1","Prepared+1","Blade Dance+1","Cloak And Dagger+1","Acrobatics+1","Accuracy+1","After Image+1","Acrobatics+1","A Thousand Cuts+1","Tactician+1","Tools of the Trade+1","Escape Plan+1","Backflip+1","Blade Dance+1","Outmaneuver+1","Decay"],"relics":["Calling Bell","Oddly Smooth Stone","Kunai","Ginger","Omamori","Whetstone","Meat on the Bone","Cursed Key","Red Mask","PreservedInsect","Mercury Hourglass","MawBank","Nunchaku","Lantern","SacredBark","Torii","Pocketwatch","Boot","Mark of the Bloom","Bird Faced Urn","Happy Flower"],"acts_visited":["Exordium","TheCity","TheBeyond"],"potions_floor_usage":[38,50,50],"damage_taken":[{"damage":2.0,"enemies":"Jaw Worm","floor":1.0,"turns":7.0},{"damage":0.0,"enemies":"2 Louse","floor":2.0,"turns":3.0},{"damage":0.0,"enemies":"Cultist","floor":4.0,"turns":5.0},{"damage":0.0,"enemies":"Looter","floor":5.0,"turns":4.0},{"damage":16.0,"enemies":"Gremlin Nob","floor":7.0,"turns":6.0},{"damage":6.0,"enemies":"Lagavulin","floor":10.0,"turns":8.0},{"damage":1.0,"enemies":"Exordium Wildlife","floor":14.0,"turns":4.0},{"damage":29.0,"enemies":"Hexaghost","floor":16.0,"turns":18.0},{"damage":0.0,"enemies":"Shell Parasite","floor":18.0,"turns":7.0},{"damage":6.0,"enemies":"3 Byrds","floor":19.0,"turns":7.0},{"damage":32.0,"enemies":"3 Cultists","floor":20.0,"turns":8.0},{"damage":9.0,"enemies":"Masked Bandits","floor":21.0,"turns":6.0},{"damage":1.0,"enemies":"Gremlin Leader","floor":23.0,"turns":12.0},{"damage":15.0,"enemies":"Book of Stabbing","floor":25.0,"turns":5.0},{"damage":10.0,"enemies":"Cultist and Chosen","floor":28.0,"turns":6.0},{"damage":11.0,"enemies":"Gremlin Leader","floor":30.0,"turns":8.0},{"damage":6.0,"enemies":"Snake Plant","floor":31.0,"turns":5.0},{"damage":30.0,"enemies":"Automaton","floor":33.0,"turns":13.0},{"damage":0.0,"enemies":"3 Shapes","floor":35.0,"turns":6.0},{"damage":12,"enemies":"2 Orb Walkers","floor":38,"turns":7},{"damage":0,"enemies":"Giant Head","floor":40,"turns":9},{"damage":9,"enemies":"3 Darklings","floor":41,"turns":7},{"damage":0,"enemies":"4 Shapes","floor":45,"turns":5},{"damage":0,"enemies":"Reptomancer","floor":46,"turns":6},{"damage":0,"enemies":"Giant Head","floor":48,"turns":5},{"damage":19,"enemies":"Awakened One","floor":50,"turns":11}],"seed_played":"7477386869871315547","potions_obtained":[{"floor":4.0,"key":"SkillPotion"},{"floor":10.0,"key":"AttackPotion"},{"floor":16.0,"key":"PowerPotion"},{"floor":18.0,"key":"GhostInAJar"},{"floor":25.0,"key":"AttackPotion"},{"floor":28.0,"key":"FearPotion"},{"floor":40,"key":"SteroidPotion"}],"is_trial":false,"path_per_floor":["M","M","?","M","M","R","E","?","T","E","$","?","R","M","R","B",null,"M","M","M","?","$","E","R","E","T","R","M","?","E","M","R","B",null,"M","$","?","?","?","E","M","R","T","?","M","E","R","E","R","B",null],"character_chosen":"THE_SILENT","items_purchased":["Dodge and Roll","Accuracy","PreservedInsect","Escape Plan"],"campfire_rested":6,"item_purchase_floors":[11,22,22,36],"current_hp_per_floor":[61,61,61,61,61,61,45,38,38,32,32,32,53,52,52,35,61,61,55,35,38,38,37,58,43,43,64,54,54,43,37,58,40,63,63,63,63,51,51,51,42,63,63,63,63,63,63,63,63,44],"gold":749,"neow_bonus":"BOSS_RELIC","is_daily":false,"chose_seed":false,"campfire_upgraded":2,"win_rate":0.0,"timestamp":1610635637,"path_taken":["M","M","?","M","M","R","E","?","T","E","$","?","R","M","R","BOSS","M","?","M","?","$","E","R","E","T","R","M","?","E","M","R","BOSS","M","$","?","?","?","E","?","R","T","?","M","E","R","E","R","BOSS"],"items_purchased_type":["Card","Card","Relic","Card"],"build_version":"2020-12-22","purchased_purges":3,"victory":true,"max_hp_per_floor":[70,70,70,70,70,70,70,70,70,70,70,70,70,70,70,70,70,70,70,70,70,70,70,70,70,70,70,70,70,70,70,70,70,70,70,70,70,70,70,70,70,70,70,70,70,70,70,70,70,70],"card_choices":[{"not_picked":["Cloak And Dagger","Deflect"],"picked":"Dash","floor":1.0},{"not_picked":["Setup","Crippling Poison"],"picked":"Cloak And Dagger","floor":2.0},{"not_picked":["PiercingWail","Dagger Throw"],"picked":"Footwork","floor":4.0},{"not_picked":["Blur","Riddle With Holes"],"picked":"Dagger Throw","floor":5.0},{"not_picked":["Venomology","All Out Attack"],"picked":"Slice","floor":7.0},{"not_picked":["Deadly Poison","Skewer","Poisoned Stab"],"picked":"SKIP","floor":10.0},{"not_picked":["Crippling Poison","Skewer"],"picked":"Cloak And Dagger","floor":14.0},{"not_picked":["Unload","Phantasmal Killer"],"picked":"Glass Knife","floor":16.0},{"not_picked":["Deflect","Underhanded Strike"],"picked":"Prepared+1","floor":18.0},{"not_picked":["Leg Sweep","Quick Slash"],"picked":"Blade Dance","floor":19.0},{"not_picked":["Choke","Caltrops"],"picked":"Cloak And Dagger","floor":20.0},{"not_picked":["Prepared","Endless Agony"],"picked":"Acrobatics","floor":21.0},{"not_picked":["Quick Slash","Unload"],"picked":"After Image","floor":23.0},{"not_picked":["Deadly Poison","Quick Slash"],"picked":"Acrobatics","floor":25.0},{"not_picked":["Acrobatics","Dagger Throw+1","Noxious Fumes"],"picked":"SKIP","floor":28.0},{"not_picked":["Flying Knee","Backstab"],"picked":"A Thousand Cuts","floor":30.0},{"not_picked":["Bane","Sucker Punch"],"picked":"Tactician+1","floor":31.0},{"not_picked":["Venomology","Burst"],"picked":"Tools of the Trade","floor":33.0},{"not_picked":["PiercingWail+1","Deadly Poison","Cloak And Dagger"],"picked":"SKIP","floor":35.0},{"not_picked":["Dodge and Roll+1","Poisoned Stab+1"],"picked":"Backflip+1","floor":38},{"not_picked":["Masterful Stab+1","Bane"],"picked":"Blade Dance","floor":40},{"not_picked":["Bouncing Flask+1","Backflip"],"picked":"Outmaneuver+1","floor":41},{"not_picked":["Cloak And Dagger","Endless Agony","Masterful Stab+1"],"picked":"SKIP","floor":45},{"not_picked":["Distraction","Venomology","Underhanded Strike"],"picked":"SKIP","floor":46},{"not_picked":["Distraction","Venomology","Underhanded Strike"],"picked":"SKIP","floor":46},{"not_picked":["PiercingWail+1","Outmaneuver","Sucker Punch"],"picked":"SKIP","floor":48}],"player_experience":256570,"relics_obtained":[{"floor":0.0,"key":"Oddly Smooth Stone"},{"floor":0.0,"key":"Kunai"},{"floor":0.0,"key":"Ginger"},{"floor":7.0,"key":"Omamori"},{"floor":9.0,"key":"Whetstone"},{"floor":10.0,"key":"Meat on the Bone"},{"floor":21.0,"key":"Red Mask"},{"floor":23.0,"key":"Mercury Hourglass"},{"floor":25.0,"key":"MawBank"},{"floor":26.0,"key":"Nunchaku"},{"floor":30.0,"key":"Lantern"},{"floor":38,"key":"Torii"},{"floor":40,"key":"Pocketwatch"},{"floor":43,"key":"Boot"},{"floor":46,"key":"Bird Faced Urn"},{"floor":48,"key":"Happy Flower"}],"event_choices":[{"damage_healed":0.0,"max_hp_gain":0.0,"max_hp_loss":0.0,"gold_gain":175.0,"event_name":"Liars Game","player_choice":"AGREE","floor":3.0,"gold_loss":0.0,"damage_taken":0.0,"cards_obtained":["Doubt"]},{"cards_removed":["Doubt"],"damage_healed":0.0,"max_hp_gain":0.0,"max_hp_loss":0.0,"gold_gain":0.0,"event_name":"Golden Wing","player_choice":"Card Removal","floor":8.0,"gold_loss":0.0,"damage_taken":7.0},{"damage_healed":0.0,"max_hp_gain":0.0,"max_hp_loss":0.0,"gold_gain":0.0,"event_name":"The Woman in Blue","player_choice":"Bought 0 Potions","floor":12.0,"gold_loss":0.0,"damage_taken":0.0},{"damage_healed":0.0,"max_hp_gain":0.0,"max_hp_loss":0.0,"gold_gain":0.0,"event_name":"Masked Bandits","player_choice":"Fought Bandits","floor":21.0,"gold_loss":0.0,"damage_taken":0.0},{"damage_healed":0.0,"max_hp_gain":0.0,"max_hp_loss":0.0,"gold_gain":0.0,"event_name":"Forgotten Altar","player_choice":"Smashed Altar","floor":29.0,"gold_loss":0.0,"damage_taken":0.0,"cards_obtained":["Decay"]},{"damage_healed":0.0,"max_hp_gain":0.0,"max_hp_loss":0.0,"gold_gain":222.0,"event_name":"Tomb of Lord Red Mask","player_choice":"Wore Mask","floor":37.0,"gold_loss":0.0,"damage_taken":0.0},{"damage_healed":0,"gold_gain":0,"player_choice":"Fight","damage_taken":0,"max_hp_gain":0,"max_hp_loss":0,"event_name":"Mysterious Sphere","floor":38,"gold_loss":0},{"damage_healed":0,"gold_gain":0,"player_choice":"Memory 1","damage_taken":0,"max_hp_gain":0,"max_hp_loss":0,"event_name":"SensoryStone","floor":39,"gold_loss":0},{"damage_healed":0,"gold_gain":0,"player_choice":"Upgrade","damage_taken":0,"relics_obtained":["Mark of the Bloom"],"max_hp_gain":0,"max_hp_loss":0,"event_name":"MindBloom","floor":44,"gold_loss":0,"cards_upgraded":["Strike_G","Strike_G","Defend_G","Defend_G","Defend_G","Defend_G","Defend_G","Survivor","Dash","Cloak And Dagger","Dodge and Roll","Cloak And Dagger","Glass Knife","Blade Dance","Cloak And Dagger","Acrobatics","Accuracy","After Image","Acrobatics","A Thousand Cuts","Tools of the Trade","Escape Plan","Blade Dance"]}],"is_beta":false,"boss_relics":[{"not_picked":["Pandora\u0027s Box","Philosopher\u0027s Stone"],"picked":"Cursed Key"},{"not_picked":["Runic Dome","Coffee Dripper"],"picked":"SacredBark"}],"items_purged_floors":[11,22,36],"is_endless":false,"potions_floor_spawned":[4,10,16,18,25,28,33,35,40,41],"ascension_level":9}}