{"host":"y89x8uui45kcjy42","time":1610623905,"event":{"mods":["2.2 Compatiblity","BaseMod","CapriCore","Colored Map","Colored Powertips","Custom Start","Friendly Minions","Keyboard Shortcuts","Minty Spire (QoL Compilation)","Relic Stats","Slay the Relics Exporter","StSLib","SuperFastMode","Uncapped"],"gold_per_floor":[117,133,133,41,55,55,90,90,172,197,197,41,41,41,41,126,126,144,153,178,178,188,188,27,61,112,437,185,215,265,285,294,380,380,398,398,411,470,470,470,488,522,548,548,392,392,392,417,417,417,417,417,417,99,134,134],"floor_reached":57,"language":"KOR","playtime":2234,"items_purged":["Flechettes+1"],"score":2940,"play_id":"1c2b7baa-84b3-4447-ab18-1f406910ec8f","local_time":"20210114203145","is_ascension_mode":true,"campfire_choices":[{"data":"Neutralize","floor":6,"key":"SMITH"},{"data":"Survivor","floor":8,"key":"SMITH"},{"floor":11,"key":"RECALL"},{"data":"After Image","floor":15,"key":"SMITH"},{"data":"Grand Finale","floor":23,"key":"SMITH"},{"data":"Noxious Fumes","floor":32,"key":"SMITH"},{"data":"Burst","floor":40,"key":"SMITH"},{"data":"Backflip","floor":44,"key":"SMITH"},{"data":"Noxious Fumes","floor":46,"key":"SMITH"},{"floor":49,"key":"REST"},{"floor":53,"key":"REST"}],"circlet_count":0,"master_deck":["Survivor+1","Neutralize+1","Bouncing Flask+1","Catalyst+1","Footwork+1","PiercingWail+1","After Image+1","Grand Finale+1","After Image+1","Acrobatics+1","Master of Strategy+1","Noxious Fumes+1","Backflip+1","Reprogram+1","Burst+1","Dodge and Roll+1","Noxious Fumes+1","Well Laid Plans","Tactician+1"],"relics":["Ring of the Snake","Snake Skull","Omamori","Paper Crane","MealTicket","Mercury Hourglass","Ornamental Fan","CeramicFish","HoveringKite","Calipers","Old Coin","TwistedFunnel","InkBottle","Busted Crown","Ring of the Serpent","Blood Vial","Thread and Needle","Toxic Egg 2","Oddly Smooth Stone","WingedGreaves","Toy Ornithopter","ClockworkSouvenir","The Specimen"],"acts_visited":["Exordium","TheCity","TheBeyond","TheEnding"],"potions_floor_usage":[20,20,20,25,27,27,38,48,56,56],"damage_taken":[{"damage":0,"enemies":"Small Slimes","floor":1,"turns":5},{"damage":0,"enemies":"Cultist","floor":2,"turns":2},{"damage":4,"enemies":"Jaw Worm","floor":5,"turns":2},{"damage":15,"enemies":"3 Sentries","floor":7,"turns":8},{"damage":0,"enemies":"Lagavulin","floor":10,"turns":3},{"damage":10,"enemies":"Slime Boss","floor":16,"turns":11},{"damage":13,"enemies":"Shell Parasite","floor":18,"turns":6},{"damage":5,"enemies":"2 Thieves","floor":20,"turns":4},{"damage":12,"enemies":"Centurion and Healer","floor":22,"turns":6},{"damage":71,"enemies":"Gremlin Leader","floor":25,"turns":5},{"damage":23,"enemies":"Slavers","floor":27,"turns":5},{"damage":0,"enemies":"Gremlin Leader","floor":29,"turns":4},{"damage":9,"enemies":"Cultist and Chosen","floor":31,"turns":4},{"damage":5,"enemies":"Champ","floor":33,"turns":9},{"damage":10,"enemies":"Orb Walker","floor":35,"turns":3},{"damage":17,"enemies":"3 Shapes","floor":37,"turns":3},{"damage":24,"enemies":"2 Orb Walkers","floor":38,"turns":5},{"damage":1,"enemies":"3 Darklings","floor":41,"turns":4},{"damage":0,"enemies":"Nemesis","floor":42,"turns":5},{"damage":1,"enemies":"Reptomancer","floor":48,"turns":4},{"damage":6,"enemies":"Donu and Deca","floor":50,"turns":8},{"damage":4,"enemies":"Time Eater","floor":51,"turns":6},{"damage":59,"enemies":"Shield and Spear","floor":55,"turns":5},{"damage":6,"enemies":"The Heart","floor":56,"turns":9}],"seed_played":"6946470594212741416","potions_obtained":[{"floor":5,"key":"GamblersBrew"},{"floor":7,"key":"FearPotion"},{"floor":10,"key":"EntropicBrew"},{"floor":16,"key":"LiquidMemories"},{"floor":20,"key":"GhostInAJar"},{"floor":25,"key":"CunningPotion"},{"floor":27,"key":"Regen Potion"},{"floor":29,"key":"EssenceOfSteel"},{"floor":38,"key":"SkillPotion"},{"floor":42,"key":"ColorlessPotion"}],"is_trial":false,"path_per_floor":["M","M","?","?","M","R","E","R","T","E","R","$","?","$","R","B",null,"M","?","M","?","M","R","$","E","T","E","$","E","?","M","R","B",null,"M","T","M","?","?","R","M","E","T","R","$","R","?","E","R","B","B",null,"R","$","E","B",null],"character_chosen":"THE_SILENT","items_purchased":["After Image","Master of Strategy","TwistedFunnel","Noxious Fumes","Backflip","Noxious Fumes","Well Laid Plans","Tactician+1","PowerPotion","ClockworkSouvenir"],"campfire_rested":2,"item_purchase_floors":[12,24,28,28,28,45,54,54,54,54],"current_hp_per_floor":[65,65,43,43,39,39,24,24,24,24,24,39,13,28,28,18,59,46,46,41,41,29,29,44,72,72,49,64,64,64,55,55,50,67,57,57,42,32,32,32,33,35,35,35,50,50,50,51,72,66,64,70,72,72,51,57],"gold":134,"neow_bonus":"TEN_PERCENT_HP_BONUS","is_daily":false,"chose_seed":false,"campfire_upgraded":8,"win_rate":0.0,"timestamp":1610623905,"path_taken":["M","M","?","?","?","R","E","R","T","E","R","$","?","$","R","BOSS","M","?","?","?","?","R","$","E","T","E","$","E","?","M","R","BOSS","M","?","?","?","?","R","?","E","T","R","$","R","?","E","R","BOSS","BOSS","R","$","E","BOSS"],"items_purchased_type":["Card","Card","Relic","Card","Card","Card","Card","Card","Potion","Relic"],"build_version":"2020-12-22","purchased_purges":1,"victory":true,"max_hp_per_floor":[72,72,72,72,72,72,72,72,72,72,72,72,72,72,72,72,72,72,72,72,72,72,72,72,72,72,72,72,72,72,72,72,72,72,72,72,72,72,72,72,72,72,72,72,72,72,72,72,72,72,72,72,72,72,72,72],"relic_stats":{"counters":[24,124],"CeramicFish":108,"HoveringKite":[37],"Snake Skull":[285],"Mercury Hourglass":[448],"Blood Vial":14,"Busted Crown":14,"Ornamental Fan":[20],"MealTicket":75,"obtain_stats":[{"TwistedFunnel":28,"Calipers":25,"The Specimen":55,"CeramicFish":13,"HoveringKite":17,"Oddly Smooth Stone":43,"Thread and Needle":38,"Snake Skull":1,"Omamori":4,"Paper Crane":6,"Mercury Hourglass":9,"Old Coin":27,"ClockworkSouvenir":54,"Blood Vial":36,"Busted Crown":34,"Ornamental Fan":10,"MealTicket":7,"WingedGreaves":7,"Toxic Egg 2":42,"InkBottle":29,"Ring of the Serpent":34,"Toy Ornithopter":48,"Ring of the Snake":0},{"TwistedFunnel":11,"Calipers":10,"The Specimen":23,"CeramicFish":5,"HoveringKite":6,"Oddly Smooth Stone":19,"Thread and Needle":17,"Snake Skull":1,"Omamori":2,"Paper Crane":3,"Mercury Hourglass":4,"Old Coin":11,"ClockworkSouvenir":22,"Blood Vial":15,"Busted Crown":14,"Ornamental Fan":5,"MealTicket":4,"WingedGreaves":4,"Toxic Egg 2":19,"InkBottle":12,"Ring of the Serpent":14,"Toy Ornithopter":20,"Ring of the Snake":0},{"TwistedFunnel":57,"Calipers":52,"The Specimen":116,"CeramicFish":20,"HoveringKite":31,"Oddly Smooth Stone":93,"Thread and Needle":84,"Snake Skull":2,"Omamori":7,"Paper Crane":9,"Mercury Hourglass":17,"Old Coin":57,"ClockworkSouvenir":111,"Blood Vial":77,"Busted Crown":74,"Ornamental Fan":20,"MealTicket":17,"WingedGreaves":17,"Toxic Egg 2":93,"InkBottle":61,"Ring of the Serpent":74,"Toy Ornithopter":97,"Ring of the Snake":0}],"InkBottle":[33],"Toy Ornithopter":10,"Ring of the Snake":[48]},"card_choices":[{"not_picked":["Quick Slash","Riddle With Holes","Blade Dance"],"picked":"SKIP","floor":1},{"not_picked":["Prepared","Masterful Stab"],"picked":"PiercingWail","floor":2},{"not_picked":["Dagger Spray","Outmaneuver","Endless Agony"],"picked":"SKIP","floor":5},{"not_picked":["Predator","Prepared","PiercingWail"],"picked":"SKIP","floor":7},{"not_picked":["Masterful Stab","Riddle With Holes","Choke"],"picked":"SKIP","floor":10},{"not_picked":["Envenom","Tools of the Trade"],"picked":"Grand Finale","floor":16},{"not_picked":["Dagger Throw","Dagger Spray","Heel Hook"],"picked":"SKIP","floor":18},{"not_picked":["Endless Agony","Blade Dance"],"picked":"Acrobatics","floor":20},{"not_picked":["Endless Agony","Setup","Outmaneuver"],"picked":"SKIP","floor":22},{"not_picked":["Flying Knee","Finisher","Expertise"],"picked":"SKIP","floor":25},{"not_picked":["Outmaneuver","Expertise","Caltrops"],"picked":"SKIP","floor":27},{"not_picked":["Infinite Blades+1","Flechettes","Glass Knife"],"picked":"SKIP","floor":29},{"not_picked":["Underhanded Strike","Dagger Throw","Backflip"],"picked":"SKIP","floor":31},{"not_picked":["Malaise","Unload"],"picked":"Burst","floor":33},{"not_picked":["Outmaneuver"],"picked":"SKIP","floor":35},{"not_picked":["Poisoned Stab"],"picked":"SKIP","floor":37},{"not_picked":[],"picked":"Dodge and Roll+1","floor":38},{"not_picked":["Poisoned Stab"],"picked":"SKIP","floor":41},{"not_picked":["Skewer+1"],"picked":"SKIP","floor":42},{"not_picked":["Heel Hook"],"picked":"SKIP","floor":48},{"not_picked":["Heel Hook"],"picked":"SKIP","floor":55}],"player_experience":603777,"relics_obtained":[{"floor":7,"key":"MealTicket"},{"floor":9,"key":"Mercury Hourglass"},{"floor":10,"key":"Ornamental Fan"},{"floor":25,"key":"Calipers"},{"floor":27,"key":"Old Coin"},{"floor":29,"key":"InkBottle"},{"floor":36,"key":"Blood Vial"},{"floor":38,"key":"Thread and Needle"},{"floor":42,"key":"Toxic Egg 2"},{"floor":43,"key":"Oddly Smooth Stone"},{"floor":48,"key":"Toy Ornithopter"},{"floor":55,"key":"The Specimen"}],"event_choices":[{"damage_healed":0,"gold_gain":0,"player_choice":"Entered Light","damage_taken":22,"max_hp_gain":0,"max_hp_loss":0,"event_name":"Shining Light","floor":3,"gold_loss":0,"cards_upgraded":["PiercingWail","Defend_G"]},{"damage_healed":0,"gold_gain":0,"player_choice":"Paid Gold","damage_taken":0,"relics_obtained":["Omamori"],"max_hp_gain":0,"max_hp_loss":0,"event_name":"WeMeetAgain","floor":4,"gold_loss":92},{"damage_healed":0,"gold_gain":0,"player_choice":"Success","damage_taken":26,"relics_obtained":["CeramicFish"],"max_hp_gain":0,"max_hp_loss":0,"event_name":"Scrap Ooze","floor":13,"gold_loss":0},{"damage_healed":0,"gold_gain":0,"player_choice":"Copied","damage_taken":0,"max_hp_gain":0,"max_hp_loss":0,"event_name":"Duplicator","floor":19,"gold_loss":0,"cards_obtained":["After Image"]},{"damage_healed":0,"gold_gain":0,"player_choice":"Upgraded","damage_taken":0,"max_hp_gain":0,"max_hp_loss":0,"event_name":"Upgrade Shrine","floor":21,"gold_loss":0,"cards_upgraded":["Acrobatics"]},{"damage_healed":0,"gold_gain":50,"player_choice":"Pray","damage_taken":0,"max_hp_gain":0,"max_hp_loss":0,"event_name":"Golden Shrine","floor":30,"gold_loss":0},{"damage_healed":0,"gold_gain":0,"player_choice":"Fight","damage_taken":0,"max_hp_gain":0,"max_hp_loss":0,"event_name":"Mysterious Sphere","floor":38,"gold_loss":0},{"damage_healed":0,"gold_gain":0,"player_choice":"0 cards matched","damage_taken":0,"max_hp_gain":0,"max_hp_loss":0,"event_name":"Match and Keep!","floor":39,"gold_loss":0,"cards_obtained":[]},{"damage_healed":0,"gold_gain":0,"player_choice":"Forge","damage_taken":0,"max_hp_gain":0,"max_hp_loss":0,"event_name":"Accursed Blacksmith","floor":47,"gold_loss":0,"cards_upgraded":["Master of Strategy"]}],"is_beta":false,"boss_relics":[{"not_picked":["Black Star","Snecko Eye"],"picked":"HoveringKite"},{"not_picked":["Fusion Hammer","Sozu"],"picked":"Busted Crown"}],"items_purged_floors":[45],"is_endless":false,"potions_floor_spawned":[5,7,10,16,20,25,27,29,37,38,42],"ascension_level":20}}