{"host":"4rvakrj1idbgia3f","time":1610607760,"event":{"mods":["BaseMod","Colored Map","Colored Powertips","DeckTracker","Highlight Path","Minty Spire (QoL Compilation)","Random Character Button","StSLib"],"gold_per_floor":[115,8,8,27,43,43,56,56,82,82,115,115,132,147,147,222,222,142,142],"floor_reached":18,"language":"JPN","playtime":741,"items_purged":[],"score":324,"play_id":"92016d14-021e-4864-9bd9-991386e59906","local_time":"20210114160240","is_ascension_mode":true,"campfire_choices":[{"data":"Masterful Stab","floor":6,"key":"SMITH"},{"data":"Masterful Stab","floor":8,"key":"SMITH"},{"data":"Dagger Throw","floor":10,"key":"SMITH"},{"data":"Terror","floor":15,"key":"SMITH"}],"circlet_count":0,"master_deck":["AscendersBane","Strike_G","Strike_G","Strike_G","Strike_G","Strike_G","Defend_G","Defend_G","Defend_G","Survivor","Neutralize+1","Masterful Stab+1","Finesse","Masterful Stab+1","Dagger Throw+1","Backflip","Backflip","Backflip","Terror+1","Doppelganger"],"relics":["Ring of the Snake","Snake Skull","Empty Cage"],"acts_visited":["Exordium","TheCity"],"potions_floor_usage":[],"damage_taken":[{"damage":0,"enemies":"Jaw Worm","floor":1,"turns":5},{"damage":0,"enemies":"Cultist","floor":4,"turns":4},{"damage":0,"enemies":"Small Slimes","floor":5,"turns":2},{"damage":1,"enemies":"3 Louse","floor":7,"turns":3},{"damage":22,"enemies":"3 Sentries","floor":11,"turns":9},{"damage":0,"enemies":"Exordium Wildlife","floor":13,"turns":5},{"damage":0,"enemies":"2 Fungi Beasts","floor":14,"turns":2},{"damage":10,"enemies":"The Guardian","floor":16,"turns":14},{"damage":8,"enemies":"2 Thieves","floor":18,"turns":5}],"seed_played":"-8772015708826642143","potions_obtained":[{"floor":1,"key":"CultistPotion"},{"floor":4,"key":"Weak Potion"},{"floor":11,"key":"Dexterity Potion"},{"floor":12,"key":"Explosive Potion"}],"is_trial":false,"path_per_floor":["M","$","?","M","M","R","M","R","T","R","E","?","M","M","R","B",null,"M"],"character_chosen":"THE_SILENT","items_purchased":["Finesse"],"campfire_rested":0,"item_purchase_floors":[2],"current_hp_per_floor":[59,59,59,59,59,59,58,58,58,58,36,36,36,36,36,26,56,48,48],"gold":142,"neow_bonus":"UPGRADE_CARD","is_daily":false,"chose_seed":false,"campfire_upgraded":4,"win_rate":0.0,"timestamp":1610607760,"path_taken":["M","$","?","M","M","R","M","R","T","R","E","?","?","M","R","BOSS","M"],"items_purchased_type":["Card"],"build_version":"2020-12-22","purchased_purges":0,"victory":false,"max_hp_per_floor":[66,66,66,66,66,66,66,66,66,66,66,66,66,66,66,66,66,66,66],"card_choices":[{"not_picked":["Reflex","Prepared"],"picked":"Masterful Stab","floor":1},{"not_picked":["Deflect","Catalyst"],"picked":"Masterful Stab","floor":4},{"not_picked":["Deflect","Flying Knee"],"picked":"Dagger Throw","floor":5},{"not_picked":["Deadly Poison","Well Laid Plans"],"picked":"Backflip","floor":7},{"not_picked":["Quick Slash","Bane"],"picked":"Backflip","floor":11},{"not_picked":["Calculated Gamble","Prepared"],"picked":"Backflip","floor":13},{"not_picked":["Finisher","Infinite Blades"],"picked":"Terror","floor":14},{"not_picked":["Die Die Die","Tools of the Trade"],"picked":"Doppelganger","floor":16}],"player_experience":2025455,"relics_obtained":[{"floor":11,"key":"Snake Skull"}],"event_choices":[{"damage_healed":0,"gold_gain":0,"player_choice":"Ignored","damage_taken":0,"max_hp_gain":0,"max_hp_loss":0,"event_name":"Liars Game","floor":3,"gold_loss":0},{"damage_healed":0,"gold_gain":0,"player_choice":"Got Potions","damage_taken":0,"max_hp_gain":0,"max_hp_loss":0,"event_name":"Lab","floor":12,"gold_loss":0}],"is_beta":false,"boss_relics":[{"not_picked":["Runic Dome","Snecko Eye"],"picked":"Empty Cage"}],"items_purged_floors":[],"is_endless":false,"potions_floor_spawned":[1,4,11,16],"killed_by":"2 Thieves","ascension_level":20}}