{"host":"skvwuvqqk8x6jusd","time":1610583726,"event":{"mods":["AchievementEnabler","BaseMod","Colored Map","Colored Powertips","Highlight Path","Minty Spire (QoL Compilation)","Relic Stats","Slay-I"],"gold_per_floor":[115,132,144,144,169,169,193,193,220,263,279,352,352,367,367,497,497,513,185,209,234,30,30,55,55,55,55,55,68,68,68,68,168,168,181,196,196,196,0,0,11,11,82,101,101,112,128,139,139,139],"floor_reached":51,"language":"ENG","playtime":1101,"items_purged":["Defend_R"],"score":753,"play_id":"c772cd39-9699-4a22-a8cb-d9c5307d5ecb","local_time":"20210114002206","is_ascension_mode":false,"campfire_choices":[{"data":"Flex","floor":6,"key":"SMITH"},{"data":"Double Tap","floor":8,"key":"SMITH"},{"data":"Spot Weakness","floor":15,"key":"SMITH"},{"data":"Double Tap","floor":23,"key":"SMITH"},{"data":"Flex","floor":32,"key":"SMITH"},{"data":"Bash","floor":40,"key":"SMITH"},{"data":"Dramatic Entrance","floor":42,"key":"SMITH"},{"data":"Double Tap","floor":49,"key":"SMITH"}],"circlet_count":0,"master_deck":["Strike_R+1","Strike_R+1","Strike_R+1","Strike_R+1","Strike_R+1","Defend_R+1","Defend_R+1","Bash+1","Clash","Anger","Double Tap+1","Flex+1","Wild Strike","Spot Weakness+1","Cleave","Wild Strike","Double Tap+1","Anger","Dramatic Entrance+1","Clash","Flex+1","Clash","Offering","Double Tap+1","CurseOfTheBell","Cleave+1","Finesse","Whirlwind+1","Wild Strike+1"],"relics":["Burning Blood","TungstenRod","Bloody Idol","Oddly Smooth Stone","Ancient Tea Set","Bronze Scales","SacredBark","Brimstone","Sling","Letter Opener","Calling Bell","Akabeko","Blue Candle","Du-Vu Doll","Red Mask","Sundial"],"acts_visited":["Exordium","TheCity","TheBeyond"],"potions_floor_usage":[10,12,24,33,46,50,50,50],"damage_taken":[{"damage":0,"enemies":"Cultist","floor":1,"turns":3},{"damage":0,"enemies":"Small Slimes","floor":2,"turns":3},{"damage":0,"enemies":"2 Louse","floor":3,"turns":2},{"damage":10,"enemies":"Lots of Slimes","floor":5,"turns":5},{"damage":0,"enemies":"2 Fungi Beasts","floor":7,"turns":2},{"damage":0,"enemies":"Lagavulin","floor":10,"turns":4},{"damage":1,"enemies":"3 Louse","floor":11,"turns":3},{"damage":5,"enemies":"Gremlin Nob","floor":12,"turns":3},{"damage":3,"enemies":"Looter","floor":14,"turns":2},{"damage":0,"enemies":"Slime Boss","floor":16,"turns":5},{"damage":19,"enemies":"Shell Parasite","floor":18,"turns":2},{"damage":8,"enemies":"3 Byrds","floor":20,"turns":3},{"damage":0,"enemies":"3 Cultists","floor":21,"turns":2},{"damage":0,"enemies":"Snake Plant","floor":24,"turns":2},{"damage":12,"enemies":"Centurion and Healer","floor":29,"turns":2},{"damage":16,"enemies":"Champ","floor":33,"turns":5},{"damage":12,"enemies":"3 Shapes","floor":35,"turns":2},{"damage":19,"enemies":"3 Darklings","floor":36,"turns":3},{"damage":10,"enemies":"4 Shapes","floor":41,"turns":1},{"damage":11,"enemies":"Spire Growth","floor":44,"turns":2},{"damage":2,"enemies":"Sphere and 2 Shapes","floor":46,"turns":1},{"damage":0,"enemies":"3 Darklings","floor":47,"turns":2},{"damage":9,"enemies":"4 Shapes","floor":48,"turns":2},{"damage":50,"enemies":"Donu and Deca","floor":50,"turns":4}],"seed_played":"-1923418977628697438","potions_obtained":[{"floor":1,"key":"SkillPotion"},{"floor":2,"key":"Regen Potion"},{"floor":7,"key":"Block Potion"},{"floor":12,"key":"EssenceOfSteel"},{"floor":16,"key":"EssenceOfSteel"},{"floor":18,"key":"Block Potion"},{"floor":33,"key":"AttackPotion"},{"floor":41,"key":"SteroidPotion"},{"floor":44,"key":"Explosive Potion"},{"floor":47,"key":"SteroidPotion"},{"floor":48,"key":"SteroidPotion"}],"is_trial":false,"path_per_floor":["M","M","M","?","M","R","M","R","T","E","M","?","?","M","R","B",null,"M","$","M","M","$","R","M","?","T","?","?","M","$","?","R","B",null,"M","M","?","?","?","R","M","R","T","M","?","M","M","M","R","B",null],"character_chosen":"IRONCLAD","items_purchased":["Brimstone","Dramatic Entrance","Sling","Clash"],"campfire_rested":0,"item_purchase_floors":[19,19,22,22],"current_hp_per_floor":[72,72,72,55,51,51,57,57,57,63,68,69,63,66,66,72,72,59,59,57,63,63,63,69,69,69,69,69,63,63,63,63,58,72,71,63,63,63,63,63,64,64,69,69,68,68,68,68,68,24],"gold":139,"neow_bonus":"ONE_RARE_RELIC","is_daily":false,"chose_seed":false,"campfire_upgraded":8,"win_rate":0.0,"timestamp":1610583726,"path_taken":["M","M","?","?","M","R","M","R","T","E","M","?","?","M","R","BOSS","M","$","?","M","$","R","M","?","T","?","?","M","?","?","R","BOSS","M","M","?","?","?","R","M","R","T","?","?","M","M","M","R","BOSS"],"items_purchased_type":["Relic","Card","Relic","Card"],"build_version":"2020-12-22","purchased_purges":1,"victory":true,"max_hp_per_floor":[72,72,72,72,72,72,72,72,72,72,72,72,72,72,72,72,72,72,72,72,72,72,72,72,72,72,72,72,72,72,72,72,72,72,72,72,72,72,72,72,72,72,72,72,68,68,68,68,68,68],"relic_stats":{"counters":[24,65],"Sundial":[0],"Bloody Idol":33,"Bronze Scales":[63],"Blue Candle":[0],"Letter Opener":[41],"obtain_stats":[{"Golden Idol":4,"SacredBark":17,"Blue Candle":34,"Oddly Smooth Stone":9,"Letter Opener":26,"Ancient Tea Set":10,"Sling":22,"Burning Blood":0,"Akabeko":34,"Calling Bell":34,"Du-Vu Doll":34,"Brimstone":19,"Sundial":43,"Bronze Scales":12,"Bloody Idol":31,"Red Mask":39,"TungstenRod":0},{"Golden Idol":3,"SacredBark":10,"Blue Candle":16,"Oddly Smooth Stone":5,"Letter Opener":14,"Ancient Tea Set":6,"Sling":13,"Burning Blood":0,"Akabeko":16,"Calling Bell":16,"Du-Vu Doll":16,"Brimstone":11,"Sundial":19,"Bronze Scales":8,"Bloody Idol":15,"Red Mask":18,"TungstenRod":0},{"Golden Idol":8,"SacredBark":32,"Blue Candle":48,"Oddly Smooth Stone":15,"Letter Opener":41,"Ancient Tea Set":19,"Sling":39,"Burning Blood":0,"Akabeko":48,"Calling Bell":48,"Du-Vu Doll":48,"Brimstone":34,"Sundial":54,"Bronze Scales":25,"Bloody Idol":43,"Red Mask":53,"TungstenRod":0}],"Burning Blood":116,"TungstenRod":44},"card_choices":[{"not_picked":["Twin Strike","Iron Wave"],"picked":"Clash","floor":1},{"not_picked":["Infernal Blade","Perfected Strike"],"picked":"Anger","floor":2},{"not_picked":["Perfected Strike","Feel No Pain"],"picked":"Double Tap","floor":3},{"not_picked":["Perfected Strike","Shrug It Off"],"picked":"Flex","floor":5},{"not_picked":["Bloodletting","Infernal Blade","Havoc"],"picked":"SKIP","floor":7},{"not_picked":["Feel No Pain","Blood for Blood"],"picked":"Wild Strike","floor":10},{"not_picked":["Shrug It Off","Rupture"],"picked":"Spot Weakness","floor":11},{"not_picked":["Shrug It Off","True Grit"],"picked":"Cleave","floor":12},{"not_picked":["Flame Barrier","Body Slam"],"picked":"Wild Strike","floor":14},{"not_picked":["Exhume","Offering"],"picked":"Double Tap","floor":16},{"not_picked":["Body Slam","Clothesline"],"picked":"Anger","floor":18},{"not_picked":["Inflame","Pommel Strike"],"picked":"Clash","floor":20},{"not_picked":["Iron Wave","Wild Strike"],"picked":"Flex","floor":21},{"not_picked":["Anger","Bloodletting"],"picked":"Offering","floor":24},{"not_picked":["Power Through","Fire Breathing","Shrug It Off"],"picked":"SKIP","floor":29},{"not_picked":["Fiend Fire","Immolate"],"picked":"Double Tap","floor":33},{"not_picked":["True Grit+1","Armaments+1","Pommel Strike"],"picked":"SKIP","floor":35},{"not_picked":["Shrug It Off","Clothesline"],"picked":"Cleave+1","floor":36},{"not_picked":["Forethought","Deep Breath"],"picked":"Finesse","floor":38},{"not_picked":["Clash+1","Flame Barrier+1"],"picked":"Whirlwind+1","floor":41},{"not_picked":["Perfected Strike+1","Rupture","Body Slam+1"],"picked":"SKIP","floor":44},{"not_picked":["Power Through+1","Brutality","Dark Embrace+1"],"picked":"SKIP","floor":46},{"not_picked":["Bloodletting+1","Power Through","Wild Strike+1"],"picked":"SKIP","floor":47},{"not_picked":["Havoc+1","Sentinel+1"],"picked":"Wild Strike+1","floor":48}],"player_experience":616410,"relics_obtained":[{"floor":9,"key":"Oddly Smooth Stone"},{"floor":10,"key":"Ancient Tea Set"},{"floor":12,"key":"Bronze Scales"},{"floor":26,"key":"Letter Opener"},{"floor":34,"key":"Akabeko"},{"floor":34,"key":"Blue Candle"},{"floor":34,"key":"Du-Vu Doll"},{"floor":43,"key":"Sundial"}],"event_choices":[{"damage_healed":0,"gold_gain":0,"player_choice":"Take Damage","damage_taken":18,"relics_obtained":["Golden Idol"],"max_hp_gain":0,"max_hp_loss":0,"event_name":"Golden Idol","floor":4,"gold_loss":0},{"damage_healed":0,"gold_gain":0,"player_choice":"Searched \u00272\u0027 times","damage_taken":0,"max_hp_gain":0,"max_hp_loss":0,"event_name":"Dead Adventurer","floor":12,"gold_loss":0},{"damage_healed":0,"gold_gain":0,"player_choice":"Damaged","damage_taken":7,"max_hp_gain":0,"max_hp_loss":0,"event_name":"Wheel of Change","floor":13,"gold_loss":0},{"damage_healed":0,"gold_gain":0,"player_choice":"Ignored","damage_taken":0,"max_hp_gain":0,"max_hp_loss":0,"event_name":"The Mausoleum","floor":27,"gold_loss":0},{"damage_healed":0,"gold_gain":0,"player_choice":"Simplicity","damage_taken":0,"max_hp_gain":0,"max_hp_loss":0,"event_name":"Back to Basics","floor":28,"gold_loss":0,"cards_upgraded":["Strike_R","Strike_R","Strike_R","Strike_R","Strike_R","Defend_R","Defend_R","Defend_R"]},{"damage_healed":0,"gold_gain":0,"player_choice":"Gave Idol","damage_taken":0,"relics_obtained":["Bloody Idol"],"max_hp_gain":0,"max_hp_loss":0,"event_name":"Forgotten Altar","floor":31,"relics_lost":["Golden Idol"],"gold_loss":0},{"cards_removed":["Defend_R"],"damage_healed":0,"gold_gain":0,"player_choice":"Removed Skill","damage_taken":0,"max_hp_gain":0,"max_hp_loss":0,"event_name":"Falling","floor":37,"gold_loss":0},{"damage_healed":0,"gold_gain":0,"player_choice":"Memory 1","damage_taken":0,"max_hp_gain":0,"max_hp_loss":0,"event_name":"SensoryStone","floor":38,"gold_loss":0},{"damage_healed":0,"gold_gain":0,"player_choice":"Paid","damage_taken":0,"relics_obtained":["Red Mask"],"max_hp_gain":0,"max_hp_loss":0,"event_name":"Tomb of Lord Red Mask","floor":39,"gold_loss":196},{"damage_healed":0,"gold_gain":0,"player_choice":"Max HP","damage_taken":0,"max_hp_gain":0,"max_hp_loss":4,"event_name":"Winding Halls","floor":45,"gold_loss":0}],"is_beta":false,"boss_relics":[{"not_picked":["Velvet Choker","Coffee Dripper"],"picked":"SacredBark"},{"not_picked":["Snecko Eye","Tiny House"],"picked":"Calling Bell"}],"items_purged_floors":[19],"is_endless":false,"potions_floor_spawned":[1,2,7,12,16,18,33,41,44,47,48],"ascension_level":0}}