{"host":"poshtwjux72eqzmy","time":1610658385,"event":{"mods":["BaseMod","Bestiary","Block Reminder","Highlight Path","Minty Spire (QoL Compilation)","Relic Stats","StSLib","ojb\u0027s Info Mod"],"gold_per_floor":[114,131,131,151,7,32,43,43,89,123,88,116,116,149,149,227,227,247,23,43,93,93,93,125,125,125,50,84,97,97,126,126,199,199,210,224,58,58,73,73,99,99,99,133,164,164,164,192,192,192,192,192,192,53,79,79],"floor_reached":57,"language":"ENG","playtime":5181,"items_purged":["Redo"],"score":3110,"play_id":"5493ac2a-9ac6-4822-b3b4-452ad623ca7a","local_time":"20210114230625","is_ascension_mode":true,"campfire_choices":[{"data":"Doom and Gloom","floor":8.0,"key":"SMITH"},{"data":"Biased Cognition","floor":13.0,"key":"SMITH"},{"data":"Go for the Eyes","floor":15.0,"key":"SMITH"},{"data":"Seek","floor":23.0,"key":"SMITH"},{"data":"Buffer","floor":25.0,"key":"SMITH"},{"data":"Reinforced Body","floor":30.0,"key":"SMITH"},{"data":"Double Energy","floor":32.0,"key":"SMITH"},{"data":"Tempest","floor":40.0,"key":"SMITH"},{"data":"Heatsinks","floor":42.0,"key":"SMITH"},{"floor":46.0,"key":"RECALL"},{"data":"Leap","floor":49.0,"key":"SMITH"},{"data":"Undo","floor":53.0,"key":"SMITH"}],"circlet_count":0,"master_deck":["AscendersBane","Zap+1","Dualcast","Go for the Eyes+1","Tempest+1","FTL","Doom and Gloom+1","Machine Learning","Compile Driver","Biased Cognition+1","Electrodynamics","Defragment","Seek+1","Echo Form","Buffer+1","Static Discharge","Melter","Electrodynamics","Tempest+1","Defragment","Leap+1","Conserve Battery","Undo+1","Reinforced Body+1","Double Energy+1","Fission+1","Heatsinks+1","Leap","Hologram","Storm+1"],"relics":["Coffee Dripper","Singing Bowl","War Paint","Orichalcum","Omamori","WingedGreaves","Pandora\u0027s Box","OrangePellets","Necronomicon","Kunai","Strawberry","Red Mask","Pocketwatch","Busted Crown","Toolbox","Lantern","Pear","Oddly Smooth Stone","Bronze Scales","HornCleat"],"acts_visited":["Exordium","TheCity","TheBeyond","TheEnding"],"potions_floor_usage":[56],"damage_taken":[{"damage":0.0,"enemies":"Small Slimes","floor":1.0,"turns":4.0},{"damage":2.0,"enemies":"Jaw Worm","floor":2.0,"turns":4.0},{"damage":4.0,"enemies":"2 Louse","floor":4.0,"turns":2.0},{"damage":24.0,"enemies":"Gremlin Nob","floor":6.0,"turns":4.0},{"damage":11.0,"enemies":"Exordium Thugs","floor":7.0,"turns":4.0},{"damage":15.0,"enemies":"3 Sentries","floor":10.0,"turns":3.0},{"damage":9.0,"enemies":"Lagavulin","floor":12.0,"turns":4.0},{"damage":2.0,"enemies":"Gremlin Nob","floor":14.0,"turns":3.0},{"damage":19.0,"enemies":"The Guardian","floor":16.0,"turns":11.0},{"damage":6.0,"enemies":"3 Byrds","floor":18.0,"turns":2.0},{"damage":6.0,"enemies":"Chosen","floor":20.0,"turns":4.0},{"damage":1.0,"enemies":"Slavers","floor":24.0,"turns":2.0},{"damage":7.0,"enemies":"Masked Bandits","floor":28.0,"turns":3.0},{"damage":0.0,"enemies":"3 Cultists","floor":29.0,"turns":2.0},{"damage":6.0,"enemies":"Gremlin Leader","floor":31.0,"turns":3.0},{"damage":0.0,"enemies":"Collector","floor":33.0,"turns":5.0},{"damage":2.0,"enemies":"3 Shapes","floor":35.0,"turns":3.0},{"damage":0.0,"enemies":"3 Darklings","floor":36.0,"turns":2.0},{"damage":0.0,"enemies":"Maw","floor":39.0,"turns":4.0},{"damage":0.0,"enemies":"Nemesis","floor":41.0,"turns":5.0},{"damage":0.0,"enemies":"Reptomancer","floor":44.0,"turns":2.0},{"damage":5.0,"enemies":"Nemesis","floor":45.0,"turns":3.0},{"damage":1.0,"enemies":"Giant Head","floor":48.0,"turns":4.0},{"damage":11.0,"enemies":"Time Eater","floor":50.0,"turns":6.0},{"damage":0.0,"enemies":"Donu and Deca","floor":51.0,"turns":4.0},{"damage":44.0,"enemies":"Shield and Spear","floor":55.0,"turns":3.0},{"damage":11,"enemies":"The Heart","floor":56,"turns":8}],"seed_played":"4993607282346222610","potions_obtained":[{"floor":6.0,"key":"Explosive Potion"},{"floor":10.0,"key":"SmokeBomb"},{"floor":14.0,"key":"ColorlessPotion"},{"floor":16.0,"key":"LiquidMemories"},{"floor":31.0,"key":"EssenceOfDarkness"},{"floor":39.0,"key":"Energy Potion"}],"is_trial":false,"path_per_floor":["M","M","?","M","$","E","M","R","T","E","?","E","R","E","R","B",null,"M","$","M","?","?","R","E","R","T","$","?","M","R","E","R","B",null,"M","M","$","?","M","R","E","R","T","E","E","R","$","E","R","B","B",null,"R","$","E","B",null],"character_chosen":"DEFECT","items_purchased":["Doom and Gloom","BlessingOfTheForge","OrangePellets","Conserve Battery","Toolbox","SpeedPotion","Leap","Hologram"],"campfire_rested":0,"item_purchase_floors":[5,5,19,19,37,54,54,54],"current_hp_per_floor":[64,62,67,63,63,39,28,28,28,13,32,23,23,21,21,2,58,52,52,48,48,27,27,26,26,33,33,28,28,28,22,22,22,71,71,71,71,71,73,73,75,75,75,87,84,84,84,85,85,74,74,100,100,100,56,45],"gold":79,"neow_bonus":"BOSS_RELIC","is_daily":false,"chose_seed":false,"campfire_upgraded":11,"win_rate":0.0,"timestamp":1610658385,"path_taken":["M","M","?","M","?","E","M","R","T","E","?","E","R","E","R","BOSS","M","$","M","?","?","R","E","R","T","$","?","?","R","E","R","BOSS","M","M","?","?","?","R","E","R","T","E","E","R","?","E","R","BOSS","BOSS","R","$","E","BOSS"],"items_purchased_type":["Card","Potion","Relic","Card","Relic","Potion","Card","Card"],"build_version":"2020-12-22","purchased_purges":1,"victory":true,"max_hp_per_floor":[71,71,76,76,76,76,76,76,76,76,76,76,76,76,76,76,76,76,76,78,78,78,78,78,78,85,85,87,87,87,87,87,87,87,89,89,89,89,91,91,93,93,93,105,107,107,107,109,109,109,109,109,109,109,109,109],"relic_stats":{"OrangePellets":[23],"Busted Crown":16,"Singing Bowl":16,"counters":[27,104],"Bronze Scales":[150],"Pandora\u0027s Box":["Echo Form","Buffer","Static Discharge","Redo","Melter","Electrodynamics","Tempest","Defragment"],"Necronomicon":[16],"Kunai":[13],"War Paint":["Zap","Tempest"],"Orichalcum":[222],"obtain_stats":[{"Lantern":41,"Pear":44,"Singing Bowl":6,"Oddly Smooth Stone":45,"Omamori":12,"War Paint":9,"Orichalcum":10,"OrangePellets":19,"Busted Crown":34,"HornCleat":55,"Strawberry":26,"Bronze Scales":48,"Toolbox":37,"Pandora\u0027s Box":17,"WingedGreaves":14,"Coffee Dripper":0,"Necronomicon":22,"Red Mask":28,"Kunai":24,"Cracked Core":0,"Pocketwatch":31},{"Lantern":20,"Pear":21,"Singing Bowl":4,"Oddly Smooth Stone":22,"Omamori":7,"War Paint":5,"Orichalcum":6,"OrangePellets":10,"Busted Crown":16,"HornCleat":26,"Strawberry":12,"Bronze Scales":23,"Toolbox":18,"Pandora\u0027s Box":9,"WingedGreaves":8,"Coffee Dripper":0,"Necronomicon":11,"Red Mask":13,"Kunai":12,"Cracked Core":0,"Pocketwatch":15},{"Lantern":74,"Pear":76,"Singing Bowl":14,"Oddly Smooth Stone":79,"Omamori":25,"War Paint":18,"Orichalcum":21,"OrangePellets":41,"Busted Crown":60,"HornCleat":96,"Strawberry":47,"Bronze Scales":83,"Toolbox":65,"Pandora\u0027s Box":39,"WingedGreaves":28,"Coffee Dripper":0,"Necronomicon":45,"Red Mask":50,"Kunai":47,"Cracked Core":0,"Pocketwatch":55}],"Pocketwatch":[21]},"card_choices":[{"not_picked":["Conserve Battery","Steam"],"picked":"Go for the Eyes","floor":1.0},{"not_picked":["Stack","FTL"],"picked":"Tempest","floor":2.0},{"not_picked":["Consume","Sweeping Beam"],"picked":"FTL","floor":4.0},{"not_picked":["FTL","Coolheaded"],"picked":"Machine Learning","floor":6.0},{"not_picked":["Gash","Skim"],"picked":"Compile Driver","floor":7.0},{"not_picked":["Ball Lightning","Genetic Algorithm"],"picked":"Biased Cognition","floor":10.0},{"not_picked":["Barrage","Reinforced Body"],"picked":"Electrodynamics","floor":12.0},{"not_picked":["Beam Cell","Go for the Eyes"],"picked":"Defragment","floor":14.0},{"not_picked":["Machine Learning","Meteor Strike"],"picked":"Seek","floor":16.0},{"not_picked":["Redo","Beam Cell"],"picked":"Leap","floor":18.0},{"not_picked":["Static Discharge","Consume","Coolheaded"],"picked":"Singing Bowl","floor":20.0},{"not_picked":["Redo","Fission"],"picked":"Undo","floor":24.0},{"not_picked":["FTL","Darkness","Tempest"],"picked":"Singing Bowl","floor":28.0},{"not_picked":["Aggregate","Hologram"],"picked":"Reinforced Body","floor":29.0},{"not_picked":["Conserve Battery","Consume+1"],"picked":"Double Energy","floor":31.0},{"not_picked":["Thunder Strike","Electrodynamics"],"picked":"Fission","floor":33.0},{"not_picked":["Rebound"],"picked":"Singing Bowl","floor":35.0},{"not_picked":[],"picked":"Heatsinks","floor":36.0},{"not_picked":["Streamline"],"picked":"Singing Bowl","floor":39.0},{"not_picked":["Barrage+1"],"picked":"Singing Bowl","floor":41.0},{"not_picked":["Redo"],"picked":"Singing Bowl","floor":44.0},{"not_picked":["Compile Driver"],"picked":"Singing Bowl","floor":45.0},{"not_picked":["Redo"],"picked":"Singing Bowl","floor":48.0},{"not_picked":[],"picked":"Storm+1","floor":55.0}],"player_experience":1064240,"relics_obtained":[{"floor":6.0,"key":"Singing Bowl"},{"floor":9.0,"key":"War Paint"},{"floor":10.0,"key":"Orichalcum"},{"floor":12.0,"key":"Omamori"},{"floor":14.0,"key":"WingedGreaves"},{"floor":22.0,"key":"Necronomicon"},{"floor":24.0,"key":"Kunai"},{"floor":26.0,"key":"Strawberry"},{"floor":28.0,"key":"Red Mask"},{"floor":31.0,"key":"Pocketwatch"},{"floor":41.0,"key":"Lantern"},{"floor":44.0,"key":"Pear"},{"floor":45.0,"key":"Oddly Smooth Stone"},{"floor":48.0,"key":"Bronze Scales"},{"floor":55.0,"key":"HornCleat"}],"event_choices":[{"damage_healed":0.0,"max_hp_gain":5.0,"max_hp_loss":0.0,"gold_gain":0.0,"event_name":"Big Fish","player_choice":"Donut","floor":3.0,"gold_loss":0.0,"damage_taken":0.0},{"damage_healed":19.0,"max_hp_gain":0.0,"max_hp_loss":0.0,"gold_gain":0.0,"event_name":"The Cleric","player_choice":"Healed","floor":11.0,"gold_loss":35.0,"damage_taken":0.0},{"damage_healed":0.0,"max_hp_gain":0.0,"max_hp_loss":0.0,"gold_gain":50.0,"event_name":"Nest","player_choice":"Stole From Cult","floor":21.0,"gold_loss":0.0,"damage_taken":0.0},{"damage_healed":0.0,"max_hp_gain":0.0,"max_hp_loss":0.0,"gold_gain":0.0,"event_name":"Cursed Tome","player_choice":"Obtained Book","floor":22.0,"gold_loss":0.0,"damage_taken":21.0},{"damage_healed":0.0,"max_hp_gain":0.0,"max_hp_loss":0.0,"gold_gain":0.0,"event_name":"Masked Bandits","player_choice":"Fought Bandits","floor":28.0,"gold_loss":0.0,"damage_taken":0.0},{"damage_healed":0.0,"max_hp_gain":0.0,"max_hp_loss":0.0,"gold_gain":0.0,"event_name":"Accursed Blacksmith","player_choice":"Forge","floor":38.0,"gold_loss":0.0,"damage_taken":0.0,"cards_upgraded":["Fission"]}],"is_beta":false,"boss_relics":[{"not_picked":["Nuclear Battery","Black Star"],"picked":"Pandora\u0027s Box"},{"not_picked":["Inserter","Fusion Hammer"],"picked":"Busted Crown"}],"items_purged_floors":[27],"is_endless":false,"potions_floor_spawned":[6,7,10,14,16,20,31,36,39,48],"ascension_level":20}}