{"host":"g7trc0x2teqyd8ye","time":1610652744,"event":{"mods":["BaseMod","Key Reminder","Minty Spire (QoL Compilation)","Relic Stats"],"gold_per_floor":[109,124,150,80,100,131,149,149,149,129,160,172,187,219,219,293,293,305,320,320,2,21,21,21],"floor_reached":23,"language":"ENG","playtime":852,"items_purged":["Strike_B"],"score":351,"play_id":"61755887-51ee-4684-8904-3f616e0fa40c","local_time":"20210114203224","is_ascension_mode":true,"campfire_choices":[{"data":"Melter","floor":8,"key":"SMITH"},{"floor":15,"key":"REST"}],"circlet_count":0,"master_deck":["AscendersBane","Strike_B","Strike_B","Strike_B","Defend_B","Defend_B","Defend_B","Defend_B","Zap","Dualcast","Self Repair","Cold Snap","FTL","Melter+1","Darkness","Ball Lightning","Beam Cell","Go for the Eyes","Conserve Battery","Glacier","Electrodynamics","Leap","Blizzard","Shame","HandOfGreed","Loop","Leap+1"],"relics":["Cracked Core","NeowsBlessing","Ancient Tea Set","Pen Nib","Blue Candle","Calipers","Nunchaku","Snecko Eye","Gremlin Horn"],"acts_visited":["Exordium","TheCity"],"potions_floor_usage":[7,14,16,23],"damage_taken":[{"damage":0,"enemies":"Cultist","floor":1,"turns":1},{"damage":0,"enemies":"Jaw Worm","floor":2,"turns":1},{"damage":0,"enemies":"2 Louse","floor":5,"turns":1},{"damage":26,"enemies":"Lagavulin","floor":6,"turns":6},{"damage":9,"enemies":"Exordium Wildlife","floor":7,"turns":3},{"damage":16,"enemies":"Gremlin Nob","floor":11,"turns":3},{"damage":7,"enemies":"Red Slaver","floor":12,"turns":3},{"damage":7,"enemies":"2 Fungi Beasts","floor":13,"turns":2},{"damage":9,"enemies":"Lagavulin","floor":14,"turns":4},{"damage":19,"enemies":"Hexaghost","floor":16,"turns":8},{"damage":16,"enemies":"3 Byrds","floor":18,"turns":4},{"damage":13,"enemies":"Spheric Guardian","floor":19,"turns":4},{"damage":5,"enemies":"Centurion and Healer","floor":22,"turns":4},{"damage":56,"enemies":"Book of Stabbing","floor":23,"turns":5}],"seed_played":"7816206155569797810","potions_obtained":[{"floor":1,"key":"PotionOfCapacity"},{"floor":2,"key":"Explosive Potion"},{"floor":7,"key":"FocusPotion"},{"floor":12,"key":"SkillPotion"},{"floor":13,"key":"AttackPotion"},{"floor":18,"key":"EssenceOfSteel"}],"is_trial":false,"path_per_floor":["M","M","T","$","M","E","M","R","T","?","E","M","M","E","R","B",null,"M","M","?","$","M","E"],"character_chosen":"DEFECT","items_purchased":["FTL","HandOfGreed","Loop"],"campfire_rested":1,"item_purchase_floors":[4,21,21],"current_hp_per_floor":[68,68,68,68,68,49,47,47,47,47,38,38,38,36,58,46,68,59,53,53,53,55,0,0],"gold":21,"neow_bonus":"THREE_ENEMY_KILL","is_daily":false,"chose_seed":false,"campfire_upgraded":1,"win_rate":0.0,"timestamp":1610652744,"path_taken":["M","?","?","$","M","E","M","R","T","?","E","M","?","E","R","BOSS","M","M","?","$","M","E"],"items_purchased_type":["Card","Card","Card"],"build_version":"2020-12-22","purchased_purges":1,"victory":false,"max_hp_per_floor":[75,75,75,75,75,75,75,75,75,75,75,75,75,75,75,75,75,75,75,75,75,75,75,75],"relic_stats":{"Nunchaku":[4],"Gremlin Horn":[1,1],"counters":[14,49],"Blue Candle":[0],"Snecko Eye":[29,29,30,27],"Pen Nib":[7],"obtain_stats":[{"Nunchaku":14,"Calipers":11,"NeowsBlessing":0,"Gremlin Horn":20,"Blue Candle":9,"Snecko Eye":17,"Pen Nib":6,"Cracked Core":0,"Ancient Tea Set":3},{"Nunchaku":9,"Calipers":6,"NeowsBlessing":0,"Gremlin Horn":12,"Blue Candle":5,"Snecko Eye":10,"Pen Nib":4,"Cracked Core":0,"Ancient Tea Set":2},{"Nunchaku":24,"Calipers":15,"NeowsBlessing":0,"Gremlin Horn":40,"Blue Candle":12,"Snecko Eye":32,"Pen Nib":9,"Cracked Core":0,"Ancient Tea Set":2}]},"card_choices":[{"not_picked":["Steam Power","Static Discharge"],"picked":"Self Repair","floor":1},{"not_picked":["Hologram","Rebound"],"picked":"Cold Snap","floor":2},{"not_picked":["Hello World","Stack"],"picked":"Melter","floor":5},{"not_picked":["Reprogram","Melter"],"picked":"Darkness","floor":6},{"not_picked":["Auto Shields","Chill"],"picked":"Ball Lightning","floor":7},{"not_picked":["Aggregate","Turbo"],"picked":"Beam Cell","floor":11},{"not_picked":["Barrage","Beam Cell"],"picked":"Go for the Eyes","floor":12},{"not_picked":["Heatsinks","Stack"],"picked":"Conserve Battery","floor":13},{"not_picked":["Hyperbeam","Beam Cell"],"picked":"Glacier","floor":14},{"not_picked":["Amplify","Seek"],"picked":"Electrodynamics","floor":16},{"not_picked":["Reprogram","Heatsinks"],"picked":"Leap","floor":18},{"not_picked":["Ball Lightning","Leap"],"picked":"Blizzard","floor":19},{"not_picked":["Rip and Tear","Barrage"],"picked":"Leap+1","floor":22}],"player_experience":912473,"relics_obtained":[{"floor":3,"key":"Ancient Tea Set"},{"floor":6,"key":"Pen Nib"},{"floor":9,"key":"Blue Candle"},{"floor":11,"key":"Calipers"},{"floor":14,"key":"Nunchaku"}],"event_choices":[{"damage_healed":0,"gold_gain":0,"player_choice":"Bought 1 Potion","damage_taken":0,"max_hp_gain":0,"max_hp_loss":0,"event_name":"The Woman in Blue","floor":10,"gold_loss":0},{"damage_healed":0,"gold_gain":0,"player_choice":"Stole Relic","damage_taken":0,"relics_obtained":["Gremlin Horn"],"max_hp_gain":0,"max_hp_loss":0,"event_name":"Addict","floor":20,"gold_loss":0,"cards_obtained":["Shame"]}],"is_beta":false,"boss_relics":[{"not_picked":["Calling Bell","Inserter"],"picked":"Snecko Eye"}],"items_purged_floors":[21],"is_endless":false,"potions_floor_spawned":[1,2,7,12,13,18],"killed_by":"Book of Stabbing","ascension_level":13}}