{"host":"yvb207ks1sg3cxef","time":1610645163,"event":{"mods":["2.2 Compatiblity","BaseMod","Bestiary","Colored Powertips","Minty Spire (QoL Compilation)","Permanent Neow","Quick Restart","Relic Stats","StSLib"],"gold_per_floor":[109,125,137,137,137,137,160,160,160,199,224,224,224],"floor_reached":12,"language":"ENG","playtime":283,"items_purged":[],"score":96,"play_id":"4bcd448d-835d-4bc3-a443-78eca87ced90","local_time":"20210114225603","is_ascension_mode":true,"campfire_choices":[{"data":"Decay","floor":6,"key":"PURGE"},{"floor":8,"key":"REST"}],"circlet_count":0,"master_deck":["Strike_B","Strike_B","Strike_B","Strike_B","Defend_B","Defend_B","Defend_B","Defend_B","Zap","Dualcast","Sweeping Beam","Streamline","Rebound","Streamline","Redo"],"relics":["Cracked Core","Peace Pipe","Golden Idol","Symbiotic Virus","Shovel"],"acts_visited":["Exordium"],"potions_floor_usage":[],"damage_taken":[{"damage":0,"enemies":"Small Slimes","floor":1,"turns":2},{"damage":0,"enemies":"2 Louse","floor":2,"turns":2},{"damage":0,"enemies":"Cultist","floor":3,"turns":3},{"damage":5,"enemies":"2 Fungi Beasts","floor":7,"turns":3},{"damage":24,"enemies":"Gremlin Nob","floor":10,"turns":4},{"damage":5,"enemies":"Gremlin Gang","floor":11,"turns":2},{"damage":25,"enemies":"Lagavulin","floor":12,"turns":3}],"seed_played":"-5614452103074643591","potions_obtained":[{"floor":1,"key":"Strength Potion"},{"floor":2,"key":"EssenceOfDarkness"},{"floor":11,"key":"Fire Potion"}],"is_trial":false,"path_per_floor":["M","M","M","?","?","R","M","R","T","E","M","E"],"character_chosen":"DEFECT","items_purchased":[],"campfire_rested":1,"item_purchase_floors":[],"current_hp_per_floor":[54,54,54,36,36,36,31,53,53,29,24,0,0],"gold":224,"neow_bonus":"ONE_RARE_RELIC","is_daily":false,"chose_seed":false,"campfire_upgraded":0,"win_rate":0.0,"timestamp":1610645163,"path_taken":["M","M","M","?","?","R","M","R","T","E","?","E"],"items_purchased_type":[],"build_version":"2020-12-22","purchased_purges":0,"victory":false,"max_hp_per_floor":[75,75,75,75,75,75,75,75,75,75,75,75,75],"relic_stats":{"Peace Pipe":1,"Shovel":0,"counters":[7,19],"Golden Idol":18,"obtain_stats":[{"Peace Pipe":0,"Shovel":10,"Golden Idol":4,"Cracked Core":0,"Symbiotic Virus":9},{"Peace Pipe":0,"Shovel":5,"Golden Idol":3,"Cracked Core":0,"Symbiotic Virus":4},{"Peace Pipe":0,"Shovel":14,"Golden Idol":7,"Cracked Core":0,"Symbiotic Virus":10}]},"card_choices":[{"not_picked":["Heatsinks","Skim"],"picked":"Sweeping Beam","floor":1},{"not_picked":["Steam","Gash"],"picked":"Streamline","floor":2},{"not_picked":["Go for the Eyes","Melter"],"picked":"Rebound","floor":3},{"not_picked":["Rebound","Rip and Tear"],"picked":"Streamline","floor":7},{"not_picked":["Redo","Static Discharge","Ball Lightning"],"picked":"SKIP","floor":10},{"not_picked":["Static Discharge","Ball Lightning"],"picked":"Redo","floor":10},{"not_picked":["Go for the Eyes","Meteor Strike","Cold Snap"],"picked":"SKIP","floor":11}],"player_experience":339080,"relics_obtained":[{"floor":9,"key":"Symbiotic Virus"},{"floor":10,"key":"Shovel"}],"event_choices":[{"damage_healed":0,"gold_gain":0,"player_choice":"Take Damage","damage_taken":18,"relics_obtained":["Golden Idol"],"max_hp_gain":0,"max_hp_loss":0,"event_name":"Golden Idol","floor":4,"gold_loss":0},{"damage_healed":0,"gold_gain":0,"player_choice":"Cursed","damage_taken":0,"max_hp_gain":0,"max_hp_loss":0,"event_name":"Wheel of Change","floor":5,"gold_loss":0,"cards_obtained":["Decay"]}],"is_beta":false,"boss_relics":[],"items_purged_floors":[],"is_endless":false,"potions_floor_spawned":[1,2,11],"killed_by":"Lagavulin","ascension_level":4}}