{"host":"dtm4abeon6jfxj1d","time":1610658057,"event":{"mods":["BaseMod","Downfall","Minty Spire (QoL Compilation)","Rare Cards Sparkle","StSLib"],"gold_per_floor":[119,119,133,133,58,101,122,122,122,110,124,144,163,15,15,105,105,129,129,129,154,173,173,173,173],"floor_reached":24,"language":"ENG","playtime":1064,"items_purged":["Strike_P"],"score":330,"play_id":"3ff5a182-0298-45d2-a5bd-17cf42d02890","local_time":"20210114160057","is_ascension_mode":true,"campfire_choices":[{"data":"Perseverance","floor":8.0,"key":"SMITH"},{"floor":15.0,"key":"REST"},{"floor":23,"key":"REST"}],"circlet_count":0,"master_deck":["AscendersBane","Defend_P","Defend_P","Defend_P","Eruption","Vigilance","CurseOfTheBell","Perseverance+1","SandsOfTime+1","Indignation","Conclude","SandsOfTime","Sanctity","EmptyBody","DevaForm","Establishment","BattleHymn","Slimebound:Tackle+1","Slimebound:Tackle+1","Slimebound:Tackle+1","Establishment","Study"],"relics":["Calling Bell","Toy Ornithopter","Pear","Prayer Wheel","Golden Idol","Question Card","Ancient Tea Set","Velvet Choker"],"acts_visited":["Exordium","TheCity"],"potions_floor_usage":[24],"damage_taken":[{"damage":7.0,"enemies":"Jaw Worm","floor":1.0,"turns":4.0},{"damage":0.0,"enemies":"Cultist","floor":3.0,"turns":2.0},{"damage":20.0,"enemies":"Gremlin Nob","floor":6.0,"turns":4.0},{"damage":3.0,"enemies":"2 Louse","floor":7.0,"turns":3.0},{"damage":8.0,"enemies":"Exordium Thugs","floor":10.0,"turns":5.0},{"damage":0.0,"enemies":"Large Slime","floor":11.0,"turns":3.0},{"damage":1.0,"enemies":"Blue Slaver","floor":12.0,"turns":3.0},{"damage":6.0,"enemies":"3 Louse","floor":13.0,"turns":3.0},{"damage":15.0,"enemies":"Hexaghost","floor":16.0,"turns":8.0},{"damage":0.0,"enemies":"Chosen","floor":18.0,"turns":3.0},{"damage":17.0,"enemies":"2 Thieves","floor":21.0,"turns":4.0},{"damage":31,"enemies":"Shelled Parasite and Fungi","floor":22,"turns":4},{"damage":55,"enemies":"Slavers","floor":24,"turns":3}],"seed_played":"7245596658323844043","potions_obtained":[{"floor":1.0,"key":"PowerPotion"},{"floor":3.0,"key":"Weak Potion"},{"floor":6.0,"key":"CultistPotion"},{"floor":21.0,"key":"Regen Potion"}],"is_trial":false,"path_per_floor":["M","?","M","?","$","E","M","R","T","M","M","M","M","$","R","B",null,"M","?","?","M","M","R","E"],"character_chosen":"WATCHER","items_purchased":["DevaForm"],"campfire_rested":2,"item_purchase_floors":[14],"current_hp_per_floor":[68,68,68,68,68,53,50,50,50,42,42,41,35,35,57,52,70,70,70,70,53,22,44,0,0],"gold":173,"neow_bonus":"BOSS_RELIC","is_daily":false,"chose_seed":false,"campfire_upgraded":1,"win_rate":0.0,"timestamp":1610658057,"path_taken":["M","?","M","?","$","E","M","R","T","M","M","?","M","$","R","BOSS","M","?","?","?","M","R","E"],"items_purchased_type":["Card"],"build_version":"2020-12-22","purchased_purges":1,"victory":false,"max_hp_per_floor":[82,76,76,76,76,76,76,76,76,76,76,76,76,76,76,76,76,76,76,76,76,76,76,76,76],"card_choices":[{"not_picked":["WheelKick","Crescendo"],"picked":"Perseverance","floor":1.0},{"not_picked":["SignatureMove","EmptyFist"],"picked":"SandsOfTime","floor":1.0},{"not_picked":["WaveOfTheHand","EmptyBody"],"picked":"Indignation","floor":3.0},{"not_picked":["Evaluate","Consecrate","ClearTheMind"],"picked":"SKIP","floor":3.0},{"not_picked":["JustLucky","ThirdEye","Evaluate"],"picked":"SKIP","floor":6.0},{"not_picked":["Crescendo","SignatureMove","InnerPeace"],"picked":"Conclude","floor":7.0},{"not_picked":["PathToVictory","Consecrate","Pray","CrushJoints"],"picked":"SKIP","floor":7.0},{"not_picked":["PathToVictory","Fasting2","Prostrate"],"picked":"SandsOfTime","floor":10.0},{"not_picked":["BowlingBash","ThirdEye","CutThroughFate","Consecrate"],"picked":"SKIP","floor":10.0},{"not_picked":["EmptyFist","SignatureMove","Prostrate"],"picked":"Sanctity","floor":11.0},{"not_picked":["Protect","Vengeance","Vault","CutThroughFate"],"picked":"SKIP","floor":11.0},{"not_picked":["EmptyBody","JustLucky","CutThroughFate","FollowUp"],"picked":"SKIP","floor":12.0},{"not_picked":["SashWhip","EmptyFist","Protect","Evaluate"],"picked":"SKIP","floor":12.0},{"not_picked":["Indignation","EmptyFist","SashWhip"],"picked":"EmptyBody","floor":13.0},{"not_picked":["Alpha","SashWhip","WheelKick","FlurryOfBlows"],"picked":"SKIP","floor":13.0},{"not_picked":["Wish","MasterReality","Devotion"],"picked":"Establishment","floor":16.0},{"not_picked":["Evaluate","Halt","SandsOfTime"],"picked":"BattleHymn","floor":18.0},{"not_picked":["FlurryOfBlows","Evaluate","CrushJoints","FearNoEvil"],"picked":"SKIP","floor":18.0},{"not_picked":["ForeignInfluence","Evaluate","JustLucky+1"],"picked":"Study","floor":21.0},{"not_picked":["MentalFortress","CutThroughFate","EmptyFist+1","Evaluate+1"],"picked":"SKIP","floor":21.0},{"not_picked":["SashWhip","Ragnarok","CutThroughFate","Halt"],"picked":"SKIP","floor":22},{"not_picked":["FlyingSleeves","FlurryOfBlows","EmptyFist","Prostrate"],"picked":"SKIP","floor":22}],"player_experience":227508,"relics_obtained":[{"floor":0.0,"key":"Toy Ornithopter"},{"floor":0.0,"key":"Pear"},{"floor":0.0,"key":"Prayer Wheel"},{"floor":6.0,"key":"Question Card"},{"floor":9.0,"key":"Ancient Tea Set"}],"event_choices":[{"damage_healed":0.0,"max_hp_gain":0.0,"max_hp_loss":6.0,"gold_gain":0.0,"event_name":"Golden Idol","player_choice":"Lose Max HP","floor":2.0,"gold_loss":0.0,"damage_taken":0.0,"relics_obtained":["Golden Idol"]},{"damage_healed":0.0,"max_hp_gain":0.0,"max_hp_loss":0.0,"gold_gain":0.0,"event_name":"Upgrade Shrine","player_choice":"Upgraded","floor":4.0,"gold_loss":0.0,"damage_taken":0.0,"cards_upgraded":["SandsOfTime"]},{"damage_healed":0.0,"max_hp_gain":0.0,"max_hp_loss":0.0,"gold_gain":0.0,"cards_transformed":["Defend_P"],"event_name":"Transmorgrifier","player_choice":"Transformed","floor":20.0,"gold_loss":0.0,"damage_taken":0.0,"cards_obtained":["Establishment"]}],"is_beta":false,"boss_relics":[{"not_picked":["SacredBark","SlaversCollar"],"picked":"Velvet Choker"}],"items_purged_floors":[5],"is_endless":false,"potions_floor_spawned":[1,3,6,10,21],"killed_by":"Slavers","ascension_level":13}}