{"host":"m1hsm1cztz438mir","time":1610658522,"event":{"mods":["2.2 Compatiblity","AchievementEnabler","Act Like it!","Aspiration","BaseMod","Better Altar","Better Match","Better Sensory Stone","Better Skull","Better Third Choice","Colored Map","Minty Spire (QoL Compilation)","Relic Stats","Replay The Spire","Shop Mod","StSLib","The Fake Hero","The Marked","[GremlinLeader]The Maniac"],"gold_per_floor":[109,127,139,159,109,137,148,178,201,201,221,221,221,241,241,241,241],"floor_reached":16,"language":"ENG","playtime":919,"items_purged":[],"score":114,"play_id":"e9cf4647-063b-48cc-8853-037d401a6eb1","local_time":"20210114210842","is_ascension_mode":false,"campfire_choices":[{"floor":15,"key":"REST"}],"circlet_count":0,"master_deck":["theMarked:Strike","theMarked:Strike","theMarked:Strike","theMarked:Strike","theMarked:Defend","theMarked:Defend","theMarked:Defend","theMarked:Defend+1","theMarked:SoldierOfQuellstein","theMarked:EmpowerWeapon+1","theMarked:ElectricStrings","theMarked:ComboAttacks","theMarked:MagicAdept","theMarked:ElectricStrings","theMarked:ChainLightning","Injury","theMarked:Static"],"relics":["theMarked:ArtifactOfAir","NeowsBlessing","Anchor","Pear","Vajra","Molten Egg 2"],"acts_visited":["Exordium"],"potions_floor_usage":[16,16,16],"damage_taken":[{"damage":0,"enemies":"Small Slimes","floor":1,"turns":1},{"damage":0,"enemies":"Jaw Worm","floor":2,"turns":1},{"damage":0,"enemies":"Cultist","floor":3,"turns":1},{"damage":9,"enemies":"Blue Slaver","floor":4,"turns":4},{"damage":16,"enemies":"Lagavulin","floor":6,"turns":6},{"damage":0,"enemies":"3 Louse","floor":7,"turns":4},{"damage":21,"enemies":"3 Sentries","floor":8,"turns":7},{"damage":3,"enemies":"Exordium Wildlife","floor":11,"turns":4},{"damage":1,"enemies":"2 Fungi Beasts","floor":14,"turns":3},{"damage":47,"enemies":"Slime Boss","floor":16,"turns":6}],"seed_played":"-1701829545773372693","potions_obtained":[{"floor":2,"key":"SteroidPotion"},{"floor":8,"key":"EssenceOfSteel"},{"floor":11,"key":"EssenceOfSteel"},{"floor":14,"key":"LiquidBronze"}],"is_trial":false,"path_per_floor":["M","M","M","M","?","E","M","E","T","?","M","?","?","M","R","B"],"character_chosen":"THE_DEFAULT","items_purchased":[],"campfire_rested":1,"item_purchase_floors":[],"current_hp_per_floor":[70,70,70,61,61,45,45,34,34,42,39,23,23,22,46,0,0],"gold":241,"neow_bonus":"THREE_ENEMY_KILL","is_daily":false,"chose_seed":false,"campfire_upgraded":0,"win_rate":0.0,"timestamp":1610658522,"path_taken":["M","M","M","M","?","E","M","E","T","?","M","?","?","M","R","BOSS"],"items_purchased_type":[],"build_version":"2020-12-22","purchased_purges":0,"victory":false,"max_hp_per_floor":[70,70,70,70,70,70,70,80,80,80,80,80,80,80,80,80,80],"relic_stats":{"counters":[10,37],"obtain_stats":[{"theMarked:ArtifactOfAir":0,"Anchor":6,"Pear":8,"NeowsBlessing":0,"Vajra":9,"Molten Egg 2":13},{"theMarked:ArtifactOfAir":0,"Anchor":5,"Pear":7,"NeowsBlessing":0,"Vajra":7,"Molten Egg 2":8},{"theMarked:ArtifactOfAir":0,"Anchor":13,"Pear":24,"NeowsBlessing":0,"Vajra":24,"Molten Egg 2":28}]},"card_choices":[{"not_picked":["theMarked:TwofoldDefense","theMarked:HeightenedSenses"],"picked":"theMarked:EmpowerWeapon","floor":1},{"not_picked":["theMarked:TwofoldDefense","theMarked:BanishingStrike"],"picked":"theMarked:ElectricStrings","floor":2},{"not_picked":["theMarked:Generate","theMarked:Static"],"picked":"theMarked:ComboAttacks","floor":3},{"not_picked":["theMarked:Convert","theMarked:Aftermath"],"picked":"theMarked:MagicAdept","floor":4},{"not_picked":["theMarked:DeterminationOfTheMarked","theMarked:HeightenedSenses","theMarked:Frustration"],"picked":"SKIP","floor":6},{"not_picked":["theMarked:BanishingWave","theMarked:Indomitable"],"picked":"theMarked:ElectricStrings","floor":7},{"not_picked":["theMarked:WastefulAttack","theMarked:BanishingStrike","theMarked:Parkour"],"picked":"SKIP","floor":8},{"not_picked":["theMarked:SwordAndMagic","theMarked:BanishingStrike"],"picked":"theMarked:ChainLightning","floor":11},{"not_picked":["theMarked:Standoff","theMarked:Seal"],"picked":"theMarked:Static","floor":14}],"player_experience":273824,"relics_obtained":[{"floor":6,"key":"Anchor"},{"floor":8,"key":"Pear"},{"floor":9,"key":"Vajra"}],"event_choices":[{"cards_removed":["theMarked:Strike"],"damage_healed":0,"gold_gain":0,"player_choice":"Card Removal","damage_taken":0,"max_hp_gain":0,"max_hp_loss":0,"event_name":"The Cleric","floor":5,"gold_loss":50},{"damage_healed":39,"gold_gain":0,"player_choice":"Upgrade","damage_taken":16,"max_hp_gain":0,"max_hp_loss":80,"event_name":"betterThird:BetterShining","floor":12,"gold_loss":0,"cards_upgraded":["theMarked:EmpowerWeapon","theMarked:Defend"]}],"is_beta":false,"boss_relics":[],"items_purged_floors":[],"is_endless":false,"potions_floor_spawned":[2,8,11,14],"killed_by":"Slime Boss","ascension_level":0}}