{"host":"9j9ju8r45kuhshxi","time":1610625642,"event":{"mods":["BaseMod","Colored Map","Colored Powertips","Highlight Path","Marisa（F雨　魔理沙）","Minty Spire (QoL Compilation)","Replay The Spire","Ryuuou龙王","StSLib","[功能]功能增强和修复MOD"],"gold_per_floor":[110,70,90,104,79,79,107,107,158,168,198,212,212,246,246,350,350,370,383,383,403,398,426,426,453,453,453,465,465,465,490,490,587,587,599,574,574,574,574,574,574,574,484,516,516,543,554,567,567,599,599,599,599,599,574,609,609],"floor_reached":58,"language":"ZHS","playtime":3655,"items_purged":["Strike_G","Strike_G","Strike_G","Defend_G","Defend_G","Grand Finale","Strike_G","Defend_G","Defend_G","Strike_G","Survivor","Neutralize","Leg Sweep","Adrenaline+1","Quick Slash","Dramatic Entrance"],"score":1973,"play_id":"eda76e50-582f-402d-b8d7-98524dc1fee2","local_time":"20210114200042","is_ascension_mode":true,"campfire_choices":[{"floor":6,"key":"RECALL"},{"data":"Noxious Fumes","floor":8,"key":"SMITH"},{"data":"Catalyst","floor":13,"key":"SMITH"},{"data":"A Thousand Cuts","floor":15,"key":"SMITH"},{"data":"Die Die Die","floor":27,"key":"SMITH"},{"data":"Die Die Die","floor":29,"key":"SMITH"},{"data":"Accuracy","floor":42,"key":"SMITH"},{"data":"Envenom","floor":49,"key":"SMITH"},{"data":"ReplayUltimateDefense","floor":51,"key":"SMITH"},{"data":"ReplayTheSpireMod:From All Sides","floor":54,"key":"SMITH"}],"circlet_count":0,"master_deck":["Poisoned Stab+1","Noxious Fumes+1","Catalyst+1","ReplayUltimateDefense+1","Die Die Die+1","Die Die Die+1","Backstab+1","A Thousand Cuts+1","ReplayTheSpireMod:From All Sides+1","Hidden Blade+1","Poisoned Stab+1","Adrenaline+1","Deadly Poison+1","Deadly Poison+1","Dagger Throw+1","Blade Dance+1","Catalyst+1","Accuracy+1","Blade Dance+1","Deadly Poison+1","Burst+1","Tactician+1","Finisher+1","Envenom+1","Cloak And Dagger+1","Catalyst+1","Sucker Punch","Sneak Up+1","Sadistic Nature","Specialist","Bane+1"],"relics":["Ring of the Snake","TwistedFunnel","Ninja Scroll","Replay:Kaleidoscope","BranchBurnRelic","Shuriken","Nunchaku","Black Star","TheAbacus","HornCleat","Toy Ornithopter","Pantograph","Replay:WaspNest","ReplayTheSpireMod:Ninjato","Prayer Wheel","Toxic Egg 2","Replay:Mystery Machine","Akabeko","Lantern","WristBlade","DollysMirror","Durian","Bottled Flame","Bottled Lightning","Orichalcum","Sundial","Gambling Chip","Replay:Rubber Ducky","Replay:Bottled Snecko","Kunai","Blue Candle","ReplayTheSpireMod:ShopPack","Bird Faced Urn","War Paint","Replay:Accelerometer","Happy Flower"],"acts_visited":["Exordium","TheCity","TheBeyond","TheEnding"],"potions_floor_usage":[11,16,16,16,18,19,19,25,33,33,56,56,57,57,57],"damage_taken":[{"damage":0.0,"enemies":"Jaw Worm","floor":1.0,"turns":4.0},{"damage":0.0,"enemies":"Cultist","floor":3.0,"turns":3.0},{"damage":0,"enemies":"2 Louse","floor":4,"turns":2},{"damage":0,"enemies":"Gremlin Nob","floor":7,"turns":2},{"damage":0,"enemies":"Large Slime","floor":10,"turns":4},{"damage":0,"enemies":"3 Sentries","floor":11,"turns":2},{"damage":0,"enemies":"Looter","floor":12,"turns":1},{"damage":0,"enemies":"Replay:BlueRogue","floor":14,"turns":2},{"damage":0,"enemies":"Slime Boss","floor":16,"turns":3},{"damage":1,"enemies":"2 Thieves","floor":18,"turns":2},{"damage":0,"enemies":"3 Byrds","floor":19,"turns":1},{"damage":0,"enemies":"Snake Plant","floor":21,"turns":2},{"damage":0,"enemies":"Replay:Snechameleon","floor":23,"turns":1},{"damage":0,"enemies":"Gremlin Leader","floor":25,"turns":2},{"damage":0,"enemies":"Shelled Parasite and Fungi","floor":28,"turns":1},{"damage":0,"enemies":"Slavers","floor":31,"turns":1},{"damage":0,"enemies":"Automaton","floor":33,"turns":2},{"damage":0,"enemies":"Orb Walker","floor":35,"turns":1},{"damage":0,"enemies":"Nemesis","floor":44,"turns":1},{"damage":0,"enemies":"R_Hoarder","floor":46,"turns":2},{"damage":4,"enemies":"3 Shapes","floor":47,"turns":1},{"damage":0,"enemies":"Transient","floor":48,"turns":1},{"damage":0,"enemies":"Reptomancer","floor":50,"turns":1},{"damage":19,"enemies":"Time Eater","floor":52,"turns":2},{"damage":0,"enemies":"Shield and Spear","floor":56,"turns":1},{"damage":10,"enemies":"The Heart","floor":57,"turns":3}],"seed_played":"907934325033428750","potions_obtained":[{"floor":1.0,"key":"SkillPotion"},{"floor":2.0,"key":"AttackPotion"},{"floor":2.0,"key":"BlessingOfTheForge"},{"floor":3.0,"key":"Ancient Potion"},{"floor":11,"key":"Dexterity Potion"},{"floor":12,"key":"Venom Potion"},{"floor":16,"key":"GamblersBrew"},{"floor":16,"key":"SteroidPotion"},{"floor":18,"key":"FearPotion"},{"floor":19,"key":"Strength Potion"},{"floor":21,"key":"Doom Potion"},{"floor":23,"key":"Venom Potion"},{"floor":25,"key":"Poison Potion"},{"floor":28,"key":"AttackPotion"},{"floor":35,"key":"Swift Potion"},{"floor":35,"key":"Swift Potion"},{"floor":56,"key":"Poison Potion"},{"floor":56,"key":"Dexterity Potion"}],"is_trial":false,"path_per_floor":["M","?","M","M","$","R","E","R","T","M","E","M","R","E","R","B",null,"M","M","?","M","$","E","?","E","T","R","M","R","?","E","R_BF","B",null,"M","$","?","?","T","PTL","PTL","R","?","E","T","E","M","M","R","E","R","B",null,"R","$","E","B",null],"character_chosen":"THE_SILENT","items_purchased":["TwistedFunnel","Ninja Scroll","Replay:Kaleidoscope","ReplayUltimateDefense","Die Die Die","Grand Finale","TheAbacus","HornCleat","Toy Ornithopter","Quick Slash","DollysMirror","Durian","Bottled Flame","Accuracy","Blade Dance+1","Catalyst+1","ReplayTheSpireMod:ShopPack","Bird Faced Urn","Sucker Punch","War Paint","Sneak Up+1"],"campfire_rested":0,"item_purchase_floors":[5,5,5,5,5,5,22,22,22,22,36,36,36,36,36,55,55,55,55,55,55],"current_hp_per_floor":[70,70,70,70,70,70,70,70,70,70,70,70,70,70,70,70,70,69,69,69,69,69,69,56,61,61,61,61,61,61,61,75,75,75,75,80,80,76,76,76,76,76,76,76,76,76,72,72,72,72,72,61,76,76,76,76,76],"gold":609,"neow_bonus":"REMOVE_CARD","is_daily":false,"chose_seed":false,"campfire_upgraded":9,"win_rate":0.0,"timestamp":1610625642,"path_taken":["M","?","M","?","$","R","E","R","T","M","E","M","R","E","R","BOSS","M","M","?","M","$","E","?","E","T","R","M","R","?","E","R_BF","BOSS","M","$","?","?","?","PTL","PTL","R","?","E","T","E","M","M","R","E","R","BOSS","R","$","E","BOSS"],"items_purchased_type":["Relic","Relic","Relic","Card","Card","Card","Relic","Relic","Relic","Card","Relic","Relic","Relic","Card","Card","Card","Relic","Relic","Card","Relic","Card"],"build_version":"2020-12-22","purchased_purges":16,"victory":true,"max_hp_per_floor":[70,70,70,70,70,70,70,70,70,70,70,70,70,70,70,70,70,70,70,70,70,70,70,75,75,75,75,75,75,75,75,75,75,75,75,80,80,76,76,76,76,76,76,76,76,76,76,76,76,76,76,76,76,76,76,76,76],"card_choices":[{"not_picked":["Dagger Throw","Flying Knee"],"picked":"Poisoned Stab","floor":1.0},{"not_picked":["Poisoned Stab","Outmaneuver"],"picked":"Noxious Fumes","floor":3.0},{"not_picked":["Blade Dance","Sucker Punch"],"picked":"Catalyst","floor":4},{"not_picked":["Cloak And Dagger","PiercingWail"],"picked":"Die Die Die","floor":7},{"not_picked":["Fluid Movement","Outmaneuver","Underhanded Strike"],"picked":"SKIP","floor":10},{"not_picked":["Malaise","Eviscerate"],"picked":"Leg Sweep","floor":11},{"not_picked":["Underhanded Strike","Sucker Punch"],"picked":"Backstab","floor":12},{"not_picked":["Dagger Throw","Toxin Wave"],"picked":"A Thousand Cuts","floor":14},{"not_picked":["Venomology","Glass Knife"],"picked":"ReplayTheSpireMod:From All Sides","floor":16},{"not_picked":["Cloak And Dagger","Flying Knee+1"],"picked":"Hidden Blade+1","floor":18},{"not_picked":["ReplayTheSpireMod:Scrap Shanks+1","Blade Dance","Outmaneuver"],"picked":"SKIP","floor":19},{"not_picked":["Deflect","Escape Plan"],"picked":"Poisoned Stab+1","floor":21},{"not_picked":["Escape Plan+1","Dodge and Roll"],"picked":"Adrenaline","floor":23},{"not_picked":["Flying Knee","ReplayTheSpireMod:Exploit Weakness","All Out Attack+1"],"picked":"SKIP","floor":25},{"not_picked":["Dagger Throw","Deflect+1"],"picked":"Deadly Poison+1","floor":28},{"not_picked":["Caltrops+1","Quick Slash"],"picked":"Deadly Poison+1","floor":28},{"not_picked":["Outmaneuver+1","Underhanded Strike","Blade Dance+1"],"picked":"SKIP","floor":31},{"not_picked":["Glass Knife","Phantasmal Killer+1"],"picked":"Adrenaline+1","floor":33},{"not_picked":["Fluid Movement","Distraction+1"],"picked":"Dagger Throw+1","floor":35},{"not_picked":["Cloak And Dagger+1","Dagger Spray+1"],"picked":"Blade Dance+1","floor":35},{"not_picked":["Quick Slash+1","Sucker Punch+1"],"picked":"Deadly Poison+1","floor":44},{"not_picked":["Riddle With Holes","Sucker Punch"],"picked":"Burst+1","floor":46},{"not_picked":["Quick Slash","Outmaneuver+1"],"picked":"Tactician+1","floor":47},{"not_picked":["Quick Slash","Outmaneuver+1"],"picked":"Finisher+1","floor":47},{"not_picked":["Quick Slash+1","Accuracy"],"picked":"Envenom","floor":48},{"not_picked":["Dagger Throw+1","Sucker Punch"],"picked":"Cloak And Dagger+1","floor":48},{"not_picked":["Flying Knee+1","Dodge and Roll+1","Acrobatics+1"],"picked":"SKIP","floor":50},{"not_picked":["Crow Ritual","Thinking Ahead"],"picked":"Sadistic Nature","floor":55},{"not_picked":["Survey Options","Dramatic Entrance"],"picked":"Specialist","floor":55},{"not_picked":["Thinking Ahead","Transmutation"],"picked":"Dramatic Entrance","floor":55},{"not_picked":["Masterful Stab","Prepared+1"],"picked":"Bane+1","floor":56}],"player_experience":114802,"relics_obtained":[{"floor":7,"key":"Dead Branch"},{"floor":11,"key":"Shuriken"},{"floor":14,"key":"Nunchaku"},{"floor":23,"key":"Pantograph"},{"floor":23,"key":"Replay:WaspNest"},{"floor":25,"key":"ReplayTheSpireMod:Ninjato"},{"floor":25,"key":"Prayer Wheel"},{"floor":26,"key":"Toxic Egg 2"},{"floor":31,"key":"Akabeko"},{"floor":31,"key":"Lantern"},{"floor":39,"key":"Bottled Lightning"},{"floor":44,"key":"Orichalcum"},{"floor":44,"key":"Sundial"},{"floor":45,"key":"Gambling Chip"},{"floor":46,"key":"Replay:Rubber Ducky"},{"floor":46,"key":"Replay:Bottled Snecko"},{"floor":50,"key":"Kunai"},{"floor":50,"key":"Blue Candle"},{"floor":56,"key":"Replay:Accelerometer"},{"floor":56,"key":"Happy Flower"}],"event_choices":[{"damage_healed":0.0,"max_hp_gain":0.0,"max_hp_loss":0.0,"gold_gain":0.0,"event_name":"The Woman in Blue","player_choice":"Bought 3 Potions","floor":2.0,"gold_loss":0.0,"damage_taken":0.0},{"damage_healed":0,"gold_gain":0,"player_choice":"Ignored","damage_taken":0,"max_hp_gain":0,"max_hp_loss":0,"event_name":"Ghosts","floor":20,"gold_loss":0},{"damage_healed":0,"gold_gain":0,"player_choice":"Shed Blood","damage_taken":18,"max_hp_gain":5,"max_hp_loss":0,"event_name":"Forgotten Altar","floor":24,"gold_loss":0},{"damage_healed":0,"gold_gain":0,"player_choice":"Opened","damage_taken":0,"relics_obtained":["Replay:Mystery Machine"],"max_hp_gain":0,"max_hp_loss":0,"event_name":"The Mausoleum","floor":30,"gold_loss":0,"cards_obtained":["Writhe"]},{"damage_healed":0,"gold_gain":0,"player_choice":"Max HP","damage_taken":0,"max_hp_gain":0,"max_hp_loss":4,"event_name":"Winding Halls","floor":38,"gold_loss":0},{"cards_removed":["Writhe"],"damage_healed":0,"gold_gain":0,"player_choice":"Upgrade and Remove","damage_taken":0,"max_hp_gain":0,"max_hp_loss":0,"event_name":"Designer","floor":43,"gold_loss":90,"cards_upgraded":["Poisoned Stab"]}],"is_beta":false,"boss_relics":[{"not_picked":["HoveringKite","Philosopher\u0027s Stone"],"picked":"Black Star"},{"not_picked":["ChewingGum","Busted Crown"],"picked":"WristBlade"}],"items_purged_floors":[5,5,5,5,5,22,36,36,36,36,36,55,55,55,55,55],"is_endless":false,"potions_floor_spawned":[1,3,7,7,7,10,10,11,12,12,14,14,16,16,18,19,21,23,23,25,25,28,31,31,31,35,35,44,46,46,46,48,50,50,50,56,56],"ascension_level":4}}