{"host":"o5jvvi5yapo90aia","time":1610600374,"event":{"mods":["BaseMod","CapriCore","Minty Spire (QoL Compilation)","MostiFishMod","Prisma Mod","Spicy Shops","StSLib","TestMod","The Immortal","Yakumo Yukari mod","【人物mod】游戏王New YuGiOh mod","【功能Mod】Neow奖励"],"gold_per_floor":[115,115,515,531,547,547,572,582,582,613,613,613,626,659,659,736,736,754,754,754,773,791,816,816,847,847,881,931,931,969,148,148,225,225,244,393,393,543,683,683,847,566,592,753,753,917,917,917,917,1047,1177,1177,1177,420,590,725],"floor_reached":57,"language":"ZHS","playtime":3845,"items_purged":["Strike_P+1","Vigilance+1","Wallop+1"],"score":3718,"play_id":"0fefb2bb-c3d1-40a8-b929-72721ae67653","local_time":"20210114125934","is_ascension_mode":true,"campfire_choices":[{"data":"Strike_P","floor":6.0,"key":"PURGE"},{"data":"Strike_P","floor":15.0,"key":"PURGE"},{"data":"Defend_P+1","floor":24,"key":"PURGE"},{"data":"Strike_P+1","floor":29,"key":"PURGE"},{"data":"Defend_P+1","floor":32,"key":"PURGE"},{"data":"Defend_P+1","floor":40,"key":"PURGE"},{"floor":49,"key":"RECALL"},{"data":"Blasphemy+1","floor":53,"key":"PURGE"}],"circlet_count":0,"master_deck":["AscendersBane","Eruption+1","TalkToTheHand+1","Adaptation+1","FearNoEvil+1","MostiFishMod:DisColor+1","MostiFishMod:Speedup+1","MostiFishMod:Adaptation+1","MostiFishMod:CyberBuddha+1","Scrawl+1","testmod-FightingIntention+1"],"relics":["testmod-TestBox","RhineFirstAidKit","DSteel32","testmod-Brilliant","SynthV:TestCard","MealTicket","Omamori","Frozen Egg 2","Lantern","Pantograph","RhineSuit","testmod-BalancedPeriapt","Enchiridion","Torii","Juzu Bracelet","Bottled Lightning","Art of War","Blue Candle","Membership Card","BirthdayGift-Tetrahedron","Black Star","testmod-RainbowHikingShoes","Bronze Scales","Bag of Preparation","TheAbacus","testmod-Hope","Toy Ornithopter","testmod-Alchemist","Akabeko","ImprovedEquipment","ClockworkSouvenir","DaCapo","testmod-IndustrialRevolution","Mercury Hourglass","HandDrill","Letter Opener","testmod-LifeArmor","Blood Vial"],"acts_visited":["Exordium","TheCity","TheBeyond","TheEnding"],"potions_floor_usage":[16,56,56,56,56],"damage_taken":[{"damage":0.0,"enemies":"Small Slimes","floor":1.0,"turns":2.0},{"damage":0.0,"enemies":"Jaw Worm","floor":4.0,"turns":1.0},{"damage":0.0,"enemies":"2 Louse","floor":5.0,"turns":1.0},{"damage":33.0,"enemies":"Gremlin Nob","floor":7.0,"turns":5.0},{"damage":0.0,"enemies":"Red Slaver","floor":8.0,"turns":1.0},{"damage":48.0,"enemies":"Lagavulin","floor":10.0,"turns":4.0},{"damage":0.0,"enemies":"2 Fungi Beasts","floor":13.0,"turns":1.0},{"damage":8.0,"enemies":"Gremlin Nob","floor":14.0,"turns":3.0},{"damage":0,"enemies":"Slime Boss","floor":16,"turns":3},{"damage":5,"enemies":"Shell Parasite","floor":18,"turns":3},{"damage":0,"enemies":"Chosen","floor":21,"turns":2},{"damage":0,"enemies":"3 Cultists","floor":22,"turns":1},{"damage":7,"enemies":"Book of Stabbing","floor":23,"turns":4},{"damage":0,"enemies":"Gremlin Leader","floor":25,"turns":1},{"damage":0,"enemies":"Slavers","floor":27,"turns":1},{"damage":21,"enemies":"Book of Stabbing","floor":30,"turns":3},{"damage":2,"enemies":"Champ","floor":33,"turns":2},{"damage":0,"enemies":"3 Shapes","floor":35,"turns":1},{"damage":2,"enemies":"Orb Walker","floor":36,"turns":2},{"damage":2,"enemies":"Transient","floor":38,"turns":2},{"damage":0,"enemies":"3 Darklings","floor":39,"turns":1},{"damage":0,"enemies":"Nemesis","floor":41,"turns":1},{"damage":0,"enemies":"Giant Head","floor":44,"turns":1},{"damage":0,"enemies":"Nemesis","floor":46,"turns":1},{"damage":4,"enemies":"Time Eater","floor":50,"turns":3},{"damage":2,"enemies":"Awakened One","floor":51,"turns":2},{"damage":0,"enemies":"Shield and Spear","floor":55,"turns":1},{"damage":0,"enemies":"The Heart","floor":56,"turns":4}],"seed_played":"-3741971092579850918","potions_obtained":[{"floor":5.0,"key":"Dexterity Potion"},{"floor":8.0,"key":"testmod-TestPotion"},{"floor":16,"key":"testmod-TestPotion"},{"floor":22,"key":"SkillPotion"},{"floor":44,"key":"PowerPotion"}],"is_trial":false,"path_per_floor":["M","?","?","M","M","R","E","M","T","E","?","?","M","E","R","B",null,"M","?","?","M","M","E","R","E","T","E","?","R","E","$","R","B",null,"M","M","?","M","M","R","E","$","T","E","?","E","?","T","R","B","B",null,"R","$","E","B",null],"character_chosen":"WATCHER","items_purchased":["Membership Card","BirthdayGift-Tetrahedron","Bag of Preparation","TheAbacus","SkillPotion","ClockworkSouvenir","DaCapo","testmod-IndustrialRevolution","Mercury Hourglass","HandDrill","Letter Opener","testmod-FightingIntention+1"],"campfire_rested":0,"item_purchase_floors":[31,31,42,42,54,54,54,54,54,54,54,54],"current_hp_per_floor":[62,62,62,63,64,64,68,68,68,20,20,20,21,68,68,68,68,63,63,42,44,46,41,41,43,43,45,45,45,68,68,68,66,68,68,66,66,66,68,68,68,68,68,68,65,67,67,67,67,64,66,68,68,68,68,68],"gold":725,"neow_bonus":"BOSS_RELIC","is_daily":false,"chose_seed":false,"campfire_upgraded":0,"win_rate":0.0,"timestamp":1610600374,"path_taken":["M","?","?","?","M","R","E","M","T","E","?","?","M","E","R","BOSS","M","?","?","M","M","E","R","E","T","E","?","R","E","$","R","BOSS","M","M","?","M","M","R","E","$","T","E","?","E","?","?","R","BOSS","BOSS","R","$","E","BOSS"],"items_purchased_type":["Relic","Relic","Relic","Relic","Potion","Relic","Relic","Relic","Relic","Relic","Relic","Card"],"build_version":"2020-12-22","purchased_purges":3,"victory":true,"max_hp_per_floor":[68,68,68,68,68,68,68,68,68,68,68,68,68,68,68,68,68,68,68,68,68,68,68,68,68,68,68,68,68,68,68,68,68,68,68,68,68,68,68,68,68,68,68,68,68,68,68,68,68,68,68,68,68,68,68,68],"card_choices":[{"not_picked":["PathToVictory","CutThroughFate","WindmillStrike"],"picked":"SKIP","floor":1.0},{"not_picked":["EmptyBody","TalkToTheHand","FlyingSleeves","ClearTheMind","Protect"],"picked":"SKIP","floor":4.0},{"not_picked":["SignatureMove","FlurryOfBlows","ThirdEye","PathToVictory"],"picked":"Fasting2","floor":5.0},{"not_picked":["MostiFishMod:Disappear","Consecrate","Protect","EmptyFist"],"picked":"BowlingBash","floor":7.0},{"not_picked":["FollowUp","Consecrate","Halt","Meditate"],"picked":"Adaptation","floor":8.0},{"not_picked":["Halt","Evaluate","SpiritShield","SignatureMove","CarveReality"],"picked":"SKIP","floor":10.0},{"not_picked":["ThirdEye","SashWhip","Nirvana+1","FlyingSleeves"],"picked":"FearNoEvil","floor":11.0},{"not_picked":["Protect","TalkToTheHand","PathToVictory","EmptyFist"],"picked":"MostiFishMod:DisColor","floor":13.0},{"not_picked":["Worship","Pray","FollowUp","FearNoEvil"],"picked":"MostiFishMod:Speedup+1","floor":14.0},{"not_picked":["Alpha","MostiFishMod:OutWit+1","Blasphemy","MostiFishMod:Unraveling"],"picked":"MostiFishMod:Adaptation+1","floor":16},{"not_picked":["Prostrate","WaveOfTheHand","FollowUp","FlyingSleeves"],"picked":"Wallop+1","floor":18},{"not_picked":["Prostrate","Vengeance","JustLucky","ClearTheMind","Crescendo"],"picked":"SKIP","floor":21},{"not_picked":["BowlingBash","MostiFishMod:PathToVictory","EmptyFist","Prostrate","CarveReality"],"picked":"SKIP","floor":22},{"not_picked":["BowlingBash","ThirdEye","Worship","Swivel","ClearTheMind"],"picked":"SKIP","floor":23},{"not_picked":["FlurryOfBlows","Prostrate","Vengeance","ClearTheMind"],"picked":"Blasphemy","floor":25},{"not_picked":["BowlingBash","Protect","Adaptation+1","Sanctity","Perseverance"],"picked":"SKIP","floor":27},{"not_picked":["WreathOfFlame","Nirvana+1","EmptyFist","MostiFishMod:Clarity"],"picked":"MostiFishMod:CyberBuddha","floor":30},{"not_picked":["Vault","Alpha","Wish","MostiFishMod:Moonprays"],"picked":"Scrawl","floor":33},{"not_picked":["CarveReality","Protect","Evaluate","Collect","SashWhip"],"picked":"SKIP","floor":35},{"not_picked":["Protect","CutThroughFate","Meditate","Consecrate","ForeignInfluence+1"],"picked":"SKIP","floor":36},{"not_picked":["JustLucky","FlyingSleeves","EmptyBody+1","WaveOfTheHand+1","EmptyFist"],"picked":"SKIP","floor":38},{"not_picked":["WindmillStrike","PathToVictory","WreathOfFlame","FearNoEvil","JustLucky"],"picked":"SKIP","floor":39},{"not_picked":["EmptyBody","MostiFishMod:Clarity","Protect+1","PathToVictory+1","ClearTheMind"],"picked":"SKIP","floor":41},{"not_picked":["MostiFishMod:Disappear","Vengeance","DeusExMachina","CutThroughFate","FlyingSleeves"],"picked":"SKIP","floor":44},{"not_picked":["EmptyBody+1","BowlingBash","ThirdEye","CrushJoints","ClearTheMind"],"picked":"SKIP","floor":46},{"not_picked":["Halt+1","ClearTheMind+1","SashWhip+1","BowlingBash","Establishment+1"],"picked":"SKIP","floor":55}],"player_experience":1419626,"relics_obtained":[{"floor":1.0,"key":"SynthV:TestCard"},{"floor":7.0,"key":"MealTicket"},{"floor":9.0,"key":"Omamori"},{"floor":10.0,"key":"Frozen Egg 2"},{"floor":14.0,"key":"Pantograph"},{"floor":20,"key":"Enchiridion"},{"floor":23,"key":"Torii"},{"floor":25,"key":"Juzu Bracelet"},{"floor":26,"key":"Bottled Lightning"},{"floor":27,"key":"Art of War"},{"floor":30,"key":"Blue Candle"},{"floor":41,"key":"testmod-RainbowHikingShoes"},{"floor":41,"key":"Bronze Scales"},{"floor":44,"key":"testmod-Hope"},{"floor":44,"key":"Toy Ornithopter"},{"floor":46,"key":"testmod-Alchemist"},{"floor":46,"key":"Akabeko"},{"floor":48,"key":"ImprovedEquipment"},{"floor":55,"key":"testmod-LifeArmor"},{"floor":55,"key":"Blood Vial"}],"event_choices":[{"damage_healed":0.0,"max_hp_gain":0.0,"max_hp_loss":0.0,"gold_gain":0.0,"cards_transformed":["Defend_P"],"event_name":"Living Wall","player_choice":"Change","floor":2.0,"gold_loss":0.0,"damage_taken":0.0,"cards_obtained":["TalkToTheHand"]},{"damage_healed":0.0,"max_hp_gain":0.0,"max_hp_loss":0.0,"gold_gain":400.0,"event_name":"恩洛斯的盘子","player_choice":"Sell","floor":3.0,"relics_lost":["DaveBox"],"gold_loss":0.0,"damage_taken":0.0},{"damage_healed":0.0,"max_hp_gain":0.0,"max_hp_loss":0.0,"gold_gain":0.0,"event_name":"给自己的盒子","player_choice":"Swap Relic","floor":11.0,"relics_lost":["Orrery"],"gold_loss":0.0,"damage_taken":0.0,"relics_obtained":["Orrery"]},{"cards_removed":["Fasting2"],"damage_healed":0.0,"max_hp_gain":0.0,"max_hp_loss":0.0,"gold_gain":0.0,"event_name":"WeMeetAgain","player_choice":"Gave Card","floor":12.0,"gold_loss":0.0,"damage_taken":0.0,"relics_obtained":["Lantern"]},{"damage_healed":0,"gold_gain":0,"player_choice":"Opened","damage_taken":0,"relics_obtained":["testmod-BalancedPeriapt"],"max_hp_gain":0,"max_hp_loss":0,"event_name":"The Mausoleum","floor":19,"gold_loss":0,"cards_obtained":["Writhe"]},{"damage_healed":0,"gold_gain":0,"player_choice":"Obtained Book","damage_taken":21,"max_hp_gain":0,"max_hp_loss":0,"event_name":"Cursed Tome","floor":20,"gold_loss":0},{"damage_healed":0,"gold_gain":50,"player_choice":"Stole From Cult","damage_taken":0,"max_hp_gain":0,"max_hp_loss":0,"event_name":"Nest","floor":28,"gold_loss":0},{"cards_removed":["BowlingBash"],"damage_healed":0,"gold_gain":0,"player_choice":"Removed Attack","damage_taken":0,"max_hp_gain":0,"max_hp_loss":0,"event_name":"Falling","floor":37,"gold_loss":0},{"damage_healed":0,"gold_gain":0,"player_choice":"Max HP","damage_taken":0,"max_hp_gain":0,"max_hp_loss":3,"event_name":"Winding Halls","floor":45,"gold_loss":0}],"is_beta":false,"boss_relics":[{"not_picked":["testmod-KeyOfTheVoid","Coffee Dripper"],"picked":"RhineSuit"},{"not_picked":["SlaversCollar","testmod-CardMagician"],"picked":"Black Star"}],"items_purged_floors":[31,42,42],"is_endless":false,"potions_floor_spawned":[5,8,10,14,16,21,22,35,38,44],"ascension_level":20}}