{"host":"bb5r3ba2ig485dr2","time":1610651929,"event":{"mods":["Act Like it!","BaseMod","CapriCore","Chen","Curses Come First","Gensokyo","Hallownest","Koishi","Lobotomy","LobotomyExtend","Marisa（霧雨　魔理沙）","Minty Spire (QoL Compilation)","Random Character Button","Rare Cards Sparkle","Reimu（博??梦）","StSLib","Td1madao Mod","The Administrix","The Bug Knight","The Immortal","The Servant 0.9.4","The Wild Card"],"gold_per_floor":[19,19,30,30,45,73,91,91,91,91,104,104,104],"floor_reached":12,"language":"ENG","playtime":939,"items_purged":[],"score":80,"play_id":"8d3b0fe3-7af4-4297-af29-b986b0c9d32d","local_time":"20210114201849","is_ascension_mode":false,"campfire_choices":[{"floor":8,"key":"REST"}],"circlet_count":0,"master_deck":["Strike_Lin:ReiMu","Strike_Lin:ReiMu","Strike_Lin:ReiMu","Defend_Lin:ReiMu","Defend_Lin:ReiMu","Defend_Lin:ReiMu","Defend_Lin:ReiMu","NB:ReiMu","Stagnation:ReiMu","SpreadBorder2:ReiMu","SubAcupoint:ReiMu","Enchanting:ReiMu","Amulet:ReiMu","EmergencyTakeOff:ReiMu","AirStrike:ReiMu"],"relics":["FlyPower:ReiMu","LetterFromLob","HollowMod:StagPassRelic","FadedRune:ReiMu","InkBottle"],"acts_visited":["Gensokyo:Gensokyo"],"potions_floor_usage":[6,11],"damage_taken":[{"damage":2,"enemies":"Gensokyo:3_Fairies","floor":1,"turns":5},{"damage":4,"enemies":"Gensokyo:Python","floor":3,"turns":5},{"damage":0,"enemies":"Gensokyo:Gryphon","floor":5,"turns":7},{"damage":34,"enemies":"Gensokyo:Mamizou","floor":6,"turns":15},{"damage":4,"enemies":"Gensokyo:CorruptedTreant","floor":7,"turns":6},{"damage":34,"enemies":"Gensokyo:2_Rabbits","floor":11,"turns":11},{"damage":33,"enemies":"Gensokyo:Cirno","floor":12,"turns":9}],"seed_played":"5519307683730888390","potions_obtained":[{"floor":3,"key":"LiquidBronze"},{"floor":6,"key":"Ancient Potion"},{"floor":7,"key":"SpeedPotion"},{"floor":11,"key":"Weak Potion"}],"is_trial":false,"path_per_floor":["M","?","M","?","M","E","M","R","T","?","M","E"],"character_chosen":"REIMU","items_purchased":[],"campfire_rested":1,"item_purchase_floors":[],"current_hp_per_floor":[75,60,56,56,56,22,18,41,41,64,30,0,0],"gold":104,"neow_bonus":"TWENTY_PERCENT_HP_BONUS","is_daily":false,"chose_seed":false,"campfire_upgraded":0,"win_rate":0.0,"timestamp":1610651929,"path_taken":["M","?","M","?","M","E","M","R","T","?","M","E"],"items_purchased_type":[],"build_version":"2020-12-22","purchased_purges":0,"victory":false,"max_hp_per_floor":[77,77,77,77,77,77,77,77,77,77,77,77,77],"card_choices":[{"not_picked":["RainPray2:ReiMu","PhosphorusFlame:ReiMu"],"picked":"SpreadBorder2:ReiMu","floor":1},{"not_picked":["FoulBorder2:ReiMu","ForcedLanding:ReiMu"],"picked":"SubAcupoint:ReiMu","floor":3},{"not_picked":["SubcavityInstant:ReiMu","RainPray2:ReiMu"],"picked":"Enchanting:ReiMu","floor":5},{"not_picked":["Gathering:ReiMu","NineCharacters:ReiMu"],"picked":"Amulet:ReiMu","floor":6},{"not_picked":["SpreadBorder2:ReiMu","MountainWay:ReiMu"],"picked":"EmergencyTakeOff:ReiMu","floor":7},{"not_picked":["Meditation:ReiMu","Amulet:ReiMu"],"picked":"AirStrike:ReiMu","floor":11}],"player_experience":200527,"relics_obtained":[{"floor":1,"key":"LetterFromLob"},{"floor":6,"key":"FadedRune:ReiMu"},{"floor":9,"key":"InkBottle"}],"event_choices":[],"is_beta":false,"boss_relics":[],"items_purged_floors":[],"is_endless":false,"potions_floor_spawned":[3,6,7,11],"killed_by":"Gensokyo:Cirno","ascension_level":0}}