{"host":"si8u9lxs79860asu","time":1610652898,"event":{"mods":["BaseMod","Hubris","KinomotoSakuraMod(????)","Koishi","Marisa????????","Minty Spire (QoL Compilation)","Onozuka Komachi Mod","Quick Restart","READ ME - Snecko Mod","Remilia??????","Shop Mod","StSLib","Td1madao Mod","The Animator","The Factory","The Jungle"],"gold_per_floor":[118,68,14,14,36,36,69,86,86,86,97,131,19,35,35,35,35],"floor_reached":16,"language":"ENG","playtime":1173,"items_purged":["Pain"],"score":110,"play_id":"00a03bf6-624f-481b-9251-b013cab61356","local_time":"20210114193458","is_ascension_mode":false,"campfire_choices":[{"floor":6,"key":"RECALL"},{"floor":10,"key":"REST"},{"floor":15,"key":"REST"}],"circlet_count":0,"master_deck":["animator:Strike_Fate","animator:Defend_Fate","animator:Strike","animator:Strike","animator:Defend","animator:Defend","animator:Defend","animator:Alexander","animator:Rider","animator:DwarfShaman","animator:Berserker","animator:SakuraMatou","animator:LizardPriest","animator:Alexander","animator:ShinjiMatou","animator:PandorasActor","animator:Archer","animator:PandorasActor"],"relics":["animator:LivingPicture","animator:TheMissingPiece","hubris:OldNail","WarpedTongs","hubris:TenFootPole"],"acts_visited":["Exordium"],"potions_floor_usage":[],"damage_taken":[{"damage":2,"enemies":"Jaw Worm","floor":1,"turns":6},{"damage":2,"enemies":"Small Slimes","floor":5,"turns":5},{"damage":31,"enemies":"Lagavulin","floor":7,"turns":9},{"damage":9,"enemies":"Cultist","floor":8,"turns":5},{"damage":9,"enemies":"2 Fungi Beasts","floor":11,"turns":4},{"damage":13,"enemies":"3 Sentries","floor":12,"turns":7},{"damage":0,"enemies":"Looter","floor":14,"turns":4},{"damage":31,"enemies":"Slime Boss","floor":16,"turns":6}],"seed_played":"-6376310778374572290","potions_obtained":[{"floor":7,"key":"Dexterity Potion"},{"floor":12,"key":"Weak Potion"}],"is_trial":false,"path_per_floor":["M","?","$","?","M","R","E","M","T","R","M","E","$","M","R","B"],"character_chosen":"THE_ANIMATOR","items_purchased":["animator:Berserker","animator:Archer"],"campfire_rested":2,"item_purchase_floors":[3,13],"current_hp_per_floor":[64,64,64,64,62,62,31,22,22,41,33,20,20,20,40,9,9],"gold":35,"neow_bonus":"RANDOM_COMMON_RELIC","is_daily":false,"chose_seed":false,"campfire_upgraded":0,"win_rate":0.0,"timestamp":1610652898,"path_taken":["M","?","$","?","M","R","E","M","T","R","M","E","$","M","R","BOSS"],"items_purchased_type":["Card","Card"],"build_version":"2020-12-22","purchased_purges":1,"victory":false,"max_hp_per_floor":[66,66,66,66,66,66,66,66,66,66,67,67,67,67,67,67,67],"card_choices":[{"not_picked":["animator:Tatsumaki","animator:DolaSchwi"],"picked":"animator:DwarfShaman","floor":1},{"not_picked":["animator:Verdia","animator:RoryMercury"],"picked":"animator:SakuraMatou","floor":5},{"not_picked":["animator:SilverFang","animator:Genos"],"picked":"animator:LizardPriest","floor":7},{"not_picked":["animator:Rider","animator:SakuraMatou"],"picked":"animator:Alexander","floor":8},{"not_picked":["animator:MumenRider","animator:Illya"],"picked":"animator:ShinjiMatou","floor":11},{"not_picked":["animator:DolaStephanie","animator:Assassin"],"picked":"animator:PandorasActor","floor":12},{"not_picked":["animator:Rider","animator:Kuribayashi"],"picked":"animator:PandorasActor","floor":14}],"player_experience":403982,"relics_obtained":[{"floor":12,"key":"hubris:TenFootPole"}],"event_choices":[{"cards_removed":["animator:Strike"],"damage_healed":0,"gold_gain":0,"player_choice":"Card Removal","damage_taken":0,"max_hp_gain":0,"max_hp_loss":0,"event_name":"The Cleric","floor":2,"gold_loss":50},{"damage_healed":0,"gold_gain":0,"player_choice":"Rummage","damage_taken":0,"relics_obtained":["WarpedTongs"],"max_hp_gain":0,"max_hp_loss":0,"event_name":"Accursed Blacksmith","floor":4,"gold_loss":0,"cards_obtained":["Pain"]}],"is_beta":false,"boss_relics":[],"items_purged_floors":[13],"is_endless":false,"potions_floor_spawned":[7,12],"killed_by":"Slime Boss","ascension_level":0}}