{"host":"bcxgpd1eu8czocm9","time":1610648712,"event":{"mods":["Aspiration","BaseMod","Minty Spire (QoL Compilation)","Quarter Circle Forward PUNCH!","Quick Restart","Replay The Spire","Spicy Shops","StSLib","vexMod","¡¾ÒÅÎï¿¨ÅÆ¡¿REMEMod"],"gold_per_floor":[110,129,129,129,143,176,189,189,189],"floor_reached":8,"language":"ZHS","playtime":261,"items_purged":[],"score":67,"play_id":"8b679558-fba1-44a1-a78d-1a0ca3859702","local_time":"20210115022512","is_ascension_mode":true,"campfire_choices":[],"circlet_count":0,"master_deck":["Strike_B","Strike_B","Strike_B","Defend_B","Defend_B","Defend_B","Defend_B","Zap","Dualcast","REME_EmptyShield","Streamline","Crystallizer","White Noise"],"relics":["Cracked Core","REME_ComplimentaryCards","Torii"],"acts_visited":["Exordium"],"potions_floor_usage":[6,8,8],"damage_taken":[{"damage":0,"enemies":"2 Louse","floor":1,"turns":3},{"damage":6,"enemies":"Cultist","floor":2,"turns":4},{"damage":12,"enemies":"Jaw Worm","floor":5,"turns":3},{"damage":21,"enemies":"Gremlin Nob","floor":6,"turns":5},{"damage":17,"enemies":"Large Slime","floor":7,"turns":4},{"damage":10,"enemies":"3 Sentries","floor":8,"turns":2}],"seed_played":"-5438584180626805611","potions_obtained":[{"floor":3,"key":"PowerPotion"},{"floor":5,"key":"LifebloodPotion"},{"floor":6,"key":"LiquidBronze"},{"floor":7,"key":"Toxic Potion"}],"is_trial":false,"path_per_floor":["M","M","?","?","M","E","M","E"],"character_chosen":"DEFECT","items_purchased":[],"campfire_rested":0,"item_purchase_floors":[],"current_hp_per_floor":[82,76,76,69,57,36,19,9,9],"gold":189,"neow_bonus":"TEN_PERCENT_HP_BONUS","is_daily":false,"chose_seed":false,"campfire_upgraded":0,"win_rate":0.0,"timestamp":1610648712,"path_taken":["M","M","?","?","M","E","M","E"],"items_purchased_type":[],"build_version":"2020-12-22","purchased_purges":0,"victory":false,"max_hp_per_floor":[82,82,82,82,82,82,82,82,82],"card_choices":[{"not_picked":["Hologram","Turbo"],"picked":"Streamline","floor":1},{"not_picked":["Sweeping Beam","Hologram"],"picked":"Crystallizer","floor":2},{"not_picked":["ReplayTheSpireMod:Calculation Training","Blizzard","Reprogram"],"picked":"SKIP","floor":5},{"not_picked":["Chaos","Barrage"],"picked":"White Noise","floor":6},{"not_picked":["Recycle","Compile Driver","FIFO Queue"],"picked":"SKIP","floor":7}],"player_experience":385280,"relics_obtained":[{"floor":6,"key":"Torii"}],"event_choices":[{"cards_removed":["Strike_B"],"damage_healed":0,"gold_gain":0,"player_choice":"Card Removal","damage_taken":7,"max_hp_gain":0,"max_hp_loss":0,"event_name":"Golden Wing","floor":4,"gold_loss":0}],"is_beta":false,"boss_relics":[],"items_purged_floors":[],"is_endless":false,"potions_floor_spawned":[5,6,7],"killed_by":"3 Sentries","ascension_level":3}}