{"host":"51fyd6gkml7xavq8","time":1610626968,"event":{"mods":["BaseMod","BetterRewards","Colored Map","Energized Spire","Infinite Spire","Minty Spire (QoL Compilation)","Replay The Spire","Shop Mod","Spicy Shops","StSLib","The Blue Laboratory","[IsaacMod]????"],"gold_per_floor":[109,109,184,195,210,210,228,228,301,328,137,155,155,175,175,175,175],"floor_reached":16,"language":"ENG","playtime":1008,"items_purged":["Dualcast"],"score":133,"play_id":"aa2bef1d-75e0-4bcc-809b-76130357e669","local_time":"20210114092248","is_ascension_mode":true,"campfire_choices":[{"data":"ReplayTheSpireMod:Fabricate Wheel","floor":6,"key":"SMITH"},{"data":"Zap","floor":8,"key":"SMITH"},{"data":"Apotheosis","floor":15,"key":"SMITH"}],"circlet_count":0,"master_deck":["Strike_B","Strike_B","Strike_B","Strike_B","Defend_B","Defend_B","Defend_B","Defend_B","Zap+1","Mirror Shield","Echo Form","Apotheosis+1","Self Repair","ReplayTheSpireMod:Calculation Training","Force Field"],"relics":["Replay:M_SmolderingBlood","HushsDoor","SteamSale","MerchantsRug","Prayer Wheel","Prayer Wheel","Letter Opener","Toy Ornithopter","Blue Doll","infinitespire:Cubic Diamond"],"acts_visited":["Exordium"],"potions_floor_usage":[10,12],"damage_taken":[{"damage":0,"enemies":"Cultist","floor":1,"turns":4},{"damage":16,"enemies":"Jaw Worm","floor":4,"turns":5},{"damage":6,"enemies":"2 Louse","floor":5,"turns":4},{"damage":9,"enemies":"Blue Slaver","floor":7,"turns":4},{"damage":14,"enemies":"3 Sentries","floor":10,"turns":6},{"damage":0,"enemies":"3 Louse","floor":12,"turns":3},{"damage":0,"enemies":"Large Slime","floor":14,"turns":3},{"damage":36,"enemies":"Fading Forest","floor":16,"turns":5}],"seed_played":"-5201792878641873736","potions_obtained":[{"floor":4,"key":"blueLaboratory:FruitPreserves"},{"floor":7,"key":"SpeedPotion"},{"floor":10,"key":"SkillPotion"}],"is_trial":false,"path_per_floor":["M","?","?","M","M","R","M","R","T","E","$","M","?","M","R","B"],"character_chosen":"DEFECT","items_purchased":["ReplayTheSpireMod:Fabricate Wheel","MerchantsRug","blueLaboratory:BottledHope","blueLaboratory:Moonshine","Explosive Potion","blueLaboratory:PhilterOfMotion","Blue Doll","Apotheosis","Self Repair"],"campfire_rested":0,"item_purchase_floors":[0,0,0,0,0,0,11,11,11],"current_hp_per_floor":[68,68,57,41,35,35,26,26,26,12,12,24,24,24,24,0,0],"gold":175,"neow_bonus":"","is_daily":false,"chose_seed":false,"campfire_upgraded":3,"win_rate":0.0,"timestamp":1610626968,"path_taken":["M","?","?","M","M","R","M","R","T","E","$","M","?","M","R","BOSS"],"items_purchased_type":["Card","Relic","Potion","Potion","Potion","Potion","Relic","Card","Card"],"build_version":"2020-12-22","purchased_purges":1,"victory":false,"max_hp_per_floor":[75,75,75,75,75,75,75,75,75,75,75,75,75,75,75,75,75],"card_choices":[{"not_picked":["Fusion","Heatsinks"],"picked":"ReplayTheSpireMod:Fabricate Wheel","floor":1},{"not_picked":["Panic Button","Turbo","BasicCrystalCard"],"picked":"SKIP","floor":4},{"not_picked":["Compile Driver","Biased Cognition","Go for the Eyes"],"picked":"SKIP","floor":4},{"not_picked":["FTL","Rebound","Stack"],"picked":"SKIP","floor":5},{"not_picked":["Genetic Algorithm","Storm","ReplayTheSpireMod:System Scan"],"picked":"SKIP","floor":5},{"not_picked":["Leap","Hologram","Sweeping Beam"],"picked":"SKIP","floor":7},{"not_picked":["Sweeping Beam","Compile Driver","Steam"],"picked":"SKIP","floor":7},{"not_picked":["Streamline","Compile Driver","Coolheaded"],"picked":"SKIP","floor":7},{"not_picked":["Fission","All For One","Streamline"],"picked":"SKIP","floor":10},{"not_picked":["ReplayTheSpireMod:Omega Cannon","Coolheaded"],"picked":"ReplayTheSpireMod:Calculation Training","floor":12},{"not_picked":["Ball Lightning","Beam Cell"],"picked":"Force Field","floor":12},{"not_picked":["Leap","ReplayGash","Barrage"],"picked":"SKIP","floor":12},{"not_picked":["Chill","WreathOfFlame","Auto Shields"],"picked":"SKIP","floor":14},{"not_picked":["Compile Driver","Fusion","Cold Snap"],"picked":"SKIP","floor":14},{"not_picked":["Searing Blow","Crescendo","BasicCrystalCard"],"picked":"SKIP","floor":14}],"player_experience":522244,"relics_obtained":[{"floor":9,"key":"Letter Opener"},{"floor":10,"key":"Toy Ornithopter"}],"event_choices":[{"damage_healed":0,"gold_gain":75,"player_choice":"Gather Gold","damage_taken":11,"max_hp_gain":0,"max_hp_loss":0,"event_name":"World of Goop","floor":3,"gold_loss":0}],"is_beta":false,"boss_relics":[],"items_purged_floors":[11],"is_endless":false,"potions_floor_spawned":[4,7,10],"killed_by":"Fading Forest","ascension_level":6}}