{"host":"msa0wxqjs3jv1k3j","time":1610623452,"event":{"mods":["AchievementEnabler","BaseMod","Colored Map","Highlight Path","KOR Keyword Fix","Keyboard Shortcuts","Minty Spire (QoL Compilation)","Quick Restart","SuperFastMode","everything is the same but u backflip on backflip"],"gold_per_floor":[117,117,117,117,117,117,130,130,156,231,231,231,9,25,25,155,155,176,176,176,196,196,235,235,47,95,122,82,105,148,164,164,290,290,306,306,306],"floor_reached":36,"language":"KOR","playtime":1091,"items_purged":[],"score":386,"play_id":"a1a1ddf2-6d6b-4030-92fe-9b1929e999e5","local_time":"20210114202412","is_ascension_mode":false,"campfire_choices":[{"data":"Eruption","floor":6.0,"key":"SMITH"},{"data":"EmptyFist","floor":8.0,"key":"SMITH"},{"floor":12.0,"key":"REST"},{"data":"Adaptation","floor":15.0,"key":"SMITH"},{"data":"Enlightenment","floor":24.0,"key":"SMITH"},{"floor":32.0,"key":"REST"}],"circlet_count":0,"master_deck":["Strike_P+1","Strike_P","Strike_P","Defend_P","Defend_P","Defend_P+1","Defend_P","Eruption+1","Vigilance+1","FearNoEvil","WreathOfFlame+1","EmptyFist+1","Indignation","BowlingBash","Adaptation+1","Pommel Strike","Swift Strike+1","Gash","Anger","Enlightenment+1","Prostrate+1","MentalFortress","Ragnarok","ClearTheMind","Halt+1","Armaments","MentalFortress+1","After Image+1","Dark Shackles"],"relics":["HolyWater","WingedGreaves","Toy Ornithopter","Prayer Wheel","Melange","Golden Idol","Vajra","PreservedInsect","PrismaticShard","Black Star","Bag of Marbles","Mercury Hourglass","War Paint","Bag of Preparation","Frozen Egg 2","Ancient Tea Set"],"acts_visited":["Exordium","TheCity","TheBeyond"],"potions_floor_usage":[],"damage_taken":[{"damage":0.0,"enemies":"2 Louse","floor":1.0,"turns":2.0},{"damage":0.0,"enemies":"Small Slimes","floor":7.0,"turns":2.0},{"damage":6.0,"enemies":"Jaw Worm","floor":14.0,"turns":2.0},{"damage":37.0,"enemies":"Hexaghost","floor":16.0,"turns":8.0},{"damage":18.0,"enemies":"3 Byrds","floor":18.0,"turns":5.0},{"damage":0.0,"enemies":"Spheric Guardian","floor":21.0,"turns":2.0},{"damage":22.0,"enemies":"Book of Stabbing","floor":23.0,"turns":4.0},{"damage":0.0,"enemies":"Snake Plant","floor":29.0,"turns":1.0},{"damage":14.0,"enemies":"Gremlin Leader","floor":30.0,"turns":4.0},{"damage":0.0,"enemies":"Snecko","floor":31.0,"turns":1.0},{"damage":18.0,"enemies":"Collector","floor":33.0,"turns":4.0},{"damage":3.0,"enemies":"Orb Walker","floor":35.0,"turns":2.0},{"damage":70,"enemies":"2 Orb Walkers","floor":36,"turns":4}],"seed_played":"3705385563755720256","potions_obtained":[{"floor":14.0,"key":"Energy Potion"},{"floor":16.0,"key":"SteroidPotion"},{"floor":18.0,"key":"SkillPotion"},{"floor":30.0,"key":"ColorlessPotion"}],"is_trial":false,"path_per_floor":["M","?","?","?","$","R","M","R","T","?","T","R","$","M","R","B",null,"M","?","?","M","$","E","R","$","T","T","?","M","E","M","R","B",null,"M","?"],"character_chosen":"WATCHER","items_purchased":["Toy Ornithopter","Prayer Wheel","Melange","FearNoEvil","BottledMiracle","Adaptation","PrismaticShard","MentalFortress","Ragnarok","ClearTheMind"],"campfire_rested":2,"item_purchase_floors":[0,0,0,0,0,13,13,25,25,25],"current_hp_per_floor":[72,72,54,40,40,40,40,40,40,29,29,50,50,44,44,12,72,54,54,54,54,54,37,37,37,37,37,37,37,28,28,49,41,72,69,0,0],"gold":306,"neow_bonus":"","is_daily":false,"chose_seed":false,"campfire_upgraded":4,"win_rate":0.0,"timestamp":1610623452,"path_taken":["M","?","?","?","$","R","M","R","T","?","?","R","?","M","R","BOSS","M","?","?","?","$","E","R","$","T","?","?","M","E","?","R","BOSS","M","?"],"items_purchased_type":["Relic","Relic","Relic","Card","Potion","Card","Relic","Card","Card","Card"],"build_version":"2020-12-22","purchased_purges":0,"victory":false,"max_hp_per_floor":[72,72,72,72,72,72,72,72,72,72,72,72,72,72,72,72,72,72,72,72,72,72,72,72,72,72,72,72,72,72,72,72,72,72,72,72,72],"card_choices":[{"not_picked":["CutThroughFate","TalkToTheHand"],"picked":"WreathOfFlame","floor":1.0},{"not_picked":["EmptyMind","ReachHeaven"],"picked":"EmptyFist","floor":1.0},{"not_picked":["SashWhip","ReachHeaven"],"picked":"BowlingBash","floor":7.0},{"not_picked":["SashWhip","Indignation","Collect"],"picked":"SKIP","floor":7.0},{"not_picked":["Acrobatics","Double Energy"],"picked":"Pommel Strike","floor":14.0},{"not_picked":["WreathOfFlame","Stack"],"picked":"Swift Strike","floor":14.0},{"not_picked":["Sucker Punch","EmptyFist"],"picked":"Gash","floor":18.0},{"not_picked":["Sweeping Beam","Chaos","Finisher+1"],"picked":"SKIP","floor":18.0},{"not_picked":["Glacier","Doom and Gloom"],"picked":"Anger","floor":21.0},{"not_picked":["Blade Dance","SashWhip"],"picked":"Enlightenment","floor":21.0},{"not_picked":["Power Through","Turbo"],"picked":"Prostrate","floor":23.0},{"not_picked":["Conclude","Wraith Form v2"],"picked":"Halt+1","floor":29.0},{"not_picked":["Coolheaded","Warcry+1","Thunderclap"],"picked":"SKIP","floor":29.0},{"not_picked":["Weave","Sword Boomerang"],"picked":"Armaments","floor":30.0},{"not_picked":["Dagger Throw","Rupture+1"],"picked":"MentalFortress+1","floor":31.0},{"not_picked":["Barrage","Purity","Underhanded Strike"],"picked":"SKIP","floor":31.0},{"not_picked":["Meteor Strike","Magnetism+1"],"picked":"After Image+1","floor":33.0},{"not_picked":["Chaos+1","Hologram"],"picked":"Dark Shackles","floor":35.0},{"not_picked":["Ball Lightning+1","Disarm+1","Blade Dance+1"],"picked":"SKIP","floor":35.0}],"player_experience":108091,"relics_obtained":[{"floor":9.0,"key":"Vajra"},{"floor":11.0,"key":"PreservedInsect"},{"floor":23.0,"key":"Bag of Marbles"},{"floor":23.0,"key":"Mercury Hourglass"},{"floor":26.0,"key":"War Paint"},{"floor":27.0,"key":"Bag of Preparation"},{"floor":30.0,"key":"Frozen Egg 2"},{"floor":30.0,"key":"Ancient Tea Set"}],"event_choices":[{"damage_healed":0.0,"max_hp_gain":0.0,"max_hp_loss":0.0,"gold_gain":0.0,"cards_transformed":["Strike_P"],"event_name":"Living Wall","player_choice":"Change","floor":2.0,"gold_loss":0.0,"damage_taken":0.0,"cards_obtained":["Indignation"]},{"damage_healed":0.0,"max_hp_gain":0.0,"max_hp_loss":0.0,"gold_gain":0.0,"event_name":"Golden Idol","player_choice":"Take Damage","floor":3.0,"gold_loss":0.0,"damage_taken":18.0,"relics_obtained":["Golden Idol"]},{"damage_healed":0.0,"max_hp_gain":0.0,"max_hp_loss":0.0,"gold_gain":0.0,"event_name":"Shining Light","player_choice":"Entered Light","floor":4.0,"gold_loss":0.0,"damage_taken":14.0,"cards_upgraded":["Strike_P","Vigilance"]},{"damage_healed":0.0,"max_hp_gain":0.0,"max_hp_loss":0.0,"gold_gain":75.0,"event_name":"World of Goop","player_choice":"Gather Gold","floor":10.0,"gold_loss":0.0,"damage_taken":11.0},{"damage_healed":0.0,"max_hp_gain":0.0,"max_hp_loss":0.0,"gold_gain":0.0,"event_name":"Vampires","player_choice":"Ignored","floor":19.0,"gold_loss":0.0,"damage_taken":0.0},{"damage_healed":0.0,"max_hp_gain":0.0,"max_hp_loss":0.0,"gold_gain":0.0,"event_name":"Ghosts","player_choice":"Ignored","floor":20.0,"gold_loss":0.0,"damage_taken":0.0},{"damage_healed":0.0,"max_hp_gain":0.0,"max_hp_loss":0.0,"gold_gain":0.0,"event_name":"Designer","player_choice":"Upgraded Two","floor":28.0,"gold_loss":40.0,"damage_taken":0.0,"cards_upgraded":["Defend_P","Swift Strike"]},{"damage_healed":0,"gold_gain":0,"player_choice":"Fight","damage_taken":0,"max_hp_gain":0,"max_hp_loss":0,"event_name":"Mysterious Sphere","floor":36,"gold_loss":0}],"is_beta":false,"boss_relics":[{"not_picked":["Astrolabe","Snecko Eye"],"picked":"Black Star"},{"not_picked":["Calling Bell","Velvet Choker"],"picked":"HolyWater"}],"items_purged_floors":[],"is_endless":false,"potions_floor_spawned":[14,16,18,30],"killed_by":"2 Orb Walkers","ascension_level":0}}