{"host":"xt797mi8yhee06c1","time":1610606081,"event":{"mods":["BaseMod","Bestiary","Koishi","Marisa£¨Ùöéë¡¡Øª×âÞÞ£©","Minty Spire (QoL Compilation)","Poor People Problems","Prisma Mod","Relic Filter","Shop Mod","Spicy Shops","StSLib","The Marked","The Servant 0.9.4","WarShipGirlsR/??á´Ò³R mod"],"gold_per_floor":[109,109,123,78,43,96,96,129,205,259,326,286,286,309,309,464,464,502,563,578,26,137,137,165,165],"floor_reached":24,"language":"KOR","playtime":1770,"items_purged":[],"score":208,"play_id":"6c660e68-3eb2-493c-91a0-26e20bafb1b3","local_time":"20210114153441","is_ascension_mode":false,"campfire_choices":[{"data":"MillisecondPulsars","floor":7.0,"key":"SMITH"},{"floor":15.0,"key":"REST"},{"floor":23,"key":"REST"}],"circlet_count":0,"master_deck":["Strike_MRS","Strike_MRS","Strike_MRS","Strike_MRS","Defend_MRS","Defend_MRS","Defend_MRS","Defend_MRS","MasterSpark","UpSweep","IllusionStar","EventHorizon","WitchOfGreed","Parasite","Parasite","MillisecondPulsars+1","Acceleration","Robbery","IllusionStar","EnergyFlow","RefractionSpark","ManaRampage","DeepEcoloBomb","PowerUp","MysteriousBeam","SatelliteIllusion","Robbery","DarkMatter"],"relics":["MiniHakkero","Golden Idol","ShroomBag","Meat on the Bone","StoneCalendar","FaceOfCleric","Black Star","Calipers"],"acts_visited":["Exordium","TheCity"],"potions_floor_usage":[24],"damage_taken":[{"damage":8.0,"enemies":"Jaw Worm","floor":1.0,"turns":3.0},{"damage":0.0,"enemies":"2 Louse","floor":3.0,"turns":3.0},{"damage":55.0,"enemies":"3 Sentries","floor":6.0,"turns":11.0},{"damage":5.0,"enemies":"Cultist","floor":8.0,"turns":4.0},{"damage":6.0,"enemies":"Gremlin Nob","floor":10.0,"turns":3.0},{"damage":17.0,"enemies":"3 Louse","floor":11.0,"turns":3.0},{"damage":0.0,"enemies":"Looter","floor":14.0,"turns":1.0},{"damage":62.0,"enemies":"The Guardian","floor":16.0,"turns":8.0},{"damage":43.0,"enemies":"Spheric Guardian","floor":18.0,"turns":6.0},{"damage":42.0,"enemies":"3 Byrds","floor":19.0,"turns":7.0},{"damage":0.0,"enemies":"3 Cultists","floor":20.0,"turns":2.0},{"damage":37,"enemies":"Cultist and Chosen","floor":22,"turns":7},{"damage":84,"enemies":"Slavers","floor":24,"turns":3}],"seed_played":"-5305395159196395411","potions_obtained":[{"floor":6.0,"key":"FearPotion"},{"floor":8.0,"key":"AttackPotion"},{"floor":8.0,"key":"BottledSpark"},{"floor":10.0,"key":"DistilledChaos"},{"floor":11.0,"key":"PowerPotion"},{"floor":16.0,"key":"FairyPotion"},{"floor":16.0,"key":"GamblersBrew"},{"floor":18.0,"key":"ShroomBrew"},{"floor":19.0,"key":"Energy Potion"},{"floor":22,"key":"LiquidBronze"}],"is_trial":false,"path_per_floor":["M","?","M","$","?","E","R","M","T","E","M","$","?","M","R","B",null,"M","M","M","$","M","R","E"],"character_chosen":"MARISA","items_purchased":["WitchOfGreed","EnergyFlow","SatelliteIllusion","Robbery","Calipers"],"campfire_rested":2,"item_purchase_floors":[4,12,21,21,21],"current_hp_per_floor":[74,54,54,54,74,19,19,18,18,26,25,25,25,42,66,21,84,46,21,36,36,16,42,0,0],"gold":165,"neow_bonus":"TEN_PERCENT_HP_BONUS","is_daily":false,"chose_seed":false,"campfire_upgraded":1,"win_rate":0.0,"timestamp":1610606081,"path_taken":["M","?","M","$","?","E","R","M","T","E","M","?","?","?","R","BOSS","M","M","M","$","M","R","E"],"items_purchased_type":["Card","Card","Card","Card","Relic"],"build_version":"2020-12-22","purchased_purges":0,"victory":false,"max_hp_per_floor":[82,82,82,82,82,82,82,82,82,82,82,82,82,83,83,84,84,85,86,87,87,88,88,88,88],"card_choices":[{"not_picked":["MilkyWay","Acceleration"],"picked":"IllusionStar","floor":1.0},{"not_picked":["6A","GravityBeat"],"picked":"EventHorizon","floor":3.0},{"not_picked":["GrandCross","DC"],"picked":"MillisecondPulsars","floor":6.0},{"not_picked":["ShootingEcho","WitchLeyline"],"picked":"Acceleration","floor":8.0},{"not_picked":["MagicAbsorber","Singularity"],"picked":"Robbery","floor":10.0},{"not_picked":["SuperPerseids","NonDirectionalLaser"],"picked":"IllusionStar","floor":11.0},{"not_picked":["WitchOfGreed","UnstableBomb"],"picked":"RefractionSpark","floor":14.0},{"not_picked":["BigCrunch","JA"],"picked":"ManaRampage","floor":16.0},{"not_picked":["6A+1","ManaConvection"],"picked":"DeepEcoloBomb","floor":18.0},{"not_picked":["GalacticHalo+1","Occultation"],"picked":"PowerUp","floor":19.0},{"not_picked":["AsteroidBelt","EventHorizon"],"picked":"MysteriousBeam","floor":20.0},{"not_picked":["EnergyRecoil","WitchLeyline"],"picked":"DarkMatter","floor":22}],"player_experience":353205,"relics_obtained":[{"floor":6.0,"key":"ShroomBag"},{"floor":9.0,"key":"Meat on the Bone"},{"floor":10.0,"key":"StoneCalendar"}],"event_choices":[{"damage_healed":0.0,"max_hp_gain":0.0,"max_hp_loss":0.0,"gold_gain":0.0,"event_name":"Golden Idol","player_choice":"Take Damage","floor":2.0,"gold_loss":0.0,"damage_taken":20.0,"relics_obtained":["Golden Idol"]},{"damage_healed":20.0,"max_hp_gain":0.0,"max_hp_loss":0.0,"gold_gain":0.0,"event_name":"The Cleric","player_choice":"Healed","floor":5.0,"gold_loss":35.0,"damage_taken":0.0},{"damage_healed":0.0,"max_hp_gain":0.0,"max_hp_loss":0.0,"gold_gain":0.0,"event_name":"FaceTrader","player_choice":"Trade","floor":13.0,"gold_loss":0.0,"damage_taken":0.0,"relics_obtained":["FaceOfCleric"]}],"is_beta":false,"boss_relics":[{"not_picked":["Cursed Key","Tiny House"],"picked":"Black Star"}],"items_purged_floors":[],"is_endless":false,"potions_floor_spawned":[8,11,16,18,22],"killed_by":"Slavers","ascension_level":0}}