{"host":"5rw0nun05olx0r44","time":1610601746,"event":{"mods":["AchievementEnabler","BaseMod","Colored Map","Colored Powertips","Downfall","Highlight Path","Minty Spire (QoL Compilation)","Permanent Neow","Quick Restart","Shop Mod","StSLib"],"gold_per_floor":[111,111,121,133,58,90,8,8,33,62,15,43,43,59,59,179,179,200,213,238,259,283,327,327,327,327,350,369,369,403,419,419,538,538,562,587,650,650,455,488,101,101,125,0,0,19,43,84,84,84,84,84,34,70,70,70,70],"floor_reached":55,"language":"ENG","playtime":6955,"items_purged":["Guardian:Strike_Guardian","Injury","Guardian:Strike_Guardian","Guardian:Strike_Guardian"],"score":774,"play_id":"6688e431-fdf8-426d-b795-98d4755c5633","local_time":"20210113232226","is_ascension_mode":true,"campfire_choices":[{"floor":8.0,"key":"REST"},{"floor":15.0,"key":"REST"},{"floor":25.0,"key":"REST"},{"floor":32.0,"key":"REST"},{"floor":42.0,"key":"RECALL"},{"data":"Guardian:FloatingOrbs","floor":49.0,"key":"SMITH"},{"data":"Guardian:EvasiveProtocol","floor":52.0,"key":"SMITH"}],"circlet_count":0,"master_deck":["Guardian:Strike_Guardian","Guardian:Defend_Guardian","Guardian:Defend_Guardian","Guardian:Defend_Guardian","Guardian:Defend_Guardian","Guardian:CurlUp","Guardian:TwinSlam","Guardian:Recover","Guardian:FloatingOrbs+1","Guardian:PrismaticBeam","Guardian:SpikerProtocol","Guardian:BaubleBeam","Guardian:RollAttack+1","Guardian:ShieldSpikes+1","Guardian:Recover","Guardian:PiercingHide+1","Guardian:ConstructionForm","CurseOfTheBell","Guardian:EvasiveProtocol+1","Guardian:TwinSlam","Guardian:EvasiveProtocol+1","Guardian:Suspension+1"],"relics":["SlaversCollar","Potion Belt","Bag of Marbles","Bottled Tornado","Question Card","Golden Idol","Busted Crown","PreservedInsect","Smiling Mask","Calling Bell","Boot","Letter Opener","Ginger","Lizard Tail","Blood Vial","Eternal Feather","Mummified Hand","Toy Ornithopter","Red Mask","Singing Bowl","Akabeko"],"acts_visited":["Exordium","TheCity","TheBeyond","TheEnding"],"potions_floor_usage":[55,55],"damage_taken":[{"damage":0.0,"enemies":"Small Slimes","floor":1.0,"turns":3.0},{"damage":4.0,"enemies":"Cultist","floor":3.0,"turns":6.0},{"damage":6.0,"enemies":"Jaw Worm","floor":4.0,"turns":6.0},{"damage":55.0,"enemies":"Lagavulin","floor":6.0,"turns":14.0},{"damage":6.0,"enemies":"3 Sentries","floor":10.0,"turns":12.0},{"damage":23.0,"enemies":"Lagavulin","floor":12.0,"turns":9.0},{"damage":3.0,"enemies":"Looter","floor":14.0,"turns":4.0},{"damage":27.0,"enemies":"Slime Boss","floor":16.0,"turns":17.0},{"damage":27.0,"enemies":"Chosen","floor":18.0,"turns":5.0},{"damage":5.0,"enemies":"Spheric Guardian","floor":19.0,"turns":4.0},{"damage":0.0,"enemies":"3 Cultists","floor":20.0,"turns":5.0},{"damage":6.0,"enemies":"Centurion and Healer","floor":21.0,"turns":6.0},{"damage":17.0,"enemies":"Cultist and Chosen","floor":22.0,"turns":7.0},{"damage":16.0,"enemies":"Book of Stabbing","floor":23.0,"turns":6.0},{"damage":0.0,"enemies":"Sentry and Sphere","floor":27.0,"turns":4.0},{"damage":0.0,"enemies":"3 Cultists","floor":28.0,"turns":5.0},{"damage":38.0,"enemies":"Slavers","floor":30.0,"turns":5.0},{"damage":4.0,"enemies":"Centurion and Healer","floor":31.0,"turns":5.0},{"damage":46.0,"enemies":"Collector","floor":33.0,"turns":14.0},{"damage":8.0,"enemies":"3 Shapes","floor":35.0,"turns":9.0},{"damage":0.0,"enemies":"Orb Walker","floor":36.0,"turns":4.0},{"damage":0.0,"enemies":"Mind Bloom Boss Battle","floor":37.0,"turns":6.0},{"damage":24.0,"enemies":"Reptomancer","floor":40.0,"turns":8.0},{"damage":0.0,"enemies":"4 Shapes","floor":46.0,"turns":7.0},{"damage":0.0,"enemies":"Jaw Worm Horde","floor":47.0,"turns":4.0},{"damage":22.0,"enemies":"Giant Head","floor":48.0,"turns":10.0},{"damage":67.0,"enemies":"Time Eater","floor":50.0,"turns":14.0},{"damage":3.0,"enemies":"Shield and Spear","floor":54.0,"turns":12.0},{"damage":137,"enemies":"The Heart","floor":55,"turns":11}],"seed_played":"7603479324127452997","potions_obtained":[{"floor":1.0,"key":"GamblersBrew"},{"floor":3.0,"key":"Fire Potion"},{"floor":14.0,"key":"Regen Potion"},{"floor":16.0,"key":"Guardian:AcceleratePotion"},{"floor":20.0,"key":"Energy Potion"},{"floor":21.0,"key":"FairyPotion"},{"floor":31.0,"key":"SmokeBomb"},{"floor":33.0,"key":"Explosive Potion"},{"floor":35.0,"key":"EssenceOfSteel"},{"floor":36.0,"key":"FearPotion"}],"is_trial":false,"path_per_floor":["M","?","M","M","$","E","$","R","T","E","$","E","?","M","R","B",null,"M","M","M","M","M","E","?","R","T","M","M","?","E","M","R","B",null,"M","M","?","?","$","E","$","R","T","?","?","M","M","E","R","B",null,"R","$","E","B"],"character_chosen":"GUARDIAN","items_purchased":["Guardian:FloatingOrbs","Guardian:Gem_Cyan","Blood Vial","Mummified Hand","Guardian:EvasiveProtocol"],"campfire_rested":4,"item_purchase_floors":[7,11,39,41,41],"current_hp_per_floor":[80,80,76,70,70,15,15,39,39,33,33,10,10,7,31,19,80,53,48,48,42,25,9,35,59,59,59,59,59,21,17,41,24,80,72,72,72,72,72,50,50,62,62,62,62,64,66,48,60,5,82,82,82,81,0,0,0],"gold":70,"neow_bonus":"BOSS_RELIC","is_daily":false,"chose_seed":false,"campfire_upgraded":2,"win_rate":0.0,"timestamp":1610601746,"path_taken":["M","?","M","M","$","E","$","R","T","E","?","E","?","M","R","BOSS","M","M","M","M","M","E","?","R","T","M","M","?","E","M","R","BOSS","M","M","?","?","$","E","$","R","T","?","?","?","M","E","R","BOSS","R","$","E","BOSS"],"items_purchased_type":["Card","Card","Relic","Relic","Card"],"build_version":"2020-12-22","purchased_purges":4,"victory":false,"max_hp_per_floor":[80,80,80,80,80,80,80,80,80,80,80,80,80,80,80,80,80,80,80,80,80,80,80,80,80,80,80,80,80,80,80,80,80,80,80,80,80,80,80,80,80,80,80,80,80,80,80,82,82,82,82,82,82,84,84,84,84],"card_choices":[{"not_picked":["Guardian:PrismaticBeam","Guardian:WalkerClaw"],"picked":"Guardian:Gem_Purple","floor":1.0},{"not_picked":["Guardian:Suspension","Guardian:TemporalStrike"],"picked":"Guardian:Recover","floor":3.0},{"not_picked":["Guardian:PolyBeam","Guardian:Recover"],"picked":"Guardian:Gem_Crimson","floor":4.0},{"not_picked":["Guardian:FastForward","Guardian:ChargeCore"],"picked":"Guardian:Gem_Blue","floor":6.0},{"not_picked":["Guardian:Emergency","Guardian:Gem_Green"],"picked":"Guardian:PrismaticBeam","floor":10.0},{"not_picked":["Guardian:ChargeUp","Guardian:TimeBomb"],"picked":"Guardian:SpikerProtocol","floor":12.0},{"not_picked":["Guardian:Gem_Fragmented","Guardian:DonusPower","Guardian:RefractedBeam","Guardian:Clone"],"picked":"SKIP","floor":14.0},{"not_picked":["Guardian:AncientConstruct","Guardian:Gem_Orange","Guardian:ConstructionForm"],"picked":"Guardian:BaubleBeam","floor":16.0},{"not_picked":["Guardian:TimeBomb+1"],"picked":"Guardian:RollAttack+1","floor":18.0},{"not_picked":["Guardian:Gem_Green","Guardian:DonusPower"],"picked":"SKIP","floor":19.0},{"not_picked":["Guardian:Incinerate+1"],"picked":"Guardian:ShieldSpikes+1","floor":20.0},{"not_picked":["Guardian:BronzeOrb"],"picked":"Guardian:Recover","floor":21.0},{"not_picked":["Guardian:PolyBeam"],"picked":"Guardian:Gem_White","floor":22.0},{"not_picked":["Guardian:Incinerate+1"],"picked":"Guardian:Gem_Purple","floor":23.0},{"not_picked":["Guardian:MultiBeam","Guardian:Emergency"],"picked":"SKIP","floor":27.0},{"not_picked":["Guardian:DecasProtection","Guardian:TemporalStrike"],"picked":"SKIP","floor":28.0},{"not_picked":["Guardian:ShieldSpikes"],"picked":"Guardian:PiercingHide+1","floor":30.0},{"not_picked":["Guardian:TimeCapacitor"],"picked":"Guardian:ConstructionForm","floor":31.0},{"not_picked":["Guardian:DecasProtection+1"],"picked":"Guardian:Gem_Crimson","floor":35.0},{"not_picked":["Guardian:TemporalShield+1"],"picked":"Guardian:Gem_Lightblue","floor":36.0},{"not_picked":["Guardian:WalkerClaw","Guardian:Emergency"],"picked":"SKIP","floor":40.0},{"not_picked":["Guardian:StasisField"],"picked":"Guardian:EvasiveProtocol+1","floor":46.0},{"not_picked":["Guardian:Reroute"],"picked":"Guardian:Suspension+1","floor":47.0},{"not_picked":["Guardian:Clone+1","Guardian:Reroute+1"],"picked":"Singing Bowl","floor":48.0},{"not_picked":["Guardian:TimeBomb","Guardian:Reroute"],"picked":"Singing Bowl","floor":54.0}],"player_experience":90226,"relics_obtained":[{"floor":6.0,"key":"Potion Belt"},{"floor":9.0,"key":"Bag of Marbles"},{"floor":10.0,"key":"Bottled Tornado"},{"floor":12.0,"key":"Question Card"},{"floor":23.0,"key":"PreservedInsect"},{"floor":30.0,"key":"Smiling Mask"},{"floor":34.0,"key":"Boot"},{"floor":34.0,"key":"Letter Opener"},{"floor":34.0,"key":"Ginger"},{"floor":37.0,"key":"Lizard Tail"},{"floor":40.0,"key":"Eternal Feather"},{"floor":43.0,"key":"Toy Ornithopter"},{"floor":48.0,"key":"Singing Bowl"},{"floor":54.0,"key":"Akabeko"}],"event_choices":[{"damage_healed":0.0,"max_hp_gain":0.0,"max_hp_loss":0.0,"gold_gain":0.0,"event_name":"Golden Idol","player_choice":"Take Wound","floor":13.0,"gold_loss":0.0,"damage_taken":0.0,"relics_obtained":["Golden Idol"],"cards_obtained":["Injury"]},{"damage_healed":26.0,"max_hp_gain":0.0,"max_hp_loss":0.0,"gold_gain":0.0,"event_name":"The Library","player_choice":"Heal","floor":24.0,"gold_loss":0.0,"damage_taken":0.0},{"damage_healed":0.0,"max_hp_gain":0.0,"max_hp_loss":0.0,"gold_gain":0.0,"event_name":"Ghosts","player_choice":"Ignored","floor":29.0,"gold_loss":0.0,"damage_taken":0.0},{"damage_healed":0.0,"max_hp_gain":0.0,"max_hp_loss":0.0,"gold_gain":0.0,"event_name":"MindBloom","player_choice":"Fight","floor":37.0,"gold_loss":0.0,"damage_taken":0.0},{"cards_removed":["Guardian:Gem_Crimson"],"damage_healed":0.0,"max_hp_gain":0.0,"max_hp_loss":0.0,"gold_gain":0.0,"event_name":"Falling","player_choice":"Removed Skill","floor":38.0,"gold_loss":0.0,"damage_taken":0.0},{"damage_healed":0.0,"max_hp_gain":0.0,"max_hp_loss":0.0,"gold_gain":0.0,"event_name":"Tomb of Lord Red Mask","player_choice":"Paid","floor":44.0,"gold_loss":125.0,"damage_taken":0.0,"relics_obtained":["Red Mask"]},{"damage_healed":0.0,"max_hp_gain":0.0,"max_hp_loss":0.0,"gold_gain":0.0,"event_name":"Duplicator","player_choice":"Copied","floor":45.0,"gold_loss":0.0,"damage_taken":0.0,"cards_obtained":["Guardian:TwinSlam"]}],"is_beta":false,"boss_relics":[{"not_picked":["Sozu","Runic Dome"],"picked":"Busted Crown"},{"not_picked":["Snecko Eye","Tiny House"],"picked":"Calling Bell"}],"items_purged_floors":[5,39,41,53],"is_endless":false,"potions_floor_spawned":[1,3,14,16,20,21,31,33,35,36,46,48],"killed_by":"The Heart","ascension_level":1}}