{"host":"Qube","time":1610598349,"event":{"mods":["AchievementEnabler","BaseMod","Colored Map","Colored Powertips","Minty Spire (QoL Compilation)","Quick Restart","Random Character Button","StSLib"],"gold_per_floor":[16,30,45,45,65,65,99,99,125,150,150,160,170,186,186,263,263,280,300,16,16,27,27,62,62,62,62,73,73,73,107,107,184,184,201,219,219,219,219,219,247,275,275,289,289,324,339,0,0,0,0,0],"floor_reached":51,"language":"ENG","playtime":2293,"items_purged":["Blood for Blood"],"score":1530,"play_id":"3329fd43-c7e3-4e68-9c7d-90a7a7143442","local_time":"20210113202549","is_ascension_mode":true,"campfire_choices":[{"data":"Fire Breathing","floor":6.0,"key":"SMITH"},{"data":"Shockwave","floor":8.0,"key":"SMITH"},{"data":"Flame Barrier","floor":15.0,"key":"SMITH"},{"data":"Dark Embrace","floor":23.0,"key":"SMITH"},{"data":"Power Through","floor":25.0,"key":"SMITH"},{"data":"Evolve","floor":27.0,"key":"SMITH"},{"data":"Reaper","floor":30.0,"key":"SMITH"},{"data":"Immolate","floor":32.0,"key":"SMITH"},{"data":"Power Through","floor":45.0,"key":"SMITH"},{"floor":49.0,"key":"REST"}],"circlet_count":0,"master_deck":["AscendersBane","Strike_R","Strike_R","Strike_R","Defend_R+1","Defend_R+1","Defend_R","Bash","Pommel Strike","Fire Breathing+1","Reaper+1","Shockwave+1","Power Through+1","Evolve+1","Power Through+1","Flame Barrier+1","Immolate+1","Wild Strike+1","Dark Embrace+1","Flame Barrier+1"],"relics":["Burning Blood","Magic Flower","Bag of Preparation","Toy Ornithopter","Omamori","Busted Crown","Mummified Hand","Bronze Scales","Ginger","Pantograph","Calling Bell","Regal Pillow","Frozen Egg 2","WingedGreaves","TungstenRod","War Paint","Lantern","Red Skull","Bottled Tornado"],"acts_visited":["Exordium","TheCity","TheBeyond"],"potions_floor_usage":[],"damage_taken":[{"damage":2.0,"enemies":"2 Louse","floor":1.0,"turns":3.0},{"damage":11.0,"enemies":"Small Slimes","floor":2.0,"turns":5.0},{"damage":2.0,"enemies":"Cultist","floor":3.0,"turns":4.0},{"damage":12.0,"enemies":"Looter","floor":5.0,"turns":4.0},{"damage":32.0,"enemies":"Gremlin Nob","floor":7.0,"turns":4.0},{"damage":29.0,"enemies":"3 Sentries","floor":10.0,"turns":4.0},{"damage":2.0,"enemies":"Exordium Wildlife","floor":12.0,"turns":6.0},{"damage":4.0,"enemies":"Large Slime","floor":13.0,"turns":6.0},{"damage":10.0,"enemies":"Blue Slaver","floor":14.0,"turns":5.0},{"damage":48.0,"enemies":"Hexaghost","floor":16.0,"turns":10.0},{"damage":9.0,"enemies":"Chosen","floor":18.0,"turns":4.0},{"damage":18.0,"enemies":"2 Thieves","floor":19.0,"turns":4.0},{"damage":5.0,"enemies":"Centurion and Healer","floor":22.0,"turns":5.0},{"damage":27.0,"enemies":"Book of Stabbing","floor":24.0,"turns":5.0},{"damage":18.0,"enemies":"Chosen and Byrds","floor":28.0,"turns":4.0},{"damage":18.0,"enemies":"Gremlin Leader","floor":31.0,"turns":4.0},{"damage":38.0,"enemies":"Collector","floor":33.0,"turns":7.0},{"damage":0.0,"enemies":"Orb Walker","floor":35.0,"turns":3.0},{"damage":39.0,"enemies":"3 Darklings","floor":36.0,"turns":4.0},{"damage":0.0,"enemies":"Reptomancer","floor":40.0,"turns":1.0},{"damage":39.0,"enemies":"Nemesis","floor":41.0,"turns":5.0},{"damage":13.0,"enemies":"Reptomancer","floor":42.0,"turns":5.0},{"damage":12.0,"enemies":"Writhing Mass","floor":44.0,"turns":6.0},{"damage":58.0,"enemies":"Nemesis","floor":46.0,"turns":7.0},{"damage":0.0,"enemies":"4 Shapes","floor":47.0,"turns":2.0},{"damage":33.0,"enemies":"Donu and Deca","floor":50.0,"turns":6.0},{"damage":101,"enemies":"Awakened One","floor":51,"turns":13}],"seed_played":"3593024444598538227","potions_obtained":[{"floor":1.0,"key":"Energy Potion"},{"floor":3.0,"key":"FearPotion"},{"floor":7.0,"key":"Weak Potion"},{"floor":16.0,"key":"Fire Potion"},{"floor":18.0,"key":"SmokeBomb"},{"floor":24.0,"key":"Weak Potion"},{"floor":28.0,"key":"LiquidMemories"},{"floor":33.0,"key":"LiquidMemories"},{"floor":35.0,"key":"LiquidMemories"},{"floor":36.0,"key":"Strength Potion"},{"floor":41.0,"key":"PowerPotion"},{"floor":46.0,"key":"Fire Potion"},{"floor":47.0,"key":"AttackPotion"}],"is_trial":false,"path_per_floor":["M","M","M","?","M","R","E","R","T","E","?","M","M","M","R","B",null,"M","M","$","?","M","R","E","R","T","R","M","?","R","E","R","B",null,"M","M","?","?","?","E","E","E","T","M","R","E","M","$","R","B","B"],"character_chosen":"IRONCLAD","items_purchased":["Mummified Hand","Bottled Tornado"],"campfire_rested":1,"item_purchase_floors":[20,48],"current_hp_per_floor":[75,73,75,75,72,72,58,58,58,62,67,74,80,79,79,49,72,80,79,79,79,80,80,62,62,62,62,70,70,70,72,72,70,78,80,50,66,66,66,80,50,76,76,77,77,31,40,40,79,64,0,0],"gold":0,"neow_bonus":"ONE_RARE_RELIC","is_daily":false,"chose_seed":false,"campfire_upgraded":9,"win_rate":0.0,"timestamp":1610598349,"path_taken":["M","M","M","?","M","R","E","R","T","E","?","M","M","M","R","BOSS","M","M","$","?","?","R","E","R","T","R","M","?","R","E","R","BOSS","M","M","?","?","?","E","E","E","T","M","R","E","?","$","R","BOSS","BOSS"],"items_purchased_type":["Relic","Relic"],"build_version":"2020-12-18","purchased_purges":1,"victory":false,"max_hp_per_floor":[75,75,75,75,75,75,75,75,75,75,80,80,80,80,80,80,80,80,80,80,80,80,80,80,80,80,80,80,80,80,80,80,80,80,80,80,80,80,80,80,80,80,80,80,80,80,80,80,80,80,80,80],"card_choices":[{"not_picked":["Dark Embrace","Metallicize"],"picked":"Pommel Strike","floor":1.0},{"not_picked":["Dual Wield","Havoc"],"picked":"Fire Breathing","floor":2.0},{"not_picked":["Bloodletting","Blood for Blood","Thunderclap"],"picked":"SKIP","floor":3.0},{"not_picked":["Warcry","Clash"],"picked":"Reaper","floor":5.0},{"not_picked":["Armaments","Flex"],"picked":"Shockwave","floor":7.0},{"not_picked":["Anger","Sword Boomerang"],"picked":"Power Through","floor":10.0},{"not_picked":["Cleave","Seeing Red"],"picked":"Evolve","floor":12.0},{"not_picked":["Shrug It Off","Second Wind"],"picked":"Power Through","floor":13.0},{"not_picked":["Rupture","Clash"],"picked":"Flame Barrier","floor":14.0},{"not_picked":["Impervious","Double Tap"],"picked":"Immolate","floor":16.0},{"not_picked":["Inflame"],"picked":"SKIP","floor":18.0},{"not_picked":[],"picked":"Wild Strike+1","floor":19.0},{"not_picked":[],"picked":"Dark Embrace","floor":22.0},{"not_picked":["Iron Wave"],"picked":"SKIP","floor":24.0},{"not_picked":["Anger"],"picked":"SKIP","floor":28.0},{"not_picked":["Inflame"],"picked":"SKIP","floor":31.0},{"not_picked":["Cleave"],"picked":"SKIP","floor":35.0},{"not_picked":["Warcry"],"picked":"SKIP","floor":36.0},{"not_picked":["Rage"],"picked":"SKIP","floor":41.0},{"not_picked":["Clash+1"],"picked":"SKIP","floor":42.0},{"not_picked":["Shrug It Off+1"],"picked":"SKIP","floor":44.0},{"not_picked":[],"picked":"Flame Barrier+1","floor":46.0},{"not_picked":["Sentinel"],"picked":"SKIP","floor":47.0}],"player_experience":899082,"relics_obtained":[{"floor":7.0,"key":"Bag of Preparation"},{"floor":9.0,"key":"Toy Ornithopter"},{"floor":10.0,"key":"Omamori"},{"floor":24.0,"key":"Bronze Scales"},{"floor":26.0,"key":"Ginger"},{"floor":31.0,"key":"Pantograph"},{"floor":34.0,"key":"Regal Pillow"},{"floor":34.0,"key":"Frozen Egg 2"},{"floor":34.0,"key":"WingedGreaves"},{"floor":41.0,"key":"TungstenRod"},{"floor":42.0,"key":"War Paint"},{"floor":43.0,"key":"Lantern"},{"floor":46.0,"key":"Red Skull"}],"event_choices":[{"damage_healed":0.0,"max_hp_gain":0.0,"max_hp_loss":0.0,"gold_gain":0.0,"event_name":"Liars Game","player_choice":"Ignored","floor":4.0,"gold_loss":0.0,"damage_taken":0.0},{"damage_healed":0.0,"max_hp_gain":5.0,"max_hp_loss":0.0,"gold_gain":0.0,"event_name":"Big Fish","player_choice":"Donut","floor":11.0,"gold_loss":0.0,"damage_taken":0.0},{"cards_removed":["Strike_R"],"damage_healed":0.0,"max_hp_gain":0.0,"max_hp_loss":0.0,"gold_gain":0.0,"event_name":"Bonfire Elementals","player_choice":"Offered Basic","floor":21.0,"gold_loss":0.0,"damage_taken":0.0},{"damage_healed":0.0,"max_hp_gain":0.0,"max_hp_loss":0.0,"gold_gain":0.0,"cards_transformed":["Strike_R","Defend_R"],"event_name":"Drug Dealer","player_choice":"Became Test Subject","floor":29.0,"gold_loss":0.0,"damage_taken":0.0,"cards_obtained":["Blood for Blood","Limit Break"]},{"damage_healed":16.0,"max_hp_gain":0.0,"max_hp_loss":0.0,"gold_gain":0.0,"event_name":"Winding Halls","player_choice":"Writhe","floor":37.0,"gold_loss":0.0,"damage_taken":0.0,"cards_obtained":["Writhe"]},{"cards_removed":["Limit Break"],"damage_healed":0.0,"max_hp_gain":0.0,"max_hp_loss":0.0,"gold_gain":0.0,"event_name":"Falling","player_choice":"Removed Skill","floor":38.0,"gold_loss":0.0,"damage_taken":0.0},{"damage_healed":0.0,"max_hp_gain":0.0,"max_hp_loss":0.0,"gold_gain":0.0,"event_name":"Tomb of Lord Red Mask","player_choice":"Ignored","floor":39.0,"gold_loss":0.0,"damage_taken":0.0}],"is_beta":true,"boss_relics":[{"not_picked":["Coffee Dripper","Astrolabe"],"picked":"Busted Crown"},{"not_picked":["Runic Dome","Runic Pyramid"],"picked":"Calling Bell"}],"items_purged_floors":[48],"is_endless":false,"potions_floor_spawned":[1,3,7,16,18,24,28,33,35,36,41,46,47],"killed_by":"Awakened One","ascension_level":20}}