{"host":"jgyoyy5iuhtvyvtg","time":1610594483,"event":{"mods":["2.2 Compatiblity","BaseMod","Challenge The Spire","Colored Map","Conspire","Dark Map","Downfall","Hermit","Highlight Path","Infinite Spire","Lobotomy","LobotomyExtend","Minty Spire (QoL Compilation)","Quick Restart","Replay The Spire","Spikes Relics","StSLib","The Construct","The Disciple","The Jungle","Yuri Mod"],"gold_per_floor":[118,43,43,43,56,56,74,74,74,84,103,119,119,150,150,228,228,261,272,272,272],"floor_reached":20,"language":"ENG","playtime":612,"items_purged":[],"score":308,"play_id":"942011dc-97d9-48ff-96de-439de7f7e905","local_time":"20210113192123","is_ascension_mode":true,"campfire_choices":[{"data":"hermit:Ricochet","floor":6,"key":"SMITH"},{"data":"hermit:Dive","floor":8,"key":"SMITH"},{"data":"hermit:WideOpen","floor":13,"key":"SMITH"},{"data":"hermit:FlashPowder","floor":15,"key":"SMITH"}],"circlet_count":0,"master_deck":["AscendersBane","hermit:Strike_Hermit","hermit:Strike_Hermit","hermit:Defend_Hermit","hermit:Defend_Hermit","hermit:Defend_Hermit","hermit:Defend_Hermit","hermit:Snapshot","hermit:Covet","hermit:Headshot","hermit:Ricochet+1","hermit:Dive+1","hermit:Determination","hermit:FlashPowder+1","hermit:WideOpen+1","hermit:Snipe","hermit:DeadOrAlive","AbeCurse","hermit:Quickdraw"],"relics":["hermit:Momento","LetterFromLob","Replay:Baseball","hermit:RyeStalk","Abe\u0027s Treasure"],"acts_visited":["Exordium","Exordium"],"potions_floor_usage":[12,14],"damage_taken":[{"damage":0,"enemies":"Cultist","floor":1,"turns":3},{"damage":0,"enemies":"Small Slimes","floor":5,"turns":3},{"damage":0,"enemies":"infinitespire:Voidling","floor":7,"turns":3},{"damage":9,"enemies":"Red Slaver","floor":10,"turns":2},{"damage":9,"enemies":"Large Slime","floor":11,"turns":6},{"damage":0,"enemies":"Gremlin Gang","floor":12,"turns":2},{"damage":8,"enemies":"Gremlin Nob","floor":14,"turns":2},{"damage":25,"enemies":"Hexaghost","floor":16,"turns":8},{"damage":9,"enemies":"Shell Parasite","floor":18,"turns":6},{"damage":22,"enemies":"theJungle:Flameango_and_Byrd","floor":19,"turns":6},{"damage":34,"enemies":"theJungle:SlimyTreeVines","floor":20,"turns":5}],"seed_played":"-5285875635363855050","potions_obtained":[{"floor":1,"key":"champ:CounterPotion"},{"floor":5,"key":"champ:CounterPotion"},{"floor":14,"key":"FearPotion"},{"floor":19,"key":"Doom Potion"}],"is_trial":false,"path_per_floor":["M","?","$","?","M","R","M","R","T","M","M","M","R","E","R","B",null,"M","M","M"],"character_chosen":"HERMIT","items_purchased":[],"campfire_rested":0,"item_purchase_floors":[],"current_hp_per_floor":[64,64,64,64,64,64,64,64,64,55,46,46,46,38,38,13,57,48,26,0,0],"gold":272,"neow_bonus":"THREE_CARDS","is_daily":false,"chose_seed":false,"campfire_upgraded":4,"win_rate":0.0,"timestamp":1610594483,"path_taken":["M","?","$","?","M","R","M","R","T","M","M","M","R","E","R","BOSS","M","?","M"],"items_purchased_type":[],"build_version":"2020-12-22","purchased_purges":0,"victory":false,"max_hp_per_floor":[71,71,71,71,71,71,71,71,71,71,71,71,71,71,71,71,71,71,71,71,71],"card_choices":[{"not_picked":["hermit:Glare","hermit:Vantage"],"picked":"hermit:Headshot","floor":0},{"not_picked":["hermit:LoneWolf","hermit:Headshot"],"picked":"hermit:Ricochet","floor":1},{"not_picked":["hermit:Feint","hermit:Grudge","hermit:TrackingShot"],"picked":"SKIP","floor":5},{"not_picked":["hermit:Malice","hermit:Desperado"],"picked":"hermit:Dive","floor":7},{"not_picked":["hermit:Combo","hermit:Feint"],"picked":"hermit:Determination","floor":10},{"not_picked":["hermit:Headshot","hermit:Feint"],"picked":"hermit:FlashPowder","floor":11},{"not_picked":["hermit:TakeCover","hermit:Showdown"],"picked":"hermit:WideOpen","floor":12},{"not_picked":["hermit:Virtue","hermit:Maintenance"],"picked":"hermit:Snipe","floor":14},{"not_picked":["hermit:FinalCanter","hermit:Gambit"],"picked":"hermit:DeadOrAlive","floor":16},{"not_picked":["hermit:FullyLoaded","hermit:GoldenBullet","hermit:TrackingShot"],"picked":"SKIP","floor":18},{"not_picked":["hermit:TrackingShot","hermit:BodyArmor"],"picked":"hermit:Quickdraw","floor":19}],"player_experience":3219528,"relics_obtained":[{"floor":1,"key":"LetterFromLob"},{"floor":9,"key":"Replay:Baseball"},{"floor":14,"key":"hermit:RyeStalk"}],"event_choices":[{"cards_removed":["hermit:Strike_Hermit"],"damage_healed":0,"gold_gain":0,"player_choice":"Card Removal","damage_taken":0,"max_hp_gain":0,"max_hp_loss":0,"event_name":"The Cleric","floor":2,"gold_loss":75},{"cards_removed":["hermit:Strike_Hermit"],"damage_healed":0,"gold_gain":0,"player_choice":"Card Removal","damage_taken":0,"max_hp_gain":0,"max_hp_loss":0,"event_name":"Wheel of Change","floor":4,"gold_loss":0}],"is_beta":false,"boss_relics":[{"not_picked":["Pandora\u0027s Box","Replay:Drink Me"],"picked":"Abe\u0027s Treasure"}],"items_purged_floors":[],"is_endless":false,"potions_floor_spawned":[1,5,10,14,19],"killed_by":"theJungle:SlimyTreeVines","ascension_level":15}}