{"host":"91blwi3hgehj6ch9","time":1610603661,"event":{"mods":["2.2 Compatiblity","AchievementEnabler","BaseMod","Colored Map","DeckTracker","Googly Eyes","Keyboard Shortcuts","Minty Spire (QoL Compilation)","Permanent Neow","Quick Restart","StSLib","SuperFastMode","everything is the same but u backflip on backflip"],"gold_per_floor":[118,118,43,63,83,83,111,126,126,126,143,169,69,144,144,215,215,229,154,169,99,99,99,99,115,115,131,131,131,145,162,162,162,162],"floor_reached":33,"language":"KOR","playtime":2543,"items_purged":["Defend_P","Strike_P"],"score":437,"play_id":"d1068ba7-bb38-47a5-b937-dec7bc13ce25","local_time":"20210114145421","is_ascension_mode":true,"campfire_choices":[{"data":"SashWhip","floor":6.0,"key":"SMITH"},{"data":"MentalFortress","floor":10.0,"key":"SMITH"},{"floor":15.0,"key":"REST"},{"data":"Adaptation","floor":23.0,"key":"SMITH"},{"floor":29,"key":"REST"},{"floor":32,"key":"REST"}],"circlet_count":0,"master_deck":["AscendersBane","Defend_P","Eruption+1","Vigilance","EmptyBody","SashWhip+1","CutThroughFate+1","MentalFortress+1","EmptyFist","LessonLearned+1","Worship+1","Adaptation+1","ClearTheMind+1","SpiritShield+1","Indignation","TalkToTheHand"],"relics":["PureWater","Dream Catcher","Blue Candle","Pear","SacredBark","Centennial Puzzle"],"acts_visited":["Exordium","TheCity"],"potions_floor_usage":[27,33],"damage_taken":[{"damage":0.0,"enemies":"2 Louse","floor":1.0,"turns":2.0},{"damage":0.0,"enemies":"Cultist","floor":4.0,"turns":3.0},{"damage":0.0,"enemies":"Jaw Worm","floor":5.0,"turns":2.0},{"damage":17.0,"enemies":"3 Sentries","floor":7.0,"turns":9.0},{"damage":11.0,"enemies":"Exordium Wildlife","floor":8.0,"turns":3.0},{"damage":10.0,"enemies":"3 Louse","floor":11.0,"turns":3.0},{"damage":1.0,"enemies":"Lagavulin","floor":12.0,"turns":5.0},{"damage":24.0,"enemies":"The Guardian","floor":16.0,"turns":15.0},{"damage":8.0,"enemies":"3 Byrds","floor":18.0,"turns":8.0},{"damage":26.0,"enemies":"2 Thieves","floor":20.0,"turns":4.0},{"damage":13.0,"enemies":"Snake Plant","floor":25.0,"turns":4.0},{"damage":0,"enemies":"Cultist and Chosen","floor":27,"turns":3},{"damage":1,"enemies":"Centurion and Healer","floor":30,"turns":4},{"damage":12,"enemies":"Shelled Parasite and Fungi","floor":31,"turns":7},{"damage":77,"enemies":"Champ","floor":33,"turns":14}],"seed_played":"7068882790130491557","potions_obtained":[{"floor":1.0,"key":"DistilledChaos"},{"floor":7.0,"key":"SkillPotion"},{"floor":11.0,"key":"AttackPotion"},{"floor":20.0,"key":"Ancient Potion"},{"floor":30,"key":"Ancient Potion"},{"floor":31,"key":"Regen Potion"}],"is_trial":false,"path_per_floor":["M","?","$","M","M","R","E","M","T","R","M","E","$","?","R","B",null,"M","?","M","$","?","R","?","M","T","M","T","R","M","M","R","B"],"character_chosen":"WATCHER","items_purchased":["Adaptation"],"campfire_rested":3,"item_purchase_floors":[21],"current_hp_per_floor":[61,61,61,61,61,61,44,33,33,33,23,32,32,21,42,18,59,51,51,25,25,25,25,25,12,12,12,12,33,32,20,41,0,0],"gold":162,"neow_bonus":"REMOVE_TWO","is_daily":false,"chose_seed":false,"campfire_upgraded":3,"win_rate":0.0,"timestamp":1610603661,"path_taken":["M","?","$","M","M","R","E","?","T","R","M","E","$","?","R","BOSS","M","?","M","$","?","R","?","M","T","M","?","R","M","M","R","BOSS"],"items_purchased_type":["Card"],"build_version":"2020-12-22","purchased_purges":2,"victory":false,"max_hp_per_floor":[62,62,62,62,62,62,62,62,62,62,62,72,72,72,72,72,72,72,72,72,72,72,72,72,72,72,72,72,72,72,72,72,72,72],"card_choices":[{"not_picked":["CrushJoints","Study"],"picked":"EmptyBody","floor":1.0},{"not_picked":["ClearTheMind","ThirdEye"],"picked":"SashWhip","floor":4.0},{"not_picked":["Evaluate","LikeWater"],"picked":"CutThroughFate","floor":5.0},{"not_picked":["ThirdEye","Halt","CrushJoints"],"picked":"SKIP","floor":7.0},{"not_picked":["CrushJoints","Alpha"],"picked":"MentalFortress","floor":8.0},{"not_picked":["Crescendo","ClearTheMind","WaveOfTheHand"],"picked":"SKIP","floor":11.0},{"not_picked":["DeusExMachina","FlurryOfBlows"],"picked":"EmptyFist","floor":12.0},{"not_picked":["Omniscience","Brilliance"],"picked":"LessonLearned","floor":16.0},{"not_picked":["Evaluate","ClearTheMind"],"picked":"Worship","floor":18.0},{"not_picked":["Nirvana","EmptyFist","CarveReality"],"picked":"SKIP","floor":20.0},{"not_picked":["Evaluate","Pray","Protect"],"picked":"SKIP","floor":25.0},{"not_picked":["ThirdEye","ForeignInfluence","Protect"],"picked":"SKIP","floor":27},{"not_picked":["ThirdEye+1","Sanctity","Evaluate"],"picked":"SKIP","floor":30},{"not_picked":["Wireheading","Wallop"],"picked":"Indignation","floor":31},{"not_picked":["Prostrate","Judgement"],"picked":"TalkToTheHand","floor":32}],"player_experience":180399,"relics_obtained":[{"floor":7.0,"key":"Dream Catcher"},{"floor":9.0,"key":"Blue Candle"},{"floor":12.0,"key":"Pear"},{"floor":28,"key":"Centennial Puzzle"}],"event_choices":[{"damage_healed":0.0,"max_hp_gain":0.0,"max_hp_loss":0.0,"gold_gain":0.0,"event_name":"Upgrade Shrine","player_choice":"Upgraded","floor":2.0,"gold_loss":0.0,"damage_taken":0.0,"cards_upgraded":["Eruption"]},{"damage_healed":0.0,"max_hp_gain":0.0,"max_hp_loss":0.0,"gold_gain":75.0,"event_name":"World of Goop","player_choice":"Gather Gold","floor":14.0,"gold_loss":0.0,"damage_taken":11.0},{"cards_removed":["Strike_P"],"damage_healed":0.0,"max_hp_gain":0.0,"max_hp_loss":0.0,"gold_gain":0.0,"event_name":"Beggar","player_choice":"Gave Gold","floor":19.0,"gold_loss":75.0,"damage_taken":0.0},{"damage_healed":0.0,"max_hp_gain":0.0,"max_hp_loss":0.0,"gold_gain":0.0,"event_name":"The Mausoleum","player_choice":"Ignored","floor":22.0,"gold_loss":0.0,"damage_taken":0.0},{"damage_healed":0.0,"max_hp_gain":0.0,"max_hp_loss":0.0,"gold_gain":0.0,"cards_transformed":["Strike_P","Defend_P"],"event_name":"Drug Dealer","player_choice":"Became Test Subject","floor":24.0,"gold_loss":0.0,"damage_taken":0.0,"cards_obtained":["ClearTheMind","SpiritShield"]}],"is_beta":false,"boss_relics":[{"not_picked":["Calling Bell","Busted Crown"],"picked":"SacredBark"}],"items_purged_floors":[3,13],"is_endless":false,"potions_floor_spawned":[1,7,11,16,18,20,30,31],"killed_by":"Champ","ascension_level":14}}