{"host":"hjkuipvvowcpo8la","time":1610586492,"event":{"mods":["AchievementEnabler","BaseMod","Block Reminder","CapriCore","Colored Map","Colored Powertips","Highlight Path","Minty Spire (QoL Compilation)","Permanent Neow","Quick Restart","Rare Cards Sparkle","StSLib"],"gold_per_floor":[109,109,121,121,145,145,145,181,207,207,79,118,18,43,43,43,166,166,185,203,247,247,247,247,282,302,327,378,3,3,28,67,88,88,208,208,226,448,781,781,796,796,810,509,509,509,537,555,603,620,620,620,620,620,128,157,157],"floor_reached":58,"language":"ENG","playtime":3165,"items_purged":["Strike_R","Strike_R"],"score":1330,"play_id":"248e9ab5-2607-4612-9751-e228ac25d70a","local_time":"20210114020812","is_ascension_mode":true,"campfire_choices":[{"data":"Rampage","floor":6.0,"key":"SMITH"},{"data":"Pommel Strike","floor":10.0,"key":"SMITH"},{"data":"Spot Weakness","floor":15.0,"key":"SMITH"},{"data":"Twin Strike","floor":16.0,"key":"SMITH"},{"data":"Feed","floor":24.0,"key":"SMITH"},{"data":"Fire Breathing","floor":30.0,"key":"SMITH"},{"data":"True Grit","floor":34.0,"key":"SMITH"},{"data":"Shockwave","floor":42,"key":"SMITH"},{"data":"Metallicize","floor":46,"key":"SMITH"},{"data":"Reckless Charge","floor":51,"key":"SMITH"},{"data":"Brutality","floor":54,"key":"SMITH"}],"circlet_count":0,"master_deck":["Bash+1","Pommel Strike+1","Rampage+1","Spot Weakness+1","Power Through","Twin Strike+1","Cleave","Feed+1","Metallicize+1","Exhume+1","Fire Breathing+1","Pummel","Reckless Charge+1","Shrug It Off","True Grit+1","Power Through","True Grit+1","Brutality+1","Sentinel","Shockwave+1","Ghostly Armor+1","Impervious+1","Shrug It Off+1","Disarm+1","Power Through+1","Battle Trance+1","Evolve+1","Wild Strike+1","Shrug It Off+1","Armaments+1","Transmutation+1","Discovery+1","Fire Breathing+1"],"relics":["Mark of Pain","InkBottle","StoneCalendar","Blood Vial","Bag of Marbles","Pandora\u0027s Box","Red Mask","War Paint","Lantern","Strawberry","Bag of Preparation","ClockworkSouvenir","Toxic Egg 2","SacredBark","Nunchaku","Orrery","Thread and Needle","Omamori","Ginger","Lee\u0027s Waffle","Incense Burner"],"acts_visited":["Exordium","TheCity","TheBeyond","TheEnding"],"potions_floor_usage":[57,57,57],"damage_taken":[{"damage":0.0,"enemies":"Small Slimes","floor":1.0,"turns":3.0},{"damage":6.0,"enemies":"Jaw Worm","floor":3.0,"turns":2.0},{"damage":0.0,"enemies":"Cultist","floor":5.0,"turns":3.0},{"damage":13.0,"enemies":"Lagavulin","floor":8.0,"turns":5.0},{"damage":14.0,"enemies":"Gremlin Nob","floor":12.0,"turns":3.0},{"damage":0.0,"enemies":"Large Slime","floor":14.0,"turns":2.0},{"damage":22.0,"enemies":"Hexaghost","floor":17.0,"turns":7.0},{"damage":10.0,"enemies":"Chosen","floor":19.0,"turns":4.0},{"damage":18.0,"enemies":"Spheric Guardian","floor":20.0,"turns":4.0},{"damage":0.0,"enemies":"Masked Bandits","floor":21.0,"turns":3.0},{"damage":14.0,"enemies":"Gremlin Leader","floor":25.0,"turns":6.0},{"damage":5.0,"enemies":"Snecko","floor":26.0,"turns":5.0},{"damage":2.0,"enemies":"Snake Plant","floor":31.0,"turns":3.0},{"damage":14.0,"enemies":"Slavers","floor":32.0,"turns":4.0},{"damage":2.0,"enemies":"3 Cultists","floor":33.0,"turns":3.0},{"damage":19.0,"enemies":"Champ","floor":35.0,"turns":7.0},{"damage":7.0,"enemies":"Orb Walker","floor":37.0,"turns":4.0},{"damage":28.0,"enemies":"3 Darklings","floor":41.0,"turns":5.0},{"damage":16,"enemies":"Writhing Mass","floor":43,"turns":8},{"damage":20,"enemies":"Nemesis","floor":47,"turns":7},{"damage":0,"enemies":"4 Shapes","floor":48,"turns":3},{"damage":0,"enemies":"2 Orb Walkers","floor":49,"turns":1},{"damage":7,"enemies":"Sphere and 2 Shapes","floor":50,"turns":6},{"damage":33,"enemies":"Awakened One","floor":52,"turns":9},{"damage":14,"enemies":"Shield and Spear","floor":56,"turns":6},{"damage":82,"enemies":"The Heart","floor":57,"turns":10}],"seed_played":"219477034632378646","potions_obtained":[{"floor":3.0,"key":"ColorlessPotion"},{"floor":5.0,"key":"AttackPotion"},{"floor":8.0,"key":"CultistPotion"},{"floor":21.0,"key":"SkillPotion"},{"floor":31.0,"key":"Weak Potion"},{"floor":32.0,"key":"SmokeBomb"},{"floor":43,"key":"Ancient Potion"},{"floor":49,"key":"Fruit Juice"},{"floor":56,"key":"Regen Potion"}],"is_trial":false,"path_per_floor":["M","?","M","?","M","R","T","E","T","R","$","E","$","M","R","R","B",null,"M","M","?","?","?","R","E","M","T","T","$","R","M","E","M","R","B",null,"M","?","?","?","M","R","M","$","T","R","E","M","?","M","R","B",null,"R","$","E","B",null],"character_chosen":"IRONCLAD","items_purchased":["Twin Strike","Bag of Preparation","ClockworkSouvenir","Sentinel","Nunchaku","Orrery","Armaments+1","Transmutation+1","Lee\u0027s Waffle","Discovery+1"],"campfire_rested":0,"item_purchase_floors":[11,29,29,29,44,44,55,55,55,55],"current_hp_per_floor":[80,64,58,58,58,58,58,45,45,45,45,33,33,35,35,35,15,74,67,51,56,56,56,56,48,49,49,56,56,56,60,52,56,56,39,107,100,100,100,100,74,74,60,60,60,60,42,44,46,49,49,18,115,115,122,112,82],"gold":157,"neow_bonus":"BOSS_RELIC","is_daily":false,"chose_seed":false,"campfire_upgraded":11,"win_rate":0.0,"timestamp":1610586492,"path_taken":["M","?","M","?","M","R","?","E","T","R","$","E","?","M","R","R","BOSS","M","M","?","?","?","R","E","M","T","T","$","R","M","E","M","R","BOSS","M","?","?","?","M","R","M","$","T","R","E","M","?","M","R","BOSS","R","$","E","BOSS"],"items_purchased_type":["Card","Relic","Relic","Card","Relic","Relic","Card","Card","Relic","Card"],"build_version":"2020-12-22","purchased_purges":2,"victory":true,"max_hp_per_floor":[80,80,80,74,74,74,74,74,74,74,74,74,74,74,74,74,74,74,77,77,80,80,80,80,84,88,88,95,95,95,99,103,107,107,107,107,107,107,107,107,107,107,107,107,107,107,107,107,107,115,115,115,115,115,122,126,136],"card_choices":[{"not_picked":["Rage","True Grit"],"picked":"Pommel Strike","floor":1.0},{"not_picked":["Body Slam","Wild Strike"],"picked":"Rampage","floor":3.0},{"not_picked":["Cleave","Dropkick"],"picked":"Spot Weakness","floor":5.0},{"not_picked":["Sword Boomerang","Anger"],"picked":"Power Through","floor":8.0},{"not_picked":["Wild Strike","Perfected Strike"],"picked":"Cleave","floor":12.0},{"not_picked":["Cleave","Anger","Clash"],"picked":"SKIP","floor":14.0},{"not_picked":["Limit Break","Fiend Fire"],"picked":"Feed","floor":17.0},{"not_picked":["Sword Boomerang+1","Hemokinesis"],"picked":"True Grit","floor":19.0},{"not_picked":["Pommel Strike+1","Flex+1"],"picked":"Power Through","floor":20.0},{"not_picked":["Warcry","Anger"],"picked":"True Grit","floor":21.0},{"not_picked":["Heavy Blade","Juggernaut","Sword Boomerang"],"picked":"SKIP","floor":25.0},{"not_picked":["Wild Strike","Perfected Strike"],"picked":"Armaments","floor":26.0},{"not_picked":["Cleave","Blood for Blood"],"picked":"Shockwave","floor":31.0},{"not_picked":["Flex+1","Clothesline","Cleave"],"picked":"SKIP","floor":32.0},{"not_picked":["Spot Weakness+1","Carnage"],"picked":"Ghostly Armor+1","floor":33.0},{"not_picked":["Berserk","Bludgeon"],"picked":"Impervious+1","floor":35.0},{"not_picked":["Uppercut+1","Body Slam+1","Armaments+1"],"picked":"SKIP","floor":37.0},{"not_picked":["Flex+1","Rampage+1"],"picked":"Shrug It Off+1","floor":41},{"not_picked":["Thunderclap+1","Whirlwind+1","Hemokinesis+1"],"picked":"SKIP","floor":43},{"not_picked":["True Grit+1","Reckless Charge+1"],"picked":"Disarm+1","floor":44},{"not_picked":["Clash+1","Seeing Red+1"],"picked":"Power Through+1","floor":44},{"not_picked":["Disarm+1","Iron Wave+1"],"picked":"Battle Trance+1","floor":44},{"not_picked":["Wild Strike+1","Rampage+1"],"picked":"Evolve+1","floor":47},{"not_picked":["Sword Boomerang+1","Berserk"],"picked":"Wild Strike+1","floor":48},{"not_picked":["Anger","Perfected Strike","Shrug It Off+1"],"picked":"SKIP","floor":50},{"not_picked":["Anger","Perfected Strike"],"picked":"Shrug It Off+1","floor":50},{"not_picked":["Reckless Charge","Dropkick+1"],"picked":"Fire Breathing+1","floor":56}],"player_experience":274405,"relics_obtained":[{"floor":7.0,"key":"InkBottle"},{"floor":8.0,"key":"StoneCalendar"},{"floor":9.0,"key":"Blood Vial"},{"floor":12.0,"key":"Bag of Marbles"},{"floor":21.0,"key":"Red Mask"},{"floor":25.0,"key":"War Paint"},{"floor":27.0,"key":"Lantern"},{"floor":28.0,"key":"Strawberry"},{"floor":32.0,"key":"Toxic Egg 2"},{"floor":45,"key":"Thread and Needle"},{"floor":47,"key":"Omamori"},{"floor":49,"key":"Ginger"},{"floor":56,"key":"Incense Burner"}],"event_choices":[{"damage_healed":0.0,"max_hp_gain":0.0,"max_hp_loss":0.0,"gold_gain":0.0,"event_name":"Shining Light","player_choice":"Entered Light","floor":2.0,"gold_loss":0.0,"damage_taken":16.0,"cards_upgraded":["Strike_R","Bash"]},{"damage_healed":0.0,"max_hp_gain":0.0,"max_hp_loss":6.0,"gold_gain":0.0,"event_name":"Golden Idol","player_choice":"Lose Max HP","floor":4.0,"gold_loss":0.0,"damage_taken":0.0,"relics_obtained":["Golden Idol"]},{"damage_healed":0.0,"max_hp_gain":0.0,"max_hp_loss":0.0,"gold_gain":0.0,"event_name":"Masked Bandits","player_choice":"Fought Bandits","floor":21.0,"gold_loss":0.0,"damage_taken":0.0},{"damage_healed":0.0,"max_hp_gain":0.0,"max_hp_loss":0.0,"gold_gain":0.0,"event_name":"Vampires","player_choice":"Ignored","floor":22.0,"gold_loss":0.0,"damage_taken":0.0},{"damage_healed":0.0,"max_hp_gain":0.0,"max_hp_loss":0.0,"gold_gain":0.0,"cards_transformed":["Bloodletting"],"event_name":"Transmorgrifier","player_choice":"Transformed","floor":23.0,"gold_loss":0.0,"damage_taken":0.0,"cards_obtained":["Brutality"]},{"damage_healed":0.0,"max_hp_gain":0.0,"max_hp_loss":0.0,"gold_gain":222.0,"event_name":"Tomb of Lord Red Mask","player_choice":"Wore Mask","floor":38.0,"gold_loss":0.0,"damage_taken":0.0},{"damage_healed":0.0,"max_hp_gain":0.0,"max_hp_loss":0.0,"gold_gain":333.0,"event_name":"The Moai Head","player_choice":"Gave Idol","floor":39.0,"relics_lost":["Golden Idol"],"gold_loss":0.0,"damage_taken":0.0},{"cards_removed":["Armaments"],"damage_healed":0.0,"max_hp_gain":0.0,"max_hp_loss":0.0,"gold_gain":0.0,"event_name":"Falling","player_choice":"Removed Skill","floor":40.0,"gold_loss":0.0,"damage_taken":0.0},{"damage_healed":0,"gold_gain":0,"player_choice":"Fight","damage_taken":0,"max_hp_gain":0,"max_hp_loss":0,"event_name":"Mysterious Sphere","floor":49,"gold_loss":0}],"is_beta":false,"boss_relics":[{"not_picked":["Sozu","Runic Cube"],"picked":"Pandora\u0027s Box"},{"not_picked":["Philosopher\u0027s Stone","Runic Pyramid"],"picked":"SacredBark"}],"items_purged_floors":[11,13],"is_endless":false,"potions_floor_spawned":[3,5,8,21,31,32,43,49,56],"ascension_level":1}}