{"host":"vlqejv0notyktumz","time":1610611365,"event":{"mods":["AchievementEnabler","BaseMod","Googly Eyes","Minty Spire (QoL Compilation)"],"gold_per_floor":[113,113,123,123,4,4,24,43,43,54,54,68,68,103,103,199,199,210,210,184,184,38,68,68,68,68],"floor_reached":25,"language":"ENG","playtime":728,"items_purged":["Finisher"],"score":320,"play_id":"ba9a7bd8-24dc-483b-bb44-8c5cac283ae5","local_time":"20210114020245","is_ascension_mode":true,"campfire_choices":[{"data":"Backflip","floor":6,"key":"SMITH"},{"data":"Footwork","floor":11,"key":"SMITH"},{"data":"Footwork","floor":13,"key":"SMITH"},{"floor":15,"key":"REST"},{"floor":24,"key":"REST"}],"circlet_count":0,"master_deck":["Strike_G","Strike_G","Strike_G","Strike_G","Strike_G+1","Defend_G","Defend_G","Defend_G","Survivor","Neutralize","Sucker Punch","Dagger Spray+1","Footwork+1","Backflip+1","Footwork+1","Caltrops","Unload","After Image","Riddle With Holes","Unload","Blur","Leg Sweep"],"relics":["Ring of the Snake","InkBottle","StrikeDummy","SlaversCollar","CaptainsWheel"],"acts_visited":["Exordium","TheCity"],"potions_floor_usage":[14,14,23,23,25,25],"damage_taken":[{"damage":3,"enemies":"2 Louse","floor":1,"turns":3},{"damage":0,"enemies":"Jaw Worm","floor":3,"turns":5},{"damage":0,"enemies":"Small Slimes","floor":7,"turns":3},{"damage":0,"enemies":"Exordium Wildlife","floor":8,"turns":5},{"damage":0,"enemies":"Large Slime","floor":10,"turns":9},{"damage":0,"enemies":"2 Fungi Beasts","floor":12,"turns":4},{"damage":14,"enemies":"Gremlin Nob","floor":14,"turns":4},{"damage":9,"enemies":"The Guardian","floor":16,"turns":15},{"damage":0,"enemies":"Shell Parasite","floor":18,"turns":8},{"damage":31,"enemies":"2 Thieves","floor":20,"turns":5},{"damage":17,"enemies":"Book of Stabbing","floor":23,"turns":7},{"damage":38,"enemies":"Gremlin Leader","floor":25,"turns":4}],"seed_played":"1793611843810756479","potions_obtained":[{"floor":1,"key":"LiquidBronze"},{"floor":3,"key":"SteroidPotion"},{"floor":16,"key":"BlessingOfTheForge"},{"floor":18,"key":"Weak Potion"},{"floor":20,"key":"Dexterity Potion"},{"floor":23,"key":"GhostInAJar"}],"is_trial":false,"path_per_floor":["M","?","M","?","$","R","M","M","T","M","R","M","R","E","R","B",null,"M","?","M","?","$","E","R","E"],"character_chosen":"THE_SILENT","items_purchased":["Footwork","Backflip","Blur"],"campfire_rested":2,"item_purchase_floors":[5,5,22],"current_hp_per_floor":[60,46,46,46,46,46,46,46,46,46,46,46,46,32,53,44,64,64,64,33,33,33,16,37,0,0],"gold":68,"neow_bonus":"THREE_CARDS","is_daily":false,"chose_seed":false,"campfire_upgraded":3,"win_rate":0.0,"timestamp":1610611365,"path_taken":["M","?","M","?","?","R","?","M","T","M","R","M","R","E","R","BOSS","M","?","M","?","?","E","R","E"],"items_purchased_type":["Card","Card","Card"],"build_version":"2020-12-22","purchased_purges":1,"victory":false,"max_hp_per_floor":[70,70,70,70,70,70,70,70,70,70,70,70,70,70,70,70,70,70,70,70,70,70,70,70,70,70],"card_choices":[{"not_picked":["Deflect","Reflex"],"picked":"Sucker Punch","floor":0},{"not_picked":["Skewer","Dodge and Roll"],"picked":"Dagger Spray","floor":1},{"not_picked":["Reflex","Bane","Underhanded Strike"],"picked":"SKIP","floor":3},{"not_picked":["Slice","Cloak And Dagger"],"picked":"Footwork","floor":7},{"not_picked":["Flying Knee","Poisoned Stab"],"picked":"Caltrops","floor":8},{"not_picked":["Flechettes","Backflip","PiercingWail"],"picked":"SKIP","floor":10},{"not_picked":["PiercingWail","Underhanded Strike","Sucker Punch"],"picked":"SKIP","floor":12},{"not_picked":["Blade Dance","Heel Hook"],"picked":"Unload","floor":14},{"not_picked":["Storm of Steel","Bullet Time"],"picked":"After Image","floor":16},{"not_picked":["Catalyst","Blade Dance","Backflip"],"picked":"SKIP","floor":18},{"not_picked":["Dodge and Roll","Flying Knee"],"picked":"Riddle With Holes","floor":20},{"not_picked":["Deflect","PiercingWail+1"],"picked":"Leg Sweep","floor":23}],"player_experience":338985,"relics_obtained":[{"floor":9,"key":"InkBottle"},{"floor":14,"key":"StrikeDummy"},{"floor":23,"key":"CaptainsWheel"}],"event_choices":[{"damage_healed":0,"gold_gain":0,"player_choice":"Entered Light","damage_taken":14,"max_hp_gain":0,"max_hp_loss":0,"event_name":"Shining Light","floor":2,"gold_loss":0,"cards_upgraded":["Strike_G","Defend_G"]},{"damage_healed":0,"gold_gain":0,"player_choice":"Grow","damage_taken":0,"max_hp_gain":0,"max_hp_loss":0,"event_name":"Living Wall","floor":4,"gold_loss":0,"cards_upgraded":["Dagger Spray"]},{"damage_healed":0,"gold_gain":0,"player_choice":"Ignored","damage_taken":0,"max_hp_gain":0,"max_hp_loss":0,"event_name":"Ghosts","floor":19,"gold_loss":0},{"damage_healed":0,"gold_gain":0,"cards_transformed":["Defend_G","Defend_G"],"player_choice":"Became Test Subject","damage_taken":0,"max_hp_gain":0,"max_hp_loss":0,"event_name":"Drug Dealer","floor":21,"gold_loss":0,"cards_obtained":["Finisher","Unload"]}],"is_beta":false,"boss_relics":[{"not_picked":["Philosopher\u0027s Stone","Ring of the Serpent"],"picked":"SlaversCollar"}],"items_purged_floors":[22],"is_endless":false,"potions_floor_spawned":[1,3,16,18,20,23],"killed_by":"Gremlin Leader","ascension_level":9}}