{"host":"oehe2dxjvdgux73m","time":1610636608,"event":{"mods":["AchievementEnabler","BaseMod","Colored Map","Colored Powertips","DeckTracker","Keyboard Shortcuts","Minty Spire (QoL Compilation)","Permanent Neow","Quick Restart","StSLib","SuperFastMode"],"gold_per_floor":[113,288,288,288,300,300,319,329,380,380,397,432,442,63,63,142,142,152,171,27,27,42,42,42,141,141,171,190,190,210,244,244,321,321,337,362,376,390,187,187,215,215,240,240,31,31,48,58,58,58,58],"floor_reached":50,"language":"KOR","playtime":2613,"items_purged":["Strike_G","Strike_G","Strike_G"],"score":861,"play_id":"fe005791-3b7e-47c2-81c9-4674f45f3073","local_time":"20210115000328","is_ascension_mode":true,"campfire_choices":[{"data":"Terror","floor":6.0,"key":"SMITH"},{"data":"Blade Dance","floor":15.0,"key":"SMITH"},{"data":"A Thousand Cuts","floor":23.0,"key":"SMITH"},{"data":"Calculated Gamble","floor":29.0,"key":"SMITH"},{"data":"Accuracy","floor":32.0,"key":"SMITH"},{"data":"Well Laid Plans","floor":40.0,"key":"SMITH"},{"floor":49.0,"key":"REST"}],"circlet_count":0,"master_deck":["AscendersBane","Strike_G","Strike_G","Defend_G","Defend_G","Defend_G","Defend_G","Defend_G","Survivor","Neutralize+1","Escape Plan","Terror+1","Blade Dance+1","Dagger Spray","Backflip","Backflip","Well Laid Plans+1","Calculated Gamble+1","A Thousand Cuts+1","Accuracy+1","PiercingWail","PiercingWail","Madness","Madness","Finesse","Acrobatics","Calculated Gamble","Acrobatics","Backflip"],"relics":["Ring of the Snake","Pen Nib","MealTicket","Nunchaku","Thread and Needle","Busted Crown","Centennial Puzzle","Red Mask","Snake Skull","Gambling Chip","TungstenRod","Happy Flower","Vajra"],"acts_visited":["Exordium","TheCity","TheBeyond"],"potions_floor_usage":[50],"damage_taken":[{"damage":0.0,"enemies":"2 Louse","floor":1.0,"turns":3.0},{"damage":12.0,"enemies":"Jaw Worm","floor":5.0,"turns":6.0},{"damage":0.0,"enemies":"Cultist","floor":7.0,"turns":4.0},{"damage":2.0,"enemies":"3 Louse","floor":8.0,"turns":4.0},{"damage":0.0,"enemies":"Lots of Slimes","floor":11.0,"turns":2.0},{"damage":26.0,"enemies":"Gremlin Nob","floor":12.0,"turns":4.0},{"damage":1.0,"enemies":"Looter","floor":13.0,"turns":3.0},{"damage":20.0,"enemies":"Hexaghost","floor":16.0,"turns":10.0},{"damage":1.0,"enemies":"Shell Parasite","floor":18.0,"turns":4.0},{"damage":0.0,"enemies":"Chosen","floor":19.0,"turns":4.0},{"damage":11.0,"enemies":"Snake Plant","floor":22.0,"turns":5.0},{"damage":0.0,"enemies":"Masked Bandits","floor":27.0,"turns":2.0},{"damage":1.0,"enemies":"Cultist and Chosen","floor":28.0,"turns":5.0},{"damage":0.0,"enemies":"Shelled Parasite and Fungi","floor":30.0,"turns":5.0},{"damage":3.0,"enemies":"Book of Stabbing","floor":31.0,"turns":4.0},{"damage":23.0,"enemies":"Champ","floor":33.0,"turns":7.0},{"damage":16.0,"enemies":"3 Darklings","floor":35.0,"turns":5.0},{"damage":0.0,"enemies":"Mind Bloom Boss Battle","floor":36.0,"turns":5.0},{"damage":0.0,"enemies":"3 Shapes","floor":37.0,"turns":4.0},{"damage":7.0,"enemies":"Sphere and 2 Shapes","floor":38.0,"turns":4.0},{"damage":25.0,"enemies":"Reptomancer","floor":41.0,"turns":5.0},{"damage":0.0,"enemies":"3 Darklings","floor":47.0,"turns":3.0},{"damage":16.0,"enemies":"Spire Growth","floor":48.0,"turns":5.0},{"damage":22,"enemies":"Time Eater","floor":50,"turns":5}],"seed_played":"-2879102489511200901","potions_obtained":[{"floor":1.0,"key":"SmokeBomb"},{"floor":7.0,"key":"Swift Potion"},{"floor":13.0,"key":"EntropicBrew"},{"floor":37.0,"key":"Swift Potion"},{"floor":38.0,"key":"DuplicationPotion"}],"is_trial":false,"path_per_floor":["M","?","?","?","M","R","M","M","T","?","M","E","M","$","R","B",null,"M","M","$","?","M","R","?","?","T","?","M","R","M","E","R","B",null,"M","?","M","M","$","R","E","?","T","?","$","T","M","M","R","B"],"character_chosen":"THE_SILENT","items_purchased":["Thread and Needle","Calculated Gamble","Accuracy","PiercingWail","SteroidPotion","Acrobatics","Calculated Gamble"],"campfire_rested":1,"item_purchase_floors":[14,14,20,39,39,45,45],"current_hp_per_floor":[59,59,64,64,52,52,52,50,50,50,50,24,23,38,38,18,58,57,57,71,71,60,60,47,47,47,47,46,46,46,43,43,20,62,46,46,46,39,54,54,29,20,20,20,35,35,35,19,41,19,19],"gold":58,"neow_bonus":"RANDOM_COMMON_RELIC","is_daily":false,"chose_seed":false,"campfire_upgraded":6,"win_rate":0.0,"timestamp":1610636608,"path_taken":["M","?","?","?","?","R","M","M","T","?","M","E","?","$","R","BOSS","M","M","$","?","M","R","?","?","T","?","M","R","M","E","R","BOSS","M","?","M","M","$","R","E","?","T","?","$","?","?","M","R","BOSS"],"items_purchased_type":["Relic","Card","Card","Card","Potion","Card","Card"],"build_version":"2020-12-22","purchased_purges":3,"victory":false,"max_hp_per_floor":[66,66,71,71,71,71,71,71,71,71,71,71,71,71,71,71,71,71,71,71,71,71,71,76,76,76,76,76,76,76,76,76,76,76,76,76,76,76,76,76,76,76,76,76,76,76,76,76,76,76,76],"card_choices":[{"not_picked":["Quick Slash","Acrobatics"],"picked":"Escape Plan","floor":1.0},{"not_picked":["Backflip","Concentrate"],"picked":"Terror","floor":5.0},{"not_picked":["Cloak And Dagger","Bouncing Flask"],"picked":"Blade Dance","floor":7.0},{"not_picked":["Dash","Slice"],"picked":"Dagger Spray","floor":8.0},{"not_picked":["Heel Hook","Outmaneuver"],"picked":"Backflip","floor":11.0},{"not_picked":["Riddle With Holes","Eviscerate"],"picked":"Backflip","floor":12.0},{"not_picked":["Riddle With Holes","Slice"],"picked":"Well Laid Plans","floor":13.0},{"not_picked":["Glass Knife","Wraith Form v2"],"picked":"A Thousand Cuts","floor":16.0},{"not_picked":["Terror"],"picked":"SKIP","floor":18.0},{"not_picked":["Cloak And Dagger"],"picked":"SKIP","floor":19.0},{"not_picked":["Dash"],"picked":"SKIP","floor":22.0},{"not_picked":["Bane"],"picked":"SKIP","floor":28.0},{"not_picked":["Masterful Stab"],"picked":"SKIP","floor":30.0},{"not_picked":["Cloak And Dagger"],"picked":"SKIP","floor":31.0},{"not_picked":[],"picked":"PiercingWail","floor":35.0},{"not_picked":["Bouncing Flask"],"picked":"SKIP","floor":37.0},{"not_picked":["Deflect"],"picked":"SKIP","floor":38.0},{"not_picked":["Bane"],"picked":"SKIP","floor":41.0},{"not_picked":[],"picked":"Finesse","floor":44.0},{"not_picked":[],"picked":"Acrobatics","floor":47.0},{"not_picked":[],"picked":"Backflip","floor":48.0}],"player_experience":194415,"relics_obtained":[{"floor":9.0,"key":"MealTicket"},{"floor":12.0,"key":"Nunchaku"},{"floor":26.0,"key":"Centennial Puzzle"},{"floor":27.0,"key":"Red Mask"},{"floor":31.0,"key":"Snake Skull"},{"floor":36.0,"key":"Gambling Chip"},{"floor":41.0,"key":"TungstenRod"},{"floor":43.0,"key":"Happy Flower"},{"floor":46.0,"key":"Vajra"}],"event_choices":[{"damage_healed":0.0,"max_hp_gain":0.0,"max_hp_loss":0.0,"gold_gain":175.0,"event_name":"Liars Game","player_choice":"AGREE","floor":2.0,"gold_loss":0.0,"damage_taken":0.0,"cards_obtained":["Doubt"]},{"damage_healed":0.0,"max_hp_gain":5.0,"max_hp_loss":0.0,"gold_gain":0.0,"event_name":"Big Fish","player_choice":"Donut","floor":3.0,"gold_loss":0.0,"damage_taken":0.0},{"damage_healed":0.0,"max_hp_gain":0.0,"max_hp_loss":0.0,"gold_gain":0.0,"event_name":"Accursed Blacksmith","player_choice":"Forge","floor":4.0,"gold_loss":0.0,"damage_taken":0.0,"cards_upgraded":["Neutralize"]},{"cards_removed":["Doubt"],"damage_healed":0.0,"max_hp_gain":0.0,"max_hp_loss":0.0,"gold_gain":0.0,"event_name":"Fountain of Cleansing","player_choice":"Removed Curses","floor":10.0,"gold_loss":0.0,"damage_taken":0.0},{"damage_healed":0.0,"max_hp_gain":0.0,"max_hp_loss":0.0,"gold_gain":0.0,"event_name":"Vampires","player_choice":"Ignored","floor":21.0,"gold_loss":0.0,"damage_taken":0.0},{"damage_healed":0.0,"max_hp_gain":5.0,"max_hp_loss":0.0,"gold_gain":0.0,"event_name":"Forgotten Altar","player_choice":"Shed Blood","floor":24.0,"gold_loss":0.0,"damage_taken":18.0},{"damage_healed":0.0,"max_hp_gain":0.0,"max_hp_loss":0.0,"gold_gain":99.0,"event_name":"Nest","player_choice":"Stole From Cult","floor":25.0,"gold_loss":0.0,"damage_taken":0.0},{"damage_healed":0.0,"max_hp_gain":0.0,"max_hp_loss":0.0,"gold_gain":0.0,"event_name":"Masked Bandits","player_choice":"Fought Bandits","floor":27.0,"gold_loss":0.0,"damage_taken":0.0},{"damage_healed":0.0,"max_hp_gain":0.0,"max_hp_loss":0.0,"gold_gain":0.0,"event_name":"MindBloom","player_choice":"Fight","floor":36.0,"gold_loss":0.0,"damage_taken":0.0},{"damage_healed":0.0,"max_hp_gain":0.0,"max_hp_loss":0.0,"gold_gain":0.0,"event_name":"Winding Halls","player_choice":"Embrace Madness","floor":42.0,"gold_loss":0.0,"damage_taken":10.0,"cards_obtained":["Madness","Madness"]},{"damage_healed":0.0,"max_hp_gain":0.0,"max_hp_loss":0.0,"gold_gain":0.0,"event_name":"SensoryStone","player_choice":"Memory 1","floor":44.0,"gold_loss":0.0,"damage_taken":0.0}],"is_beta":false,"boss_relics":[{"not_picked":["Runic Dome","SlaversCollar"],"picked":"Busted Crown"},{"not_picked":["Snecko Eye","Philosopher\u0027s Stone","Ring of the Serpent"]}],"items_purged_floors":[20,39,45],"is_endless":false,"potions_floor_spawned":[1,7,13,19,28,31,37,38,47],"killed_by":"Time Eater","ascension_level":14}}