{"host":"1q1wpq6df472foxy","time":1610596329,"event":{"mods":["BaseMod","DeckTracker","Highlight Path","Minty Spire (QoL Compilation)","Quick Restart","StSLib","SuperFastMode"],"gold_per_floor":[114,131,142,67,67,67,96,178,232,258,258,333,233,251,251,348,348,359,274,199,214,229,229,328,328,353,382,404,426,438,86,86,181,181,193,193,43,143,156,188,188,188,188,208,227,227,227],"floor_reached":46,"language":"KOR","playtime":1266,"items_purged":["Strike_R","Defend_R","Strike_R","Wild Strike"],"score":556,"play_id":"c4548cd2-efd5-4c72-bd8c-4d16730af9b3","local_time":"20210114125209","is_ascension_mode":true,"campfire_choices":[{"data":"Clothesline","floor":6,"key":"SMITH"},{"data":"1","floor":11,"key":"LIFT"},{"floor":15,"key":"REST"},{"data":"2","floor":23,"key":"LIFT"},{"data":"3","floor":25,"key":"LIFT"},{"floor":30,"key":"REST"},{"floor":32,"key":"REST"},{"data":"Heavy Blade","floor":41,"key":"SMITH"}],"circlet_count":0,"master_deck":["Bash","Clothesline+1","Headbutt","Uppercut","Bludgeon","Clothesline","Heavy Blade+1","Battle Trance","Demon Form+1","Juggernaut","Carnage","Rage","Heavy Blade","Clothesline+1","Flame Barrier","Uppercut+1"],"relics":["Snecko Eye","Strawberry","Girya","PreservedInsect","Shuriken","Runic Dome","Toy Ornithopter","MawBank","Bottled Lightning","Pandora\u0027s Box","Sundial","Darkstone Periapt"],"acts_visited":["Exordium","TheCity","TheBeyond"],"potions_floor_usage":[16,16,33,33,46,46,46,46],"damage_taken":[{"damage":6,"enemies":"Cultist","floor":1,"turns":4},{"damage":0,"enemies":"Jaw Worm","floor":2,"turns":2},{"damage":2,"enemies":"2 Louse","floor":3,"turns":2},{"damage":16,"enemies":"3 Sentries","floor":7,"turns":7},{"damage":3,"enemies":"Lagavulin","floor":10,"turns":4},{"damage":8,"enemies":"Looter","floor":14,"turns":2},{"damage":30,"enemies":"Hexaghost","floor":16,"turns":5},{"damage":11,"enemies":"2 Thieves","floor":18,"turns":2},{"damage":9,"enemies":"Shell Parasite","floor":21,"turns":3},{"damage":21,"enemies":"Shelled Parasite and Fungi","floor":22,"turns":3},{"damage":0,"enemies":"Snake Plant","floor":27,"turns":2},{"damage":12,"enemies":"Chosen and Byrds","floor":28,"turns":3},{"damage":2,"enemies":"Cultist and Chosen","floor":29,"turns":3},{"damage":32,"enemies":"Champ","floor":33,"turns":4},{"damage":29,"enemies":"3 Shapes","floor":35,"turns":3},{"damage":8,"enemies":"Orb Walker","floor":39,"turns":2},{"damage":9,"enemies":"Giant Head","floor":40,"turns":5},{"damage":16,"enemies":"Jaw Worm Horde","floor":44,"turns":2},{"damage":3,"enemies":"Maw","floor":45,"turns":4},{"damage":47,"enemies":"Reptomancer","floor":46,"turns":2}],"seed_played":"8149668786826778790","potions_obtained":[{"floor":1,"key":"ColorlessPotion"},{"floor":3,"key":"EntropicBrew"},{"floor":7,"key":"DuplicationPotion"},{"floor":16,"key":"Weak Potion"},{"floor":22,"key":"LiquidBronze"},{"floor":33,"key":"DuplicationPotion"},{"floor":35,"key":"Explosive Potion"}],"is_trial":false,"path_per_floor":["M","M","M","$","?","R","E","T","T","E","R","?","$","M","R","B",null,"M","?","?","M","M","R","?","R","T","M","M","M","R","$","R","B",null,"M","?","$","?","M","E","R","?","T","M","M","E"],"character_chosen":"IRONCLAD","items_purchased":["Bottled Lightning"],"campfire_rested":3,"item_purchase_floors":[31],"current_hp_per_floor":[74,74,72,72,61,61,45,45,45,42,42,31,31,23,49,19,87,76,76,76,67,46,46,46,46,46,46,34,32,58,58,84,55,87,58,58,58,58,50,41,41,41,41,25,22,0,0],"gold":227,"neow_bonus":"BOSS_RELIC","is_daily":false,"chose_seed":false,"campfire_upgraded":2,"win_rate":0.0,"timestamp":1610596329,"path_taken":["M","M","M","$","?","R","E","?","T","E","R","?","$","M","R","BOSS","M","?","?","M","M","R","?","R","T","M","M","M","R","$","R","BOSS","M","?","$","?","?","E","R","?","T","M","?","E"],"items_purchased_type":["Relic"],"build_version":"2020-12-22","purchased_purges":4,"victory":false,"max_hp_per_floor":[80,80,80,80,87,87,87,87,87,87,87,87,87,87,87,87,87,87,87,87,87,87,87,87,87,87,87,87,87,87,87,87,87,87,87,83,83,83,83,83,83,83,83,83,83,83,83],"card_choices":[{"not_picked":["Body Slam","Iron Wave","Anger"],"picked":"SKIP","floor":1},{"not_picked":["Twin Strike","Havoc"],"picked":"Clothesline","floor":2},{"not_picked":["Entrench","Hemokinesis","Heavy Blade"],"picked":"SKIP","floor":3},{"not_picked":["Clash","Armaments"],"picked":"Headbutt","floor":7},{"not_picked":["Rampage","Clash","Searing Blow"],"picked":"SKIP","floor":10},{"not_picked":["Warcry","Disarm"],"picked":"Uppercut","floor":14},{"not_picked":["Exhume","Immolate"],"picked":"Bludgeon","floor":16},{"not_picked":["Pommel Strike","Clash"],"picked":"Clothesline","floor":18},{"not_picked":["Thunderclap+1","Metallicize"],"picked":"Heavy Blade","floor":21},{"not_picked":["Second Wind","Sentinel","Sword Boomerang"],"picked":"SKIP","floor":22},{"not_picked":["Wild Strike+1","Heavy Blade","Warcry"],"picked":"SKIP","floor":27},{"not_picked":["Feel No Pain","Iron Wave","Thunderclap+1"],"picked":"SKIP","floor":28},{"not_picked":["Headbutt","True Grit"],"picked":"Battle Trance","floor":29},{"not_picked":["Reaper","Double Tap"],"picked":"Demon Form","floor":33},{"not_picked":["Twin Strike","Pommel Strike+1"],"picked":"Clothesline+1","floor":35},{"not_picked":["Flex+1","Armaments"],"picked":"Flame Barrier","floor":39},{"not_picked":["Intimidate+1","Sword Boomerang"],"picked":"Uppercut+1","floor":40},{"not_picked":["Headbutt","Twin Strike+1","Anger"],"picked":"SKIP","floor":44},{"not_picked":["Wild Strike","Brutality","Dual Wield+1"],"picked":"SKIP","floor":45}],"player_experience":182360,"relics_obtained":[{"floor":7,"key":"Girya"},{"floor":9,"key":"PreservedInsect"},{"floor":10,"key":"Shuriken"},{"floor":26,"key":"MawBank"},{"floor":40,"key":"Sundial"},{"floor":43,"key":"Darkstone Periapt"}],"event_choices":[{"damage_healed":0,"gold_gain":0,"player_choice":"Success","damage_taken":18,"relics_obtained":["Strawberry"],"max_hp_gain":0,"max_hp_loss":0,"event_name":"Scrap Ooze","floor":5,"gold_loss":0},{"damage_healed":0,"gold_gain":75,"player_choice":"Gather Gold","damage_taken":11,"max_hp_gain":0,"max_hp_loss":0,"event_name":"World of Goop","floor":12,"gold_loss":0},{"damage_healed":0,"gold_gain":0,"player_choice":"Obtained Relic","damage_taken":0,"relics_obtained":["Toy Ornithopter"],"max_hp_gain":0,"max_hp_loss":0,"event_name":"Addict","floor":19,"gold_loss":85},{"cards_removed":["Strike_R"],"damage_healed":0,"gold_gain":0,"player_choice":"Gave Gold","damage_taken":0,"max_hp_gain":0,"max_hp_loss":0,"event_name":"Beggar","floor":20,"gold_loss":75},{"damage_healed":0,"gold_gain":99,"player_choice":"Stole From Cult","damage_taken":0,"max_hp_gain":0,"max_hp_loss":0,"event_name":"Nest","floor":24,"gold_loss":0},{"damage_healed":0,"gold_gain":0,"player_choice":"Max HP","damage_taken":0,"max_hp_gain":0,"max_hp_loss":4,"event_name":"Winding Halls","floor":36,"gold_loss":0},{"damage_healed":0,"gold_gain":100,"player_choice":"Pray","damage_taken":0,"max_hp_gain":0,"max_hp_loss":0,"event_name":"Golden Shrine","floor":38,"gold_loss":0},{"damage_healed":0,"gold_gain":0,"player_choice":"Forge","damage_taken":0,"max_hp_gain":0,"max_hp_loss":0,"event_name":"Accursed Blacksmith","floor":42,"gold_loss":0,"cards_upgraded":["Demon Form"]}],"is_beta":false,"boss_relics":[{"not_picked":["Mark of Pain","Runic Cube"],"picked":"Runic Dome"},{"not_picked":["Coffee Dripper","Calling Bell"],"picked":"Pandora\u0027s Box"}],"items_purged_floors":[4,13,31,37],"is_endless":false,"potions_floor_spawned":[1,3,7,14,16,22,27,28,33,35,39,44],"killed_by":"Reptomancer","ascension_level":2}}