{"host":"rupmf8lnk599ormj","time":1610587468,"event":{"mods":["2.2 Compatiblity","AchievementEnabler","BaseMod","Better Match","Better Third Choice","BetterRewards","Colored Map","Colored Powertips","Conspire","Downfall","Evolution","Gold Saver","Googly Eyes","Hermit","Hubris","Minty Spire (QoL Compilation)","Quick Restart","Rare Cards Sparkle","Replay The Spire","Shade Mod","Spicy Shops","StSLib","The Cursed","The Jungle"],"gold_per_floor":[792,811,811,811,811,837,837,862,939,959,298,298,150,150,150,252,252,271,271,271,290,309,341,341,353,428,440,440,440,456,30,30,125,125,135,135,9,28,78,78,98,232,281,30,45,45,80,100,100,100,100,100,27,61,61,61],"floor_reached":55,"language":"ENG","playtime":3638,"items_purged":["Normality"],"score":920,"play_id":"290a5c7a-d588-4904-b3e4-5115c12c6f37","local_time":"20210113202428","is_ascension_mode":false,"campfire_choices":[{"floor":7,"key":"REST"},{"floor":12,"key":"REST"},{"floor":15,"key":"RECALL"},{"floor":29,"key":"REST"},{"floor":32,"key":"REST"},{"data":"Shade:LichForm","floor":40,"key":"SMITH"},{"floor":46,"key":"REST"}],"circlet_count":0,"master_deck":["Shade:Strike_Shade","Shade:Strike_Shade","Shade:Strike_Shade","Shade:Strike_Shade","Shade:Defend_Shade","Shade:Defend_Shade","Shade:Defend_Shade","Shade:Defend_Shade","Shade:AnimateDead","Shade:CarefulCut","Shade:FleshToFlesh","Shade:TouchOfTheGrave","BattleHymn+1","Shade:DangerousRitual","Shade:GraveStillness","Shade:CoffinDance","Shade:SpectralStrikes","Shade:FleshLikeOak","Shade:Frenzy","Shade:Putrefaction","Shade:FleshOffering+1","Shade:Bite_Shade+1","Shade:SkeletonArmy","Shade:GraveStillness","Shade:AncientSpear","Shade:DarkOfNight","Shade:GoDigging","Shade:WallOfFlesh","Shade:ExtraLimbs","hubris:EnhanceAbility","Shade:LichForm+1","Shade:Bonestorm","Magnetism","expansioncontent:SuperHexaguard","Shade:PressTheAttack","Shade:SkeletonHug+1","Regret","Shade:FreshBones+1","Shade:CoffinDance+1","hubris:Disease","Shade:Trample","Shade:BoneShards+1","Shade:FleshToFlesh+1"],"relics":["Shade:YorickSkull","EVO:Axolotl","Ice Cream","ReplayTheSpireMod:Ring of Collecting","ReplayTheSpireMod:Ring of Exchange","Replay:Accelerometer","Snack Pack","Ring of Panic","ReplayTheSpireMod:Ninjato","Replay:Towering Pillar of Hats","Mummified Hand","Onion Ring","hubris:Icosahedron","conspire:SlowCooker","hubris:DeckOfHolding","Ring of Fury","HornCleat","MutagenicStrength","conspire:Boomerang","Replay:Bronze Core","conspire:Flyswatter","Bottled Lightning","Ring of Greed","Membership Card","MealTicket","Chameleon Ring","Ring of Searing","Shuriken","Potion Belt","hubris:TinFlute","Replay:Rubber Ducky","Centennial Puzzle"],"acts_visited":["Exordium","TheCity","TheBeyond","TheEnding"],"potions_floor_usage":[24,30,33,50,50,50,55,55,55],"damage_taken":[{"damage":0,"enemies":"2 Louse","floor":1,"turns":2},{"damage":0,"enemies":"Small Slimes","floor":2,"turns":4},{"damage":31,"enemies":"Gremlin Nob","floor":6,"turns":6},{"damage":11,"enemies":"conspire:MimicChest","floor":8,"turns":7},{"damage":0,"enemies":"Cultist","floor":10,"turns":2},{"damage":0,"enemies":"Fading Forest","floor":16,"turns":11},{"damage":17,"enemies":"Spheric Guardian","floor":18,"turns":4},{"damage":0,"enemies":"Shell Parasite","floor":21,"turns":3},{"damage":0,"enemies":"Snecko","floor":22,"turns":4},{"damage":22,"enemies":"Replay:Snechameleon","floor":23,"turns":3},{"damage":0,"enemies":"Centurion and Healer","floor":24,"turns":1},{"damage":17,"enemies":"Snake Plant","floor":25,"turns":5},{"damage":0,"enemies":"3 Cultists","floor":27,"turns":3},{"damage":0,"enemies":"Snecko","floor":30,"turns":3},{"damage":13,"enemies":"Champ","floor":33,"turns":6},{"damage":0,"enemies":"Orb Walker","floor":35,"turns":4},{"damage":2,"enemies":"3 Darklings","floor":38,"turns":4},{"damage":0,"enemies":"Spire Growth","floor":41,"turns":4},{"damage":7,"enemies":"R_Hoarder","floor":42,"turns":5},{"damage":15,"enemies":"Maw","floor":45,"turns":4},{"damage":24,"enemies":"Nemesis","floor":47,"turns":5},{"damage":2,"enemies":"Jaw Worm Horde","floor":48,"turns":4},{"damage":5,"enemies":"Donu and Deca","floor":50,"turns":3},{"damage":25,"enemies":"Shield and Spear","floor":54,"turns":4},{"damage":64,"enemies":"The Heart","floor":55,"turns":5}],"seed_played":"-2699727209059970571","potions_obtained":[{"floor":6,"key":"SmokeBomb"},{"floor":16,"key":"Dexterity Potion"},{"floor":21,"key":"champ:CounterPotion"},{"floor":22,"key":"Strength Potion"},{"floor":27,"key":"DistilledChaos"},{"floor":30,"key":"PowerPotion"},{"floor":35,"key":"Cursed Concoction"},{"floor":48,"key":"DistilledChaos"},{"floor":49,"key":"Swift Potion"},{"floor":49,"key":"ColorlessPotion"},{"floor":52,"key":"Guardian:BlockOnCardUsePotion"},{"floor":52,"key":"Doom Potion"}],"is_trial":false,"path_per_floor":["M","M","?","?","?","E","R","?","T","M","$","R","$","?","R_BF","B",null,"M","?","$","M","M","E","M","M","T","M","?","R","M","$","R","B",null,"M","?","$","M","T","R","M","E","T","$","M","R","E","M","R","B",null,"R","$","E","B"],"character_chosen":"SHADE","items_purchased":["Replay:Towering Pillar of Hats","Mummified Hand","Shade:SpectralStrikes","Shade:FleshLikeOak","Onion Ring","Shade:Frenzy","conspire:Boomerang","Shade:WallOfFlesh","Shade:ExtraLimbs","hubris:EnhanceAbility","conspire:Flyswatter","Shuriken","Potion Belt","champ:CounterPotion","Replay:Rubber Ducky"],"campfire_rested":5,"item_purchase_floors":[11,11,11,11,13,13,31,31,31,31,37,44,44,44,53],"current_hp_per_floor":[71,71,39,39,71,40,61,50,50,54,54,71,71,71,71,71,71,54,54,54,56,61,44,44,32,32,36,36,57,64,64,71,63,71,71,66,66,66,66,66,71,64,64,71,60,71,51,53,53,60,71,71,71,53,0,0],"gold":61,"neow_bonus":"TEN_PERCENT_HP_BONUS","is_daily":false,"chose_seed":false,"campfire_upgraded":1,"win_rate":0.0,"timestamp":1610587468,"path_taken":["M","M","?","?","?","E","R","?","T","M","$","R","$","?","R_BF","BOSS","M","?","$","?","M","E","M","M","T","M","?","R","M","$","R","BOSS","M","?","$","M","?","R","M","E","T","?","M","R","E","M","R","BOSS","R","$","E","BOSS"],"items_purchased_type":["Relic","Relic","Card","Card","Relic","Card","Relic","Card","Card","Card","Relic","Relic","Relic","Potion","Relic"],"build_version":"2020-12-22","purchased_purges":1,"victory":false,"max_hp_per_floor":[71,71,71,71,71,71,71,71,71,71,71,71,71,71,71,71,71,71,71,71,71,71,71,71,71,71,71,71,71,71,71,71,71,71,71,71,71,71,71,71,71,71,71,71,71,71,71,71,71,71,71,71,71,71,71,71],"card_choices":[{"not_picked":["Shade:Asphyxiate","Shade:Bite_Shade"],"picked":"Shade:FleshToFlesh","floor":1},{"not_picked":["Shade:Frenzy","Shade:Brains"],"picked":"Shade:TouchOfTheGrave","floor":2},{"not_picked":["Shade:CoffinDance","Shade:Awaken"],"picked":"Shade:DangerousRitual","floor":6},{"not_picked":["Shade:ClawBack","Shade:CoffinDance"],"picked":"Shade:GraveStillness","floor":8},{"not_picked":["Shade:SoulToxin","Shade:GraveStillness"],"picked":"Shade:CoffinDance","floor":10},{"not_picked":["Shade:Consume","Shade:Coordination"],"picked":"Shade:Putrefaction","floor":16},{"not_picked":["Shade:ScuttlingHand","Shade:Brains"],"picked":"Shade:FleshOffering+1","floor":18},{"not_picked":["Shade:Frenzy+1","Shade:CallWraith"],"picked":"Shade:Bite_Shade+1","floor":21},{"not_picked":["Shade:PressTheAttack","Shade:FingerOfDeath"],"picked":"Shade:SkeletonArmy","floor":22},{"not_picked":["Shade:FeralStrike+1","Shade:Patience+1"],"picked":"Shade:GraveStillness","floor":23},{"not_picked":["Shade:PotionOfRestlessness","Shade:FingerOfDeath+1"],"picked":"Shade:AncientSpear","floor":25},{"not_picked":["Shade:ScuttlingHand","Shade:Trample+1"],"picked":"Shade:DarkOfNight","floor":27},{"not_picked":["Shade:GraveStillness+1","Shade:ClawBack"],"picked":"Shade:GoDigging","floor":30},{"not_picked":["Shade:OneIsEnough","Shade:SoulPierce"],"picked":"Shade:LichForm","floor":33},{"not_picked":["Shade:FeralStrike","Shade:ClawBack"],"picked":"Shade:Bonestorm","floor":35},{"not_picked":["hubris:Ssssneak","Replay:SS_hec_2"],"picked":"Magnetism","floor":36},{"not_picked":["Thinking Ahead","Mayhem"],"picked":"expansioncontent:SuperHexaguard","floor":36},{"not_picked":["Shade:ClawBack","Shade:Trample"],"picked":"Shade:PressTheAttack","floor":38},{"not_picked":["Shade:ExtraLimbs","Shade:PotionOfRestlessness+1"],"picked":"Shade:SkeletonHug+1","floor":41},{"not_picked":["Shade:LyeBath","Shade:FuneraryArmor"],"picked":"Shade:FreshBones+1","floor":42},{"not_picked":["Shade:RavenousHorde+1","Shade:WallOfFlesh+1"],"picked":"Shade:CoffinDance+1","floor":45},{"not_picked":["Shade:FingerOfDeath+1","Shade:CommandSoldier"],"picked":"Shade:Trample","floor":47},{"not_picked":["Shade:SpectralStrikes","Shade:CommandSoldier"],"picked":"Shade:BoneShards+1","floor":48},{"not_picked":["Shade:Coordination","Shade:Brains"],"picked":"Shade:FleshToFlesh+1","floor":54}],"player_experience":198595,"relics_obtained":[{"floor":4,"key":"ReplayTheSpireMod:Ring of Collecting"},{"floor":4,"key":"ReplayTheSpireMod:Ring of Exchange"},{"floor":6,"key":"Replay:Accelerometer"},{"floor":8,"key":"Snack Pack"},{"floor":9,"key":"Ring of Panic"},{"floor":9,"key":"ReplayTheSpireMod:Ninjato"},{"floor":23,"key":"hubris:DeckOfHolding"},{"floor":26,"key":"Ring of Fury"},{"floor":26,"key":"HornCleat"},{"floor":39,"key":"Bottled Lightning"},{"floor":39,"key":"Ring of Greed"},{"floor":39,"key":"Membership Card"},{"floor":39,"key":"MealTicket"},{"floor":42,"key":"Chameleon Ring"},{"floor":43,"key":"Ring of Searing"},{"floor":47,"key":"hubris:TinFlute"},{"floor":54,"key":"Centennial Puzzle"}],"event_choices":[{"cards_removed":["Amnesia"],"damage_healed":0,"gold_gain":0,"player_choice":"Purged","damage_taken":0,"max_hp_gain":0,"max_hp_loss":0,"event_name":"Purifier","floor":19,"gold_loss":0},{"damage_healed":0,"gold_gain":0,"player_choice":"Inject Mutagens","damage_taken":0,"relics_obtained":["MutagenicStrength"],"max_hp_gain":0,"max_hp_loss":0,"event_name":"Drug Dealer","floor":28,"gold_loss":0},{"damage_healed":0,"gold_gain":0,"player_choice":"Memory 2","damage_taken":5,"max_hp_gain":0,"max_hp_loss":0,"event_name":"SensoryStone","floor":36,"gold_loss":0}],"is_beta":false,"boss_relics":[{"not_picked":["Empty Cage","DollysMirror"],"picked":"conspire:SlowCooker"},{"not_picked":["Sozu","hubris:ScarierMask"],"picked":"Replay:Bronze Core"}],"items_purged_floors":[11],"is_endless":false,"potions_floor_spawned":[6,16,21,22,27,30,35,42,48,54],"killed_by":"The Heart","ascension_level":0}}