{"host":"981nlwu0905dw1bz","time":1610649791,"event":{"mods":["AchievementEnabler","BaseMod","DeckTracker","Minty Spire (QoL Compilation)","Rare Cards Sparkle","SuperFastMode"],"gold_per_floor":[117,117,132,132,148,180,180,212,212,212,12,12,12,30,30,128,128,138,170,170,190,190,190,206,225,225,241,241,241],"floor_reached":28,"language":"KOR","playtime":927,"items_purged":[],"score":353,"play_id":"7fa20a36-c6c9-4793-9623-088d845509c0","local_time":"20210115034311","is_ascension_mode":true,"campfire_choices":[{"data":"Deadly Poison","floor":7.0,"key":"SMITH"},{"floor":10.0,"key":"REST"},{"data":"Blade Dance","floor":15.0,"key":"SMITH"},{"floor":23,"key":"REST"}],"circlet_count":0,"master_deck":["AscendersBane","Strike_G","Strike_G","Strike_G","Strike_G","Defend_G","Defend_G","Defend_G","Defend_G","Defend_G","Survivor+1","Neutralize","Deadly Poison+1","Cloak And Dagger","Blade Dance+1","Crippling Poison","Calculated Gamble","Dodge and Roll+1","Acrobatics+1","Envenom","Blade Dance+1","Storm of Steel+1","Footwork+1","Catalyst+1","Blur+1"],"relics":["Ring of the Snake","NeowsBlessing","Prayer Wheel","Molten Egg 2","Toxic Egg 2","Medical Kit","WristBlade","Red Mask","Bottled Lightning"],"acts_visited":["Exordium","TheCity"],"potions_floor_usage":[25,25],"damage_taken":[{"damage":0.0,"enemies":"Small Slimes","floor":1.0,"turns":1.0},{"damage":0.0,"enemies":"Cultist","floor":3.0,"turns":1.0},{"damage":0.0,"enemies":"Jaw Worm","floor":5.0,"turns":1.0},{"damage":16.0,"enemies":"3 Sentries","floor":6.0,"turns":8.0},{"damage":33.0,"enemies":"Lagavulin","floor":8.0,"turns":7.0},{"damage":4.0,"enemies":"Red Slaver","floor":14.0,"turns":4.0},{"damage":40.0,"enemies":"The Guardian","floor":16.0,"turns":15.0},{"damage":18.0,"enemies":"Spheric Guardian","floor":18.0,"turns":4.0},{"damage":47.0,"enemies":"Masked Bandits","floor":19.0,"turns":6.0},{"damage":3.0,"enemies":"3 Byrds","floor":21.0,"turns":4.0},{"damage":17,"enemies":"Sentry and Sphere","floor":24,"turns":5},{"damage":19,"enemies":"Centurion and Healer","floor":25,"turns":5},{"damage":18,"enemies":"Snecko","floor":27,"turns":5},{"damage":8,"enemies":"Snake Plant","floor":28,"turns":3}],"seed_played":"4632116083626085390","potions_obtained":[{"floor":2.0,"key":"SteroidPotion"},{"floor":2.0,"key":"Explosive Potion"},{"floor":3.0,"key":"FairyPotion"},{"floor":8.0,"key":"Regen Potion"},{"floor":14.0,"key":"FearPotion"},{"floor":16.0,"key":"Dexterity Potion"},{"floor":19.0,"key":"Regen Potion"},{"floor":21.0,"key":"EssenceOfSteel"},{"floor":24,"key":"SteroidPotion"},{"floor":27,"key":"LiquidBronze"}],"is_trial":false,"path_per_floor":["M","?","M","?","M","E","R","E","T","R","$","$","?","M","R","B",null,"M","?","?","M","?","R","M","M","T","M","M"],"character_chosen":"THE_SILENT","items_purchased":["Medical Kit","Dodge and Roll+1"],"campfire_rested":2,"item_purchase_floors":[11,11],"current_hp_per_floor":[63,63,63,63,63,47,47,14,14,35,35,35,35,45,45,5,54,36,13,13,22,45,66,49,30,30,12,4,4],"gold":241,"neow_bonus":"THREE_ENEMY_KILL","is_daily":false,"chose_seed":false,"campfire_upgraded":2,"win_rate":0.0,"timestamp":1610649791,"path_taken":["M","?","?","?","?","E","R","E","T","R","?","$","?","M","R","BOSS","M","?","?","M","?","R","M","M","T","M","M"],"items_purchased_type":["Relic","Card"],"build_version":"2020-12-22","purchased_purges":0,"victory":false,"max_hp_per_floor":[70,70,70,70,70,70,70,70,70,70,70,70,70,70,70,70,70,70,70,70,70,70,70,70,70,70,70,70,70],"card_choices":[{"not_picked":["Cloak And Dagger","Slice"],"picked":"Deadly Poison","floor":1.0},{"not_picked":["Poisoned Stab","Deflect"],"picked":"Cloak And Dagger","floor":3.0},{"not_picked":["Terror","Flying Knee"],"picked":"Blade Dance","floor":5.0},{"not_picked":["Footwork","Calculated Gamble"],"picked":"Crippling Poison","floor":6.0},{"not_picked":["Skewer+1","Tactician"],"picked":"Calculated Gamble","floor":8.0},{"not_picked":["Leg Sweep+1","Setup+1"],"picked":"Acrobatics+1","floor":14.0},{"not_picked":["Sucker Punch+1","Caltrops","Quick Slash+1"],"picked":"SKIP","floor":14.0},{"not_picked":["Night Terror+1","Bullet Time+1"],"picked":"Envenom","floor":16.0},{"not_picked":["Dagger Spray+1","Blur+1"],"picked":"Blade Dance+1","floor":18.0},{"not_picked":["Deflect+1","Grand Finale+1","Bane+1"],"picked":"SKIP","floor":18.0},{"not_picked":["Dagger Spray+1","Underhanded Strike+1"],"picked":"Storm of Steel+1","floor":19.0},{"not_picked":["Calculated Gamble+1","Heel Hook+1"],"picked":"Footwork+1","floor":21.0},{"not_picked":["Cloak And Dagger+1","Backflip+1"],"picked":"Catalyst+1","floor":21.0},{"not_picked":["Blade Dance+1","Quick Slash+1","Slice+1"],"picked":"SKIP","floor":24},{"not_picked":["Noxious Fumes","Backflip+1","Underhanded Strike+1"],"picked":"SKIP","floor":24},{"not_picked":["A Thousand Cuts","Calculated Gamble+1","Prepared+1"],"picked":"SKIP","floor":25},{"not_picked":["Poisoned Stab+1","Bane+1","Dagger Throw+1"],"picked":"SKIP","floor":25},{"not_picked":["Deflect+1","Slice+1"],"picked":"Blur+1","floor":27},{"not_picked":["Dodge and Roll+1","Quick Slash+1","Poisoned Stab+1"],"picked":"SKIP","floor":27}],"player_experience":547180,"relics_obtained":[{"floor":6.0,"key":"Prayer Wheel"},{"floor":8.0,"key":"Molten Egg 2"},{"floor":9.0,"key":"Toxic Egg 2"},{"floor":19.0,"key":"Red Mask"},{"floor":26,"key":"Bottled Lightning"}],"event_choices":[{"damage_healed":0.0,"max_hp_gain":0.0,"max_hp_loss":0.0,"gold_gain":0.0,"event_name":"Lab","player_choice":"Got Potions","floor":2.0,"gold_loss":0.0,"damage_taken":0.0},{"cards_removed":["Strike_G"],"damage_healed":0.0,"max_hp_gain":0.0,"max_hp_loss":0.0,"gold_gain":0.0,"event_name":"Bonfire Elementals","player_choice":"Offered Basic","floor":4.0,"gold_loss":0.0,"damage_taken":0.0},{"damage_healed":0.0,"max_hp_gain":0.0,"max_hp_loss":0.0,"gold_gain":0.0,"event_name":"Accursed Blacksmith","player_choice":"Forge","floor":13.0,"gold_loss":0.0,"damage_taken":0.0,"cards_upgraded":["Survivor"]},{"damage_healed":0.0,"max_hp_gain":0.0,"max_hp_loss":0.0,"gold_gain":0.0,"event_name":"Masked Bandits","player_choice":"Fought Bandits","floor":19.0,"gold_loss":0.0,"damage_taken":0.0},{"damage_healed":0.0,"max_hp_gain":0.0,"max_hp_loss":0.0,"gold_gain":0.0,"event_name":"Vampires","player_choice":"Ignored","floor":20.0,"gold_loss":0.0,"damage_taken":0.0},{"damage_healed":23,"gold_gain":0,"player_choice":"Heal","damage_taken":0,"max_hp_gain":0,"max_hp_loss":0,"event_name":"The Library","floor":22,"gold_loss":0}],"is_beta":false,"boss_relics":[{"not_picked":["Sozu","Black Star"],"picked":"WristBlade"}],"items_purged_floors":[],"is_endless":false,"potions_floor_spawned":[3,8,14,16,19,21,24,27],"killed_by":"Snake Plant","ascension_level":11}}