{"host":"7f01flv6y0vhl3vt","time":1610640599,"event":{"mods":["Act Like it!","BaseMod","Downfall","Minty Spire (QoL Compilation)","StSLib"],"gold_per_floor":[99,110,130,130,14,28,53,53,53,69,86,97,22,36,47,47,47,47],"floor_reached":16,"language":"ENG","playtime":3656,"items_purged":["Regret"],"score":96,"play_id":"b7dfd2c9-c8d7-4d03-a1f3-dbbe404d5054","local_time":"20210114110959","is_ascension_mode":false,"campfire_choices":[{"floor":1.0,"key":"RECALL"},{"data":"hexamod:HeatMetal","floor":8.0,"key":"SMITH"},{"floor":13,"key":"REST"}],"circlet_count":0,"master_deck":["hexamod:Strike","hexamod:Strike+1","hexamod:Strike","hexamod:Strike","hexamod:Defend","hexamod:Defend","hexamod:Defend+1","hexamod:Defend","hexamod:Sear","hexamod:Float","hexamod:HeatMetal+1","hexamod:HeatShield+1","hexamod:FirstSeal","hexamod:Hexaguard","hexamod:ChargedBarrage+1","hexamod:ParanormalForm","hexamod:Firestarter","hexamod:SwordOfDarkness","hexamod:NecessarySacrifice","hexamod:CrushingStance"],"relics":["hexamod:SpiritBrand","Centennial Puzzle","downfall:HeartBlessingBlue"],"acts_visited":["Exordium"],"potions_floor_usage":[12,12,12],"damage_taken":[{"damage":0.0,"enemies":"2 Louse","floor":2.0,"turns":2.0},{"damage":0.0,"enemies":"Jaw Worm","floor":3.0,"turns":3.0},{"damage":6.0,"enemies":"downfall:FleeingMerchant","floor":5.0,"turns":4.0},{"damage":0.0,"enemies":"Cultist","floor":6.0,"turns":4.0},{"damage":19.0,"enemies":"Lots of Slimes","floor":10.0,"turns":9.0},{"damage":7.0,"enemies":"Blue Slaver","floor":11.0,"turns":4.0},{"damage":18,"enemies":"2 Fungi Beasts","floor":12,"turns":4},{"damage":21,"enemies":"Exordium Wildlife","floor":14,"turns":6},{"damage":36,"enemies":"Gremlin Gang","floor":15,"turns":5},{"damage":20,"enemies":"downfall:Watcher","floor":16,"turns":4}],"seed_played":"4758982551021055702","potions_obtained":[{"floor":2.0,"key":"SpeedPotion"},{"floor":3.0,"key":"FearPotion"},{"floor":6.0,"key":"Regen Potion"}],"is_trial":false,"path_per_floor":["R","M","M","?","$","M","T","R","?","M","M","M","R","M","M","B"],"character_chosen":"THE_SPIRIT","items_purchased":["hexamod:Hexaguard"],"campfire_rested":1,"item_purchase_floors":[5],"current_hp_per_floor":[70,70,70,70,64,70,70,70,70,51,44,26,60,46,17,0,0,0],"gold":47,"neow_bonus":"RANDOM_COMMON_RELIC","is_daily":false,"chose_seed":false,"campfire_upgraded":1,"win_rate":0.0,"timestamp":1610640599,"path_taken":["R","M","M","?","$","M","T","R","?","M","?","?","R","M","M","BOSS"],"items_purchased_type":["Card"],"build_version":"2020-12-22","purchased_purges":1,"victory":false,"max_hp_per_floor":[70,70,70,70,70,70,70,70,70,70,70,70,80,80,80,80,80,80],"card_choices":[{"not_picked":["hexamod:Incineration","hexamod:Rewind"],"picked":"hexamod:HeatMetal","floor":2.0},{"not_picked":["hexamod:GhostShield","hexamod:ExtraCrispy"],"picked":"hexamod:HeatShield","floor":3.0},{"not_picked":["hexamod:ThermalTransfer","hexamod:InspiringFlames"],"picked":"hexamod:FirstSeal","floor":5.0},{"not_picked":["hexamod:ThermalTransfer","hexamod:BacktrackSmack"],"picked":"hexamod:ChargedBarrage","floor":6.0},{"not_picked":["hexamod:AdvancingGuard","hexamod:GhostShield"],"picked":"hexamod:ParanormalForm","floor":10.0},{"not_picked":["hexamod:GhostShield","hexamod:AdvancingGuard"],"picked":"hexamod:Firestarter","floor":11.0},{"not_picked":["hexamod:RainOfEmbers","hexamod:AdvancingGuard"],"picked":"hexamod:SwordOfDarkness","floor":12},{"not_picked":["hexamod:RainOfEmbers","hexamod:GhostOfSpirePresent"],"picked":"hexamod:NecessarySacrifice","floor":14},{"not_picked":["hexamod:HauntingEcho","hexamod:FirstSeal"],"picked":"hexamod:CrushingStance","floor":15}],"player_experience":1235109,"relics_obtained":[],"event_choices":[{"damage_healed":0.0,"max_hp_gain":0.0,"max_hp_loss":0.0,"gold_gain":0.0,"event_name":"Accursed Blacksmith","player_choice":"Forge","floor":9.0,"gold_loss":0.0,"damage_taken":0.0,"cards_upgraded":["hexamod:ChargedBarrage"]}],"is_beta":false,"boss_relics":[],"items_purged_floors":[5],"is_endless":false,"potions_floor_spawned":[2,3,6],"killed_by":"downfall:Watcher","ascension_level":0}}