{"host":"uzp1tn8qxn9571p9","time":1610617714,"event":{"mods":["BaseMod","Colored Powertips","Hermit","Minty Spire (QoL Compilation)","Robot Space Explorer","StSLib","The Hierophant","The Marked"],"gold_per_floor":[115,40,57,7,7,7,7,32,80,57,80,96,96,112,112,243,243,257,257,280,280,294,330,91,91,115,115,115],"floor_reached":27,"language":"ZHS","playtime":1351,"items_purged":["theMarked:Strike"],"score":223,"play_id":"7514cf5d-bafd-4143-860e-ae85518a3e76","local_time":"20210114174834","is_ascension_mode":false,"campfire_choices":[{"data":"theMarked:SoldierOfQuellstein","floor":7.0,"key":"SMITH"},{"data":"theMarked:Aftermath","floor":13.0,"key":"SMITH"},{"data":"theMarked:HeritageOfTheMarked","floor":15.0,"key":"SMITH"}],"circlet_count":0,"master_deck":["theMarked:Strike+1","theMarked:Strike+1","theMarked:Defend+1","theMarked:Defend+1","theMarked:Defend+1","theMarked:Defend+1","theMarked:SoldierOfQuellstein+1","theMarked:HeritageOfTheMarked+1","theMarked:SwordAndMagic","theMarked:Frustration","theMarked:BanishingStrike","theMarked:Generate","theMarked:Aftermath+1","theMarked:Overcharge","theMarked:Snap","J.A.X.","theMarked:Parry+1","theMarked:ResourceFulStrike"],"relics":["theMarked:ArtifactOfAir","Golden Idol","Pen Nib","Busted Crown","Art of War","Bottled Lightning"],"acts_visited":["Exordium","TheCity"],"potions_floor_usage":[22,22],"damage_taken":[{"damage":1.0,"enemies":"Cultist","floor":1.0,"turns":3.0},{"damage":0.0,"enemies":"Small Slimes","floor":3.0,"turns":4.0},{"damage":0.0,"enemies":"2 Louse","floor":8.0,"turns":8.0},{"damage":5.0,"enemies":"Looter","floor":11.0,"turns":2.0},{"damage":4.0,"enemies":"Blue Slaver","floor":12.0,"turns":3.0},{"damage":5.0,"enemies":"Exordium Thugs","floor":14.0,"turns":5.0},{"damage":42.0,"enemies":"The Guardian","floor":16.0,"turns":8.0},{"damage":20,"enemies":"2 Thieves","floor":18,"turns":3},{"damage":17,"enemies":"Shell Parasite","floor":20,"turns":4},{"damage":4,"enemies":"Cultist and Chosen","floor":22,"turns":3},{"damage":59,"enemies":"Gremlin Leader","floor":23,"turns":5},{"damage":3,"enemies":"Book of Stabbing","floor":27,"turns":1}],"seed_played":"-9000842394037216019","potions_obtained":[{"floor":3.0,"key":"BlessingOfTheForge"},{"floor":8.0,"key":"AttackPotion"},{"floor":16.0,"key":"Fruit Juice"},{"floor":23,"key":"BlessingOfTheForge"}],"is_trial":false,"path_per_floor":["M","$","M","?","?","?","R","M","T","$","M","M","R","M","R","B",null,"M","?","M","?","M","E","$","?","T","E"],"character_chosen":"THE_DEFAULT","items_purchased":["theMarked:BanishingStrike","Bottled Lightning"],"campfire_rested":0,"item_purchase_floors":[10,24],"current_hp_per_floor":[76,76,76,76,57,57,57,57,57,57,52,48,48,43,43,6,82,62,82,65,65,61,2,2,2,2,0,0],"gold":115,"neow_bonus":"TEN_PERCENT_HP_BONUS","is_daily":false,"chose_seed":false,"campfire_upgraded":3,"win_rate":0.0,"timestamp":1610617714,"path_taken":["M","$","?","?","?","?","R","M","T","?","M","M","R","?","R","BOSS","M","?","?","?","M","E","$","?","T","E"],"items_purchased_type":["Card","Relic"],"build_version":"2020-12-22","purchased_purges":1,"victory":false,"max_hp_per_floor":[77,77,77,77,77,77,77,77,77,77,77,77,77,77,77,82,82,82,82,82,82,82,82,82,82,82,82,82],"card_choices":[{"not_picked":["theMarked:ResourceFulStrike","theMarked:SwordAndMagic"],"picked":"theMarked:HeritageOfTheMarked","floor":1.0},{"not_picked":["theMarked:TakeCover","theMarked:KeepCalmAndFightOn"],"picked":"theMarked:SwordAndMagic","floor":3.0},{"not_picked":["theMarked:Static","theMarked:Aftermath"],"picked":"theMarked:Frustration","floor":8.0},{"not_picked":["theMarked:Panic","theMarked:Static"],"picked":"theMarked:Generate","floor":11.0},{"not_picked":["theMarked:ResourceFulStrike","theMarked:WastefulAttack"],"picked":"theMarked:Aftermath","floor":12.0},{"not_picked":["theMarked:RepellingDischarge","theMarked:GodGivenPower"],"picked":"theMarked:Overcharge","floor":14.0},{"not_picked":["theMarked:SummonStrength","theMarked:SoldierForm"],"picked":"theMarked:Snap","floor":16.0},{"not_picked":["theMarked:Aftermath+1"],"picked":"SKIP","floor":18},{"not_picked":["theMarked:TwofoldDefense"],"picked":"SKIP","floor":20},{"not_picked":[],"picked":"theMarked:Parry+1","floor":22},{"not_picked":[],"picked":"theMarked:ResourceFulStrike","floor":23}],"player_experience":345028,"relics_obtained":[{"floor":9.0,"key":"Pen Nib"},{"floor":23,"key":"Art of War"}],"event_choices":[{"cards_removed":["theMarked:Strike"],"damage_healed":0.0,"max_hp_gain":0.0,"max_hp_loss":0.0,"gold_gain":0.0,"event_name":"The Cleric","player_choice":"Card Removal","floor":4.0,"gold_loss":50.0,"damage_taken":0.0},{"damage_healed":0.0,"max_hp_gain":0.0,"max_hp_loss":0.0,"gold_gain":0.0,"event_name":"Golden Idol","player_choice":"Take Damage","floor":5.0,"gold_loss":0.0,"damage_taken":19.0,"relics_obtained":["Golden Idol"]},{"cards_removed":["theMarked:Strike"],"damage_healed":0.0,"max_hp_gain":0.0,"max_hp_loss":0.0,"gold_gain":0.0,"event_name":"Living Wall","player_choice":"Forget","floor":6.0,"gold_loss":0.0,"damage_taken":0.0},{"damage_healed":20,"gold_gain":0,"player_choice":"Full Heal","damage_taken":0,"max_hp_gain":0,"max_hp_loss":0,"event_name":"Wheel of Change","floor":19,"gold_loss":0},{"damage_healed":0,"gold_gain":0,"player_choice":"Obtain J.A.X.","damage_taken":0,"max_hp_gain":0,"max_hp_loss":0,"event_name":"Drug Dealer","floor":21,"gold_loss":0,"cards_obtained":["J.A.X."]},{"damage_healed":0,"gold_gain":0,"player_choice":"Simplicity","damage_taken":0,"max_hp_gain":0,"max_hp_loss":0,"event_name":"Back to Basics","floor":25,"gold_loss":0,"cards_upgraded":["theMarked:Strike","theMarked:Strike","theMarked:Defend","theMarked:Defend","theMarked:Defend","theMarked:Defend"]}],"is_beta":false,"boss_relics":[{"not_picked":["Velvet Choker","Coffee Dripper"],"picked":"Busted Crown"}],"items_purged_floors":[2],"is_endless":false,"potions_floor_spawned":[3,8,16,23],"killed_by":"Book of Stabbing","ascension_level":0}}