{"host":"zksvs3x2ysy9npnz","time":1610584092,"event":{"mods":["Aspiration","BaseMod","Beaked The Cultist","BetterRewards","Clockwork Mod","Colored Map","Conspire","Downfall","Duelist Mod","Ekko","Fiend Mod","Halation","Highlight Path","Hubris","Hunter ??","Infinite Spire","Jedi Mod","Magitek Elite","Minty Spire (QoL Compilation)","Permanent Neow","Quick Restart","Relic Stats","Replay The Spire","Shop Mod","StSLib","The Construct","The Runesmith","The Witch","thorton"],"gold_per_floor":[110,110,126,78,98,98,123,133,156,175,175,187,187,219,219,318,318,305,305,316,316,328,328,342,353,353,353,353,372,372,372],"floor_reached":30,"language":"FRA","playtime":1789,"items_purged":[],"score":403,"play_id":"900b748a-5e89-4c81-81f7-516cbfe33912","local_time":"20210114012812","is_ascension_mode":true,"campfire_choices":[{"data":"Fiend:FiendFiendishCharge","floor":6,"key":"SMITH"},{"data":"Fiend:FiendDemonWhip","floor":11,"key":"SMITH"},{"floor":13,"key":"REST"},{"data":"Fiend:FiendSiphon","floor":15,"key":"SMITH"},{"floor":23,"key":"REST"}],"circlet_count":0,"master_deck":["AscendersBane","Fiend:FiendDemonSlash","Fiend:FiendDemonSlash","Fiend:FiendDemonSlash","Fiend:FiendDemonSlash","Fiend:FiendDemonSlash","Fiend:FiendFortify","Fiend:FiendFortify","Fiend:FiendFortify","Fiend:FiendFortify","Fiend:FiendConsume+1","Fiend:FiendSalvage+1","Fiend:FiendSiphon+1","Fiend:FiendFiendishCharge+1","Fiend:FiendMeditate","Fiend:FiendDemonWhip+1","Fiend:FiendFeast","Fiend:FiendFiendishCharge","Bite","Bite","Bite","Bite","Fiend:FiendDeepenWound","Fiend:FiendHealBurst","Fiend:FiendFleshPlating","Fiend:FiendSalvage"],"relics":["Fiend:FiendTotem","Calipers","Happy Flower","halation:OrihimeAndHikoboshiSamaAndTears","halation:MonkeysPaw","Question Card","theDuelist:ElectricKey"],"acts_visited":["Exordium","TheCity"],"potions_floor_usage":[7],"damage_taken":[{"damage":0,"enemies":"2 Louse","floor":1,"turns":3},{"damage":8,"enemies":"Jaw Worm","floor":3,"turns":4},{"damage":4,"enemies":"Cultist","floor":5,"turns":5},{"damage":39,"enemies":"Gremlin Nob","floor":7,"turns":5},{"damage":5,"enemies":"Gremlin Gang","floor":8,"turns":5},{"damage":18,"enemies":"Large Slime","floor":10,"turns":6},{"damage":7,"enemies":"3 Louse","floor":12,"turns":5},{"damage":22,"enemies":"Lagavulin","floor":14,"turns":8},{"damage":79,"enemies":"Fading Forest","floor":16,"turns":11},{"damage":65,"enemies":"2 Thieves","floor":18,"turns":4},{"damage":10,"enemies":"Spheric Guardian","floor":20,"turns":4},{"damage":44,"enemies":"Cultist and Chosen","floor":22,"turns":7},{"damage":22,"enemies":"3 Cultists","floor":24,"turns":5},{"damage":0,"enemies":"Shelled Parasite and Fungi","floor":25,"turns":2},{"damage":38,"enemies":"Snake Plant","floor":29,"turns":4},{"damage":43,"enemies":"3 Cultists","floor":30,"turns":4}],"seed_played":"4974056190779601785","potions_obtained":[{"floor":3,"key":"sneckomod:MuddlingPotion"},{"floor":5,"key":"ColorlessPotion"},{"floor":8,"key":"LiquidBronze"},{"floor":12,"key":"Dexterity Potion"},{"floor":24,"key":"Weak Potion"}],"is_trial":false,"path_per_floor":["M","?","M","$","M","R","E","M","T","M","R","M","R","E","R","B",null,"M","?","M","?","M","R","M","M","T","?","HB","M","M"],"character_chosen":"THE_FIEND","items_purchased":["Fiend:FiendFiendishCharge"],"campfire_rested":2,"item_purchase_floors":[4],"current_hp_per_floor":[63,63,60,60,64,64,33,36,36,30,30,34,58,48,48,18,68,18,18,22,22,35,53,42,50,50,55,55,29,0,0],"gold":372,"neow_bonus":"UPGRADE_CARD","is_daily":false,"chose_seed":false,"campfire_upgraded":3,"win_rate":0.0,"timestamp":1610584092,"path_taken":["M","?","M","?","M","R","E","?","T","M","R","M","R","E","R","BOSS","M","?","M","?","M","R","M","M","T","?","HB","M","M"],"items_purchased_type":["Card"],"build_version":"2020-12-22","purchased_purges":0,"victory":false,"max_hp_per_floor":[70,70,70,70,72,72,74,76,76,78,78,80,80,82,82,84,84,88,61,61,61,61,61,61,61,61,61,61,62,62,62],"relic_stats":{"Happy Flower":[20],"counters":[16,82],"Question Card":1,"obtain_stats":[{"halation:OrihimeAndHikoboshiSamaAndTears":14,"Calipers":7,"halation:MonkeysPaw":17,"Happy Flower":9,"Fiend:FiendTotem":0,"Question Card":26,"theDuelist:ElectricKey":28},{"halation:OrihimeAndHikoboshiSamaAndTears":8,"Calipers":4,"halation:MonkeysPaw":9,"Happy Flower":5,"Fiend:FiendTotem":0,"Question Card":14,"theDuelist:ElectricKey":14},{"halation:OrihimeAndHikoboshiSamaAndTears":41,"Calipers":17,"halation:MonkeysPaw":52,"Happy Flower":22,"Fiend:FiendTotem":0,"Question Card":74,"theDuelist:ElectricKey":74}]},"card_choices":[{"not_picked":["Fiend:FiendBloodlust","Fiend:FiendDemonicContract"],"picked":"Fiend:FiendSalvage","floor":1},{"not_picked":["Fiend:FiendFleshWhip","Fiend:FiendRage"],"picked":"Fiend:FiendSiphon","floor":3},{"not_picked":["Fiend:FiendLeech","Fiend:FiendVaccine"],"picked":"Fiend:FiendMeditate","floor":5},{"not_picked":["Fiend:FiendFleshPlating","Fiend:FiendBloodlust","Fiend:FiendInfect"],"picked":"SKIP","floor":7},{"not_picked":["Fiend:FiendDeepenWound","Fiend:FiendMeatPaste"],"picked":"Fiend:FiendDemonWhip","floor":8},{"not_picked":["Fiend:FiendBloodlust","Fiend:FiendMeatShield","Fiend:FiendBloodPrice"],"picked":"SKIP","floor":10},{"not_picked":["Fiend:FiendMeatPaste","Fiend:FiendVaccine","Fiend:FiendFiendsGrip"],"picked":"SKIP","floor":12},{"not_picked":["Fiend:FiendMeatShield","Fiend:FiendConserve","Fiend:FiendVaccine"],"picked":"SKIP","floor":14},{"not_picked":["Fiend:FiendMasochism","Fiend:FiendUnstableCells"],"picked":"Fiend:FiendFeast","floor":16},{"not_picked":["Fiend:FiendConserve+1","Fiend:FiendInfect"],"picked":"Fiend:FiendFiendishCharge","floor":18},{"not_picked":["Fiend:FiendBloodlust","Fiend:FiendSplat"],"picked":"Fiend:FiendDeepenWound","floor":20},{"not_picked":["Fiend:FiendBlackMarket","Fiend:FiendConserve","Fiend:FiendCancer"],"picked":"SKIP","floor":22},{"not_picked":["Fiend:FiendRage","Fiend:FiendFleshWhip"],"picked":"Fiend:FiendHealBurst","floor":24},{"not_picked":["Fiend:FiendConserve","Fiend:FiendFleshWhip+1"],"picked":"Fiend:FiendFleshPlating","floor":25},{"not_picked":["Fiend:FiendMutativeArms","Fiend:FiendBlackMarket","Fiend:FiendDemonicContract"],"picked":"Fiend:FiendSalvage","floor":29}],"player_experience":2466082,"relics_obtained":[{"floor":7,"key":"Calipers"},{"floor":9,"key":"Happy Flower"},{"floor":14,"key":"halation:OrihimeAndHikoboshiSamaAndTears"},{"floor":26,"key":"Question Card"}],"event_choices":[{"damage_healed":0,"gold_gain":0,"player_choice":"Grow","damage_taken":0,"max_hp_gain":0,"max_hp_loss":0,"event_name":"Living Wall","floor":2,"gold_loss":0,"cards_upgraded":["Fiend:FiendSalvage"]},{"damage_healed":0,"gold_gain":0,"player_choice":"Became a vampire","damage_taken":0,"max_hp_gain":0,"max_hp_loss":27,"event_name":"Vampires","floor":19,"gold_loss":0,"cards_obtained":["Bite","Bite","Bite","Bite","Bite"]},{"cards_removed":["Bite"],"damage_healed":5,"gold_gain":0,"player_choice":"Offered Special","damage_taken":0,"max_hp_gain":0,"max_hp_loss":0,"event_name":"Bonfire Elementals","floor":27,"gold_loss":0}],"is_beta":false,"boss_relics":[{"not_picked":["SacredBark","ChewingGum"],"picked":"halation:MonkeysPaw"}],"items_purged_floors":[],"is_endless":false,"potions_floor_spawned":[3,5,8,12,20,24],"killed_by":"3 Cultists","ascension_level":11}}