{"host":"mqpbkea33q7k5ozs","time":1610599139,"event":{"mods":["AchievementEnabler","BaseMod","Colored Map","Highlight Path","Minty Spire (QoL Compilation)"],"gold_per_floor":[210,220,73,73,3,3,37,37,37,72,72,82,95,111,111,216,216,229,239,290,340,340,340,36,36,36,36,52,68,91,91,91,190,190,210,210,210,210,225,225,225,225],"floor_reached":41,"language":"ENG","playtime":1107,"items_purged":[],"score":524,"play_id":"8fe0c935-b06a-4dcc-a3b2-d249d5b80d83","local_time":"20210113233859","is_ascension_mode":true,"campfire_choices":[{"floor":8.0,"key":"REST"},{"floor":15.0,"key":"RECALL"},{"floor":23,"key":"REST"},{"data":"Inflame","floor":25,"key":"SMITH"},{"data":"Static Discharge","floor":27,"key":"SMITH"},{"floor":32,"key":"REST"},{"floor":40,"key":"REST"}],"circlet_count":0,"master_deck":["Strike_R","Strike_R","Strike_R","Strike_R","Strike_R","Defend_R","Defend_R","Defend_R","Defend_R","Bash","Shrug It Off","Cleave","Inflame+1","ThirdEye","BootSequence","Twin Strike","Static Discharge+1","Die Die Die","CurseOfTheBell","Deadly Poison+1","Entrench+1","Leg Sweep+1","Metallicize+1","Juggernaut","All Out Attack+1","Discovery+1","Outmaneuver+1"],"relics":["Burning Blood","PrismaticShard","Anchor","StrikeDummy","Tiny Chest","Calling Bell","Boot","Toxic Egg 2","Ice Cream","PreservedInsect","Sling","Pear","Omamori","SlaversCollar"],"acts_visited":["Exordium","TheCity","TheBeyond"],"potions_floor_usage":[22,33,33,33,41],"damage_taken":[{"damage":6.0,"enemies":"Cultist","floor":1.0,"turns":3.0},{"damage":11.0,"enemies":"Small Slimes","floor":2.0,"turns":4.0},{"damage":32.0,"enemies":"Gremlin Nob","floor":7.0,"turns":4.0},{"damage":24.0,"enemies":"Lagavulin","floor":10.0,"turns":7.0},{"damage":0.0,"enemies":"Jaw Worm","floor":12.0,"turns":2.0},{"damage":12.0,"enemies":"Large Slime","floor":13.0,"turns":4.0},{"damage":18.0,"enemies":"Exordium Thugs","floor":14.0,"turns":4.0},{"damage":32.0,"enemies":"Hexaghost","floor":16.0,"turns":8.0},{"damage":35.0,"enemies":"Shell Parasite","floor":18.0,"turns":4.0},{"damage":10.0,"enemies":"3 Byrds","floor":19.0,"turns":5.0},{"damage":0,"enemies":"Centurion and Healer","floor":22,"turns":1},{"damage":20,"enemies":"Snake Plant","floor":28,"turns":4},{"damage":23,"enemies":"Chosen and Byrds","floor":29,"turns":5},{"damage":87,"enemies":"Automaton","floor":33,"turns":12},{"damage":35,"enemies":"Orb Walker","floor":35,"turns":5},{"damage":46,"enemies":"3 Darklings","floor":39,"turns":6},{"damage":73,"enemies":"Giant Head","floor":41,"turns":8}],"seed_played":"-6920232754092748769","potions_obtained":[{"floor":1.0,"key":"BloodPotion"},{"floor":7.0,"key":"CultistPotion"},{"floor":12.0,"key":"BlessingOfTheForge"},{"floor":13.0,"key":"SmokeBomb"},{"floor":19.0,"key":"Strength Potion"},{"floor":28,"key":"Strength Potion"},{"floor":35,"key":"Block Potion"}],"is_trial":false,"path_per_floor":["M","M","$","?","$","?","E","R","T","E","?","M","M","M","R","B",null,"M","M","T","?","M","R","$","R","T","R","M","M","T","$","R","B",null,"M","?","?","?","M","R","E"],"character_chosen":"IRONCLAD","items_purchased":["PrismaticShard","Inflame","PreservedInsect","Sling"],"campfire_rested":4,"item_purchase_floors":[3,5,24,24],"current_hp_per_floor":[80,75,75,80,80,80,54,79,79,61,61,67,61,49,49,23,70,41,37,37,37,43,68,68,68,78,78,64,47,47,47,75,13,75,46,46,46,70,30,58,0,0],"gold":225,"neow_bonus":"HUNDRED_GOLD","is_daily":false,"chose_seed":false,"campfire_upgraded":2,"win_rate":0.0,"timestamp":1610599139,"path_taken":["M","?","$","?","$","?","E","R","T","E","?","?","M","M","R","BOSS","M","?","?","?","?","R","?","R","T","R","M","M","?","$","R","BOSS","M","?","?","?","M","R","E"],"items_purchased_type":["Relic","Card","Relic","Relic"],"build_version":"2020-12-22","purchased_purges":0,"victory":false,"max_hp_per_floor":[80,80,80,85,85,85,85,85,85,85,85,85,85,85,85,85,85,85,85,85,85,85,85,85,85,95,95,95,95,95,95,95,95,95,95,95,95,95,95,95,95,95],"card_choices":[{"not_picked":["Sword Boomerang","Second Wind"],"picked":"Shrug It Off","floor":1.0},{"not_picked":["Uppercut","Anger"],"picked":"Cleave","floor":2.0},{"not_picked":["BattleHymn","Barrage"],"picked":"ThirdEye","floor":7.0},{"not_picked":["Compile Driver","Collect"],"picked":"BootSequence","floor":10.0},{"not_picked":["Prepared","Havoc","Dual Wield"],"picked":"SKIP","floor":12.0},{"not_picked":["Blur","Vengeance"],"picked":"Twin Strike","floor":13.0},{"not_picked":["Acrobatics","Halt"],"picked":"Static Discharge","floor":14.0},{"not_picked":["Impervious","Machine Learning"],"picked":"Die Die Die","floor":16.0},{"not_picked":["Havoc+1","Wild Strike"],"picked":"Deadly Poison+1","floor":18.0},{"not_picked":["Evaluate+1","Fusion+1"],"picked":"Entrench+1","floor":19.0},{"not_picked":["Underhanded Strike","Capacitor"],"picked":"Leg Sweep+1","floor":28},{"not_picked":["Pommel Strike","Intimidate+1"],"picked":"Metallicize+1","floor":29},{"not_picked":["Brutality","Buffer"],"picked":"Juggernaut","floor":33},{"not_picked":["Acrobatics+1","Wild Strike"],"picked":"All Out Attack+1","floor":35},{"not_picked":["Forethought+1","Impatience+1"],"picked":"Discovery+1","floor":37},{"not_picked":["SashWhip","Infernal Blade+1"],"picked":"Outmaneuver+1","floor":39}],"player_experience":461983,"relics_obtained":[{"floor":7.0,"key":"Anchor"},{"floor":9.0,"key":"StrikeDummy"},{"floor":10.0,"key":"Tiny Chest"},{"floor":17.0,"key":"Boot"},{"floor":17.0,"key":"Toxic Egg 2"},{"floor":17.0,"key":"Ice Cream"},{"floor":26,"key":"Pear"},{"floor":30,"key":"Omamori"}],"event_choices":[{"damage_healed":0.0,"max_hp_gain":5.0,"max_hp_loss":0.0,"gold_gain":0.0,"event_name":"Big Fish","player_choice":"Donut","floor":4.0,"gold_loss":0.0,"damage_taken":0.0},{"damage_healed":0.0,"max_hp_gain":0.0,"max_hp_loss":0.0,"gold_gain":0.0,"event_name":"Golden Wing","player_choice":"Ignored","floor":6.0,"gold_loss":0.0,"damage_taken":0.0},{"damage_healed":0.0,"max_hp_gain":0.0,"max_hp_loss":0.0,"gold_gain":0.0,"event_name":"Shining Light","player_choice":"Ignored","floor":11.0,"gold_loss":0.0,"damage_taken":0.0},{"damage_healed":0,"gold_gain":100,"player_choice":"Bet on Murderer","damage_taken":0,"max_hp_gain":0,"max_hp_loss":0,"event_name":"The Joust","floor":21,"gold_loss":50},{"damage_healed":0,"gold_gain":0,"player_choice":"Ignored","damage_taken":0,"max_hp_gain":0,"max_hp_loss":0,"event_name":"Mysterious Sphere","floor":36,"gold_loss":0},{"damage_healed":0,"gold_gain":0,"player_choice":"Memory 1","damage_taken":0,"max_hp_gain":0,"max_hp_loss":0,"event_name":"SensoryStone","floor":37,"gold_loss":0},{"damage_healed":24,"gold_gain":0,"player_choice":"Writhe","damage_taken":0,"max_hp_gain":0,"max_hp_loss":0,"event_name":"Winding Halls","floor":38,"gold_loss":0,"cards_obtained":["Writhe"]}],"is_beta":false,"boss_relics":[{"not_picked":["Velvet Choker","Empty Cage"],"picked":"Calling Bell"},{"not_picked":["Black Star","Fusion Hammer"],"picked":"SlaversCollar"}],"items_purged_floors":[],"is_endless":false,"potions_floor_spawned":[1,7,12,13,19,28,29,35],"killed_by":"Giant Head","ascension_level":5}}