{"host":"7gewg82ormp6yt4e","time":1610636410,"event":{"mods":["BaseMod","Block Reminder","Colored Map","Colored Powertips","DeckTracker","Highlight Path","Minty Spire (QoL Compilation)","Relic Stats","StSLib","ojb\u0027s Info Mod"],"gold_per_floor":[114,124,274,36,36,36,69,69,69,69,69,96,96,106,106,184,184,199,199,30,43,93,93,109,136,136,136,170,445,462,65,65,143,143,158,158,173,173,29,29,39,39,63,76,76,21,21,32,32,32,32,32,32,32,32,32],"floor_reached":55,"language":"JPN","playtime":4545,"items_purged":["Doubt","Regret"],"score":1818,"play_id":"505e7633-0efb-4345-b7d5-b7efaee78cc5","local_time":"20210115000010","is_ascension_mode":true,"campfire_choices":[{"data":"Barrage","floor":6.0,"key":"SMITH"},{"data":"Trip","floor":8.0,"key":"SMITH"},{"floor":11.0,"key":"REST"},{"data":"Turbo","floor":15.0,"key":"SMITH"},{"data":"Hyperbeam","floor":23.0,"key":"SMITH"},{"data":"Reboot","floor":27.0,"key":"SMITH"},{"floor":32.0,"key":"REST"},{"data":"Recycle","floor":40.0,"key":"SMITH"},{"floor":42.0,"key":"RECALL"},{"data":"Barrage","floor":45.0,"key":"SMITH"},{"data":"Hologram","floor":49.0,"key":"SMITH"},{"data":"Panacea","floor":53.0,"key":"SMITH"}],"circlet_count":0,"master_deck":["AscendersBane","Strike_B","Strike_B","Strike_B","Defend_B","Defend_B","Defend_B+1","Defend_B+1","Zap","Dualcast","Barrage+1","Ball Lightning","Trip+1","Reboot+1","Turbo+1","Coolheaded","Hyperbeam+1","Scrape","Go for the Eyes+1","Echo Form","Fission","Scrape+1","Hologram+1","Violence","Dark Shackles","Panache","Panacea+1","Recycle+1","Barrage+1","Chaos+1","Biased Cognition"],"relics":["Cracked Core","Thread and Needle","Cables","Sundial","Pocketwatch","Inserter","Nilry\u0027s Codex","Lee\u0027s Waffle","Bottled Flame","Ornamental Fan","Mummified Hand","Toolbox","Nuclear Battery"],"acts_visited":["Exordium","TheCity","TheBeyond","TheEnding"],"potions_floor_usage":[],"damage_taken":[{"damage":0.0,"enemies":"Jaw Worm","floor":1.0,"turns":3.0},{"damage":7.0,"enemies":"2 Louse","floor":2.0,"turns":3.0},{"damage":24.0,"enemies":"Gremlin Nob","floor":7.0,"turns":4.0},{"damage":6.0,"enemies":"Lagavulin","floor":12.0,"turns":7.0},{"damage":0.0,"enemies":"Small Slimes","floor":14.0,"turns":2.0},{"damage":12.0,"enemies":"Hexaghost","floor":16.0,"turns":8.0},{"damage":14.0,"enemies":"Shell Parasite","floor":18.0,"turns":9.0},{"damage":0.0,"enemies":"Spheric Guardian","floor":21.0,"turns":4.0},{"damage":5.0,"enemies":"Snake Plant","floor":24.0,"turns":2.0},{"damage":32.0,"enemies":"Book of Stabbing","floor":25.0,"turns":4.0},{"damage":0.0,"enemies":"Gremlin Leader","floor":28.0,"turns":3.0},{"damage":2.0,"enemies":"3 Cultists","floor":30.0,"turns":2.0},{"damage":21.0,"enemies":"Collector","floor":33.0,"turns":7.0},{"damage":16.0,"enemies":"3 Darklings","floor":35.0,"turns":4.0},{"damage":0.0,"enemies":"3 Shapes","floor":37.0,"turns":2.0},{"damage":0.0,"enemies":"Sphere and 2 Shapes","floor":41.0,"turns":6.0},{"damage":0.0,"enemies":"3 Darklings","floor":44.0,"turns":1.0},{"damage":0.0,"enemies":"Maw","floor":48.0,"turns":6.0},{"damage":34.0,"enemies":"Donu and Deca","floor":50.0,"turns":10.0},{"damage":3.0,"enemies":"Time Eater","floor":51.0,"turns":20.0},{"damage":58,"enemies":"Shield and Spear","floor":55,"turns":3}],"seed_played":"4070602680004914865","potions_obtained":[{"floor":12.0,"key":"BlessingOfTheForge"},{"floor":16.0,"key":"SneckoOil"},{"floor":24.0,"key":"SteroidPotion"},{"floor":28.0,"key":"FocusPotion"},{"floor":30.0,"key":"Dexterity Potion"},{"floor":35.0,"key":"SteroidPotion"},{"floor":48.0,"key":"DuplicationPotion"}],"is_trial":false,"path_per_floor":["M","M","?","$","?","R","E","R","T","?","R","E","?","M","R","B",null,"M","?","$","M","?","R","M","E","T","R","E","?","M","$","R","B",null,"M","?","M","?","$","R","M","R","T","M","R","$","?","M","R","B","B",null,"R","$","E"],"character_chosen":"DEFECT","items_purchased":["Trip","FocusPotion","Lee\u0027s Waffle","Echo Form","Dexterity Potion","Toolbox","Panacea","Recycle","Strength Potion"],"campfire_rested":2,"item_purchase_floors":[4,4,20,31,31,31,39,39,46],"current_hp_per_floor":[64,57,57,57,62,62,38,38,38,17,37,31,24,24,24,12,55,41,20,76,76,76,76,71,39,39,39,39,39,37,37,59,38,67,51,51,51,41,41,41,41,41,41,41,41,41,41,41,41,7,4,58,58,58,0,0],"gold":32,"neow_bonus":"ONE_RARE_RELIC","is_daily":false,"chose_seed":false,"campfire_upgraded":9,"win_rate":0.0,"timestamp":1610636410,"path_taken":["M","M","?","$","?","R","E","R","T","?","R","E","?","M","R","BOSS","M","?","$","M","?","R","M","E","T","R","E","?","?","$","R","BOSS","M","?","M","?","$","R","M","R","T","M","R","?","?","M","R","BOSS","BOSS","R","$","E"],"items_purchased_type":["Card","Potion","Relic","Card","Potion","Relic","Card","Card","Potion"],"build_version":"2020-12-22","purchased_purges":2,"victory":false,"max_hp_per_floor":[64,64,64,64,69,69,69,69,69,69,69,69,69,69,69,69,69,69,69,76,76,76,76,76,76,76,76,76,76,76,76,76,76,76,76,76,76,76,76,76,76,76,76,76,76,76,76,76,76,76,76,76,76,76,76,76],"relic_stats":{"Lee\u0027s Waffle":56,"Inserter":[38],"counters":[21,110],"Sundial":[28],"Ornamental Fan":[100],"Mummified Hand":[51],"obtain_stats":[{"Lee\u0027s Waffle":20,"Inserter":17,"Nilry\u0027s Codex":19,"Thread and Needle":0,"Cables":7,"Nuclear Battery":34,"Bottled Flame":25,"Sundial":9,"Ornamental Fan":26,"Mummified Hand":28,"Toolbox":31,"Cracked Core":0,"Pocketwatch":12},{"Lee\u0027s Waffle":7,"Inserter":6,"Nilry\u0027s Codex":7,"Thread and Needle":0,"Cables":3,"Nuclear Battery":13,"Bottled Flame":10,"Sundial":3,"Ornamental Fan":10,"Mummified Hand":11,"Toolbox":12,"Cracked Core":0,"Pocketwatch":4},{"Lee\u0027s Waffle":36,"Inserter":27,"Nilry\u0027s Codex":36,"Thread and Needle":0,"Cables":10,"Nuclear Battery":58,"Bottled Flame":46,"Sundial":10,"Ornamental Fan":46,"Mummified Hand":49,"Toolbox":51,"Cracked Core":0,"Pocketwatch":17}],"Cables":[84,39,38,4,3],"Pocketwatch":[75]},"card_choices":[{"not_picked":["Redo","Aggregate"],"picked":"Barrage","floor":1.0},{"not_picked":["Compile Driver","Hello World"],"picked":"Ball Lightning","floor":2.0},{"not_picked":["Force Field","Reinforced Body"],"picked":"Reboot","floor":7.0},{"not_picked":["Melter","Skim"],"picked":"Turbo","floor":12.0},{"not_picked":["Rebound","Stack"],"picked":"Coolheaded","floor":14.0},{"not_picked":["Multi-Cast","Meteor Strike"],"picked":"Hyperbeam","floor":16.0},{"not_picked":["Coolheaded","Rip and Tear"],"picked":"Scrape","floor":18.0},{"not_picked":["Hello World","Go for the Eyes","Auto Shields+1"],"picked":"SKIP","floor":21.0},{"not_picked":["Gash","Cold Snap","Beam Cell"],"picked":"SKIP","floor":24.0},{"not_picked":["Hologram","Scrape"],"picked":"Go for the Eyes+1","floor":25.0},{"not_picked":["Sweeping Beam","Hello World","Coolheaded"],"picked":"SKIP","floor":28.0},{"not_picked":["Glacier","Force Field","Go for the Eyes"],"picked":"SKIP","floor":30.0},{"not_picked":["Rainbow","Creative AI"],"picked":"Fission","floor":33.0},{"not_picked":["Streamline","Static Discharge"],"picked":"Scrape+1","floor":35.0},{"not_picked":["Storm","Conserve Battery"],"picked":"Hologram","floor":37.0},{"not_picked":["Madness","Dark Shackles"],"picked":"Violence","floor":38.0},{"not_picked":["Good Instincts","Madness"],"picked":"Dark Shackles","floor":38.0},{"not_picked":["Swift Strike","Purity"],"picked":"Panache","floor":38.0},{"not_picked":["Blizzard","Turbo"],"picked":"Barrage","floor":41.0},{"not_picked":["Streamline","Force Field"],"picked":"Chaos+1","floor":44.0},{"not_picked":["Steam","Gash","Defragment"],"picked":"SKIP","floor":48.0}],"player_experience":2575369,"relics_obtained":[{"floor":7.0,"key":"Cables"},{"floor":9.0,"key":"Sundial"},{"floor":12.0,"key":"Pocketwatch"},{"floor":19.0,"key":"Nilry\u0027s Codex"},{"floor":25.0,"key":"Bottled Flame"},{"floor":26.0,"key":"Ornamental Fan"},{"floor":28.0,"key":"Mummified Hand"}],"event_choices":[{"damage_healed":0.0,"max_hp_gain":0.0,"max_hp_loss":0.0,"gold_gain":150.0,"event_name":"Liars Game","player_choice":"AGREE","floor":3.0,"gold_loss":0.0,"damage_taken":0.0,"cards_obtained":["Doubt"]},{"damage_healed":0.0,"max_hp_gain":5.0,"max_hp_loss":0.0,"gold_gain":0.0,"event_name":"Big Fish","player_choice":"Donut","floor":5.0,"gold_loss":0.0,"damage_taken":0.0},{"damage_healed":0.0,"max_hp_gain":0.0,"max_hp_loss":0.0,"gold_gain":0.0,"event_name":"Shining Light","player_choice":"Entered Light","floor":10.0,"gold_loss":0.0,"damage_taken":21.0,"cards_upgraded":["Defend_B","Defend_B"]},{"cards_removed":["Strike_B"],"damage_healed":0.0,"max_hp_gain":0.0,"max_hp_loss":0.0,"gold_gain":0.0,"event_name":"Golden Wing","player_choice":"Card Removal","floor":13.0,"gold_loss":0.0,"damage_taken":7.0},{"damage_healed":0.0,"max_hp_gain":0.0,"max_hp_loss":0.0,"gold_gain":0.0,"event_name":"Cursed Tome","player_choice":"Obtained Book","floor":19.0,"gold_loss":0.0,"damage_taken":21.0},{"damage_healed":0.0,"max_hp_gain":0.0,"max_hp_loss":0.0,"gold_gain":50.0,"event_name":"Nest","player_choice":"Stole From Cult","floor":22.0,"gold_loss":0.0,"damage_taken":0.0},{"damage_healed":0.0,"max_hp_gain":0.0,"max_hp_loss":0.0,"gold_gain":275.0,"event_name":"Golden Shrine","player_choice":"Desecrate","floor":29.0,"gold_loss":0.0,"damage_taken":0.0,"cards_obtained":["Regret"]},{"damage_healed":0.0,"max_hp_gain":0.0,"max_hp_loss":0.0,"gold_gain":0.0,"event_name":"Tomb of Lord Red Mask","player_choice":"Ignored","floor":36.0,"gold_loss":0.0,"damage_taken":0.0},{"damage_healed":0.0,"max_hp_gain":0.0,"max_hp_loss":0.0,"gold_gain":0.0,"event_name":"SensoryStone","player_choice":"Memory 3","floor":38.0,"gold_loss":0.0,"damage_taken":10.0},{"damage_healed":0.0,"max_hp_gain":0.0,"max_hp_loss":0.0,"gold_gain":0.0,"event_name":"Match and Keep!","player_choice":"1 cards matched","floor":47.0,"gold_loss":0.0,"damage_taken":0.0,"cards_obtained":["Biased Cognition"]}],"is_beta":false,"boss_relics":[{"not_picked":["Runic Dome","Sozu"],"picked":"Inserter"},{"not_picked":["Calling Bell","SacredBark"],"picked":"Nuclear Battery"}],"items_purged_floors":[4,31],"is_endless":false,"potions_floor_spawned":[12,16,24,28,30,35,48],"killed_by":"Shield and Spear","ascension_level":20}}