{"host":"wogey4gsknv4ot2d","time":1610666155,"event":{"mods":["AchievementEnabler","BaseMod","Bestiary","Colored Map","Colored Powertips","Googly Eyes","Key Reminder","Minty Spire (QoL Compilation)","Permanent Neow","Rare Cards Sparkle","Relic Stats","The IronCluck","slay the spire mod where everything is the same but ironclad has a cowboy hat"],"gold_per_floor":[15,34,44,44,44,44,74,74,123,123,141,160,177,187,187,292,292,310,325,26,26,36,66,66,94,106,118,230,341,385,397,409,421,421],"floor_reached":33,"language":"ENG","playtime":869,"items_purged":[],"score":305,"play_id":"02d6d441-a6a8-47f8-8a24-447e7a6144b9","local_time":"20210114171555","is_ascension_mode":false,"campfire_choices":[{"data":"Bloodletting","floor":6,"key":"SMITH"},{"data":"Thunderclap","floor":8,"key":"SMITH"},{"data":"Hemokinesis","floor":10,"key":"SMITH"},{"floor":15,"key":"REST"},{"floor":24,"key":"REST"},{"floor":27,"key":"REST"},{"floor":32,"key":"REST"}],"circlet_count":0,"master_deck":["Strike_R","Strike_R","Strike_R","Strike_R","Strike_R+1","Defend_R","Defend_R","Defend_R","Defend_R","Bash+1","Immolate+1","Thunderclap+1","Bloodletting+1","Iron Wave","Hemokinesis+1","Shrug It Off","Pummel","Dual Wield","Headbutt","Immolate","Inflame","Perfected Strike","Ghostly Armor","Wild Strike","Armaments","Wild Strike","Headbutt"],"relics":["Burning Blood","Whetstone","MealTicket","Busted Crown","Anchor","Juzu Bracelet","Letter Opener","MawBank","FossilizedHelix","Gambling Chip","Shuriken","Centennial Puzzle"],"acts_visited":["Exordium","TheCity"],"potions_floor_usage":[16,16],"damage_taken":[{"damage":0,"enemies":"2 Louse","floor":1,"turns":1},{"damage":11,"enemies":"Jaw Worm","floor":2,"turns":3},{"damage":3,"enemies":"Cultist","floor":3,"turns":3},{"damage":34,"enemies":"Gremlin Nob","floor":7,"turns":5},{"damage":10,"enemies":"Large Slime","floor":11,"turns":4},{"damage":5,"enemies":"Exordium Wildlife","floor":12,"turns":1},{"damage":6,"enemies":"Exordium Thugs","floor":13,"turns":3},{"damage":0,"enemies":"3 Louse","floor":14,"turns":2},{"damage":29,"enemies":"Slime Boss","floor":16,"turns":7},{"damage":14,"enemies":"2 Thieves","floor":18,"turns":3},{"damage":10,"enemies":"3 Byrds","floor":19,"turns":3},{"damage":0,"enemies":"3 Cultists","floor":22,"turns":2},{"damage":60,"enemies":"Book of Stabbing","floor":23,"turns":5},{"damage":29,"enemies":"Gremlin Leader","floor":25,"turns":3},{"damage":17,"enemies":"Colosseum Slavers","floor":28,"turns":3},{"damage":18,"enemies":"Colosseum Nobs","floor":28,"turns":3},{"damage":23,"enemies":"Slavers","floor":30,"turns":5},{"damage":64,"enemies":"Champ","floor":33,"turns":7}],"seed_played":"-5345150089678328109","potions_obtained":[{"floor":3,"key":"Swift Potion"},{"floor":7,"key":"Strength Potion"}],"is_trial":false,"path_per_floor":["M","M","M","?","?","R","E","R","T","R","M","M","M","M","R","B",null,"M","M","$","?","M","E","R","E","T","R","?","?","E","$","R","B"],"character_chosen":"IRONCLAD","items_purchased":["Anchor","Juzu Bracelet"],"campfire_rested":4,"item_purchase_floors":[20,20],"current_hp_per_floor":[80,75,78,78,78,78,50,50,50,50,46,47,47,53,77,54,80,72,68,80,80,80,26,50,27,27,51,28,28,11,26,50,0,0],"gold":421,"neow_bonus":"THREE_RARE_CARDS","is_daily":false,"chose_seed":false,"campfire_upgraded":3,"win_rate":0.0,"timestamp":1610666155,"path_taken":["M","M","M","?","?","R","E","R","T","R","M","M","M","?","R","BOSS","M","M","$","?","M","E","R","E","T","R","?","?","E","?","R","BOSS"],"items_purchased_type":["Relic","Relic"],"build_version":"2020-12-22","purchased_purges":0,"victory":false,"max_hp_per_floor":[80,80,80,80,80,80,80,80,80,80,80,80,80,80,80,80,80,80,80,80,80,80,80,80,80,80,80,80,80,80,80,80,80,80],"relic_stats":{"Centennial Puzzle":[3],"Busted Crown":14,"counters":[18,63],"Shuriken":[6],"Gambling Chip":[3],"MealTicket":27,"Juzu Bracelet":1,"Whetstone":["Strike_R","Bash"],"Letter Opener":[10],"MawBank":96,"obtain_stats":[{"Anchor":20,"Centennial Puzzle":30,"Busted Crown":17,"Shuriken":28,"Gambling Chip":28,"MealTicket":9,"Juzu Bracelet":20,"Whetstone":7,"Letter Opener":23,"MawBank":25,"Burning Blood":0,"FossilizedHelix":26},{"Anchor":11,"Centennial Puzzle":17,"Busted Crown":9,"Shuriken":16,"Gambling Chip":16,"MealTicket":4,"Juzu Bracelet":11,"Whetstone":4,"Letter Opener":13,"MawBank":14,"Burning Blood":0,"FossilizedHelix":14},{"Anchor":35,"Centennial Puzzle":56,"Busted Crown":29,"Shuriken":51,"Gambling Chip":51,"MealTicket":12,"Juzu Bracelet":35,"Whetstone":12,"Letter Opener":42,"MawBank":45,"Burning Blood":0,"FossilizedHelix":45}],"Burning Blood":90},"card_choices":[{"not_picked":["Berserk","Barricade"],"picked":"Immolate","floor":0},{"not_picked":["Flex","Flame Barrier"],"picked":"Thunderclap","floor":1},{"not_picked":["Metallicize","Havoc"],"picked":"Bloodletting","floor":2},{"not_picked":["Flex","Headbutt"],"picked":"Iron Wave","floor":3},{"not_picked":["Headbutt","Clash"],"picked":"Hemokinesis","floor":7},{"not_picked":["Flex","Body Slam"],"picked":"Shrug It Off","floor":11},{"not_picked":["Juggernaut","Blood for Blood"],"picked":"Pummel","floor":12},{"not_picked":["True Grit","Evolve"],"picked":"Dual Wield","floor":13},{"not_picked":["Warcry","Wild Strike"],"picked":"Headbutt","floor":14},{"not_picked":["Fiend Fire","Impervious"],"picked":"Immolate","floor":16},{"not_picked":[],"picked":"Inflame","floor":18},{"not_picked":[],"picked":"Perfected Strike","floor":19},{"not_picked":[],"picked":"Ghostly Armor","floor":22},{"not_picked":[],"picked":"Wild Strike","floor":23},{"not_picked":[],"picked":"Armaments","floor":25},{"not_picked":[],"picked":"Wild Strike","floor":28},{"not_picked":[],"picked":"Headbutt","floor":30}],"player_experience":32964,"relics_obtained":[{"floor":7,"key":"Whetstone"},{"floor":9,"key":"MealTicket"},{"floor":23,"key":"Letter Opener"},{"floor":25,"key":"MawBank"},{"floor":26,"key":"FossilizedHelix"},{"floor":28,"key":"Gambling Chip"},{"floor":28,"key":"Shuriken"},{"floor":30,"key":"Centennial Puzzle"}],"event_choices":[{"damage_healed":0,"gold_gain":0,"player_choice":"Leave","damage_taken":0,"max_hp_gain":0,"max_hp_loss":0,"event_name":"The Cleric","floor":4,"gold_loss":0},{"damage_healed":0,"gold_gain":0,"player_choice":"Grow","damage_taken":0,"max_hp_gain":0,"max_hp_loss":0,"event_name":"Living Wall","floor":5,"gold_loss":0,"cards_upgraded":["Immolate"]},{"damage_healed":0,"gold_gain":0,"player_choice":"Ignored","damage_taken":0,"max_hp_gain":0,"max_hp_loss":0,"event_name":"Vampires","floor":21,"gold_loss":0},{"damage_healed":0,"gold_gain":0,"player_choice":"Fight","damage_taken":0,"max_hp_gain":0,"max_hp_loss":0,"event_name":"Colosseum","floor":28,"gold_loss":0},{"damage_healed":0,"gold_gain":0,"player_choice":"Fought Nobs","damage_taken":0,"max_hp_gain":0,"max_hp_loss":0,"event_name":"Colosseum","floor":28,"gold_loss":0},{"damage_healed":0,"gold_gain":99,"player_choice":"Stole From Cult","damage_taken":0,"max_hp_gain":0,"max_hp_loss":0,"event_name":"Nest","floor":29,"gold_loss":0}],"is_beta":false,"boss_relics":[{"not_picked":["Runic Cube","Coffee Dripper"],"picked":"Busted Crown"}],"items_purged_floors":[],"is_endless":false,"potions_floor_spawned":[2,3,7,14,22,28,30],"killed_by":"Champ","ascension_level":0}}