{"host":"obplhmlw33xb91v8","time":1610631693,"event":{"mods":["BaseMod","Curses Come First","Evolution","Minty Spire (QoL Compilation)","Quick Restart","Relic Stats","Spicy Shops","StSLib","Uncapped","Waifu the Spire","slay the spire mod where everything is the same but ironclad has a cowboy hat"],"gold_per_floor":[163,175,107,117,62,62,62,92,144,177,194,207,226,237,237,342,342,361,380,11,11,11],"floor_reached":21,"language":"ENG","playtime":845,"items_purged":["Flechettes"],"score":257,"play_id":"86ce7f76-a8f3-4050-873f-416bf8c98ebe","local_time":"20210114084133","is_ascension_mode":true,"campfire_choices":[{"data":"Infinite Blades","floor":6,"key":"SMITH"},{"floor":15,"key":"REST"}],"circlet_count":0,"master_deck":["Survivor+1","Neutralize","Dagger Throw","Blade Dance","Underhanded Strike","Noxious Fumes","Footwork","Infinite Blades+1","Noxious Fumes","Sucker Punch","Crippling Poison","Poisoned Stab","Acrobatics","Backflip","Bouncing Flask","Flying Knee","Venomology","Terror","Choke","Glass Knife","Finisher","Masterful Stab","Well Laid Plans","A Thousand Cuts","Venomology","PiercingWail"],"relics":["EVO:Axolotl","Tiny House","Dream Catcher","Whetstone","War Paint","Pandora\u0027s Box","Membership Card","MealTicket"],"acts_visited":["Exordium","TheCity"],"potions_floor_usage":[16,16,16,18,19,21,21],"damage_taken":[{"damage":4,"enemies":"Jaw Worm","floor":1,"turns":3},{"damage":0,"enemies":"Cultist","floor":2,"turns":4},{"damage":0,"enemies":"2 Louse","floor":4,"turns":2},{"damage":17,"enemies":"Gremlin Nob","floor":8,"turns":4},{"damage":20,"enemies":"Lagavulin","floor":10,"turns":6},{"damage":3,"enemies":"Looter","floor":11,"turns":3},{"damage":11,"enemies":"Exordium Thugs","floor":12,"turns":4},{"damage":4,"enemies":"Exordium Wildlife","floor":13,"turns":3},{"damage":0,"enemies":"Looter","floor":14,"turns":4},{"damage":11,"enemies":"Hexaghost","floor":16,"turns":8},{"damage":40,"enemies":"2 Thieves","floor":18,"turns":4},{"damage":30,"enemies":"Shell Parasite","floor":19,"turns":5},{"damage":17,"enemies":"Shelled Parasite and Fungi","floor":21,"turns":3}],"seed_played":"4966588987177287286","potions_obtained":[{"floor":0,"key":"FearPotion"},{"floor":2,"key":"CunningPotion"},{"floor":8,"key":"AttackPotion"},{"floor":11,"key":"PowerPotion"},{"floor":18,"key":"DuplicationPotion"}],"is_trial":false,"path_per_floor":["M","M","$","M","$","R","?","E","T","E","M","M","M","M","R","B",null,"M","M","$","M"],"character_chosen":"THE_SILENT","items_purchased":["Noxious Fumes","Infinite Blades","Membership Card","Fruit Juice","MealTicket"],"campfire_rested":1,"item_purchase_floors":[3,5,20,20,20],"current_hp_per_floor":[71,71,71,71,71,71,71,54,54,34,31,20,16,16,38,27,75,35,5,5,0,0],"gold":11,"neow_bonus":"BOSS_RELIC","is_daily":false,"chose_seed":false,"campfire_upgraded":1,"win_rate":0.0,"timestamp":1610631693,"path_taken":["M","M","$","M","$","R","?","E","T","E","M","M","M","?","R","BOSS","M","?","$","?"],"items_purchased_type":["Card","Card","Relic","Potion","Relic"],"build_version":"2020-12-22","purchased_purges":1,"victory":false,"max_hp_per_floor":[75,75,75,75,75,75,75,75,75,75,75,75,75,75,75,75,75,75,75,75,85,85],"relic_stats":{"Dream Catcher":1,"counters":[13,53],"Pandora\u0027s Box":["Terror","Choke","Flechettes","Glass Knife","Finisher","Masterful Stab","Well Laid Plans","A Thousand Cuts","Venomology"],"MealTicket":0,"Whetstone":["Strike_G","Strike_G"],"War Paint":["Survivor","Defend_G"],"obtain_stats":[{"Dream Catcher":8,"Tiny House":0,"Pandora\u0027s Box":17,"MealTicket":20,"EVO:Axolotl":0,"Whetstone":9,"Membership Card":20,"War Paint":10,"Ring of the Snake":0},{"Dream Catcher":4,"Tiny House":0,"Pandora\u0027s Box":10,"MealTicket":12,"EVO:Axolotl":0,"Whetstone":4,"Membership Card":12,"War Paint":5,"Ring of the Snake":0},{"Dream Catcher":13,"Tiny House":0,"Pandora\u0027s Box":41,"MealTicket":50,"EVO:Axolotl":0,"Whetstone":13,"Membership Card":50,"War Paint":19,"Ring of the Snake":0}]},"card_choices":[{"not_picked":["Deflect","Acrobatics"],"picked":"Dagger Throw","floor":0},{"not_picked":["Dodge and Roll","Prepared"],"picked":"Blade Dance","floor":1},{"not_picked":["Cloak And Dagger","Catalyst"],"picked":"Underhanded Strike","floor":2},{"not_picked":["Escape Plan","Backstab"],"picked":"Footwork","floor":4},{"not_picked":["Skewer","Prepared"],"picked":"Sucker Punch","floor":8},{"not_picked":["Blade Dance","Quick Slash"],"picked":"Crippling Poison","floor":10},{"not_picked":["Finisher","Dagger Throw"],"picked":"Poisoned Stab","floor":11},{"not_picked":["Dagger Spray","Night Terror"],"picked":"Acrobatics","floor":12},{"not_picked":["Deadly Poison","Poisoned Stab"],"picked":"Backflip","floor":13},{"not_picked":["Skewer","Sucker Punch"],"picked":"Bouncing Flask","floor":14},{"not_picked":["Reflex","Outmaneuver"],"picked":"Flying Knee","floor":15},{"not_picked":["Phantasmal Killer","Malaise"],"picked":"Venomology","floor":16},{"not_picked":["Predator","Acrobatics","Escape Plan"],"picked":"SKIP","floor":18},{"not_picked":["Cloak And Dagger","Acrobatics"],"picked":"PiercingWail","floor":19}],"player_experience":184126,"relics_obtained":[{"floor":8,"key":"Dream Catcher"},{"floor":9,"key":"Whetstone"},{"floor":10,"key":"War Paint"}],"event_choices":[{"damage_healed":0,"gold_gain":0,"cards_transformed":["Strike_G"],"player_choice":"Transformed","damage_taken":0,"max_hp_gain":0,"max_hp_loss":0,"event_name":"Transmorgrifier","floor":7,"gold_loss":0,"cards_obtained":["Noxious Fumes"]}],"is_beta":false,"boss_relics":[{"not_picked":["Ectoplasm","Philosopher\u0027s Stone"],"picked":"Pandora\u0027s Box"}],"items_purged_floors":[20],"is_endless":false,"potions_floor_spawned":[2,8,11,12,18],"killed_by":"Shelled Parasite and Fungi","ascension_level":4}}