{"host":"19t2eyow02s954g8","time":1610608083,"event":{"mods":["BaseMod","Colored Map","DeckTracker","Minty Spire (QoL Compilation)","StSLib","SuperFastMode"],"gold_per_floor":[111,127,52,62,78,78,89,122,168,196,196,210,210,220,220,220,220],"floor_reached":16,"language":"KOR","playtime":505,"items_purged":["Regret"],"score":228,"play_id":"d9110aca-937e-4ced-8d6d-61c6b0966144","local_time":"20210114160803","is_ascension_mode":true,"campfire_choices":[{"data":"Neutralize","floor":6,"key":"SMITH"},{"data":"All Out Attack","floor":13,"key":"SMITH"},{"data":"Blade Dance","floor":15,"key":"SMITH"}],"circlet_count":0,"master_deck":["AscendersBane","Strike_G","Strike_G","Strike_G","Strike_G","Defend_G","Defend_G","Defend_G","Defend_G","Survivor","Neutralize+1","Malaise+1","Unload","PiercingWail+1","Dash","Dagger Throw","Footwork","Blade Dance+1","All Out Attack+1","Noxious Fumes"],"relics":["Ring of the Snake","War Paint","Bronze Scales","Blue Candle"],"acts_visited":["Exordium"],"potions_floor_usage":[8,10,14,16],"damage_taken":[{"damage":10,"enemies":"Jaw Worm","floor":1,"turns":5},{"damage":4,"enemies":"Small Slimes","floor":2,"turns":4},{"damage":0,"enemies":"2 Louse","floor":4,"turns":2},{"damage":4,"enemies":"Red Slaver","floor":5,"turns":4},{"damage":7,"enemies":"Large Slime","floor":7,"turns":7},{"damage":33,"enemies":"3 Sentries","floor":8,"turns":14},{"damage":7,"enemies":"Lagavulin","floor":10,"turns":6},{"damage":0,"enemies":"2 Fungi Beasts","floor":12,"turns":2},{"damage":0,"enemies":"Lots of Slimes","floor":14,"turns":2},{"damage":2,"enemies":"Slime Boss","floor":16,"turns":6}],"seed_played":"-4769030726366822220","potions_obtained":[{"floor":1,"key":"FearPotion"},{"floor":4,"key":"Regen Potion"},{"floor":10,"key":"SmokeBomb"},{"floor":12,"key":"Explosive Potion"},{"floor":14,"key":"Block Potion"}],"is_trial":false,"path_per_floor":["M","M","$","M","M","R","M","E","T","E","?","M","R","M","R","B"],"character_chosen":"THE_SILENT","items_purchased":[],"campfire_rested":0,"item_purchase_floors":[],"current_hp_per_floor":[49,45,45,45,41,41,34,16,16,9,31,31,31,31,31,29,29],"gold":220,"neow_bonus":"TRANSFORM_TWO_CARDS","is_daily":false,"chose_seed":false,"campfire_upgraded":3,"win_rate":0.0,"timestamp":1610608083,"path_taken":["M","M","$","M","M","R","M","E","T","E","?","M","R","M","R","BOSS"],"items_purchased_type":[],"build_version":"2020-12-22","purchased_purges":1,"victory":false,"max_hp_per_floor":[66,66,66,66,66,66,66,66,66,66,66,66,66,66,66,66,66],"card_choices":[{"not_picked":["Dodge and Roll","Prepared"],"picked":"PiercingWail","floor":1},{"not_picked":["Masterful Stab","Quick Slash"],"picked":"Dash","floor":2},{"not_picked":["Masterful Stab","Deflect"],"picked":"Dagger Throw","floor":4},{"not_picked":["Acrobatics","Backflip"],"picked":"Footwork","floor":5},{"not_picked":["Poisoned Stab","Backflip"],"picked":"Blade Dance","floor":7},{"not_picked":["Underhanded Strike","Deflect","Bane"],"picked":"SKIP","floor":8},{"not_picked":["Night Terror","Expertise"],"picked":"All Out Attack","floor":10},{"not_picked":["Backflip","Escape Plan"],"picked":"Noxious Fumes","floor":12},{"not_picked":["Setup","PiercingWail","Skewer"],"picked":"SKIP","floor":14}],"player_experience":4261932,"relics_obtained":[{"floor":8,"key":"War Paint"},{"floor":9,"key":"Bronze Scales"},{"floor":10,"key":"Blue Candle"}],"event_choices":[{"damage_healed":22,"gold_gain":0,"player_choice":"Banana","damage_taken":0,"max_hp_gain":0,"max_hp_loss":0,"event_name":"Big Fish","floor":11,"gold_loss":0}],"is_beta":false,"boss_relics":[],"items_purged_floors":[3],"is_endless":false,"potions_floor_spawned":[1,4,10,12,14],"killed_by":"Slime Boss","ascension_level":20}}