{"host":"xh3brefae6wm9kl8","time":1610638607,"event":{"mods":["AchievementEnabler","BaseMod","GifTheSpireLib","Keyboard Shortcuts","Minty Spire (QoL Compilation)","Permanent Neow","Relic Stats","StSLib","SuperFastMode"],"gold_per_floor":[112,112,123,73,84,114,114,133,158,168,178,195,230,244,244,339,339,312,326,336,336,139,139,139,139,216,246,259,259,259,270,270,270,270],"floor_reached":33,"language":"KOR","playtime":1902,"items_purged":["Strike_G"],"score":450,"play_id":"80cdf9bc-7d80-4c9c-a756-007e52c58894","local_time":"20210115003647","is_ascension_mode":true,"campfire_choices":[{"floor":7.0,"key":"REST"},{"floor":15.0,"key":"REST"},{"data":"Phantasmal Killer","floor":23,"key":"SMITH"},{"data":"Terror","floor":25,"key":"SMITH"},{"floor":30,"key":"REST"},{"data":"Footwork","floor":32,"key":"SMITH"}],"circlet_count":0,"master_deck":["AscendersBane","Strike_G","Strike_G","Strike_G","Defend_G","Defend_G","Defend_G","Defend_G","Defend_G","Survivor","Neutralize","Leg Sweep","Poisoned Stab","Terror+1","Footwork+1","Flying Knee","Cloak And Dagger","Bane","Skewer","Adrenaline","Heel Hook","Adrenaline","Blur+1","Phantasmal Killer+1","Pain","Blur","Good Instincts"],"relics":["Ring of the Snake","Toy Ornithopter","Art of War","Akabeko","Smiling Mask","Cursed Key","Orrery","Bag of Preparation","Meat on the Bone","Letter Opener"],"acts_visited":["Exordium","TheCity"],"potions_floor_usage":[31,33],"damage_taken":[{"damage":1.0,"enemies":"Small Slimes","floor":1.0,"turns":5.0},{"damage":1.0,"enemies":"Jaw Worm","floor":3.0,"turns":7.0},{"damage":0.0,"enemies":"Cultist","floor":5.0,"turns":4.0},{"damage":45.0,"enemies":"Lagavulin","floor":6.0,"turns":8.0},{"damage":3.0,"enemies":"3 Louse","floor":8.0,"turns":5.0},{"damage":0.0,"enemies":"Looter","floor":10.0,"turns":3.0},{"damage":11.0,"enemies":"Lots of Slimes","floor":11.0,"turns":5.0},{"damage":16.0,"enemies":"Gremlin Gang","floor":12.0,"turns":8.0},{"damage":19.0,"enemies":"Gremlin Nob","floor":13.0,"turns":7.0},{"damage":0.0,"enemies":"3 Louse","floor":14.0,"turns":3.0},{"damage":14.0,"enemies":"Slime Boss","floor":16.0,"turns":13.0},{"damage":6.0,"enemies":"2 Thieves","floor":18.0,"turns":5.0},{"damage":5.0,"enemies":"3 Byrds","floor":19.0,"turns":7.0},{"damage":13,"enemies":"3 Cultists","floor":20,"turns":7},{"damage":10,"enemies":"Book of Stabbing","floor":27,"turns":6},{"damage":21,"enemies":"Shelled Parasite and Fungi","floor":28,"turns":5},{"damage":7,"enemies":"Centurion and Healer","floor":31,"turns":2},{"damage":57,"enemies":"Collector","floor":33,"turns":10}],"seed_played":"7380591970065246034","potions_obtained":[{"floor":1.0,"key":"Energy Potion"},{"floor":3.0,"key":"FearPotion"},{"floor":8.0,"key":"Regen Potion"},{"floor":11.0,"key":"GhostInAJar"},{"floor":14.0,"key":"Strength Potion"},{"floor":16.0,"key":"Weak Potion"},{"floor":18.0,"key":"SpeedPotion"},{"floor":27,"key":"DistilledChaos"},{"floor":28,"key":"SteroidPotion"}],"is_trial":false,"path_per_floor":["M","?","M","?","M","E","R","M","T","M","M","M","E","M","R","B",null,"M","M","M","?","$","R","?","R","T","E","M","?","R","M","R","B"],"character_chosen":"THE_SILENT","items_purchased":["Orrery"],"campfire_rested":3,"item_purchase_floors":[22],"current_hp_per_floor":[62,62,61,61,61,16,37,34,34,34,23,27,13,13,34,25,59,53,48,35,35,35,35,35,35,35,37,28,28,49,47,47,0,0],"gold":270,"neow_bonus":"RANDOM_COMMON_RELIC","is_daily":false,"chose_seed":false,"campfire_upgraded":3,"win_rate":0.0,"timestamp":1610638607,"path_taken":["M","?","M","?","M","E","R","M","T","M","?","M","E","M","R","BOSS","M","M","?","?","$","R","?","R","T","E","?","?","R","M","R","BOSS"],"items_purchased_type":["Relic"],"build_version":"2020-12-22","purchased_purges":1,"victory":false,"max_hp_per_floor":[70,70,70,70,70,70,70,70,70,70,70,70,70,70,70,70,70,70,70,70,70,70,70,70,70,70,70,70,70,70,70,70,70,70],"relic_stats":{"counters":[18,110],"Art of War":[3],"Bag of Preparation":[8],"Letter Opener":[100],"Smiling Mask":25,"Cursed Key":1,"obtain_stats":[{"Orrery":22,"Art of War":6,"Bag of Preparation":24,"Letter Opener":27,"Smiling Mask":13,"Cursed Key":17,"Toy Ornithopter":0,"Akabeko":9,"Ring of the Snake":0,"Meat on the Bone":26},{"Orrery":14,"Art of War":4,"Bag of Preparation":14,"Letter Opener":15,"Smiling Mask":9,"Cursed Key":11,"Toy Ornithopter":0,"Akabeko":5,"Ring of the Snake":0,"Meat on the Bone":14},{"Orrery":87,"Art of War":24,"Bag of Preparation":87,"Letter Opener":93,"Smiling Mask":52,"Cursed Key":68,"Toy Ornithopter":0,"Akabeko":29,"Ring of the Snake":0,"Meat on the Bone":87}],"Toy Ornithopter":25,"Ring of the Snake":[36],"Meat on the Bone":24},"card_choices":[{"not_picked":["Choke","Flechettes"],"picked":"Leg Sweep","floor":1.0},{"not_picked":["Outmaneuver","Blade Dance"],"picked":"Poisoned Stab","floor":3.0},{"not_picked":["Acrobatics","Slice"],"picked":"Terror","floor":5.0},{"not_picked":["Bullet Time","Predator"],"picked":"Footwork","floor":6.0},{"not_picked":["Distraction","Reflex"],"picked":"Flying Knee","floor":8.0},{"not_picked":["Accuracy","Deadly Poison"],"picked":"Cloak And Dagger","floor":10.0},{"not_picked":["Dodge and Roll","PiercingWail"],"picked":"Bane","floor":11.0},{"not_picked":["Backflip","Deflect"],"picked":"Skewer","floor":12.0},{"not_picked":["PiercingWail","Calculated Gamble","Unload"],"picked":"SKIP","floor":13.0},{"not_picked":["Prepared","Eviscerate","Underhanded Strike"],"picked":"SKIP","floor":14.0},{"not_picked":["Grand Finale","Doppelganger"],"picked":"Adrenaline","floor":16.0},{"not_picked":["Expertise","Dagger Spray","Acrobatics"],"picked":"SKIP","floor":18.0},{"not_picked":["Blade Dance","Acrobatics","Poisoned Stab"],"picked":"SKIP","floor":19.0},{"not_picked":["Expertise","Bane"],"picked":"Heel Hook","floor":20},{"not_picked":["Expertise","Sucker Punch"],"picked":"Adrenaline","floor":22},{"not_picked":["Caltrops","Blade Dance"],"picked":"Blur+1","floor":22},{"not_picked":["Backstab","Masterful Stab"],"picked":"Phantasmal Killer","floor":22},{"not_picked":["Leg Sweep","Deadly Poison"],"picked":"Blur","floor":27},{"not_picked":["Predator","Quick Slash","Bouncing Flask"],"picked":"SKIP","floor":28},{"not_picked":["Catalyst","Endless Agony","Underhanded Strike"],"picked":"SKIP","floor":31}],"player_experience":384006,"relics_obtained":[{"floor":6.0,"key":"Art of War"},{"floor":9.0,"key":"Akabeko"},{"floor":13.0,"key":"Smiling Mask"},{"floor":26,"key":"Meat on the Bone"},{"floor":27,"key":"Letter Opener"}],"event_choices":[{"damage_healed":0.0,"max_hp_gain":0.0,"max_hp_loss":0.0,"gold_gain":0.0,"event_name":"Liars Game","player_choice":"Ignored","floor":2.0,"gold_loss":0.0,"damage_taken":0.0},{"cards_removed":["Strike_G"],"damage_healed":0.0,"max_hp_gain":0.0,"max_hp_loss":0.0,"gold_gain":0.0,"event_name":"The Cleric","player_choice":"Card Removal","floor":4.0,"gold_loss":50.0,"damage_taken":0.0},{"damage_healed":0,"gold_gain":0,"player_choice":"Ignored","damage_taken":0,"max_hp_gain":0,"max_hp_loss":0,"event_name":"The Mausoleum","floor":21,"gold_loss":0},{"damage_healed":0,"gold_gain":0,"player_choice":"Gave Potion","damage_taken":0,"relics_obtained":["Bag of Preparation"],"max_hp_gain":0,"max_hp_loss":0,"event_name":"WeMeetAgain","floor":24,"gold_loss":0},{"damage_healed":0,"gold_gain":0,"player_choice":"1 cards matched","damage_taken":0,"max_hp_gain":0,"max_hp_loss":0,"event_name":"Match and Keep!","floor":29,"gold_loss":0,"cards_obtained":["Good Instincts"]}],"is_beta":false,"boss_relics":[{"not_picked":["Velvet Choker","Black Star"],"picked":"Cursed Key"}],"items_purged_floors":[22],"is_endless":false,"potions_floor_spawned":[1,3,8,11,14,16,18,27,28],"killed_by":"Collector","ascension_level":12}}