{"host":"4cf6pe4l8xfbvuvt","time":1610645210,"event":{"mods":["Act Like it!","Bard","BaseMod","Bestiary","Better Third Choice","BetterRewards","Block Reminder","Colored Map","Colored Powertips","Glutton Mod","GungeonMod","Hermit","Highlight Path","Marisa????????","Minty Spire (QoL Compilation)","Permanent Neow","Quick Restart","Random Character Button","Relic Stats","Remilia??????","Robot Space Explorer","StSLib","The Bug Knight","The Cursed","The Forsaken","The Marked","The Poker Player","The Runesmith","TheBandit"],"gold_per_floor":[113,131,149,149,114,149,149,42,95,106,29,29,40,40,40,137,137,157,157,157,171,184,184,217,227,252,284,297,297,38,0,0,95,95,115,115,115,128,147,247,247,247,247,247],"floor_reached":42,"language":"ENG","playtime":3281,"items_purged":["Thunder Strike+1"],"score":461,"play_id":"a5e4b3c7-dac6-43c4-8b15-e9634cad8893","local_time":"20210114172650","is_ascension_mode":false,"metric_token":1874,"campfire_choices":[{"floor":7.0,"key":"RECALL"},{"data":"PokerPlayerMod:ClubShade","floor":12.0,"key":"SMITH"},{"floor":15.0,"key":"REST"},{"floor":23.0,"key":"REST"},{"floor":29,"key":"REST"},{"floor":32,"key":"REST"},{"floor":41,"key":"REST"}],"circlet_count":0,"master_deck":["PokerPlayerMod:Diamond1","PokerPlayerMod:Diamond2","PokerPlayerMod:Diamond3","PokerPlayerMod:Diamond4","PokerPlayerMod:Diamond5","PokerPlayerMod:Spade1","PokerPlayerMod:Spade2","PokerPlayerMod:Spade3","PokerPlayerMod:Spade4","PokerPlayerMod:Club1","PokerPlayerMod:Club2","PokerPlayerMod:Heart2","PokerPlayerMod:TrumpStrike","PokerPlayerMod:BadJoker","PokerPlayerMod:Mulligan","PokerPlayerMod:Promotion","PokerPlayerMod:MagicTrick","PokerPlayerMod:DiamondStrike","PokerPlayerMod:Diamond4","PokerPlayerMod:Club2","PokerPlayerMod:Club3","PokerPlayerMod:Club4","PokerPlayerMod:Club5","PokerPlayerMod:Club6","PokerPlayerMod:ClubShade","PokerPlayerMod:JackOfSpades","PokerPlayerMod:ClubShade+1","PokerPlayerMod:Diamond5","PokerPlayerMod:Manipulation","PokerPlayerMod:ClubsClub","FTL","PokerPlayerMod:TheDieIsCast","PokerPlayerMod:Trickery","PokerPlayerMod:Heart1","PokerPlayerMod:Configure+1","PokerPlayerMod:JackOfSpades","PokerPlayerMod:ClubStrike","PokerPlayerMod:ItsShowtime","PokerPlayerMod:MagicTrick","PokerPlayerMod:Heart6","PokerPlayerMod:FlyingCard","PokerPlayerMod:ChangeRules","PokerPlayerMod:Raise+1","Wraith","PokerPlayerMod:Spade5","PokerPlayerMod:DiamondStrike+1"],"relics":["PokerPlayerMod:DeckCase","Mango","Blood Vial","Runesmith:Locket","Black Star","Question Card","Bronze Scales","Bag of Marbles","Nunchaku","Oddly Smooth Stone","Matryoshka","PokerPlayerMod:AceCard"],"acts_visited":["Exordium","TheCity","TheBeyond"],"potions_floor_usage":[27,35,39],"damage_taken":[{"damage":2.0,"enemies":"Small Slimes","floor":1.0,"turns":2.0},{"damage":6.0,"enemies":"Jaw Worm","floor":2.0,"turns":2.0},{"damage":0.0,"enemies":"2 Louse","floor":3.0,"turns":2.0},{"damage":14.0,"enemies":"3 Sentries","floor":6.0,"turns":4.0},{"damage":5.0,"enemies":"Exordium Thugs","floor":10.0,"turns":3.0},{"damage":0.0,"enemies":"Large Slime","floor":13.0,"turns":3.0},{"damage":26.0,"enemies":"Hexaghost","floor":16.0,"turns":10.0},{"damage":15.0,"enemies":"Shell Parasite","floor":18.0,"turns":6.0},{"damage":16.0,"enemies":"3 Byrds","floor":21.0,"turns":3.0},{"damage":29.0,"enemies":"Snake Plant","floor":22.0,"turns":3.0},{"damage":42.0,"enemies":"Gremlin Leader","floor":24.0,"turns":7.0},{"damage":4.0,"enemies":"Cultist and Chosen","floor":25.0,"turns":5.0},{"damage":5,"enemies":"Slavers","floor":27,"turns":4},{"damage":20,"enemies":"Centurion and Healer","floor":28,"turns":5},{"damage":46,"enemies":"Automaton","floor":33,"turns":11},{"damage":39,"enemies":"3 Darklings","floor":35,"turns":5},{"damage":0,"enemies":"3 Shapes","floor":38,"turns":4},{"damage":32,"enemies":"Spire Growth","floor":39,"turns":5},{"damage":69,"enemies":"Transient","floor":42,"turns":5}],"seed_played":"6864033258329975990","potions_obtained":[{"floor":3.0,"key":"GamblersBrew"},{"floor":6.0,"key":"FairyPotion"},{"floor":16.0,"key":"FearPotion"},{"floor":21.0,"key":"BlessingOfTheForge"},{"floor":24.0,"key":"DemoMod:LeadSkinPotion"},{"floor":33,"key":"Explosive Potion"},{"floor":38,"key":"EssenceOfSteel"}],"is_trial":false,"path_per_floor":["M","M","M","?","?","E","R","$","T","M","$","R","M","?","R","B",null,"M","?","?","M","M","R","E","M","T","E","M","R","$","?","R","B",null,"M","?","?","M","M","?","R","M"],"character_chosen":"THE_POKER_PLAYER","items_purchased":["PokerPlayerMod:JackOfSpades","PokerPlayerMod:ClubShade","PokerPlayerMod:Manipulation","PokerPlayerMod:Heart6","PokerPlayerMod:FlyingCard"],"campfire_rested":5,"item_purchase_floors":[8,8,11,30,30],"current_hp_per_floor":[50,44,46,46,52,54,54,54,54,53,53,53,53,36,55,33,66,56,56,56,42,21,40,4,4,4,2,13,32,32,32,51,20,66,33,33,58,58,29,29,46,0,0,0],"gold":247,"neow_bonus":"ONE_RANDOM_RARE_CARD","is_daily":false,"chose_seed":false,"campfire_upgraded":1,"win_rate":0.0,"timestamp":1610645210,"path_taken":["M","M","M","?","?","E","R","$","T","M","?","R","M","?","R","BOSS","M","?","?","M","M","R","E","M","T","E","?","R","$","?","R","BOSS","M","?","?","M","M","?","R","M"],"items_purchased_type":["Card","Card","Card","Card","Card"],"build_version":"2020-12-22","purchased_purges":1,"victory":false,"max_hp_per_floor":[52,52,52,52,52,66,66,66,66,66,66,66,66,66,66,66,66,66,66,66,66,66,66,66,66,66,66,66,66,66,66,66,66,66,66,66,58,58,58,58,58,58,58,58],"relic_stats":{"Blood Vial":18,"Nunchaku":[3],"counters":[19,89],"Bronze Scales":[138],"Black Star":2,"Question Card":14,"obtain_stats":[{"Runesmith:Locket":14,"Oddly Smooth Stone":27,"Mango":6,"PokerPlayerMod:AceCard":34,"DemoMod:GlassGuonStoneRelic":2,"Question Card":20,"Blood Vial":14,"PokerPlayerMod:DeckCase":0,"Nunchaku":26,"Matryoshka":27,"Bronze Scales":24,"Black Star":17,"Bag of Marbles":24},{"Runesmith:Locket":6,"Oddly Smooth Stone":13,"Mango":4,"PokerPlayerMod:AceCard":15,"DemoMod:GlassGuonStoneRelic":2,"Question Card":8,"Blood Vial":6,"PokerPlayerMod:DeckCase":0,"Nunchaku":12,"Matryoshka":13,"Bronze Scales":11,"Black Star":7,"Bag of Marbles":11},{"Runesmith:Locket":16,"Oddly Smooth Stone":54,"Mango":10,"PokerPlayerMod:AceCard":70,"DemoMod:GlassGuonStoneRelic":4,"Question Card":32,"Blood Vial":16,"PokerPlayerMod:DeckCase":0,"Nunchaku":50,"Matryoshka":54,"Bronze Scales":45,"Black Star":26,"Bag of Marbles":45}]},"card_choices":[{"not_picked":["PokerPlayerMod:Spade6","PokerPlayerMod:Spade3"],"picked":"PokerPlayerMod:MagicTrick","floor":1.0},{"not_picked":["PokerPlayerMod:Spade3","PokerPlayerMod:PoorCopy"],"picked":"PokerPlayerMod:DiamondStrike","floor":2.0},{"not_picked":["PokerPlayerMod:Club4","PokerPlayerMod:Spade3"],"picked":"PokerPlayerMod:Diamond4","floor":3.0},{"not_picked":["PokerPlayerMod:RoyalStrike","PokerPlayerMod:ClubsClub"],"picked":"PokerPlayerMod:ClubShade","floor":6.0},{"not_picked":["PokerPlayerMod:DiamondStrike","PokerPlayerMod:Diamond2"],"picked":"PokerPlayerMod:Diamond5","floor":10.0},{"not_picked":["PokerPlayerMod:Diamond4","PokerPlayerMod:DiamondStrike"],"picked":"PokerPlayerMod:ClubsClub","floor":13.0},{"not_picked":["PokerPlayerMod:StackedDeck","PokerPlayerMod:VarietyAttack"],"picked":"PokerPlayerMod:TheDieIsCast","floor":16.0},{"not_picked":["PokerPlayerMod:MagicTrick+1","PokerPlayerMod:CardBurn"],"picked":"PokerPlayerMod:Trickery","floor":18.0},{"not_picked":["PokerPlayerMod:Fold","PokerPlayerMod:SpadeStrike","PokerPlayerMod:SecondChance+1"],"picked":"PokerPlayerMod:Heart1","floor":21.0},{"not_picked":["PokerPlayerMod:Club3","PokerPlayerMod:SpadeStrike","PokerPlayerMod:Diamond1"],"picked":"PokerPlayerMod:Configure+1","floor":22.0},{"not_picked":["PokerPlayerMod:Club6","PokerPlayerMod:Spade3","PokerPlayerMod:MagicTrick"],"picked":"PokerPlayerMod:JackOfSpades","floor":24.0},{"not_picked":["PokerPlayerMod:Trickery","PokerPlayerMod:Spade3","PokerPlayerMod:ClubDance"],"picked":"PokerPlayerMod:ClubStrike","floor":25.0},{"not_picked":["PokerPlayerMod:Spade2","PokerPlayerMod:HotShotCut","PokerPlayerMod:Spade4"],"picked":"PokerPlayerMod:ItsShowtime","floor":27},{"not_picked":["PokerPlayerMod:Club3","PokerPlayerMod:CardBurn","PokerPlayerMod:Spade1"],"picked":"PokerPlayerMod:MagicTrick","floor":28},{"not_picked":["PokerPlayerMod:Club7","PokerPlayerMod:FakeSymbols","PokerPlayerMod:Diamond7"],"picked":"PokerPlayerMod:ChangeRules","floor":33},{"not_picked":["PokerPlayerMod:Diamond2","PokerPlayerMod:Club3","PokerPlayerMod:DartThrow"],"picked":"PokerPlayerMod:Raise+1","floor":35},{"not_picked":["PokerPlayerMod:Spade4","PokerPlayerMod:Diamond2","PokerPlayerMod:DartThrow"],"picked":"PokerPlayerMod:Spade5","floor":38},{"not_picked":["PokerPlayerMod:Spade4","PokerPlayerMod:Diamond4","PokerPlayerMod:Diamond3"],"picked":"PokerPlayerMod:DiamondStrike+1","floor":39}],"player_experience":24824,"relics_obtained":[{"floor":6.0,"key":"Mango"},{"floor":24.0,"key":"Bronze Scales"},{"floor":24.0,"key":"Bag of Marbles"},{"floor":26.0,"key":"Nunchaku"},{"floor":27,"key":"Oddly Smooth Stone"},{"floor":27,"key":"Matryoshka"}],"event_choices":[{"damage_healed":0.0,"max_hp_gain":0.0,"max_hp_loss":0.0,"gold_gain":0.0,"event_name":"PokerPlayerMod:ExordiumClub","player_choice":"Jackpot","floor":4.0,"gold_loss":0.0,"damage_taken":0.0,"cards_obtained":["PokerPlayerMod:Club2","PokerPlayerMod:Club3","PokerPlayerMod:Club4","PokerPlayerMod:Club5","PokerPlayerMod:Club6"]},{"damage_healed":0.0,"max_hp_gain":0.0,"max_hp_loss":0.0,"gold_gain":0.0,"event_name":"PokerPlayerMod:ExordiumClub","player_choice":"Jackpot","floor":4.0,"gold_loss":0.0,"damage_taken":0.0,"cards_obtained":["PokerPlayerMod:Club2","PokerPlayerMod:Club3","PokerPlayerMod:Club4","PokerPlayerMod:Club5","PokerPlayerMod:Club6"]},{"damage_healed":0.0,"max_hp_gain":0.0,"max_hp_loss":0.0,"gold_gain":0.0,"event_name":"PokerPlayerMod:ExordiumClub","player_choice":"Jackpot","floor":4.0,"gold_loss":0.0,"damage_taken":0.0,"cards_obtained":["PokerPlayerMod:Club2","PokerPlayerMod:Club3","PokerPlayerMod:Club4","PokerPlayerMod:Club5","PokerPlayerMod:Club6"]},{"damage_healed":0.0,"max_hp_gain":0.0,"max_hp_loss":0.0,"gold_gain":0.0,"event_name":"PokerPlayerMod:ExordiumClub","player_choice":"Jackpot","floor":4.0,"gold_loss":0.0,"damage_taken":0.0,"cards_obtained":["PokerPlayerMod:Club2","PokerPlayerMod:Club3","PokerPlayerMod:Club4","PokerPlayerMod:Club5","PokerPlayerMod:Club6"]},{"damage_healed":0.0,"max_hp_gain":0.0,"max_hp_loss":0.0,"gold_gain":0.0,"event_name":"PokerPlayerMod:ExordiumClub","player_choice":"Jackpot","floor":4.0,"gold_loss":0.0,"damage_taken":0.0,"cards_obtained":["PokerPlayerMod:Club2","PokerPlayerMod:Club3","PokerPlayerMod:Club4","PokerPlayerMod:Club5","PokerPlayerMod:Club6"]},{"damage_healed":13.0,"max_hp_gain":0.0,"max_hp_loss":0.0,"gold_gain":0.0,"event_name":"The Cleric","player_choice":"Healed","floor":5.0,"gold_loss":35.0,"damage_taken":0.0},{"damage_healed":0.0,"max_hp_gain":0.0,"max_hp_loss":0.0,"gold_gain":0.0,"event_name":"Ghosts","player_choice":"Ignored","floor":19.0,"gold_loss":0.0,"damage_taken":0.0},{"damage_healed":0.0,"max_hp_gain":0.0,"max_hp_loss":0.0,"gold_gain":0.0,"event_name":"WeMeetAgain","player_choice":"Gave Potion","floor":20.0,"gold_loss":0.0,"damage_taken":0.0,"relics_obtained":["Question Card"]},{"damage_healed":0,"gold_gain":0,"player_choice":"Paid Fearfully","damage_taken":0,"max_hp_gain":0,"max_hp_loss":0,"event_name":"Masked Bandits","floor":31,"gold_loss":38},{"damage_healed":0,"gold_gain":0,"player_choice":"Ignored","damage_taken":0,"max_hp_gain":0,"max_hp_loss":0,"event_name":"OrinTheCat","floor":36,"gold_loss":0},{"damage_healed":58,"gold_gain":0,"player_choice":"Heal","damage_taken":0,"max_hp_gain":0,"max_hp_loss":8,"event_name":"The Moai Head","floor":37,"gold_loss":0},{"damage_healed":0,"gold_gain":100,"player_choice":"Pray","damage_taken":0,"max_hp_gain":0,"max_hp_loss":0,"event_name":"Golden Shrine","floor":40,"gold_loss":0}],"is_beta":false,"boss_relics":[{"not_picked":["SlaversCollar","Astrolabe"],"picked":"Black Star"},{"not_picked":["Sozu","Runic Dome"],"picked":"PokerPlayerMod:AceCard"}],"items_purged_floors":[30],"is_endless":false,"potions_floor_spawned":[3,6,16,21,24,25,33,38],"killed_by":"Transient","ascension_level":0}}