{"host":"udzsrhbqdxqtlypj","time":1610658394,"event":{"mods":["BaseMod","Minty Spire (QoL Compilation)","Relic Stats"],"gold_per_floor":[115,127,77,96,109,109,144,161,161,172,172,200,200,200,200,297,297,315,325,336,91,101,127,127,142,212,18,18,44,57,91,91,186,186,202,218,48,65,65,94,94,105,187,204,236,236,236,271,271,271,271,271,10,40,40,40],"floor_reached":55,"language":"ENG","playtime":4182,"items_purged":["Strike_G"],"score":1406,"play_id":"c5daba33-b182-4b83-8296-80374c1a99c1","local_time":"20210114150634","is_ascension_mode":true,"campfire_choices":[{"data":"Crippling Poison","floor":6,"key":"SMITH"},{"data":"Noxious Fumes","floor":11,"key":"SMITH"},{"data":"Wraith Form v2","floor":13,"key":"SMITH"},{"data":"Deadly Poison","floor":15,"key":"SMITH"},{"floor":28,"key":"REST"},{"floor":32,"key":"REST"},{"data":"Burst","floor":41,"key":"SMITH"},{"floor":46,"key":"RECALL"},{"data":"Sadistic Nature","floor":49,"key":"SMITH"},{"data":"Adrenaline","floor":52,"key":"SMITH"}],"circlet_count":0,"master_deck":["AscendersBane","Strike_G","Defend_G","Defend_G","Defend_G+1","Defend_G","Defend_G+1","Survivor","Neutralize","Dagger Throw","Unload","Crippling Poison+1","All Out Attack","Deadly Poison+1","Noxious Fumes+1","Wraith Form v2+1","Riddle With Holes","Dramatic Entrance","Venomology","Dash+1","Escape Plan+1","Predator","Deflect","Slice+1","Adrenaline","Bane+1","Decay","Sadistic Nature","Burst+1","Deflect+1","Prepared","Adrenaline+1","Slice+1","Sadistic Nature+1","Leg Sweep+1","Flechettes+1","Regret","Sadistic Nature","Bouncing Flask","PiercingWail"],"relics":["Ring of the Snake","NeowsBlessing","Calipers","Thread and Needle","Pear","Cursed Key","OrangePellets","Du-Vu Doll","Darkstone Periapt","Vajra","Meat on the Bone","Runic Pyramid","Regal Pillow","War Paint","Juzu Bracelet","Pantograph"],"acts_visited":["Exordium","TheCity","TheBeyond","TheEnding"],"potions_floor_usage":[12,18,19,20,22,23,23,25,29,30,30,31,31,33,33,40,40,44,44,45,48,50,50,50,50,50,54,54,55,55,55,55],"damage_taken":[{"damage":0,"enemies":"Cultist","floor":1,"turns":1},{"damage":0,"enemies":"2 Louse","floor":2,"turns":1},{"damage":0,"enemies":"Small Slimes","floor":4,"turns":1},{"damage":8,"enemies":"Exordium Thugs","floor":5,"turns":5},{"damage":21,"enemies":"Lagavulin","floor":7,"turns":7},{"damage":1,"enemies":"Red Slaver","floor":8,"turns":4},{"damage":0,"enemies":"Large Slime","floor":10,"turns":6},{"damage":18,"enemies":"3 Sentries","floor":12,"turns":5},{"damage":32,"enemies":"Hexaghost","floor":16,"turns":9},{"damage":4,"enemies":"3 Byrds","floor":18,"turns":3},{"damage":0,"enemies":"Chosen","floor":19,"turns":4},{"damage":8,"enemies":"Snake Plant","floor":20,"turns":4},{"damage":4,"enemies":"Snecko","floor":22,"turns":4},{"damage":35,"enemies":"Slavers","floor":23,"turns":5},{"damage":0,"enemies":"Chosen and Byrds","floor":25,"turns":5},{"damage":18,"enemies":"Book of Stabbing","floor":29,"turns":6},{"damage":0,"enemies":"Snake Plant","floor":30,"turns":2},{"damage":0,"enemies":"Gremlin Leader","floor":31,"turns":4},{"damage":0,"enemies":"Collector","floor":33,"turns":6},{"damage":0,"enemies":"3 Darklings","floor":35,"turns":4},{"damage":0,"enemies":"Orb Walker","floor":36,"turns":3},{"damage":0,"enemies":"4 Shapes","floor":38,"turns":4},{"damage":11,"enemies":"Giant Head","floor":40,"turns":7},{"damage":0,"enemies":"3 Darklings","floor":42,"turns":3},{"damage":0,"enemies":"Sphere and 2 Shapes","floor":44,"turns":4},{"damage":0,"enemies":"Reptomancer","floor":45,"turns":3},{"damage":0,"enemies":"Giant Head","floor":48,"turns":7},{"damage":51,"enemies":"Time Eater","floor":50,"turns":10},{"damage":7,"enemies":"Shield and Spear","floor":54,"turns":6},{"damage":89,"enemies":"The Heart","floor":55,"turns":9}],"seed_played":"8195502267836954592","potions_obtained":[{"floor":7,"key":"Regen Potion"},{"floor":8,"key":"SteroidPotion"},{"floor":12,"key":"AttackPotion"},{"floor":16,"key":"Explosive Potion"},{"floor":19,"key":"DistilledChaos"},{"floor":23,"key":"Weak Potion"},{"floor":31,"key":"Fire Potion"},{"floor":35,"key":"EssenceOfSteel"},{"floor":42,"key":"Energy Potion"},{"floor":54,"key":"Dexterity Potion"}],"is_trial":false,"path_per_floor":["M","M","?","M","M","R","E","M","T","M","R","E","R","?","R","B",null,"M","M","M","$","M","E","?","M","T","$","R","E","M","E","R","B",null,"M","M","$","M","?","E","R","M","T","M","E","R","?","E","R","B",null,"R","$","E","B"],"character_chosen":"THE_SILENT","items_purchased":["OrangePellets","Deflect","Sadistic Nature","Sadistic Nature","Sadistic Nature","Bouncing Flask"],"campfire_rested":2,"item_purchase_floors":[21,21,27,37,53,53],"current_hp_per_floor":[63,63,63,63,55,55,34,33,33,33,33,40,40,40,40,8,62,58,58,50,50,46,11,11,11,11,11,35,17,17,17,41,41,70,70,70,70,70,70,59,59,59,65,65,65,65,65,65,65,26,71,71,71,64,0,0],"gold":40,"neow_bonus":"THREE_ENEMY_KILL","is_daily":false,"chose_seed":false,"campfire_upgraded":7,"win_rate":0.0,"timestamp":1610658394,"path_taken":["M","?","?","M","M","R","E","M","T","M","R","E","R","?","R","BOSS","M","?","M","$","M","E","?","M","T","$","R","E","M","E","R","BOSS","M","M","$","M","?","E","R","M","T","?","E","R","?","E","R","BOSS","R","$","E","BOSS"],"items_purchased_type":["Relic","Card","Card","Card","Card","Card"],"build_version":"2020-12-22","purchased_purges":1,"victory":false,"max_hp_per_floor":[70,70,70,70,70,70,70,70,70,70,70,80,80,80,80,80,80,80,80,80,80,80,80,80,80,80,80,80,80,80,80,80,80,80,80,80,80,80,80,80,80,80,86,86,86,86,86,86,86,86,86,86,86,86,86,86],"relic_stats":{"Darkstone Periapt":6,"OrangePellets":[19],"Regal Pillow":0,"counters":[30,142],"Pantograph":22,"Juzu Bracelet":0,"War Paint":["Defend_G","Defend_G"],"Cursed Key":2,"obtain_stats":[{"Darkstone Periapt":26,"Regal Pillow":40,"Calipers":7,"Pear":12,"NeowsBlessing":0,"Vajra":29,"Thread and Needle":9,"Juzu Bracelet":48,"War Paint":45,"Cursed Key":17,"Du-Vu Doll":23,"OrangePellets":21,"Pantograph":54,"Ring of the Snake":0,"Meat on the Bone":31,"Runic Pyramid":34},{"Darkstone Periapt":15,"Regal Pillow":23,"Calipers":5,"Pear":8,"NeowsBlessing":0,"Vajra":16,"Thread and Needle":6,"Juzu Bracelet":27,"War Paint":26,"Cursed Key":9,"Du-Vu Doll":14,"OrangePellets":12,"Pantograph":29,"Ring of the Snake":0,"Meat on the Bone":18,"Runic Pyramid":19},{"Darkstone Periapt":64,"Regal Pillow":100,"Calipers":15,"Pear":30,"NeowsBlessing":0,"Vajra":70,"Thread and Needle":19,"Juzu Bracelet":117,"War Paint":110,"Cursed Key":39,"Du-Vu Doll":59,"OrangePellets":50,"Pantograph":133,"Ring of the Snake":0,"Meat on the Bone":76,"Runic Pyramid":82}],"Ring of the Snake":[60],"Meat on the Bone":12},"card_choices":[{"not_picked":["Outmaneuver","Dodge and Roll"],"picked":"Dagger Throw","floor":1},{"not_picked":["Dodge and Roll","Poisoned Stab"],"picked":"Unload","floor":2},{"not_picked":["PiercingWail","Caltrops"],"picked":"Crippling Poison","floor":4},{"not_picked":["Flying Knee","Footwork"],"picked":"All Out Attack","floor":5},{"not_picked":["Outmaneuver","Cloak And Dagger"],"picked":"Deadly Poison","floor":7},{"not_picked":["Outmaneuver","Dash"],"picked":"Noxious Fumes","floor":8},{"not_picked":["Setup","Bane","Quick Slash"],"picked":"SKIP","floor":10},{"not_picked":["Deadly Poison","Poisoned Stab"],"picked":"Wraith Form v2","floor":12},{"not_picked":["Phantasmal Killer","Bullet Time"],"picked":"Venomology","floor":16},{"not_picked":["Sucker Punch","Outmaneuver"],"picked":"Dash+1","floor":18},{"not_picked":["Flying Knee","Cloak And Dagger"],"picked":"Escape Plan+1","floor":19},{"not_picked":["Flying Knee","Backflip"],"picked":"Predator","floor":20},{"not_picked":["Deadly Poison+1","Dagger Spray"],"picked":"Slice+1","floor":22},{"not_picked":["Crippling Poison+1","Blur"],"picked":"Adrenaline","floor":23},{"not_picked":["Choke","Deadly Poison"],"picked":"Bane+1","floor":25},{"not_picked":["Predator","Dagger Spray+1"],"picked":"Burst","floor":29},{"not_picked":["Deadly Poison","Slice"],"picked":"Deflect+1","floor":30},{"not_picked":["Distraction","Quick Slash"],"picked":"Prepared","floor":31},{"not_picked":["Bullet Time","Venomology"],"picked":"Adrenaline","floor":33},{"not_picked":["Sucker Punch+1","Dagger Throw"],"picked":"Slice+1","floor":35},{"not_picked":["Blur","Expertise+1","Well Laid Plans"],"picked":"SKIP","floor":36},{"not_picked":["Prepared","Masterful Stab+1","Dodge and Roll"],"picked":"SKIP","floor":38},{"not_picked":["Dodge and Roll+1","Quick Slash+1"],"picked":"Leg Sweep+1","floor":40},{"not_picked":["Tactician","Sucker Punch"],"picked":"Flechettes+1","floor":42},{"not_picked":["Prepared","Backflip","Dagger Spray"],"picked":"SKIP","floor":44},{"not_picked":["Distraction+1","Backstab+1","Poisoned Stab+1"],"picked":"SKIP","floor":45},{"not_picked":["Die Die Die","Dagger Throw","Poisoned Stab"],"picked":"SKIP","floor":48},{"not_picked":["Die Die Die","Backstab"],"picked":"PiercingWail","floor":54}],"player_experience":2799462,"relics_obtained":[{"floor":7,"key":"Calipers"},{"floor":9,"key":"Thread and Needle"},{"floor":12,"key":"Pear"},{"floor":23,"key":"Du-Vu Doll"},{"floor":26,"key":"Darkstone Periapt"},{"floor":29,"key":"Vajra"},{"floor":31,"key":"Meat on the Bone"},{"floor":40,"key":"Regal Pillow"},{"floor":45,"key":"War Paint"},{"floor":48,"key":"Juzu Bracelet"},{"floor":54,"key":"Pantograph"}],"event_choices":[{"cards_removed":["Strike_G"],"damage_healed":0,"gold_gain":0,"player_choice":"Card Removal","damage_taken":0,"max_hp_gain":0,"max_hp_loss":0,"event_name":"The Cleric","floor":3,"gold_loss":50},{"damage_healed":0,"gold_gain":0,"player_choice":"2 cards matched","damage_taken":0,"max_hp_gain":0,"max_hp_loss":0,"event_name":"Match and Keep!","floor":14,"gold_loss":0,"cards_obtained":["Riddle With Holes","Dramatic Entrance"]},{"damage_healed":0,"gold_gain":0,"player_choice":"Bought 0 Potions","damage_taken":0,"max_hp_gain":0,"max_hp_loss":0,"event_name":"The Woman in Blue","floor":24,"gold_loss":0},{"cards_removed":["Strike_G"],"damage_healed":0,"gold_gain":0,"player_choice":"Purged","damage_taken":0,"max_hp_gain":0,"max_hp_loss":0,"event_name":"Purifier","floor":39,"gold_loss":0},{"cards_removed":["Strike_G"],"damage_healed":0,"gold_gain":0,"player_choice":"Removed Attack","damage_taken":0,"max_hp_gain":0,"max_hp_loss":0,"event_name":"Falling","floor":47,"gold_loss":0}],"is_beta":false,"boss_relics":[{"not_picked":["Busted Crown","Philosopher\u0027s Stone"],"picked":"Cursed Key"},{"not_picked":["SlaversCollar","Snecko Eye"],"picked":"Runic Pyramid"}],"items_purged_floors":[21],"is_endless":false,"potions_floor_spawned":[7,8,12,16,19,22,23,29,31,35,42,45,54],"killed_by":"The Heart","ascension_level":10}}