{"host":"anox4050deqdcqoh","time":1610663124,"event":{"mods":["BaseMod","Colored Map","Highlight Path","Minty Spire (QoL Compilation)","Quick Restart","Rare Cards Sparkle","everything is the same but u backflip on backflip"],"gold_per_floor":[118,118,118,141,155,186,186,186,186,186,200,200,200,220,220,348,348,372,395,320,320,334,334,373,373,423,88,88,108,207,221,221,349,349,362,385,2,18,18,18,18,18],"floor_reached":41,"language":"ENG","playtime":1866,"items_purged":["Strike_R"],"score":473,"play_id":"760ea1a4-7684-414b-8916-fe40f781c09e","local_time":"20210114172524","is_ascension_mode":true,"campfire_choices":[{"data":"Berserk","floor":7,"key":"SMITH"},{"floor":10,"key":"REST"},{"data":"Wild Strike","floor":13,"key":"SMITH"},{"data":"Armaments","floor":15,"key":"SMITH"},{"floor":23,"key":"REST"},{"floor":25,"key":"REST"},{"floor":28,"key":"REST"},{"floor":32,"key":"REST"},{"data":"Barricade","floor":40,"key":"SMITH"}],"circlet_count":0,"master_deck":["Strike_R","Strike_R","Defend_R","Defend_R","Defend_R","Defend_R","Bash","Thunderclap","Evolve","Fire Breathing","Armaments+1","Berserk+1","Wild Strike+1","Seeing Red","Impervious","Power Through","Iron Wave","Iron Wave","Rage+1","Flame Barrier","Blood for Blood+1","Barricade+1","Ghostly Armor","Fire Breathing","Flame Barrier+1","Madness","Madness"],"relics":["Burning Blood","Bag of Marbles","Golden Idol","Ornamental Fan","Lantern","Gremlin Horn","Mercury Hourglass","Akabeko","Bronze Scales","HornCleat","Mark of Pain","Ice Cream"],"acts_visited":["Exordium","TheCity","TheBeyond"],"potions_floor_usage":[6,16,29,33,41,41],"damage_taken":[{"damage":1,"enemies":"2 Louse","floor":1,"turns":3},{"damage":7,"enemies":"Jaw Worm","floor":4,"turns":3},{"damage":1,"enemies":"Cultist","floor":5,"turns":3},{"damage":36,"enemies":"Gremlin Nob","floor":6,"turns":4},{"damage":7,"enemies":"Looter","floor":11,"turns":2},{"damage":0,"enemies":"Exordium Wildlife","floor":14,"turns":1},{"damage":41,"enemies":"Hexaghost","floor":16,"turns":8},{"damage":37,"enemies":"Shell Parasite","floor":18,"turns":7},{"damage":28,"enemies":"3 Byrds","floor":19,"turns":6},{"damage":19,"enemies":"Centurion and Healer","floor":22,"turns":7},{"damage":34,"enemies":"Book of Stabbing","floor":24,"turns":7},{"damage":19,"enemies":"Snake Plant","floor":29,"turns":3},{"damage":2,"enemies":"Chosen and Byrds","floor":31,"turns":4},{"damage":51,"enemies":"Automaton","floor":33,"turns":11},{"damage":4,"enemies":"3 Shapes","floor":35,"turns":4},{"damage":9,"enemies":"3 Darklings","floor":36,"turns":5},{"damage":12,"enemies":"Maw","floor":38,"turns":8},{"damage":83,"enemies":"Transient","floor":41,"turns":5}],"seed_played":"-8521736518008336826","potions_obtained":[{"floor":4,"key":"SneckoOil"},{"floor":5,"key":"Fire Potion"},{"floor":11,"key":"Strength Potion"},{"floor":19,"key":"ElixirPotion"},{"floor":29,"key":"Swift Potion"},{"floor":31,"key":"Energy Potion"},{"floor":35,"key":"LiquidBronze"}],"is_trial":false,"path_per_floor":["M","?","?","M","M","E","R","?","T","R","M","T","R","M","R","B",null,"M","M","?","T","M","R","E","R","T","$","R","M","?","M","R","B",null,"M","M","$","M","?","R","M"],"character_chosen":"IRONCLAD","items_purchased":["HornCleat","Ice Cream","Fire Breathing"],"campfire_rested":5,"item_purchase_floors":[27,37,37],"current_hp_per_floor":[80,60,60,59,64,34,34,39,39,64,63,63,63,69,69,34,85,54,32,32,32,19,44,16,41,41,41,66,53,53,57,82,37,85,85,82,82,76,65,65,0,0],"gold":18,"neow_bonus":"RANDOM_COMMON_RELIC","is_daily":false,"chose_seed":false,"campfire_upgraded":4,"win_rate":0.0,"timestamp":1610663124,"path_taken":["M","?","?","M","M","E","R","?","T","R","M","?","R","M","R","BOSS","M","?","?","?","M","R","E","R","T","?","R","M","?","M","R","BOSS","M","M","$","M","?","R","M"],"items_purchased_type":["Relic","Relic","Card"],"build_version":"2020-12-22","purchased_purges":1,"victory":false,"max_hp_per_floor":[80,80,80,80,80,80,80,85,85,85,85,85,85,85,85,85,85,85,85,85,85,85,85,85,85,85,85,85,85,85,85,85,85,85,85,85,85,85,85,85,85,85],"card_choices":[{"not_picked":["Cleave","Body Slam"],"picked":"Thunderclap","floor":1},{"not_picked":["Pommel Strike","Warcry"],"picked":"Fire Breathing","floor":4},{"not_picked":["Perfected Strike","Second Wind"],"picked":"Armaments","floor":5},{"not_picked":["Spot Weakness","Clash"],"picked":"Berserk","floor":6},{"not_picked":["Perfected Strike","Searing Blow"],"picked":"Wild Strike","floor":11},{"not_picked":["Heavy Blade","Twin Strike"],"picked":"Seeing Red","floor":14},{"not_picked":["Reaper","Fiend Fire"],"picked":"Impervious","floor":16},{"not_picked":["Perfected Strike+1","Clothesline+1"],"picked":"Power Through","floor":18},{"not_picked":["Pummel+1","Rupture"],"picked":"Iron Wave","floor":19},{"not_picked":["Body Slam","Warcry"],"picked":"Iron Wave","floor":22},{"not_picked":["Flex","True Grit"],"picked":"Rage+1","floor":24},{"not_picked":["Headbutt","Fiend Fire"],"picked":"Flame Barrier","floor":29},{"not_picked":["Thunderclap","Armaments"],"picked":"Blood for Blood+1","floor":31},{"not_picked":["Brutality","Bludgeon"],"picked":"Barricade","floor":33},{"not_picked":["Disarm","Seeing Red+1","Twin Strike"],"picked":"SKIP","floor":35},{"not_picked":["Sword Boomerang+1","Thunderclap+1"],"picked":"Ghostly Armor","floor":36},{"not_picked":["Carnage+1","Body Slam+1"],"picked":"Flame Barrier+1","floor":38}],"player_experience":338416,"relics_obtained":[{"floor":6,"key":"Ornamental Fan"},{"floor":9,"key":"Lantern"},{"floor":12,"key":"Gremlin Horn"},{"floor":21,"key":"Mercury Hourglass"},{"floor":24,"key":"Akabeko"},{"floor":26,"key":"Bronze Scales"}],"event_choices":[{"damage_healed":0,"gold_gain":0,"player_choice":"Take Damage","damage_taken":20,"relics_obtained":["Golden Idol"],"max_hp_gain":0,"max_hp_loss":0,"event_name":"Golden Idol","floor":2,"gold_loss":0},{"damage_healed":0,"gold_gain":0,"cards_transformed":["Strike_R"],"player_choice":"Change","damage_taken":0,"max_hp_gain":0,"max_hp_loss":0,"event_name":"Living Wall","floor":3,"gold_loss":0,"cards_obtained":["Evolve"]},{"damage_healed":0,"gold_gain":0,"player_choice":"Donut","damage_taken":0,"max_hp_gain":5,"max_hp_loss":0,"event_name":"Big Fish","floor":8,"gold_loss":0},{"cards_removed":["Strike_R"],"damage_healed":0,"gold_gain":0,"player_choice":"Gave Gold","damage_taken":0,"max_hp_gain":0,"max_hp_loss":0,"event_name":"Beggar","floor":20,"gold_loss":75},{"damage_healed":0,"gold_gain":99,"player_choice":"Stole From Cult","damage_taken":0,"max_hp_gain":0,"max_hp_loss":0,"event_name":"Nest","floor":30,"gold_loss":0},{"damage_healed":0,"gold_gain":0,"player_choice":"Embrace Madness","damage_taken":11,"max_hp_gain":0,"max_hp_loss":0,"event_name":"Winding Halls","floor":39,"gold_loss":0,"cards_obtained":["Madness","Madness"]}],"is_beta":false,"boss_relics":[{"not_picked":["Philosopher\u0027s Stone","Coffee Dripper","Empty Cage"]},{"not_picked":["Runic Pyramid","Pandora\u0027s Box"],"picked":"Mark of Pain"}],"items_purged_floors":[27],"is_endless":false,"potions_floor_spawned":[4,5,11,19,29,31,35],"killed_by":"Transient","ascension_level":3}}