{"host":"n7mxhpjy89lltbhc","time":1610617126,"event":{"mods":["2.2 Compatiblity","Act Like it!","Bard","BaseMod","Better Match","Better Sensory Stone","Better Synergies","Better Vampires","BetterRewards","Colored Map","Colored Powertips","Downfall","Exacting","Gensokyo","Hubris","Infinite Spire","Jedi Mod","Marisa????????","Minty Spire (QoL Compilation)","Permanent Neow","Rare Cards Sparkle","Relic Sorter","Relic Stats","Replay The Spire","Shop Mod","Small Relic Pack","Spicy Shops","StSLib","Strawberry Spire","Td1madao Mod","The Blue Laboratory","The Marked","The Servant 0.9.4","Waifu the Spire","Wandering Minibosses"],"gold_per_floor":[34,34,34,34,97,97,142,142],"floor_reached":7,"language":"ENG","playtime":205,"items_purged":[],"score":78,"play_id":"5d81996e-b134-4e43-ab4e-5321bc1c7a66","local_time":"25640114163846","is_ascension_mode":true,"campfire_choices":[{"data":"strawberrySpire:Flashback","floor":6,"key":"SMITH"}],"circlet_count":0,"master_deck":["AscendersBane","Strike_S","Strike_S","Strike_S","Strike_S","Defend_S","Defend_S","Defend_S","Defend_S","KidneyShot","Exchange","strawberrySpire:Flashback","CommonCold","Ricochet"],"relics":["Uniform","ReplayTheSpireMod:Ring of Challenge"],"acts_visited":["Exordium"],"potions_floor_usage":[7],"damage_taken":[{"damage":13.0,"enemies":"Jaw Worm","floor":1.0,"turns":5.0},{"damage":15,"enemies":"Small Slimes","floor":5,"turns":7},{"damage":24,"enemies":"Lagavulin","floor":7,"turns":9}],"seed_played":"2804751339469395806","potions_obtained":[{"floor":1.0,"key":"SteroidPotion"}],"is_trial":false,"path_per_floor":["M","?","?","$","M","R","E"],"character_chosen":"THE_SERVANT","items_purchased":[],"campfire_rested":0,"item_purchase_floors":[],"current_hp_per_floor":[41,41,41,41,26,26,2,2],"gold":142,"neow_bonus":"RANDOM_COLORLESS_2","is_daily":false,"chose_seed":false,"campfire_upgraded":1,"win_rate":0.0,"timestamp":1610617126,"path_taken":["M","?","?","?","M","R","E"],"items_purchased_type":[],"build_version":"2020-12-22","purchased_purges":0,"victory":false,"max_hp_per_floor":[60,60,60,60,60,60,60,60],"relic_stats":{"counters":[3,21],"obtain_stats":[{"Uniform":0,"ReplayTheSpireMod:Ring of Challenge":3},{"Uniform":0,"ReplayTheSpireMod:Ring of Challenge":1},{"Uniform":0,"ReplayTheSpireMod:Ring of Challenge":5}]},"card_choices":[{"not_picked":["Magnetism","strawberrySpire:Neurons"],"picked":"strawberrySpire:Flashback","floor":0.0},{"not_picked":["Replace","DoubleEdge","Alleviate"],"picked":"SKIP","floor":1.0},{"not_picked":["RealityMarble","FastForward"],"picked":"Ricochet","floor":5}],"player_experience":1080441,"relics_obtained":[{"floor":3.0,"key":"ReplayTheSpireMod:Ring of Challenge"}],"event_choices":[],"is_beta":false,"boss_relics":[],"items_purged_floors":[],"is_endless":false,"potions_floor_spawned":[1],"killed_by":"Lagavulin","ascension_level":20}}