{"host":"qqgw5gp46oujbhdl","time":1610660613,"event":{"mods":["Aspiration","Bard","BaseMod","BetterRewards","Downfall","Hermit","Infinite Spire","Jorbs\u0027s Wanderer Trilogy","Minty Spire (QoL Compilation)","Potionbrewer","Robot Space Explorer","Shade Mod","Somnambulant","StSLib","The Cursed","The Death Knight","The Disciple","The Elementalist","The Forsaken","The Hierophant","The Necromancer","The Servant 0.9.4","The Spell Scribe","The Valiant","TheBandit","TheFirefly","Wandering Minibosses"],"gold_per_floor":[118,118,133,147,72,72,98,108,157,157,157,157,157,154,154,154,154],"floor_reached":16,"language":"POL","playtime":1025,"items_purged":["thefirefly:Strike"],"score":98,"play_id":"290a416f-68eb-4698-825e-ca40f8d377f3","local_time":"20210114224333","is_ascension_mode":false,"campfire_choices":[{"data":"thefirefly:Bombardment","floor":6,"key":"SMITH"},{"data":"thefirefly:EMP","floor":10,"key":"SMITH"},{"floor":13,"key":"REST"},{"floor":15,"key":"REST"}],"circlet_count":0,"master_deck":["thefirefly:Strike","thefirefly:Strike","thefirefly:Strike","thefirefly:Defend","thefirefly:Defend","thefirefly:Defend","thefirefly:Defend","thefirefly:StealthMode","thefirefly:PhotonBlast+1","thefirefly:RollBack","thefirefly:Bombardment+1","thefirefly:EMP+1","thefirefly:Preload","thefirefly:FlakCannon","Regret","thefirefly:Teleport+1"],"relics":["thefirefly:StealthSystem","HornCleat","Toxic Egg 2","Odd Mushroom"],"acts_visited":["Exordium"],"potions_floor_usage":[7,7,16],"damage_taken":[{"damage":3,"enemies":"2 Louse","floor":1,"turns":4},{"damage":0,"enemies":"Cultist","floor":3,"turns":3},{"damage":7,"enemies":"Jaw Worm","floor":4,"turns":3},{"damage":22,"enemies":"Gremlin Nob","floor":7,"turns":4},{"damage":0,"enemies":"Lots of Slimes","floor":8,"turns":2},{"damage":21,"enemies":"The Mushroom Lair","floor":14,"turns":6},{"damage":50,"enemies":"Hexaghost","floor":16,"turns":9}],"seed_played":"-2127167071596608476","potions_obtained":[{"floor":4,"key":"potionbrewer:DiscountPotion"},{"floor":7,"key":"Fruit Juice"},{"floor":14,"key":"Energy Potion"}],"is_trial":false,"path_per_floor":["M","?","M","M","$","R","E","M","T","R","?","?","R","?","R","B"],"character_chosen":"THE_FIREFLY","items_purchased":[],"campfire_rested":2,"item_purchase_floors":[],"current_hp_per_floor":[57,57,57,50,50,50,33,33,33,33,33,33,52,31,50,0,0],"gold":154,"neow_bonus":"TEN_PERCENT_HP_BONUS","is_daily":false,"chose_seed":false,"campfire_upgraded":2,"win_rate":0.0,"timestamp":1610660613,"path_taken":["M","?","M","M","$","R","E","M","T","R","?","?","R","?","R","BOSS"],"items_purchased_type":[],"build_version":"2020-12-22","purchased_purges":1,"victory":false,"max_hp_per_floor":[60,60,60,60,60,60,65,65,65,65,65,65,65,65,65,65,65],"card_choices":[{"not_picked":["thefirefly:Flight","thefirefly:ShieldArray"],"picked":"thefirefly:RollBack","floor":1},{"not_picked":["thefirefly:QuantumTunneling","thefirefly:CoveringFire"],"picked":"thefirefly:Bombardment","floor":3},{"not_picked":["thefirefly:ArtillleryBeam","thefirefly:Preload"],"picked":"thefirefly:EMP","floor":4},{"not_picked":["thefirefly:Kugelblitz","thefirefly:ChargedLaser"],"picked":"thefirefly:Preload","floor":7},{"not_picked":["thefirefly:NebulaVeil","thefirefly:RecollectionSubroutine"],"picked":"thefirefly:FlakCannon","floor":8},{"not_picked":["thefirefly:Boost+1","thefirefly:Preload+1"],"picked":"thefirefly:Teleport+1","floor":14}],"player_experience":369744,"relics_obtained":[{"floor":7,"key":"HornCleat"},{"floor":9,"key":"Juzu Bracelet"},{"floor":14,"key":"Odd Mushroom"}],"event_choices":[{"damage_healed":0,"gold_gain":0,"player_choice":"Upgraded","damage_taken":0,"max_hp_gain":0,"max_hp_loss":0,"event_name":"Upgrade Shrine","floor":2,"gold_loss":0,"cards_upgraded":["thefirefly:PhotonBlast"]},{"cards_removed":["Injury"],"damage_healed":0,"gold_gain":0,"player_choice":"Took Card","damage_taken":0,"max_hp_gain":0,"max_hp_loss":0,"event_name":"NoteForYourself","floor":12,"gold_loss":0,"cards_obtained":["Regret"]},{"damage_healed":0,"gold_gain":0,"player_choice":"Fought Mushrooms","damage_taken":0,"max_hp_gain":0,"max_hp_loss":0,"event_name":"Mushrooms","floor":14,"gold_loss":0}],"is_beta":false,"boss_relics":[],"items_purged_floors":[5],"is_endless":false,"potions_floor_spawned":[4,7,14],"killed_by":"Hexaghost","ascension_level":0}}