{"host":"obplhmlw33xb91v8","time":1610630824,"event":{"mods":["BaseMod","Curses Come First","Evolution","Minty Spire (QoL Compilation)","Quick Restart","Relic Stats","Spicy Shops","StSLib","Uncapped","Waifu the Spire","slay the spire mod where everything is the same but ironclad has a cowboy hat"],"gold_per_floor":[109,109,49,59,79,79,98,129,129,129,141,151,186,32,32,127,127,102,122,47,57,75,108,119,152,175,175,175,187,187,218,218,317,317,335,385,396,396,26,26,52,98,166,185,185,185,198,32,32,32,32,32,32,59,59,59],"floor_reached":55,"language":"ENG","playtime":3364,"items_purged":["Pain"],"score":875,"play_id":"67b7d4d6-503a-4577-b781-0842f840634c","local_time":"20210114082704","is_ascension_mode":true,"campfire_choices":[{"data":"Rampage","floor":6,"key":"SMITH"},{"floor":10,"key":"REST"},{"data":"Barricade","floor":15,"key":"SMITH"},{"floor":27,"key":"REST"},{"floor":30,"key":"REST"},{"data":"Flame Barrier","floor":32,"key":"SMITH"},{"data":"Juggernaut","floor":40,"key":"SMITH"},{"floor":49,"key":"RECALL"},{"data":"Apotheosis","floor":52,"key":"SMITH"}],"circlet_count":0,"master_deck":["Iron Wave","Iron Wave","Iron Wave","Iron Wave","Iron Wave","Shrug It Off","Shrug It Off","Bash","Entrench","Rampage+1","Evolve","Shockwave","Barricade+1","Fire Breathing","Shrug It Off","Flame Barrier+1","Demon Form","Disarm+1","Intimidate+1","Pummel+1","Shrug It Off+1","Juggernaut+1","Bloodletting+1","Inflame+1","Thunderclap+1","Limit Break","Apotheosis+1"],"relics":["EVO:Axolotl","Pandora\u0027s Box","Oddly Smooth Stone","TungstenRod","Ginger","Champion Belt","Orichalcum","Velvet Choker","Mercury Hourglass","White Beast Statue","Toy Ornithopter","Pen Nib","SacredBark","Bird Faced Urn","HornCleat","Juzu Bracelet","Paper Frog","Charon\u0027s Ashes","Frozen Egg 2","Nunchaku"],"acts_visited":["Exordium","TheCity","TheBeyond","TheEnding"],"potions_floor_usage":[16,16,23,25,29,33,35,36,41,41,42,44,50,50,55,55],"damage_taken":[{"damage":0,"enemies":"Jaw Worm","floor":1,"turns":4},{"damage":5,"enemies":"Cultist","floor":4,"turns":4},{"damage":10,"enemies":"2 Louse","floor":5,"turns":3},{"damage":5,"enemies":"Blue Slaver","floor":7,"turns":4},{"damage":26,"enemies":"3 Sentries","floor":8,"turns":7},{"damage":1,"enemies":"Large Slime","floor":11,"turns":7},{"damage":3,"enemies":"Looter","floor":12,"turns":4},{"damage":4,"enemies":"Lagavulin","floor":13,"turns":7},{"damage":7,"enemies":"Hexaghost","floor":16,"turns":12},{"damage":23,"enemies":"2 Thieves","floor":18,"turns":5},{"damage":1,"enemies":"Shell Parasite","floor":19,"turns":7},{"damage":0,"enemies":"Cultist and Chosen","floor":21,"turns":8},{"damage":19,"enemies":"Sentry and Sphere","floor":22,"turns":6},{"damage":1,"enemies":"Book of Stabbing","floor":23,"turns":10},{"damage":12,"enemies":"Snake Plant","floor":24,"turns":5},{"damage":12,"enemies":"Gremlin Leader","floor":25,"turns":7},{"damage":0,"enemies":"Centurion and Healer","floor":29,"turns":30},{"damage":11,"enemies":"Slavers","floor":31,"turns":6},{"damage":9,"enemies":"Champ","floor":33,"turns":13},{"damage":0,"enemies":"Orb Walker","floor":35,"turns":6},{"damage":4,"enemies":"Mind Bloom Boss Battle","floor":36,"turns":9},{"damage":29,"enemies":"3 Shapes","floor":37,"turns":5},{"damage":13,"enemies":"Giant Head","floor":41,"turns":9},{"damage":33,"enemies":"2 Orb Walkers","floor":42,"turns":6},{"damage":11,"enemies":"Jaw Worm Horde","floor":44,"turns":6},{"damage":11,"enemies":"Spire Growth","floor":47,"turns":5},{"damage":84,"enemies":"Donu and Deca","floor":50,"turns":11},{"damage":78,"enemies":"Shield and Spear","floor":54,"turns":11},{"damage":24,"enemies":"The Heart","floor":55,"turns":3}],"seed_played":"-3037571843370152831","potions_obtained":[{"floor":4,"key":"SkillPotion"},{"floor":8,"key":"SkillPotion"},{"floor":12,"key":"Block Potion"},{"floor":16,"key":"AttackPotion"},{"floor":18,"key":"SkillPotion"},{"floor":24,"key":"FearPotion"},{"floor":29,"key":"AttackPotion"},{"floor":31,"key":"ColorlessPotion"},{"floor":33,"key":"Block Potion"},{"floor":35,"key":"PowerPotion"},{"floor":36,"key":"LiquidBronze"},{"floor":37,"key":"AttackPotion"},{"floor":41,"key":"SteroidPotion"},{"floor":42,"key":"BloodPotion"},{"floor":44,"key":"Regen Potion"},{"floor":47,"key":"PowerPotion"},{"floor":54,"key":"SkillPotion"}],"is_trial":false,"path_per_floor":["M","?","$","M","M","R","M","E","T","R","M","M","E","$","R","B",null,"M","M","$","M","M","E","M","E","T","R","?","M","R","E","R","B",null,"M","?","M","?","$","R","E","?","T","M","T","?","M","$","R","B",null,"R","$","E","B"],"character_chosen":"IRONCLAD","items_purchased":["Oddly Smooth Stone","Orichalcum","HornCleat","Juzu Bracelet","Block Potion","Apotheosis"],"campfire_rested":3,"item_purchase_floors":[3,14,39,39,39,48],"current_hp_per_floor":[80,80,80,75,65,65,60,34,34,58,57,54,50,50,50,43,80,57,56,56,56,37,36,24,12,12,36,36,41,65,54,54,50,80,80,76,55,55,55,55,62,42,42,76,76,76,71,71,71,51,80,80,80,8,0,0],"gold":59,"neow_bonus":"BOSS_RELIC","is_daily":false,"chose_seed":false,"campfire_upgraded":5,"win_rate":0.0,"timestamp":1610630824,"path_taken":["M","?","$","M","M","R","M","E","T","R","?","M","E","?","R","BOSS","M","M","$","M","M","E","M","E","T","R","?","M","R","E","R","BOSS","M","?","M","?","$","R","E","?","T","M","?","?","M","$","R","BOSS","R","$","E","BOSS"],"items_purchased_type":["Relic","Relic","Relic","Relic","Potion","Card"],"build_version":"2020-12-22","purchased_purges":1,"victory":false,"max_hp_per_floor":[80,80,80,80,80,80,80,80,80,80,80,80,80,80,80,80,80,80,80,80,80,80,80,80,80,80,80,80,80,80,80,80,80,80,80,80,80,80,80,80,80,80,80,80,80,80,80,80,80,80,80,80,80,80,80,80],"relic_stats":{"counters":[29,219],"Pen Nib":[11],"Charon\u0027s Ashes":[85],"Juzu Bracelet":1,"Ginger":[19],"Orichalcum":[12],"Mercury Hourglass":[476],"Nunchaku":[0],"Bird Faced Urn":[66],"Pandora\u0027s Box":["Entrench","Battle Trance"],"Champion Belt":[45],"obtain_stats":[{"SacredBark":34,"Oddly Smooth Stone":3,"Velvet Choker":17,"Pen Nib":31,"Charon\u0027s Ashes":42,"Juzu Bracelet":39,"EVO:Axolotl":0,"Ginger":9,"Orichalcum":14,"Frozen Egg 2":43,"Burning Blood":0,"White Beast Statue":25,"Mercury Hourglass":23,"Nunchaku":54,"HornCleat":39,"Bird Faced Urn":36,"Pandora\u0027s Box":0,"Champion Belt":13,"TungstenRod":8,"Toy Ornithopter":26,"Paper Frog":41},{"SacredBark":19,"Oddly Smooth Stone":1,"Velvet Choker":9,"Pen Nib":18,"Charon\u0027s Ashes":24,"Juzu Bracelet":22,"EVO:Axolotl":0,"Ginger":5,"Orichalcum":8,"Frozen Egg 2":24,"Burning Blood":0,"White Beast Statue":16,"Mercury Hourglass":14,"Nunchaku":28,"HornCleat":22,"Bird Faced Urn":21,"Pandora\u0027s Box":0,"Champion Belt":8,"TungstenRod":5,"Toy Ornithopter":16,"Paper Frog":23},{"SacredBark":148,"Oddly Smooth Stone":4,"Velvet Choker":52,"Pen Nib":135,"Charon\u0027s Ashes":183,"Juzu Bracelet":168,"EVO:Axolotl":0,"Ginger":22,"Orichalcum":40,"Frozen Egg 2":183,"Burning Blood":0,"White Beast Statue":100,"Mercury Hourglass":88,"Nunchaku":216,"HornCleat":168,"Bird Faced Urn":163,"Pandora\u0027s Box":0,"Champion Belt":40,"TungstenRod":22,"Toy Ornithopter":100,"Paper Frog":177}],"TungstenRod":120,"Toy Ornithopter":50},"card_choices":[{"not_picked":["Clothesline","Flex"],"picked":"Rampage","floor":1},{"not_picked":["Anger","Ghostly Armor","Headbutt"],"picked":"SKIP","floor":4},{"not_picked":["True Grit","Headbutt"],"picked":"Evolve","floor":5},{"not_picked":["Havoc","Entrench"],"picked":"Shockwave","floor":7},{"not_picked":["Hemokinesis","Dual Wield"],"picked":"Barricade","floor":8},{"not_picked":["Dual Wield","Hemokinesis"],"picked":"Fire Breathing","floor":11},{"not_picked":["Armaments","Heavy Blade"],"picked":"Shrug It Off","floor":12},{"not_picked":["Sword Boomerang","Fire Breathing"],"picked":"Flame Barrier","floor":13},{"not_picked":["Immolate","Offering"],"picked":"Demon Form","floor":16},{"not_picked":["Sword Boomerang","Heavy Blade","Twin Strike"],"picked":"SKIP","floor":18},{"not_picked":["Iron Wave","Feel No Pain+1"],"picked":"Thunderclap","floor":19},{"not_picked":["Cleave","Second Wind","True Grit"],"picked":"SKIP","floor":21},{"not_picked":["Shrug It Off","Burning Pact"],"picked":"Disarm+1","floor":22},{"not_picked":["Blood for Blood","Flex"],"picked":"Intimidate+1","floor":23},{"not_picked":["Combust","Fiend Fire"],"picked":"Pummel+1","floor":24},{"not_picked":["Intimidate","Armaments"],"picked":"Shrug It Off+1","floor":25},{"not_picked":["Blood for Blood","Reckless Charge","Armaments"],"picked":"SKIP","floor":29},{"not_picked":["Havoc+1","Iron Wave","Combust"],"picked":"SKIP","floor":31},{"not_picked":["Exhume","Double Tap"],"picked":"Juggernaut","floor":33},{"not_picked":["Iron Wave","True Grit"],"picked":"Bloodletting+1","floor":35},{"not_picked":["Searing Blow+1","Sentinel+1"],"picked":"Inflame+1","floor":37},{"not_picked":["Pommel Strike","Shrug It Off"],"picked":"Thunderclap+1","floor":41},{"not_picked":["Cleave+1","Flex"],"picked":"Limit Break","floor":42},{"not_picked":["Flex","Cleave+1","Armaments+1"],"picked":"SKIP","floor":44},{"not_picked":["Rage","Clothesline","Sever Soul"],"picked":"SKIP","floor":47},{"not_picked":["Headbutt+1","Burning Pact","Anger"],"picked":"SKIP","floor":54}],"player_experience":176251,"relics_obtained":[{"floor":8,"key":"TungstenRod"},{"floor":9,"key":"Ginger"},{"floor":13,"key":"Champion Belt"},{"floor":23,"key":"Mercury Hourglass"},{"floor":25,"key":"White Beast Statue"},{"floor":26,"key":"Toy Ornithopter"},{"floor":31,"key":"Pen Nib"},{"floor":36,"key":"Bird Faced Urn"},{"floor":41,"key":"Paper Frog"},{"floor":42,"key":"Charon\u0027s Ashes"},{"floor":43,"key":"Frozen Egg 2"},{"floor":54,"key":"Nunchaku"}],"event_choices":[{"cards_removed":["Battle Trance"],"damage_healed":0,"gold_gain":0,"player_choice":"Offered Uncommon","damage_taken":0,"max_hp_gain":0,"max_hp_loss":0,"event_name":"Bonfire Elementals","floor":2,"gold_loss":0},{"cards_removed":["Thunderclap"],"damage_healed":0,"gold_gain":0,"player_choice":"Elegance","damage_taken":0,"max_hp_gain":0,"max_hp_loss":0,"event_name":"Back to Basics","floor":28,"gold_loss":0},{"damage_healed":0,"gold_gain":0,"player_choice":"Fight","damage_taken":0,"max_hp_gain":0,"max_hp_loss":0,"event_name":"MindBloom","floor":36,"gold_loss":0},{"damage_healed":0,"gold_gain":0,"player_choice":"Ignored","damage_taken":0,"max_hp_gain":0,"max_hp_loss":0,"event_name":"Tomb of Lord Red Mask","floor":38,"gold_loss":0},{"damage_healed":0,"gold_gain":0,"player_choice":"Fight","damage_taken":0,"max_hp_gain":0,"max_hp_loss":0,"event_name":"Mysterious Sphere","floor":42,"gold_loss":0},{"damage_healed":0,"gold_gain":0,"player_choice":"Memory 1","damage_taken":0,"max_hp_gain":0,"max_hp_loss":0,"event_name":"SensoryStone","floor":46,"gold_loss":0}],"is_beta":false,"boss_relics":[{"not_picked":["Calling Bell","Coffee Dripper"],"picked":"Velvet Choker"},{"not_picked":["Empty Cage","Cursed Key"],"picked":"SacredBark"}],"items_purged_floors":[20],"is_endless":false,"potions_floor_spawned":[4,8,12,16,18,24,29,31,33,35,36,37,41,42,44,47,54],"killed_by":"The Heart","ascension_level":3}}