{"host":"9kesdg97wkrx2bva","time":1610605907,"event":{"mods":["AchievementEnabler","BaseMod","Colored Map","Downfall","GifTheSpireLib","Infinite Spire","Minty Spire (QoL Compilation)","Replay The Spire","StSLib"],"gold_per_floor":[114,133,58,58,71,71,101,126,138,170,182,194,226,256,268,357,369,392,458,470,494,521,533,366,366,390,409,253,253,253],"floor_reached":29,"language":"ENG","playtime":995,"items_purged":["Strike_G","Strike_G","Strike_G"],"score":386,"play_id":"74f7137f-2696-4425-83e3-351062c76cf7","local_time":"20210114013147","is_ascension_mode":true,"campfire_choices":[{"data":"Deadly Poison","floor":6,"key":"SMITH"},{"floor":11,"key":"REST"},{"floor":15,"key":"REST"},{"data":"ReplayTheSpireMod:Scrap Shanks","floor":23,"key":"SMITH"},{"data":"Noxious Fumes","floor":25,"key":"SMITH"}],"circlet_count":0,"master_deck":["AscendersBane","Strike_G","Defend_G","Defend_G","Defend_G","Defend_G","Defend_G","Survivor","Neutralize","Dagger Throw","Deadly Poison+1","Bane","infinitespire:Gouge","Sucker Punch","ReplayTheSpireMod:Scrap Shanks+1","ReplayTheSpireMod:Speed Training","Deadly Poison","ReplayTheSpireMod:Speed Training","Footwork","Glass Knife","Infinite Blades","Choke","Crippling Poison","Noxious Fumes+1","ReplayTheSpireMod:Scrap Shanks"],"relics":["Ring of the Snake","MawBank","MealTicket","Mirror","Snecko Scales","Toy Ornithopter","CeramicFish"],"acts_visited":["Exordium","TheCity"],"potions_floor_usage":[7,8,16,16,22,27,29],"damage_taken":[{"damage":4,"enemies":"Jaw Worm","floor":1,"turns":5},{"damage":0,"enemies":"Small Slimes","floor":2,"turns":3},{"damage":0,"enemies":"Cultist","floor":5,"turns":2},{"damage":23,"enemies":"3 Sentries","floor":7,"turns":7},{"damage":15,"enemies":"Exordium Thugs","floor":8,"turns":6},{"damage":0,"enemies":"Large Slime","floor":10,"turns":5},{"damage":1,"enemies":"Exordium Wildlife","floor":13,"turns":4},{"damage":23,"enemies":"Exordium Thugs","floor":14,"turns":4},{"damage":6,"enemies":"Slime Boss","floor":16,"turns":13},{"damage":0,"enemies":"Chosen","floor":18,"turns":3},{"damage":3,"enemies":"3 Byrds","floor":21,"turns":3},{"damage":8,"enemies":"Cultist and Chosen","floor":22,"turns":4},{"damage":11,"enemies":"Snake Plant","floor":27,"turns":4},{"damage":55,"enemies":"Slavers","floor":29,"turns":3}],"seed_played":"1411049455217920008","potions_obtained":[{"floor":1,"key":"Regen Potion"},{"floor":5,"key":"PowerPotion"},{"floor":10,"key":"champ:CounterPotion"},{"floor":13,"key":"EssenceOfSteel"},{"floor":14,"key":"Guardian:BlockOnCardUsePotion"},{"floor":18,"key":"GhostInAJar"},{"floor":19,"key":"Explosive Potion"},{"floor":27,"key":"sneckomod:MuddlingPotion"}],"is_trial":false,"path_per_floor":["M","M","$","?","M","R","E","M","T","M","R","?","M","M","R","B",null,"M","?","?","M","M","R","$","R","T","M","$","E"],"character_chosen":"THE_SILENT","items_purchased":["Noxious Fumes","ReplayTheSpireMod:Scrap Shanks"],"campfire_rested":2,"item_purchase_floors":[24,28],"current_hp_per_floor":[55,55,55,38,38,38,15,14,14,14,33,33,32,9,28,22,55,55,29,29,26,23,23,38,38,38,32,47,0,0],"gold":253,"neow_bonus":"TRANSFORM_CARD","is_daily":false,"chose_seed":false,"campfire_upgraded":3,"win_rate":0.0,"timestamp":1610605907,"path_taken":["M","M","$","?","M","R","E","M","T","M","R","?","M","?","R","BOSS","M","?","?","M","M","R","$","R","T","M","?","E"],"items_purchased_type":["Card","Card"],"build_version":"2020-12-22","purchased_purges":3,"victory":false,"max_hp_per_floor":[66,66,66,66,66,66,66,66,66,66,66,66,66,66,66,66,66,66,66,66,66,66,66,66,66,66,66,66,66,66],"card_choices":[{"not_picked":["Calculated Gamble","Dagger Throw"],"picked":"Deadly Poison","floor":1},{"not_picked":["Endless Agony","ReplayTheSpireMod:Scrap Shanks"],"picked":"Bane","floor":2},{"not_picked":["infinitespire:SevenWalls","ReplayTheSpireMod:Book of Names"],"picked":"infinitespire:Gouge","floor":4},{"not_picked":["Escape Plan","Finisher"],"picked":"Sucker Punch","floor":5},{"not_picked":["Backflip","Grand Finale"],"picked":"ReplayTheSpireMod:Scrap Shanks","floor":7},{"not_picked":["Dagger Spray","Dash"],"picked":"ReplayTheSpireMod:Speed Training","floor":8},{"not_picked":["ReplayTheSpireMod:Shiv Toss","Slice"],"picked":"Deadly Poison","floor":10},{"not_picked":["Backflip","Sneak Up"],"picked":"ReplayTheSpireMod:Speed Training","floor":13},{"not_picked":["Backflip","Dagger Throw"],"picked":"Footwork","floor":14},{"not_picked":["ReplayTheSpireMod:From All Sides","Grand Finale"],"picked":"Glass Knife","floor":16},{"not_picked":["Dagger Spray","Hidden Blade"],"picked":"Infinite Blades","floor":18},{"not_picked":["Bouncing Flask","ReplayTheSpireMod:Exploit Weakness"],"picked":"Choke","floor":19},{"not_picked":["Choke+1","PiercingWail"],"picked":"Crippling Poison","floor":21},{"not_picked":["Flying Knee","Escape Plan","Bane"],"picked":"SKIP","floor":22},{"not_picked":["Blade Dance","Malaise","Deflect"],"picked":"SKIP","floor":27}],"player_experience":930070,"relics_obtained":[{"floor":7,"key":"MawBank"},{"floor":9,"key":"MealTicket"},{"floor":19,"key":"Toy Ornithopter"},{"floor":26,"key":"CeramicFish"}],"event_choices":[{"damage_healed":0,"gold_gain":0,"player_choice":"Gave Potion","damage_taken":0,"relics_obtained":["Mirror"],"max_hp_gain":0,"max_hp_loss":0,"event_name":"WeMeetAgain","floor":12,"gold_loss":0},{"damage_healed":0,"gold_gain":0,"player_choice":"Ignored","damage_taken":0,"max_hp_gain":0,"max_hp_loss":0,"event_name":"Cursed Tome","floor":20,"gold_loss":0}],"is_beta":false,"boss_relics":[{"not_picked":["Painkiller Herb","Busted Crown"],"picked":"Snecko Scales"}],"items_purged_floors":[3,24,28],"is_endless":false,"potions_floor_spawned":[1,5,10,13,14,18,27],"killed_by":"Slavers","ascension_level":14}}