{"host":"yzi164syo8zv6plh","time":1610633178,"event":{"mods":["Arknights The Spire","BaseMod","Minty Spire (QoL Compilation)","StSLib"],"gold_per_floor":[110,110,285,285,285,314,314,169,169,169,185,85,85,120,120,220,220,230,250,263,188,188,188,63,82,130,159,172,202,202,230,230,330,330,342,356,206,206,226,258,272,272,272],"floor_reached":42,"language":"ZHS","playtime":2023,"items_purged":["Doubt","ats:Strike V","ats:Defend","ats:Defend"],"score":517,"play_id":"f2952464-0403-4c51-8608-972c806f9b46","local_time":"20210114220618","is_ascension_mode":false,"campfire_choices":[{"data":"ats:Emotion Absorption","floor":7.0,"key":"SMITH"},{"data":"ats:Hook Shot","floor":10.0,"key":"SMITH"},{"data":"ats:Armor Crushing Shot","floor":15.0,"key":"SMITH"},{"data":"ats:Echo Reverb","floor":23.0,"key":"SMITH"},{"data":"ats:Rat Pack","floor":32.0,"key":"SMITH"}],"circlet_count":0,"master_deck":["ats:Strike S+1","ats:Armor Crushing Shot+1","ats:Defend","ats:Defend+1","ats:Emotion Absorption+1","ats:Hammer On+1","ats:Hook Shot+1","ats:Composite Medical Shells","ats:Curse Doll","ats:Powerful Strike","ats:Echo Reverb+1","ats:Explosion Area Strengthen+1","ats:Revitalization","ats:Apocalypse","ats:Rat Pack+1","ats:Part Time Job+1","ats:Red Shift+1","ats:Disruption Kick"],"relics":["ats:Sanity","Strawberry","Matryoshka","ats:Originium","Kunai","Shuriken","Sozu","PreservedInsect","Anchor","Frozen Egg 2","ats:Rhine Circuitry","Nloth\u0027s Gift","Bag of Preparation","Black Star","Boot","ats:Hidden Killer"],"acts_visited":["Exordium","TheCity","TheBeyond"],"potions_floor_usage":[],"damage_taken":[{"damage":2.0,"enemies":"Small Slimes","floor":1.0,"turns":4.0},{"damage":14.0,"enemies":"Gremlin Nob","floor":6.0,"turns":4.0},{"damage":0.0,"enemies":"Jaw Worm","floor":11.0,"turns":3.0},{"damage":6.0,"enemies":"Lagavulin","floor":14.0,"turns":5.0},{"damage":3.0,"enemies":"The Guardian","floor":16.0,"turns":13.0},{"damage":12.0,"enemies":"2 Thieves","floor":18.0,"turns":4.0},{"damage":11.0,"enemies":"3 Byrds","floor":19.0,"turns":5.0},{"damage":0.0,"enemies":"Centurion and Healer","floor":20.0,"turns":5.0},{"damage":1.0,"enemies":"3 Cultists","floor":25.0,"turns":4.0},{"damage":42.0,"enemies":"Gremlin Leader","floor":27.0,"turns":7.0},{"damage":8.0,"enemies":"Sentry and Sphere","floor":28.0,"turns":4.0},{"damage":19.0,"enemies":"Book of Stabbing","floor":29.0,"turns":6.0},{"damage":0.0,"enemies":"Gremlin Leader","floor":31.0,"turns":6.0},{"damage":42.0,"enemies":"Automaton","floor":33.0,"turns":9.0},{"damage":0.0,"enemies":"Orb Walker","floor":35.0,"turns":2.0},{"damage":8.0,"enemies":"3 Shapes","floor":36.0,"turns":6.0},{"damage":42.0,"enemies":"3 Darklings","floor":39.0,"turns":6.0},{"damage":57.0,"enemies":"Reptomancer","floor":40.0,"turns":6.0},{"damage":8,"enemies":"Sphere and 2 Shapes","floor":41,"turns":5},{"damage":5,"enemies":"Nemesis","floor":42,"turns":2}],"seed_played":"-1728773490930852454","potions_obtained":[{"floor":6.0,"key":"SteroidPotion"},{"floor":11.0,"key":"ColorlessPotion"},{"floor":16.0,"key":"Regen Potion"}],"is_trial":false,"path_per_floor":["M","?","?","?","?","E","R","$","T","R","M","$","?","E","R","B",null,"M","M","M","?","?","R","$","M","T","E","M","E","?","E","R","B",null,"M","M","$","?","M","E","M","E"],"character_chosen":"DOCTOR_CLASS","items_purchased":["ats:Composite Medical Shells"],"campfire_rested":0,"item_purchase_floors":[8],"current_hp_per_floor":[77,61,61,43,43,29,29,29,29,29,29,29,22,21,21,18,79,67,56,56,56,56,56,56,57,57,54,46,39,39,58,58,50,79,79,75,75,75,47,5,4,0,0],"gold":272,"neow_bonus":"RANDOM_COMMON_RELIC","is_daily":false,"chose_seed":false,"campfire_upgraded":5,"win_rate":0.0,"timestamp":1610633178,"path_taken":["M","?","?","?","?","E","R","$","T","R","?","$","?","E","R","BOSS","M","M","M","?","?","R","$","M","T","E","?","E","?","E","R","BOSS","M","M","?","?","M","E","M","E"],"items_purchased_type":["Card"],"build_version":"2020-12-22","purchased_purges":4,"victory":false,"max_hp_per_floor":[79,79,79,79,79,79,79,79,79,79,79,79,79,79,79,79,79,79,79,79,79,79,79,79,79,79,79,79,79,79,79,79,79,79,79,79,79,79,79,79,79,79,79],"card_choices":[{"not_picked":["ats:Charging Defense","ats:Explosion Area Strengthen"],"picked":"ats:Hammer On","floor":1.0},{"not_picked":["ats:Demon Strength","ats:True Silver Slash"],"picked":"ats:Hook Shot","floor":6.0},{"not_picked":["ats:Shell Defense","ats:Automatic Cover"],"picked":"ats:Curse Doll","floor":11.0},{"not_picked":["ats:Collapsing Strike","ats:Cat Scratch"],"picked":"ats:Powerful Strike","floor":14.0},{"not_picked":["ats:Dogmatic Field","ats:Ambush"],"picked":"ats:Echo Reverb","floor":16.0},{"not_picked":["ats:Leaping Hammer+1","ats:Hammer On+1"],"picked":"ats:Explosion Area Strengthen+1","floor":18.0},{"not_picked":["ats:Shadow Raid","ats:Encircling Forest+1","ats:Hook Shot"],"picked":"SKIP","floor":19.0},{"not_picked":["ats:Leaping Hammer","ats:Encircling Forest+1"],"picked":"ats:Revitalization","floor":20.0},{"not_picked":["ats:Closed Bolt Burst Fire","ats:Shell Defense+1"],"picked":"ats:Apocalypse","floor":25.0},{"not_picked":["ats:Leaping Hammer","ats:Mental Burst"],"picked":"ats:Rat Pack","floor":27.0},{"not_picked":["ats:Overload","ats:Explosion Area Strengthen"],"picked":"ats:Part Time Job+1","floor":28.0},{"not_picked":["ats:Demon Strength+1","ats:Explosion Area Strengthen","ats:Blood Oath"],"picked":"SKIP","floor":29.0},{"not_picked":["ats:Sword Rain","ats:Consecutive Shot Auto"],"picked":"ats:Red Shift+1","floor":31.0},{"not_picked":["ats:Volcano","ats:Nebulous Foxfire"],"picked":"ats:Disruption Kick","floor":33.0},{"not_picked":["ats:Sword Rain","ats:Assault Order+1","ats:Explosion Area Strengthen+1"],"picked":"SKIP","floor":35.0},{"not_picked":["ats:Shadow Assault","ats:Childhood Dance+1","ats:Fractured Body"],"picked":"SKIP","floor":36.0},{"not_picked":["ats:Childhood Dance","ats:Chain Hook","ats:Explosion Area Strengthen"],"picked":"SKIP","floor":39.0},{"not_picked":["ats:Apocalypse","ats:Shadow Assault","ats:Burning Ground+1"],"picked":"SKIP","floor":40.0},{"not_picked":["ats:Childhood Dance+1","ats:Counter Healing Mode+1","ats:Blood Oath"],"picked":"SKIP","floor":41}],"player_experience":267123,"relics_obtained":[{"floor":6.0,"key":"ats:Originium"},{"floor":6.0,"key":"Toy Ornithopter"},{"floor":9.0,"key":"Kunai"},{"floor":14.0,"key":"ats:Originium"},{"floor":14.0,"key":"Shuriken"},{"floor":26.0,"key":"PreservedInsect"},{"floor":26.0,"key":"Anchor"},{"floor":27.0,"key":"ats:Originium"},{"floor":27.0,"key":"Frozen Egg 2"},{"floor":29.0,"key":"ats:Rhine Circuitry"},{"floor":31.0,"key":"Bag of Preparation"},{"floor":40.0,"key":"Boot"},{"floor":40.0,"key":"ats:Hidden Killer"}],"event_choices":[{"damage_healed":0.0,"max_hp_gain":0.0,"max_hp_loss":0.0,"gold_gain":0.0,"event_name":"Shining Light","player_choice":"Entered Light","floor":2.0,"gold_loss":0.0,"damage_taken":16.0,"cards_upgraded":["ats:Strike S","ats:Defend"]},{"damage_healed":0.0,"max_hp_gain":0.0,"max_hp_loss":0.0,"gold_gain":175.0,"event_name":"Liars Game","player_choice":"AGREE","floor":3.0,"gold_loss":0.0,"damage_taken":0.0,"cards_obtained":["Doubt"]},{"damage_healed":0.0,"max_hp_gain":0.0,"max_hp_loss":0.0,"gold_gain":0.0,"event_name":"Scrap Ooze","player_choice":"Success","floor":4.0,"gold_loss":0.0,"damage_taken":18.0,"relics_obtained":["Matryoshka"]},{"damage_healed":0.0,"max_hp_gain":0.0,"max_hp_loss":0.0,"gold_gain":0.0,"event_name":"Upgrade Shrine","player_choice":"Upgraded","floor":5.0,"gold_loss":0.0,"damage_taken":0.0,"cards_upgraded":["ats:Hammer On"]},{"cards_removed":["ats:Strike G"],"damage_healed":0.0,"max_hp_gain":0.0,"max_hp_loss":0.0,"gold_gain":0.0,"event_name":"Golden Wing","player_choice":"Card Removal","floor":13.0,"gold_loss":0.0,"damage_taken":7.0},{"cards_removed":["ats:Strike C"],"damage_healed":0.0,"max_hp_gain":0.0,"max_hp_loss":0.0,"gold_gain":0.0,"event_name":"Beggar","player_choice":"Gave Gold","floor":21.0,"gold_loss":75.0,"damage_taken":0.0},{"damage_healed":0.0,"max_hp_gain":0.0,"max_hp_loss":0.0,"gold_gain":0.0,"event_name":"Lab","player_choice":"Got Potions","floor":22.0,"gold_loss":0.0,"damage_taken":0.0},{"damage_healed":0.0,"max_hp_gain":0.0,"max_hp_loss":0.0,"gold_gain":0.0,"event_name":"N\u0027loth","player_choice":"Traded Relic","floor":30.0,"relics_lost":["Toy Ornithopter"],"gold_loss":0.0,"damage_taken":0.0,"relics_obtained":["Nloth\u0027s Gift"]},{"damage_healed":0.0,"max_hp_gain":0.0,"max_hp_loss":0.0,"gold_gain":0.0,"event_name":"Tomb of Lord Red Mask","player_choice":"Ignored","floor":38.0,"gold_loss":0.0,"damage_taken":0.0}],"is_beta":false,"boss_relics":[{"not_picked":["Tiny House","Runic Dome"],"picked":"Sozu"},{"not_picked":["Velvet Choker","Fusion Hammer"],"picked":"Black Star"}],"items_purged_floors":[8,12,24,37],"is_endless":false,"potions_floor_spawned":[6,11,16,19,20,29,31,39,41],"killed_by":"Nemesis","ascension_level":0}}