{"host":"ELF","time":1610656073,"event":{"mods":["BaseMod","Minty Spire (QoL Compilation)"],"gold_per_floor":[112,37,37,54,71,71,98,18,18,18,18,28,28,28,28,103,103,121,139,139,139],"floor_reached":20,"language":"ENG","playtime":579,"items_purged":[],"score":444,"play_id":"86e5479a-41f6-44bc-aae7-e9fef174ffff","local_time":"20210114142753","is_ascension_mode":true,"campfire_choices":[{"data":"Phantasmal Killer","floor":6,"key":"SMITH"},{"data":"Noxious Fumes","floor":10,"key":"SMITH"},{"floor":13,"key":"REST"},{"floor":15,"key":"REST"}],"circlet_count":0,"master_deck":["AscendersBane","Strike_G","Strike_G","Strike_G","Defend_G","Defend_G","Defend_G","Defend_G","Defend_G+1","Survivor","Neutralize+1","Dagger Throw","Terror","Predator","Phantasmal Killer+1","Riddle With Holes","Noxious Fumes+1","Bane","Wraith Form v2","PiercingWail","Backflip+1"],"relics":["Philosopher\u0027s Stone","Anchor","Singing Bowl","Pear","SlaversCollar"],"acts_visited":["Exordium","TheCity"],"potions_floor_usage":[20,20],"damage_taken":[{"damage":0,"enemies":"2 Louse","floor":1,"turns":4},{"damage":5,"enemies":"Jaw Worm","floor":4,"turns":5},{"damage":0,"enemies":"Cultist","floor":5,"turns":3},{"damage":21,"enemies":"Lagavulin","floor":7,"turns":4},{"damage":0,"enemies":"2 Fungi Beasts","floor":12,"turns":2},{"damage":0,"enemies":"Slime Boss","floor":16,"turns":7},{"damage":20,"enemies":"Spheric Guardian","floor":18,"turns":4},{"damage":1,"enemies":"Shell Parasite","floor":19,"turns":4},{"damage":65,"enemies":"Masked Bandits","floor":20,"turns":4}],"seed_played":"-3571887049293522926","potions_obtained":[{"floor":5,"key":"SkillPotion"},{"floor":7,"key":"Regen Potion"},{"floor":12,"key":"PowerPotion"}],"is_trial":false,"path_per_floor":["M","?","?","M","M","R","E","$","T","R","?","M","R","T","R","B",null,"M","M","?"],"character_chosen":"THE_SILENT","items_purchased":["Noxious Fumes"],"campfire_rested":2,"item_purchase_floors":[8],"current_hp_per_floor":[59,59,59,54,54,54,33,33,33,33,13,13,32,42,64,64,73,53,52,0,0],"gold":139,"neow_bonus":"BOSS_RELIC","is_daily":false,"chose_seed":false,"campfire_upgraded":2,"win_rate":0.0,"timestamp":1610656073,"path_taken":["M","?","?","M","?","R","E","$","T","R","?","M","R","?","R","BOSS","M","M","?"],"items_purchased_type":["Card"],"build_version":"2020-12-18","purchased_purges":0,"victory":false,"max_hp_per_floor":[66,66,66,66,66,66,66,66,66,66,66,66,66,76,76,76,76,76,76,76,76],"card_choices":[{"not_picked":["Flying Knee","Bane"],"picked":"Dagger Throw","floor":1},{"not_picked":["Infinite Blades","Bane"],"picked":"Predator","floor":4},{"not_picked":["Heel Hook","Dodge and Roll"],"picked":"Phantasmal Killer","floor":5},{"not_picked":["Outmaneuver","Accuracy"],"picked":"Riddle With Holes","floor":7},{"not_picked":["Infinite Blades","Cloak And Dagger"],"picked":"Bane","floor":12},{"not_picked":["Malaise","Envenom"],"picked":"Wraith Form v2","floor":16},{"not_picked":["Quick Slash","Flying Knee"],"picked":"PiercingWail","floor":18},{"not_picked":["Calculated Gamble","Outmaneuver"],"picked":"Backflip+1","floor":19}],"player_experience":3211808,"relics_obtained":[{"floor":7,"key":"Anchor"},{"floor":9,"key":"Singing Bowl"},{"floor":14,"key":"Pear"}],"event_choices":[{"cards_removed":["Strike_G"],"damage_healed":0,"gold_gain":0,"player_choice":"Card Removal","damage_taken":0,"max_hp_gain":0,"max_hp_loss":0,"event_name":"The Cleric","floor":2,"gold_loss":75},{"damage_healed":0,"gold_gain":0,"cards_transformed":["Strike_G"],"player_choice":"Transformed","damage_taken":0,"max_hp_gain":0,"max_hp_loss":0,"event_name":"Transmorgrifier","floor":3,"gold_loss":0,"cards_obtained":["Terror"]},{"damage_healed":0,"gold_gain":0,"player_choice":"Entered Light","damage_taken":20,"max_hp_gain":0,"max_hp_loss":0,"event_name":"Shining Light","floor":11,"gold_loss":0,"cards_upgraded":["Defend_G","Neutralize"]},{"damage_healed":0,"gold_gain":0,"player_choice":"Fought Bandits","damage_taken":0,"max_hp_gain":0,"max_hp_loss":0,"event_name":"Masked Bandits","floor":20,"gold_loss":0}],"is_beta":true,"boss_relics":[{"not_picked":["Runic Dome","Sozu"],"picked":"SlaversCollar"}],"items_purged_floors":[],"is_endless":false,"potions_floor_spawned":[5,7,12,16,18],"killed_by":"Masked Bandits","ascension_level":20}}