{"host":"x3qmax6e7jj3tga5","time":1610596536,"event":{"mods":["BaseMod","Custom Start","Minty Spire (QoL Compilation)","StSLib"],"gold_per_floor":[367,378,89,105,105,105,119,150,199,216,249,9,9,35,35,131,131,142,161,179,197,210,210,237,237,264,292,312,312,346,363,363,461,461,481,494,539,557,607,638,638,638],"floor_reached":41,"language":"ENG","playtime":3181,"items_purged":["Strike_B"],"score":582,"play_id":"be0051f8-ad5f-475c-845b-f9650eebc0ef","local_time":"20210113215536","is_ascension_mode":true,"campfire_choices":[{"data":"Zap","floor":6,"key":"SMITH"},{"data":"Defragment","floor":13,"key":"SMITH"},{"data":"Fission","floor":15,"key":"SMITH"},{"data":"Echo Form","floor":23,"key":"SMITH"},{"floor":25,"key":"REST"},{"floor":29,"key":"REST"},{"floor":32,"key":"REST"}],"circlet_count":0,"master_deck":["Strike_B","Strike_B","Strike_B","Defend_B","Defend_B","Defend_B","Defend_B","Zap+1","Dualcast","Ball Lightning","Conserve Battery","Echo Form+1","Doom and Gloom","Electrodynamics","Genetic Algorithm","Defragment+1","Cold Snap","Cold Snap","Reboot","Fission+1","Multi-Cast","Amplify","Barrage","Chaos","Hologram","Compile Driver","Glacier+1","Biased Cognition+1","Skim","Glacier","Biased Cognition+1","Double Energy"],"relics":["Cracked Core","ClockworkSouvenir","Sundial","Potion Belt","Orichalcum","Art of War","Snecko Eye","MealTicket","Omamori","Boot","Frozen Egg 2","Runic Pyramid","Lizard Tail","StoneCalendar","WingedGreaves"],"acts_visited":["Exordium","TheCity","TheBeyond"],"potions_floor_usage":[24,27,27,31,33,37,41],"damage_taken":[{"damage":0,"enemies":"Small Slimes","floor":1,"turns":3},{"damage":0,"enemies":"Cultist","floor":2,"turns":3},{"damage":0,"enemies":"2 Louse","floor":4,"turns":3},{"damage":7,"enemies":"Blue Slaver","floor":7,"turns":4},{"damage":14,"enemies":"3 Sentries","floor":8,"turns":4},{"damage":11,"enemies":"Exordium Thugs","floor":10,"turns":4},{"damage":17,"enemies":"Gremlin Nob","floor":11,"turns":4},{"damage":0,"enemies":"Lagavulin","floor":14,"turns":6},{"damage":6,"enemies":"The Guardian","floor":16,"turns":8},{"damage":5,"enemies":"Shell Parasite","floor":18,"turns":7},{"damage":0,"enemies":"3 Byrds","floor":19,"turns":3},{"damage":3,"enemies":"Cultist and Chosen","floor":20,"turns":4},{"damage":25,"enemies":"Snake Plant","floor":21,"turns":6},{"damage":2,"enemies":"Snecko","floor":22,"turns":4},{"damage":17,"enemies":"Gremlin Leader","floor":24,"turns":6},{"damage":32,"enemies":"Slavers","floor":27,"turns":4},{"damage":0,"enemies":"Sentry and Sphere","floor":28,"turns":5},{"damage":12,"enemies":"Book of Stabbing","floor":30,"turns":7},{"damage":0,"enemies":"Centurion and Healer","floor":31,"turns":3},{"damage":45,"enemies":"Champ","floor":33,"turns":15},{"damage":32,"enemies":"3 Shapes","floor":35,"turns":3},{"damage":0,"enemies":"Orb Walker","floor":36,"turns":4},{"damage":24,"enemies":"2 Orb Walkers","floor":37,"turns":5},{"damage":0,"enemies":"Jaw Worm Horde","floor":38,"turns":2},{"damage":0,"enemies":"Mind Bloom Boss Battle","floor":39,"turns":6},{"damage":39,"enemies":"Nemesis","floor":40,"turns":7},{"damage":66,"enemies":"Giant Head","floor":41,"turns":8}],"seed_played":"6604681623608451202","potions_obtained":[{"floor":1,"key":"Explosive Potion"},{"floor":2,"key":"PotionOfCapacity"},{"floor":4,"key":"LiquidMemories"},{"floor":8,"key":"Regen Potion"},{"floor":22,"key":"ColorlessPotion"},{"floor":24,"key":"Weak Potion"},{"floor":28,"key":"Block Potion"},{"floor":33,"key":"Explosive Potion"},{"floor":39,"key":"SkillPotion"},{"floor":40,"key":"AttackPotion"}],"is_trial":false,"path_per_floor":["M","M","$","M","?","R","M","E","T","M","E","$","R","E","R","B",null,"M","M","M","M","M","R","E","R","T","E","M","R","E","M","R","B",null,"M","M","?","M","?","E","E"],"character_chosen":"DEFECT","items_purchased":["ClockworkSouvenir","Echo Form","Reboot","Fission"],"campfire_rested":3,"item_purchase_floors":[3,3,12,12],"current_hp_per_floor":[68,68,68,68,68,68,61,47,47,36,19,19,19,19,19,13,68,63,63,60,35,33,33,30,50,50,18,18,38,26,26,46,1,68,36,36,12,12,12,34,0,0],"gold":638,"neow_bonus":"TWO_FIFTY_GOLD","is_daily":false,"chose_seed":false,"campfire_upgraded":4,"win_rate":0.0,"timestamp":1610596536,"path_taken":["M","M","$","M","?","R","M","E","T","M","E","$","R","E","R","BOSS","M","M","?","M","M","R","E","R","T","E","M","R","E","M","R","BOSS","M","M","?","M","?","E","E"],"items_purchased_type":["Relic","Card","Card","Card"],"build_version":"2020-12-22","purchased_purges":1,"victory":false,"max_hp_per_floor":[68,68,68,68,68,68,68,68,68,68,68,68,68,68,68,68,68,68,68,68,68,68,68,68,68,68,68,68,68,68,68,68,68,68,68,68,68,68,68,68,68,68],"card_choices":[{"not_picked":["Hello World","Compile Driver"],"picked":"Ball Lightning","floor":1},{"not_picked":["Recycle","Steam"],"picked":"Conserve Battery","floor":2},{"not_picked":["Go for the Eyes","Streamline"],"picked":"Doom and Gloom","floor":4},{"not_picked":["Hologram","Stack"],"picked":"Genetic Algorithm","floor":7},{"not_picked":["Beam Cell","Redo"],"picked":"Defragment","floor":8},{"not_picked":["Barrage","Go for the Eyes"],"picked":"Cold Snap","floor":10},{"not_picked":["Streamline","Recycle"],"picked":"Cold Snap","floor":11},{"not_picked":["Storm","Sweeping Beam"],"picked":"Multi-Cast","floor":14},{"not_picked":["Machine Learning","Electrodynamics"],"picked":"Amplify","floor":16},{"not_picked":["Redo+1","Rebound+1"],"picked":"Barrage","floor":18},{"not_picked":["Blizzard+1","Steam"],"picked":"Chaos","floor":19},{"not_picked":["Steam","Conserve Battery+1"],"picked":"Hologram","floor":20},{"not_picked":["Multi-Cast","Gash","Doom and Gloom"],"picked":"SKIP","floor":21},{"not_picked":["Chaos","BootSequence","Go for the Eyes"],"picked":"SKIP","floor":22},{"not_picked":["Hologram","Force Field"],"picked":"Compile Driver","floor":24},{"not_picked":["Compile Driver+1","All For One"],"picked":"Glacier+1","floor":27},{"not_picked":["Steam+1","Redo","Cold Snap+1"],"picked":"SKIP","floor":28},{"not_picked":["Hello World+1","Reprogram+1","Leap"],"picked":"SKIP","floor":30},{"not_picked":["Rebound","Sweeping Beam","Thunder Strike"],"picked":"SKIP","floor":31},{"not_picked":["Fission","Thunder Strike"],"picked":"Biased Cognition+1","floor":33},{"not_picked":["Compile Driver","Melter"],"picked":"Skim","floor":35},{"not_picked":["Hologram+1","Streamline"],"picked":"Glacier","floor":36},{"not_picked":["Redo","Blizzard+1"],"picked":"Biased Cognition+1","floor":38},{"not_picked":["Ball Lightning","Defragment+1"],"picked":"Double Energy","floor":39},{"not_picked":["Storm+1","Conserve Battery","Compile Driver+1"],"picked":"SKIP","floor":40}],"player_experience":300650,"relics_obtained":[{"floor":8,"key":"Sundial"},{"floor":9,"key":"Potion Belt"},{"floor":11,"key":"Orichalcum"},{"floor":14,"key":"Art of War"},{"floor":24,"key":"MealTicket"},{"floor":26,"key":"Omamori"},{"floor":27,"key":"Boot"},{"floor":30,"key":"Frozen Egg 2"},{"floor":37,"key":"Lizard Tail"},{"floor":39,"key":"StoneCalendar"},{"floor":40,"key":"WingedGreaves"}],"event_choices":[{"damage_healed":0,"gold_gain":0,"player_choice":"1 cards matched","damage_taken":0,"max_hp_gain":0,"max_hp_loss":0,"event_name":"Match and Keep!","floor":5,"gold_loss":0,"cards_obtained":["Electrodynamics"]},{"damage_healed":0,"gold_gain":0,"player_choice":"Fight","damage_taken":0,"max_hp_gain":0,"max_hp_loss":0,"event_name":"Mysterious Sphere","floor":37,"gold_loss":0},{"damage_healed":0,"gold_gain":0,"player_choice":"Fight","damage_taken":0,"max_hp_gain":0,"max_hp_loss":0,"event_name":"MindBloom","floor":39,"gold_loss":0}],"is_beta":false,"boss_relics":[{"not_picked":["Philosopher\u0027s Stone","Astrolabe"],"picked":"Snecko Eye"},{"not_picked":["Sozu","Nuclear Battery"],"picked":"Runic Pyramid"}],"items_purged_floors":[3],"is_endless":false,"potions_floor_spawned":[1,2,4,8,22,24,28,33,39,40],"killed_by":"Giant Head","ascension_level":1}}