{"host":"y76x98twjnyyxs83","time":1610658241,"event":{"mods":["BaseMod","Colored Powertips","Minty Spire (QoL Compilation)","Permanent Neow","Quick Restart","Rare Cards Sparkle","Relic Stats","StSLib"],"gold_per_floor":[209,221,237,23,42,42,70,70,70,30,40,69,69,79,79,156,156,174,190,201,201,10,38,38,69,69,82,82,99,99,129,129,202,202,212,228,228,239,239,239,269,281,281,281,81,81,81],"floor_reached":46,"language":"ENG","playtime":3068,"items_purged":["Strike_P","Strike_P","Strike_P+1"],"score":1215,"play_id":"e3c2ed41-9f8e-4bdd-83db-fa0ed02b31b3","local_time":"20210115050401","is_ascension_mode":true,"campfire_choices":[{"data":"Consecrate","floor":6.0,"key":"SMITH"},{"data":"CutThroughFate","floor":8.0,"key":"SMITH"},{"data":"CutThroughFate","floor":13.0,"key":"SMITH"},{"data":"Meditate","floor":15.0,"key":"SMITH"},{"data":"Ghostly","floor":24.0,"key":"SMITH"},{"floor":30.0,"key":"REST"},{"floor":32.0,"key":"REST"},{"floor":40.0,"key":"REST"},{"floor":44,"key":"REST"}],"circlet_count":0,"master_deck":["AscendersBane","Defend_P+1","Defend_P+1","Defend_P+1","Eruption","Vigilance+1","BowlingBash","CutThroughFate+1","Consecrate+1","FlurryOfBlows+1","CutThroughFate+1","Meditate+1","LikeWater+1","LessonLearned","Devotion+1","Weave+1","JustLucky+1","WheelKick","Ghostly+1","Ghostly+1","Ghostly+1","LikeWater+1","FlurryOfBlows","JustLucky","Sanctity+1","Worship+1","Worship+1","ThirdEye","DeusExMachina","CutThroughFate+1","EmptyBody+1","Swivel+1","Wallop+1","JustLucky+1","LikeWater+1","Wireheading+1"],"relics":["PureWater","Thread and Needle","Frozen Egg 2","Ornamental Fan","Sozu","Bag of Preparation","GoldenEye","HornCleat","Boot","Astrolabe","Art of War"],"acts_visited":["Exordium","TheCity","TheBeyond"],"potions_floor_usage":[],"damage_taken":[{"damage":5.0,"enemies":"Small Slimes","floor":1.0,"turns":5.0},{"damage":0.0,"enemies":"Cultist","floor":2.0,"turns":2.0},{"damage":0.0,"enemies":"2 Louse","floor":3.0,"turns":2.0},{"damage":8.0,"enemies":"Blue Slaver","floor":5.0,"turns":5.0},{"damage":8.0,"enemies":"Gremlin Nob","floor":7.0,"turns":3.0},{"damage":0.0,"enemies":"3 Louse","floor":11.0,"turns":2.0},{"damage":0.0,"enemies":"Lagavulin","floor":12.0,"turns":3.0},{"damage":2.0,"enemies":"Red Slaver","floor":14.0,"turns":5.0},{"damage":0.0,"enemies":"Hexaghost","floor":16.0,"turns":6.0},{"damage":2.0,"enemies":"Spheric Guardian","floor":18.0,"turns":5.0},{"damage":19.0,"enemies":"2 Thieves","floor":19.0,"turns":4.0},{"damage":11.0,"enemies":"3 Cultists","floor":20.0,"turns":6.0},{"damage":7.0,"enemies":"Slavers","floor":23.0,"turns":4.0},{"damage":4.0,"enemies":"Gremlin Leader","floor":25.0,"turns":6.0},{"damage":0.0,"enemies":"Chosen and Byrds","floor":27.0,"turns":4.0},{"damage":0.0,"enemies":"Cultist and Chosen","floor":29.0,"turns":8.0},{"damage":15.0,"enemies":"Book of Stabbing","floor":31.0,"turns":7.0},{"damage":3.0,"enemies":"Automaton","floor":33.0,"turns":7.0},{"damage":4.0,"enemies":"3 Shapes","floor":35.0,"turns":2.0},{"damage":0.0,"enemies":"3 Darklings","floor":36.0,"turns":5.0},{"damage":12.0,"enemies":"4 Shapes","floor":38.0,"turns":5.0},{"damage":17,"enemies":"Reptomancer","floor":41,"turns":7},{"damage":6,"enemies":"Sphere and 2 Shapes","floor":42,"turns":15},{"damage":14,"enemies":"Jaw Worm Horde","floor":46,"turns":3}],"seed_played":"-545889375507017967","potions_obtained":[{"floor":7.0,"key":"DuplicationPotion"},{"floor":10.0,"key":"SteroidPotion"},{"floor":14.0,"key":"SteroidPotion"},{"floor":16.0,"key":"BlessingOfTheForge"}],"is_trial":false,"path_per_floor":["M","M","M","$","M","R","E","R","T","?","M","E","R","M","R","B",null,"M","M","M","?","$","E","R","E","T","M","?","M","R","E","R","B",null,"M","M","?","M","?","R","E","M","T","R","$","M"],"character_chosen":"WATCHER","items_purchased":["BattleHymn","FlurryOfBlows","LikeWater+1","FlurryOfBlows","Wireheading+1"],"campfire_rested":4,"item_purchase_floors":[4,4,22,22,45],"current_hp_per_floor":[56,56,56,56,48,48,40,40,40,40,40,40,40,38,38,38,61,59,40,29,29,29,22,22,18,18,18,18,18,28,13,23,20,31,27,27,27,15,15,24,7,1,1,10,10,0,0],"gold":81,"neow_bonus":"HUNDRED_GOLD","is_daily":false,"chose_seed":false,"campfire_upgraded":5,"win_rate":0.0,"timestamp":1610658241,"path_taken":["M","M","M","$","M","R","E","R","T","?","M","E","R","M","R","BOSS","M","?","M","?","$","E","R","E","T","M","?","M","R","E","R","BOSS","M","M","?","M","?","R","E","?","T","R","?","M"],"items_purchased_type":["Card","Card","Card","Card","Card"],"build_version":"2020-12-22","purchased_purges":3,"victory":false,"max_hp_per_floor":[68,68,68,68,68,68,68,68,68,68,68,68,68,68,68,68,68,68,68,68,34,34,34,34,34,34,34,34,34,34,34,34,34,34,34,34,32,32,32,32,32,32,32,32,32,32,32],"relic_stats":{"Sozu":5,"counters":[24,121],"Ornamental Fan":[256],"Astrolabe":["CutThroughFate","EmptyBody","Swivel"],"Bag of Preparation":[22],"Art of War":[11],"GoldenEye":[97],"Boot":[22],"obtain_stats":[{"Sozu":17,"HornCleat":26,"Ornamental Fan":12,"Astrolabe":34,"Thread and Needle":7,"Bag of Preparation":23,"Art of War":41,"PureWater":0,"Frozen Egg 2":9,"GoldenEye":25,"Boot":31},{"Sozu":9,"HornCleat":14,"Ornamental Fan":7,"Astrolabe":18,"Thread and Needle":5,"Bag of Preparation":13,"Art of War":22,"PureWater":0,"Frozen Egg 2":5,"GoldenEye":14,"Boot":17},{"Sozu":33,"HornCleat":58,"Ornamental Fan":22,"Astrolabe":84,"Thread and Needle":17,"Bag of Preparation":52,"Art of War":103,"PureWater":0,"Frozen Egg 2":17,"GoldenEye":58,"Boot":77}]},"card_choices":[{"not_picked":["Halt","Consecrate"],"picked":"BowlingBash","floor":1.0},{"not_picked":["Swivel","SashWhip"],"picked":"CutThroughFate","floor":2.0},{"not_picked":["EmptyBody","PathToVictory"],"picked":"Consecrate","floor":3.0},{"not_picked":["Judgement","FlyingSleeves","SashWhip"],"picked":"SKIP","floor":5.0},{"not_picked":["CrushJoints","ForeignInfluence"],"picked":"CutThroughFate","floor":7.0},{"not_picked":["FlurryOfBlows","SashWhip"],"picked":"Meditate","floor":11.0},{"not_picked":["BattleHymn+1","Protect"],"picked":"LikeWater+1","floor":12.0},{"not_picked":["CarveReality","BattleHymn+1"],"picked":"LessonLearned","floor":14.0},{"not_picked":["LessonLearned","DeusExMachina"],"picked":"Devotion+1","floor":16.0},{"not_picked":["Fasting2+1","FearNoEvil"],"picked":"Weave","floor":18.0},{"not_picked":["ForeignInfluence","Protect"],"picked":"JustLucky","floor":19.0},{"not_picked":["Conclude","CarveReality"],"picked":"WheelKick","floor":20.0},{"not_picked":["Evaluate","CarveReality"],"picked":"JustLucky","floor":23.0},{"not_picked":["MentalFortress+1","Judgement"],"picked":"Sanctity","floor":25.0},{"not_picked":["MentalFortress+1","EmptyFist"],"picked":"Worship+1","floor":27.0},{"not_picked":["ReachHeaven+1","Consecrate"],"picked":"Worship+1","floor":29.0},{"not_picked":["Fasting2+1","Halt"],"picked":"ThirdEye","floor":31.0},{"not_picked":["ConjureBlade","Blasphemy"],"picked":"DeusExMachina","floor":33.0},{"not_picked":["FlurryOfBlows","SashWhip+1","ThirdEye"],"picked":"SKIP","floor":35.0},{"not_picked":["Evaluate","EmptyBody+1"],"picked":"Wallop","floor":36.0},{"not_picked":["Adaptation+1","Protect","Perseverance+1"],"picked":"SKIP","floor":38.0},{"not_picked":["Indignation","CrushJoints"],"picked":"JustLucky+1","floor":41},{"not_picked":["Collect+1","CrushJoints"],"picked":"LikeWater+1","floor":42}],"player_experience":1141934,"relics_obtained":[{"floor":7.0,"key":"Thread and Needle"},{"floor":9.0,"key":"Frozen Egg 2"},{"floor":12.0,"key":"Ornamental Fan"},{"floor":23.0,"key":"Bag of Preparation"},{"floor":25.0,"key":"GoldenEye"},{"floor":26.0,"key":"HornCleat"},{"floor":31.0,"key":"Boot"},{"floor":41,"key":"Art of War"}],"event_choices":[{"damage_healed":0.0,"max_hp_gain":0.0,"max_hp_loss":0.0,"gold_gain":0.0,"event_name":"The Woman in Blue","player_choice":"Bought 3 Potions","floor":10.0,"gold_loss":0.0,"damage_taken":0.0},{"damage_healed":0.0,"max_hp_gain":0.0,"max_hp_loss":34.0,"gold_gain":0.0,"event_name":"Ghosts","player_choice":"Became a Ghost","floor":21.0,"gold_loss":0.0,"damage_taken":0.0,"cards_obtained":["Ghostly","Ghostly","Ghostly"]},{"damage_healed":0.0,"max_hp_gain":0.0,"max_hp_loss":0.0,"gold_gain":0.0,"event_name":"The Mausoleum","player_choice":"Ignored","floor":28.0,"gold_loss":0.0,"damage_taken":0.0},{"damage_healed":0.0,"max_hp_gain":0.0,"max_hp_loss":2.0,"gold_gain":0.0,"event_name":"Winding Halls","player_choice":"Max HP","floor":37.0,"gold_loss":0.0,"damage_taken":0.0},{"damage_healed":0.0,"max_hp_gain":0.0,"max_hp_loss":0.0,"gold_gain":0.0,"event_name":"SecretPortal","player_choice":"Ignored","floor":39.0,"gold_loss":0.0,"damage_taken":0.0}],"is_beta":false,"boss_relics":[{"not_picked":["SlaversCollar","Runic Pyramid"],"picked":"Sozu"},{"not_picked":["Empty Cage","Velvet Choker"],"picked":"Astrolabe"}],"items_purged_floors":[4,22,45],"is_endless":false,"potions_floor_spawned":[7,11,14,16,23,25,27,31,38],"killed_by":"Jaw Worm Horde","ascension_level":20}}