{"host":"l84l8xigz5v5foa2","time":1610608205,"event":{"mods":["2.2 Compatiblity","AchievementEnabler","BaseMod","Better Note","Better Vampires","Card Filter","Colored Map","DeckTracker","Downfall","Gremlin Skip","Highlight Path","Keyboard Shortcuts","Minty Spire (QoL Compilation)","Permanent Neow","Quick Restart","Relic Filter","Relic Stats","StSLib","SuperFastMode","Transform Curses","Unknown Chances"],"gold_per_floor":[99,113,126,126,140,140,140,140,153,153,185,196,196,226,246,317,317,242,258,258,270,270,270,270,195,229,229,239,250,250,262,278,278,278,278],"floor_reached":33,"language":"ENG","playtime":2748,"items_purged":[],"score":558,"play_id":"b81bcd46-8cca-47de-867e-6731b93ba7d9","local_time":"20210114161005","is_ascension_mode":true,"campfire_choices":[{"data":"hexamod:Float","floor":1.0,"key":"SMITH"},{"data":"hexamod:CatchUp","floor":8.0,"key":"SMITH"},{"data":"hexamod:RainOfEmbers","floor":10.0,"key":"SMITH"},{"data":"hexamod:ThermalTransfer","floor":13.0,"key":"SMITH"},{"data":"hexamod:InspiringFlames","floor":18.0,"key":"SMITH"},{"floor":23,"key":"RECALL"},{"floor":25,"key":"REST"},{"floor":30,"key":"REST"}],"circlet_count":0,"master_deck":["AscendersBane","hexamod:Strike+1","hexamod:Strike","hexamod:Strike+1","hexamod:Defend+1","hexamod:Defend+1","hexamod:Defend+1","hexamod:Sear+1","hexamod:Float+1","hexamod:ThirdSeal","hexamod:CatchUp+1","hexamod:RainOfEmbers+1","hexamod:ThermalTransfer+1","hexamod:Hexaguard+1","hexamod:HauntingEcho+1","hexamod:AdvancingGuard+1","hexamod:TimeWarp+1","hexamod:InspiringFlames+1","hexamod:Hexaguard+1","hexamod:SixthSeal","hexamod:SixthSeal","hexamod:SpectersWail+1","hexamod:ThermalTransfer+1","hexamod:Float+1","hexamod:ThirdSeal","hexamod:FourthSeal","hexamod:RecurringNightmare+1","hexamod:NightmareGuise+1","hexamod:PowerFromBeyond","hexamod:GhostShield"],"relics":["hexamod:SpiritBrand","Bottled Lightning","hexamod:CandleOfCauterizing","Cursed Key","downfall:HeartBlessingGreen","downfall:RedIOU","downfall:HeartBlessingRed","Calipers"],"acts_visited":["TheCity"],"potions_floor_usage":[26,32,33],"damage_taken":[{"damage":0.0,"enemies":"2 Louse","floor":2.0,"turns":3.0},{"damage":0.0,"enemies":"Jaw Worm","floor":3.0,"turns":3.0},{"damage":0.0,"enemies":"Small Slimes","floor":5.0,"turns":3.0},{"damage":10.0,"enemies":"Lots of Slimes","floor":9.0,"turns":5.0},{"damage":6.0,"enemies":"Gremlin Nob","floor":11.0,"turns":4.0},{"damage":10.0,"enemies":"Gremlin Gang","floor":12.0,"turns":4.0},{"damage":9.0,"enemies":"3 Sentries","floor":14.0,"turns":5.0},{"damage":0.0,"enemies":"3 Louse","floor":15.0,"turns":3.0},{"damage":9.0,"enemies":"downfall:Silent","floor":16.0,"turns":6.0},{"damage":16,"enemies":"Spheric Guardian","floor":19,"turns":4},{"damage":22,"enemies":"Chosen and Byrds","floor":21,"turns":6},{"damage":4,"enemies":"Book of Stabbing","floor":26,"turns":4},{"damage":6,"enemies":"Sentry and Sphere","floor":28,"turns":4},{"damage":6,"enemies":"Snecko","floor":29,"turns":5},{"damage":4,"enemies":"Snake Plant","floor":31,"turns":5},{"damage":12,"enemies":"Cultist and Chosen","floor":32,"turns":7},{"damage":43,"enemies":"downfall:Ironclad","floor":33,"turns":10}],"seed_played":"-4090627353835748933","potions_obtained":[{"floor":3.0,"key":"Regen Potion"},{"floor":11.0,"key":"LiquidBronze"},{"floor":15.0,"key":"Slimebound:ThreeZeroPotion"},{"floor":21,"key":"hexamod:DoubleChargePotion"},{"floor":26,"key":"Swift Potion"},{"floor":31,"key":"SneckoOil"},{"floor":32,"key":"SteroidPotion"}],"is_trial":false,"path_per_floor":["R","M","M","?","M","?","T","R","M","R","E","M","R","E","M","B",null,"R","M","?","M","?","R","T","R","E","?","M","M","R","M","M","B"],"character_chosen":"THE_SPIRIT","items_purchased":[],"campfire_rested":2,"item_purchase_floors":[],"current_hp_per_floor":[42,42,42,42,42,42,42,42,32,32,38,28,28,19,19,10,50,50,34,34,12,12,12,12,30,26,26,20,14,32,28,16,0,0,0],"gold":278,"neow_bonus":"REMOVE_TWO","is_daily":false,"chose_seed":false,"campfire_upgraded":5,"win_rate":0.0,"timestamp":1610608205,"path_taken":["R","M","M","?","M","?","T","R","M","R","E","M","R","E","M","BOSS","R","M","?","M","?","R","T","R","E","?","M","M","R","M","M","BOSS"],"items_purchased_type":[],"build_version":"2020-12-22","purchased_purges":0,"victory":false,"max_hp_per_floor":[63,63,63,63,63,63,63,63,63,63,63,63,63,63,63,63,63,63,63,63,63,63,63,63,63,63,63,63,63,63,63,63,63,63,63],"relic_stats":{"counters":[17,81],"Cursed Key":0,"obtain_stats":[{"Potion Belt":11,"hexamod:CandleOfCauterizing":14,"Calipers":26,"downfall:HeartBlessingRed":25,"downfall:HeartBlessingGreen":18,"downfall:RedIOU":22,"Bottled Lightning":7,"Cursed Key":17,"hexamod:SpiritBrand":0},{"Potion Belt":5,"hexamod:CandleOfCauterizing":7,"Calipers":12,"downfall:HeartBlessingRed":11,"downfall:HeartBlessingGreen":9,"downfall:RedIOU":11,"Bottled Lightning":3,"Cursed Key":9,"hexamod:SpiritBrand":0},{"Potion Belt":18,"hexamod:CandleOfCauterizing":27,"Calipers":50,"downfall:HeartBlessingRed":46,"downfall:HeartBlessingGreen":36,"downfall:RedIOU":46,"Bottled Lightning":9,"Cursed Key":36,"hexamod:SpiritBrand":0}]},"card_choices":[{"not_picked":["hexamod:InspiringFlames","hexamod:BurningTouch"],"picked":"hexamod:ShieldOfDarkness","floor":2.0},{"not_picked":["hexamod:GhostOfSpirePresent","hexamod:Firestarter","hexamod:GhostShield"],"picked":"SKIP","floor":3.0},{"not_picked":["hexamod:SwordOfDarkness","hexamod:HeatMetal"],"picked":"hexamod:CatchUp","floor":5.0},{"not_picked":["hexamod:NightmareStrike","hexamod:InspiringFlames"],"picked":"hexamod:RainOfEmbers","floor":5.0},{"not_picked":["hexamod:GhostLash","hexamod:SwordOfDarkness"],"picked":"hexamod:ThermalTransfer","floor":9.0},{"not_picked":["hexamod:BurningTouch","hexamod:NightmareGuise"],"picked":"hexamod:Hexaguard","floor":9.0},{"not_picked":["hexamod:ChargedBarrage","hexamod:HeatCrush"],"picked":"hexamod:HauntingEcho","floor":11.0},{"not_picked":["hexamod:RadiantFlame","hexamod:InspiringFlames"],"picked":"hexamod:AdvancingGuard","floor":11.0},{"not_picked":["hexamod:Incineration","hexamod:Firestarter"],"picked":"hexamod:TimeWarp","floor":12.0},{"not_picked":["hexamod:CatchUp","hexamod:PhantomCloak","hexamod:RainOfEmbers"],"picked":"SKIP","floor":12.0},{"not_picked":["hexamod:PhantomCloak","hexamod:RainOfEmbers"],"picked":"hexamod:InspiringFlames","floor":14.0},{"not_picked":["hexamod:FlamesFromBeyond","hexamod:HeatShield"],"picked":"hexamod:Hexaguard","floor":15.0},{"not_picked":["hexamod:GhostflameInferno","hexamod:ParanormalForm"],"picked":"hexamod:SixthSeal","floor":16.0},{"not_picked":["hexamod:ApocalypticArmor","hexamod:SearingWound"],"picked":"hexamod:SixthSeal","floor":16.0},{"not_picked":["hexamod:SkipABeat","hexamod:ThermalTransfer"],"picked":"hexamod:SpectersWail","floor":19},{"not_picked":["hexamod:Incineration","hexamod:AdvancingGuard"],"picked":"hexamod:ThermalTransfer","floor":19},{"not_picked":["hexamod:CatchUp","hexamod:InspiringFlames","hexamod:ChargedBarrage+1"],"picked":"SKIP","floor":21},{"not_picked":["hexamod:NightmareStrike+1","hexamod:HauntingEcho","hexamod:BurningTouch"],"picked":"SKIP","floor":21},{"not_picked":["hexamod:UnleashSpirits","hexamod:PhantomFireball","hexamod:ChargedBarrage"],"picked":"SKIP","floor":26},{"not_picked":["hexamod:RainOfEmbers","hexamod:DynamicBlow+1"],"picked":"hexamod:ThirdSeal","floor":28},{"not_picked":["hexamod:ExtraCrispy","hexamod:PowerFromBeyond","hexamod:GhostflameBarrier"],"picked":"SKIP","floor":28},{"not_picked":["hexamod:GhostOfSpireFuture","hexamod:RainOfEmbers"],"picked":"hexamod:FourthSeal","floor":29},{"not_picked":["hexamod:Incineration","hexamod:Hexaguard"],"picked":"hexamod:RecurringNightmare+1","floor":29},{"not_picked":["hexamod:RainOfEmbers","hexamod:SkipABeat"],"picked":"hexamod:NightmareGuise+1","floor":31},{"not_picked":["hexamod:GhostLash","hexamod:Hexaguard","hexamod:BurningTouch"],"picked":"SKIP","floor":31},{"not_picked":["hexamod:GhostflameBarrier","hexamod:ChargedBarrage","hexamod:RainOfEmbers+1"],"picked":"SKIP","floor":31},{"not_picked":["hexamod:NightmareStrike","hexamod:GhostOfSpirePresent"],"picked":"hexamod:PowerFromBeyond","floor":32},{"not_picked":["hexamod:GhostShield","hexamod:SpectersWail","hexamod:RadiantFlame"],"picked":"SKIP","floor":32},{"not_picked":["hexamod:SpectersWail","hexamod:RadiantFlame"],"picked":"hexamod:GhostShield","floor":32}],"player_experience":3182645,"relics_obtained":[{"floor":7.0,"key":"Bottled Lightning"},{"floor":11.0,"key":"Potion Belt"},{"floor":14.0,"key":"hexamod:CandleOfCauterizing"},{"floor":26,"key":"Calipers"}],"event_choices":[{"damage_healed":0,"gold_gain":0,"player_choice":"Copied","damage_taken":0,"max_hp_gain":0,"max_hp_loss":0,"event_name":"Duplicator","floor":27,"gold_loss":0,"cards_obtained":["hexamod:Float"]}],"is_beta":false,"boss_relics":[{"not_picked":["SacredBark","downfall:Hecktoplasm"],"picked":"Cursed Key"}],"items_purged_floors":[],"is_endless":false,"potions_floor_spawned":[3,11,15,21,26],"killed_by":"downfall:Ironclad","ascension_level":20}}