{"host":"lcnwkjlokfwcnxxu","time":1610614481,"event":{"mods":["BaseMod","Colored Map","Duelist Mod","GifTheSpireLib","Minty Spire (QoL Compilation)","Quick Restart","Replay The Spire","StSLib"],"gold_per_floor":[144,65,65,65,80,80,32,61,61,61,61],"floor_reached":10,"language":"ENG","playtime":561,"items_purged":[],"score":64,"play_id":"736e9212-3e9d-40c7-b074-dc07d74ce9d6","local_time":"20210114005441","is_ascension_mode":false,"campfire_choices":[{"data":"theDuelist:SilverDragon","floor":6,"key":"SMITH"}],"circlet_count":0,"master_deck":["theDuelist:Nameless:Power:KamionTimelord","theDuelist:CaveDragon","theDuelist:CastleWalls","theDuelist:Earthquake","theDuelist:LesserDragon","theDuelist:CaveDragon+1","theDuelist:YamataDragon","theDuelist:LesserDragon","theDuelist:Sparks","theDuelist:DragonZombie","theDuelist:BabyDragon","theDuelist:CastleWalls","theDuelist:SilverDragon+1","theDuelist:Sparks","theDuelist:TwinBarrelDragon","theDuelist:RainbowOverdragon"],"relics":["theDuelist:MillenniumPuzzle","theDuelist:CardPoolRelic","theDuelist:CardPoolBasicRelic","theDuelist:BoosterPackPoolRelic","theDuelist:CardPoolAddRelic","theDuelist:CardPoolMinusRelic","theDuelist:CardPoolSaveRelic","theDuelist:CardPoolOptionsRelic","theDuelist:CursedHealer","theDuelist:NamelessHungerRelic","Potion Belt","theDuelist:BoosterPackTrapEgg"],"acts_visited":["Exordium"],"potions_floor_usage":[],"damage_taken":[{"damage":5,"enemies":"Jaw Worm","floor":1,"turns":3},{"damage":9,"enemies":"Small Slimes","floor":5,"turns":2},{"damage":13,"enemies":"Lagavulin","floor":8,"turns":7},{"damage":29,"enemies":"3 Sentries","floor":10,"turns":6}],"seed_played":"-9071391425190319073","potions_obtained":[{"floor":1,"key":"Adrenaline Potion"},{"floor":5,"key":"FocusPotion"}],"is_trial":false,"path_per_floor":["M","$","?","?","M","R","$","E","T","E"],"character_chosen":"THE_DUELIST","items_purchased":["theDuelist:DragonZombie","theDuelist:TwinBarrelDragon"],"campfire_rested":0,"item_purchase_floors":[2,7],"current_hp_per_floor":[75,75,80,70,63,63,63,50,50,21,21],"gold":61,"neow_bonus":"UPGRADE_CARD","is_daily":false,"chose_seed":false,"campfire_upgraded":1,"win_rate":0.0,"timestamp":1610614481,"path_taken":["M","$","?","?","M","R","?","E","T","E"],"items_purchased_type":["Card","Card"],"build_version":"2020-12-22","purchased_purges":0,"victory":false,"max_hp_per_floor":[80,80,80,80,82,82,82,82,82,82,82],"card_choices":[{"not_picked":["theDuelist:MadSwordBeast","theDuelist:Freezadon","theDuelist:CloudianGhost","theDuelist:BackupSoldier"],"picked":"theDuelist:Earthquake","floor":1},{"not_picked":["theDuelist:LesserDragon","theDuelist:BusterDrake","theDuelist:ScrapIronScarecrow","theDuelist:DarkfireDragon"],"picked":"theDuelist:SilverDragon","floor":5},{"not_picked":["theDuelist:BattleguardKing","theDuelist:BigFire","theDuelist:LightningDarts","theDuelist:SmashingGround"],"picked":"theDuelist:RainbowOverdragon","floor":8}],"player_experience":59080,"relics_obtained":[{"floor":8,"key":"Potion Belt"},{"floor":9,"key":"theDuelist:BoosterPackTrapEgg"}],"event_choices":[{"damage_healed":0,"gold_gain":0,"player_choice":"Succumb - +25HP/Cursed Relic","duelist":true,"damage_taken":0,"max_hp_gain":0,"max_hp_loss":0,"event_name":"Tomb of the Nameless","floor":3,"gold_loss":0},{"power_reward":4,"total_magic_score":32,"gold_gain":0,"duelist":true,"damage_taken":10,"relics_obtained":["theDuelist:NamelessHungerRelic"],"points":7,"max_hp_gain":0,"max_hp_loss":0,"spent_points":{"magic":0,"greed":0,"war":0,"power":4,"hunger":3},"event_name":"Nameless Tomb","hunger_reward":3,"floor":4,"gold_loss":0,"cards_obtained":["theDuelist:Nameless:Power:KamionTimelord"]}],"is_beta":false,"boss_relics":[],"items_purged_floors":[],"is_endless":false,"potions_floor_spawned":[1,5],"killed_by":"3 Sentries","ascension_level":0}}