{"host":"u8v3smlhv612t412","time":1610630731,"event":{"mods":["BaseMod","Better Altar","Better Match","Better Note","Better Skull","Better Third Choice","BetterRewards","Colored Powertips","DeckTracker","Minty Spire (QoL Compilation)","Quick Restart","Rare Cards Sparkle","Relic Stats","Spicy Shops","StSLib","slay the spire mod where everything is the same but ironclad has a cowboy hat"],"gold_per_floor":[109,109,127,147,172,172,213,213,213,247,267,267,281,304,304,424,424,448,464,464,464,483,483,483],"floor_reached":23,"language":"ENG","playtime":1131,"items_purged":["Strike_P","Defend_P"],"score":268,"play_id":"41d12d10-c34a-42ef-adf6-76f2c76e4f77","local_time":"20210114082531","is_ascension_mode":true,"campfire_choices":[{"data":"Eruption","floor":6.0,"key":"SMITH"},{"data":"Alpha","floor":8.0,"key":"SMITH"},{"floor":15.0,"key":"REST"}],"circlet_count":0,"master_deck":["Strike_P","Strike_P","Defend_P","Defend_P","Eruption+1","Vigilance","EmptyBody","Halt","InnerPeace","EmptyFist","SashWhip","SandsOfTime","Consecrate","LikeWater","FearNoEvil","FollowUp","ClearTheMind+1","Adaptation","Crescendo","Tantrum","Alpha+1","Study","BowlingBash","SashWhip","Establishment","Judgement","EmptyFist+1","FollowUp","Halt"],"relics":["PureWater","Orrery","ClockworkSouvenir","Golden Idol","The Courier","Mummified Hand","Omamori","Empty Cage","MutagenicStrength"],"acts_visited":["Exordium","TheCity"],"potions_floor_usage":[22],"damage_taken":[{"damage":2.0,"enemies":"Jaw Worm","floor":1.0,"turns":3.0},{"damage":7.0,"enemies":"2 Louse","floor":3.0,"turns":3.0},{"damage":0.0,"enemies":"Cultist","floor":4.0,"turns":2.0},{"damage":11.0,"enemies":"Blue Slaver","floor":5.0,"turns":3.0},{"damage":0.0,"enemies":"Gremlin Nob","floor":7.0,"turns":2.0},{"damage":0.0,"enemies":"Lagavulin","floor":10.0,"turns":5.0},{"damage":0.0,"enemies":"Large Slime","floor":11.0,"turns":3.0},{"damage":16.0,"enemies":"3 Louse","floor":13.0,"turns":3.0},{"damage":0.0,"enemies":"Looter","floor":14.0,"turns":2.0},{"damage":13.0,"enemies":"Slime Boss","floor":16.0,"turns":7.0},{"damage":18.0,"enemies":"2 Thieves","floor":18.0,"turns":4.0},{"damage":0.0,"enemies":"Spheric Guardian","floor":19.0,"turns":2.0},{"damage":22,"enemies":"Centurion and Healer","floor":22,"turns":4},{"damage":27,"enemies":"Book of Stabbing","floor":23,"turns":4}],"seed_played":"-7904024957926213605","potions_obtained":[{"floor":3.0,"key":"Dexterity Potion"},{"floor":5.0,"key":"PowerPotion"},{"floor":13.0,"key":"CultistPotion"},{"floor":16.0,"key":"PowerPotion"},{"floor":18.0,"key":"Strength Potion"}],"is_trial":false,"path_per_floor":["M","?","M","M","M","R","E","R","T","E","M","?","M","M","R","B",null,"M","M","?","?","M","E"],"character_chosen":"WATCHER","items_purchased":["Orrery","SandsOfTime","Consecrate","LikeWater","FearNoEvil","FollowUp","ClockworkSouvenir"],"campfire_rested":1,"item_purchase_floors":[0,0,0,0,0,0,0],"current_hp_per_floor":[38,38,31,31,20,20,20,20,20,20,20,20,4,4,24,11,67,49,49,49,49,27,0,0],"gold":483,"neow_bonus":"","is_daily":false,"chose_seed":false,"campfire_upgraded":2,"win_rate":0.0,"timestamp":1610630731,"path_taken":["M","?","M","M","M","R","E","R","T","E","M","?","M","M","R","BOSS","M","M","?","?","M","E"],"items_purchased_type":["Relic","Card","Card","Card","Card","Card","Relic"],"build_version":"2020-12-22","purchased_purges":2,"victory":false,"max_hp_per_floor":[72,67,67,67,67,67,67,67,67,67,67,67,67,67,67,67,67,67,67,67,67,67,67,67],"relic_stats":{"counters":[106,406],"Golden Idol":76,"Mummified Hand":[25],"obtain_stats":[{"Tiny House":17,"Nilry\u0027s Codex":21,"CeramicFish":0,"Ginger":25,"Sundial":30,"Strawberry":0,"VioletLotus":17,"Kunai":6,"Toxic Egg 2":13,"Pear":7,"Happy Flower":26,"Blue Candle":5,"Astrolabe":34,"Pen Nib":43,"Letter Opener":10,"War Paint":27,"Bottled Flame":7,"MutagenicStrength":21,"Molten Egg 2":0,"Lantern":0,"Torii":0,"SacredBark":34,"Yang":0,"StoneCalendar":26,"Juzu Bracelet":0,"TeardropLocket":9,"Smiling Mask":9,"Ancient Tea Set":0,"Empty Cage":17,"ClockworkSouvenir":0,"Matryoshka":0,"Mummified Hand":0,"WingedGreaves":37,"Red Mask":46,"InkBottle":26,"Golden Idol":4,"PreservedInsect":7,"The Courier":7,"Omamori":19,"Frozen Egg 2":0,"Orichalcum":24,"Anchor":24,"Ornamental Fan":30,"Orrery":0,"Turnip":9,"Art of War":21,"Bag of Marbles":0,"Membership Card":0,"PureWater":0,"TungstenRod":11},{"Tiny House":10,"Nilry\u0027s Codex":64,"CeramicFish":16,"Ginger":30,"Sundial":32,"Strawberry":48,"VioletLotus":25,"Kunai":75,"Toxic Egg 2":8,"Pear":57,"Happy Flower":65,"Blue Candle":19,"Astrolabe":86,"Pen Nib":90,"Letter Opener":7,"War Paint":31,"Bottled Flame":21,"MutagenicStrength":104,"Molten Egg 2":52,"Lantern":0,"Torii":16,"SacredBark":33,"Yang":71,"StoneCalendar":84,"Juzu Bracelet":48,"TeardropLocket":6,"Smiling Mask":47,"Ancient Tea Set":48,"Empty Cage":80,"ClockworkSouvenir":92,"Matryoshka":37,"Mummified Hand":52,"WingedGreaves":88,"Red Mask":90,"InkBottle":30,"Golden Idol":69,"PreservedInsect":41,"The Courier":97,"Omamori":26,"Frozen Egg 2":42,"Orichalcum":65,"Anchor":15,"Ornamental Fan":85,"Orrery":71,"Turnip":76,"Art of War":27,"Bag of Marbles":37,"Membership Card":42,"PureWater":0,"TungstenRod":77},{"Tiny House":38,"Nilry\u0027s Codex":249,"CeramicFish":70,"Ginger":117,"Sundial":125,"Strawberry":192,"VioletLotus":97,"Kunai":286,"Toxic Egg 2":31,"Pear":222,"Happy Flower":255,"Blue Candle":77,"Astrolabe":333,"Pen Nib":351,"Letter Opener":28,"War Paint":121,"Bottled Flame":85,"MutagenicStrength":398,"Molten Egg 2":207,"Lantern":0,"Torii":70,"SacredBark":130,"Yang":273,"StoneCalendar":322,"Juzu Bracelet":192,"TeardropLocket":22,"Smiling Mask":186,"Ancient Tea Set":192,"Empty Cage":305,"ClockworkSouvenir":359,"Matryoshka":143,"Mummified Hand":207,"WingedGreaves":341,"Red Mask":351,"InkBottle":117,"Golden Idol":265,"PreservedInsect":164,"The Courier":372,"Omamori":100,"Frozen Egg 2":166,"Orichalcum":255,"Anchor":65,"Ornamental Fan":326,"Orrery":273,"Turnip":289,"Art of War":103,"Bag of Marbles":143,"Membership Card":166,"PureWater":0,"TungstenRod":294}]},"card_choices":[{"not_picked":["FlyingSleeves","PathToVictory"],"picked":"EmptyBody","floor":0.0},{"not_picked":["Fasting2","Wireheading"],"picked":"Halt","floor":0.0},{"not_picked":["CrushJoints","Halt"],"picked":"InnerPeace","floor":0.0},{"not_picked":["Devotion","Halt"],"picked":"EmptyFist","floor":0.0},{"not_picked":["WindmillStrike","Halt"],"picked":"SashWhip","floor":0.0},{"not_picked":["Conclude","CrushJoints"],"picked":"ClearTheMind","floor":1.0},{"not_picked":["Collect","CutThroughFate"],"picked":"Adaptation","floor":3.0},{"not_picked":["FlurryOfBlows","BowlingBash"],"picked":"Crescendo","floor":4.0},{"not_picked":["ClearTheMind","Crescendo"],"picked":"Tantrum","floor":5.0},{"not_picked":["ForeignInfluence","BowlingBash"],"picked":"Alpha","floor":7.0},{"not_picked":["Swivel","Pray"],"picked":"Study","floor":10.0},{"not_picked":["Weave","Prostrate"],"picked":"BowlingBash","floor":11.0},{"not_picked":["JustLucky","Perseverance"],"picked":"SashWhip","floor":13.0},{"not_picked":["SashWhip","Protect"],"picked":"Establishment","floor":14.0},{"not_picked":["ConjureBlade","Scrawl"],"picked":"Judgement","floor":16.0},{"not_picked":["SashWhip","EmptyBody"],"picked":"EmptyFist+1","floor":18.0},{"not_picked":["Prostrate","Pray"],"picked":"FollowUp","floor":19.0},{"not_picked":["Prostrate","Perseverance"],"picked":"Halt","floor":22}],"player_experience":479707,"relics_obtained":[{"floor":7.0,"key":"The Courier"},{"floor":9.0,"key":"Mummified Hand"},{"floor":10.0,"key":"Omamori"}],"event_choices":[{"damage_healed":0.0,"max_hp_gain":0.0,"max_hp_loss":5.0,"gold_gain":0.0,"event_name":"Golden Idol","player_choice":"Lose Max HP","floor":2.0,"gold_loss":0.0,"damage_taken":0.0,"relics_obtained":["Golden Idol"]},{"damage_healed":0.0,"max_hp_gain":0.0,"max_hp_loss":0.0,"gold_gain":0.0,"event_name":"Upgrade Shrine","player_choice":"Upgraded","floor":12.0,"gold_loss":0.0,"damage_taken":0.0,"cards_upgraded":["ClearTheMind"]},{"damage_healed":0.0,"max_hp_gain":0.0,"max_hp_loss":0.0,"gold_gain":0.0,"event_name":"The Mausoleum","player_choice":"Ignored","floor":20.0,"gold_loss":0.0,"damage_taken":0.0},{"damage_healed":0.0,"max_hp_gain":0.0,"max_hp_loss":0.0,"gold_gain":0.0,"event_name":"Drug Dealer","player_choice":"Inject Mutagens","floor":21.0,"gold_loss":0.0,"damage_taken":0.0,"relics_obtained":["MutagenicStrength"]}],"is_beta":false,"boss_relics":[{"not_picked":["Coffee Dripper","Sozu"],"picked":"Empty Cage"}],"items_purged_floors":[0,0],"is_endless":false,"potions_floor_spawned":[3,5,13,16,18],"killed_by":"Book of Stabbing","ascension_level":1}}