{"host":"ml2ro5l6hu6y0pll","time":1610643678,"event":{"mods":["AchievementEnabler","BaseMod","Colored Map","Colored Powertips","Custom Start","Googly Eyes","Minty Spire (QoL Compilation)","Quick Restart","Rare Cards Sparkle","Relic Stats","StSLib","everything is the same but u backflip on backflip"],"gold_per_floor":[115,115,134,149,165,197,197,232,232,232,243,277,277,47,47,146,146,161,0,12,12,12,12,46,14,14,38,0,25,25,49,49,49,49],"floor_reached":33,"language":"ENG","playtime":1370,"items_purged":[],"score":439,"play_id":"5c925998-0870-4e4d-91ff-77eec3aba1a5","local_time":"20210114170118","is_ascension_mode":true,"campfire_choices":[{"floor":10.0,"key":"REST"},{"data":"Blasphemy","floor":15.0,"key":"SMITH"},{"floor":23.0,"key":"REST"},{"floor":30,"key":"REST"},{"floor":32,"key":"REST"}],"circlet_count":0,"master_deck":["AscendersBane","Strike_P","Defend_P","Defend_P","Defend_P","Defend_P","Eruption","Vigilance","LikeWater","Pray","TalkToTheHand","Consecrate","CutThroughFate","BowlingBash","Devotion","CrushJoints","EmptyBody","Omniscience","FlurryOfBlows","Halt","Blasphemy+1","Wish","ThirdEye","FearNoEvil","TalkToTheHand+1","EmptyMind","Wallop","EmptyFist","DeceiveReality"],"relics":["PureWater","Question Card","Ornamental Fan","Pantograph","Shuriken","Membership Card","Fusion Hammer","HornCleat","CeramicFish","InkBottle","Anchor"],"acts_visited":["Exordium","TheCity"],"potions_floor_usage":[],"damage_taken":[{"damage":2.0,"enemies":"Jaw Worm","floor":1.0,"turns":6.0},{"damage":0.0,"enemies":"Cultist","floor":3.0,"turns":4.0},{"damage":1.0,"enemies":"2 Louse","floor":4.0,"turns":4.0},{"damage":0.0,"enemies":"2 Fungi Beasts","floor":5.0,"turns":2.0},{"damage":25.0,"enemies":"3 Sentries","floor":6.0,"turns":8.0},{"damage":9.0,"enemies":"Lagavulin","floor":8.0,"turns":7.0},{"damage":4.0,"enemies":"Red Slaver","floor":11.0,"turns":4.0},{"damage":13.0,"enemies":"3 Sentries","floor":12.0,"turns":6.0},{"damage":27.0,"enemies":"The Guardian","floor":16.0,"turns":13.0},{"damage":32.0,"enemies":"3 Byrds","floor":18.0,"turns":6.0},{"damage":9.0,"enemies":"Shell Parasite","floor":20.0,"turns":7.0},{"damage":28.0,"enemies":"Slavers","floor":24.0,"turns":5.0},{"damage":0,"enemies":"3 Cultists","floor":27,"turns":4},{"damage":6,"enemies":"Shelled Parasite and Fungi","floor":31,"turns":4},{"damage":72,"enemies":"Collector","floor":33,"turns":6}],"seed_played":"-4159840821396350187","potions_obtained":[{"floor":4.0,"key":"Energy Potion"},{"floor":5.0,"key":"Dexterity Potion"},{"floor":12.0,"key":"Ancient Potion"}],"is_trial":false,"path_per_floor":["M","?","M","M","M","E","?","E","T","R","M","E","?","$","R","B",null,"M","$","M","?","$","R","E","$","T","M","?","T","R","M","R","B"],"character_chosen":"WATCHER","items_purchased":["Membership Card","Blasphemy","HornCleat","FearNoEvil","Wallop"],"campfire_rested":4,"item_purchase_floors":[14,14,19,19,25],"current_hp_per_floor":[63,63,63,62,62,37,37,28,28,47,43,30,30,30,30,28,56,24,24,15,15,15,34,6,6,6,6,6,6,25,19,38,0,0],"gold":49,"neow_bonus":"TRANSFORM_TWO_CARDS","is_daily":false,"chose_seed":false,"campfire_upgraded":1,"win_rate":0.0,"timestamp":1610643678,"path_taken":["M","?","M","?","M","E","?","E","T","R","M","E","?","$","R","BOSS","M","$","M","?","$","R","E","?","T","M","?","?","R","M","R","BOSS"],"items_purchased_type":["Relic","Card","Relic","Card","Card"],"build_version":"2020-12-22","purchased_purges":0,"victory":false,"max_hp_per_floor":[65,65,65,65,65,65,65,65,65,65,65,65,65,65,65,65,65,65,65,65,65,65,65,65,65,65,65,65,65,65,65,65,65,65],"relic_stats":{"counters":[15,86],"Ornamental Fan":[88],"Shuriken":[19],"Pantograph":50,"CeramicFish":36,"Question Card":9,"obtain_stats":[{"Anchor":29,"HornCleat":19,"Ornamental Fan":8,"Shuriken":12,"Pantograph":9,"CeramicFish":24,"Fusion Hammer":17,"Membership Card":14,"PureWater":0,"Question Card":6,"InkBottle":26},{"Anchor":13,"HornCleat":10,"Ornamental Fan":6,"Shuriken":8,"Pantograph":6,"CeramicFish":12,"Fusion Hammer":9,"Membership Card":8,"PureWater":0,"Question Card":5,"InkBottle":12},{"Anchor":76,"HornCleat":60,"Ornamental Fan":31,"Shuriken":41,"Pantograph":31,"CeramicFish":72,"Fusion Hammer":54,"Membership Card":41,"PureWater":0,"Question Card":24,"InkBottle":72}],"InkBottle":[6]},"card_choices":[{"not_picked":["EmptyFist","SashWhip"],"picked":"TalkToTheHand","floor":1.0},{"not_picked":["Halt","Swivel"],"picked":"CutThroughFate","floor":3.0},{"not_picked":["Worship","JustLucky"],"picked":"BowlingBash","floor":4.0},{"not_picked":["WindmillStrike","PathToVictory"],"picked":"Devotion","floor":5.0},{"not_picked":["Sanctity","ThirdEye"],"picked":"CrushJoints","floor":6.0},{"not_picked":["FollowUp","FlyingSleeves","Crescendo"],"picked":"Omniscience","floor":8.0},{"not_picked":["InnerPeace","Evaluate","FlyingSleeves"],"picked":"FlurryOfBlows","floor":11.0},{"not_picked":["ForeignInfluence","Consecrate","Evaluate"],"picked":"Halt","floor":12.0},{"not_picked":["SpiritShield","Blasphemy","Judgement"],"picked":"Wish","floor":16.0},{"not_picked":["Halt","FollowUp","Sanctity+1"],"picked":"ThirdEye","floor":18.0},{"not_picked":["MentalFortress","Meditate","Prostrate+1"],"picked":"TalkToTheHand","floor":20.0},{"not_picked":["CrushJoints+1","ReachHeaven","FearNoEvil"],"picked":"EmptyMind","floor":24.0},{"not_picked":["ThirdEye","CutThroughFate+1","FollowUp"],"picked":"EmptyFist","floor":27},{"not_picked":["Consecrate+1","ClearTheMind","FearNoEvil+1"],"picked":"DeceiveReality","floor":31}],"player_experience":802040,"relics_obtained":[{"floor":6.0,"key":"Question Card"},{"floor":8.0,"key":"Ornamental Fan"},{"floor":9.0,"key":"Pantograph"},{"floor":12.0,"key":"Shuriken"},{"floor":24.0,"key":"CeramicFish"},{"floor":26.0,"key":"InkBottle"},{"floor":29,"key":"Anchor"}],"event_choices":[{"damage_healed":0.0,"max_hp_gain":0.0,"max_hp_loss":0.0,"gold_gain":0.0,"event_name":"Match and Keep!","player_choice":"1 cards matched","floor":2.0,"gold_loss":0.0,"damage_taken":0.0,"cards_obtained":["Consecrate"]},{"damage_healed":0.0,"max_hp_gain":0.0,"max_hp_loss":0.0,"gold_gain":0.0,"cards_transformed":["Strike_P"],"event_name":"Living Wall","player_choice":"Change","floor":7.0,"gold_loss":0.0,"damage_taken":0.0,"cards_obtained":["EmptyBody"]},{"damage_healed":0.0,"max_hp_gain":0.0,"max_hp_loss":0.0,"gold_gain":0.0,"event_name":"The Woman in Blue","player_choice":"Bought 0 Potions","floor":13.0,"gold_loss":0.0,"damage_taken":0.0},{"damage_healed":0.0,"max_hp_gain":0.0,"max_hp_loss":0.0,"gold_gain":0.0,"event_name":"Accursed Blacksmith","player_choice":"Forge","floor":21.0,"gold_loss":0.0,"damage_taken":0.0,"cards_upgraded":["TalkToTheHand"]},{"damage_healed":0,"gold_gain":0,"player_choice":"Paid Fearfully","damage_taken":0,"max_hp_gain":0,"max_hp_loss":0,"event_name":"Masked Bandits","floor":28,"gold_loss":38}],"is_beta":false,"boss_relics":[{"not_picked":["Black Star","Runic Dome"],"picked":"Fusion Hammer"}],"items_purged_floors":[],"is_endless":false,"potions_floor_spawned":[4,5,11,12,31],"killed_by":"Collector","ascension_level":11}}