{"host":"8d3fefv2347kqkpz","time":1610661758,"event":{"mods":["100% Spire Juice","BaseMod","Better Vampires","Colored Map","Downfall","Minty Spire (QoL Compilation)","Quick Restart","Replay The Spire","StSLib","The Gatherer","Waifu the Spire"],"gold_per_floor":[112,54,65,165,184,184,194,194,243,255,268,285,313,330,330,429,429,447,462,480,395,395,395,419,6,31,31,81,113,143,192,192,208,208],"floor_reached":33,"language":"ZHS","playtime":1929,"items_purged":["Slimebound:Icky"],"score":293,"play_id":"4dc093e7-cdfc-441b-8129-bd3d7ec5eafe","local_time":"20210115060238","is_ascension_mode":false,"campfire_choices":[{"data":"Rupture","floor":6,"key":"SMITH"},{"data":"Replay:Undeath\u0027s Touch","floor":8,"key":"SMITH"},{"floor":15,"key":"REST"},{"data":"Rupture","floor":23,"key":"SMITH"},{"floor":27,"key":"REST"},{"floor":32,"key":"REST"}],"circlet_count":0,"master_deck":["Strike_R","Strike_R","Strike_R","Strike_R","Strike_R","Defend_R","Defend_R","Defend_R","Defend_R","Bash","Offering","Seeing Red","Rupture+1","Rupture+1","Replay:Undeath\u0027s Touch+1","Seeing Red","Combust","Anger","Heavy Blade","Twin Strike+1","Impervious","Decay","Injury","Replay:Undeath\u0027s Touch+1","Armaments","Hemokinesis","Pummel","Armaments+1","Impervious"],"relics":["Burning Blood","Blood Vial","Blue Doll","Replay:Ancient Bell","Ancient Tea Set","Eternal Feather","Lizard Tail","Replay:Bandana","Pear","Brimstone","Happy Flower","Gremlin Food","Charon\u0027s Ashes","TungstenRod"],"acts_visited":["Exordium","TheCity"],"potions_floor_usage":[11,13,15,20,31,33,33],"damage_taken":[{"damage":6,"enemies":"Small Slimes","floor":1,"turns":3},{"damage":0,"enemies":"Cultist","floor":3,"turns":4},{"damage":10,"enemies":"2 Louse","floor":5,"turns":3},{"damage":12,"enemies":"Exordium Wildlife","floor":7,"turns":4},{"damage":0,"enemies":"Large Slime","floor":10,"turns":5},{"damage":27,"enemies":"Lots of Slimes","floor":11,"turns":5},{"damage":17,"enemies":"Blue Slaver","floor":12,"turns":3},{"damage":27,"enemies":"Gremlin Nob","floor":13,"turns":4},{"damage":11,"enemies":"2 Fungi Beasts","floor":14,"turns":3},{"damage":41,"enemies":"Slime Boss","floor":16,"turns":6},{"damage":24,"enemies":"Spheric Guardian","floor":18,"turns":4},{"damage":24,"enemies":"Chosen","floor":19,"turns":6},{"damage":50,"enemies":"Snake Plant","floor":20,"turns":5},{"damage":42,"enemies":"3 Cultists","floor":24,"turns":5},{"damage":47,"enemies":"Book of Stabbing","floor":28,"turns":4},{"damage":10,"enemies":"Sentry and Sphere","floor":29,"turns":3},{"damage":2,"enemies":"Snake Plant","floor":30,"turns":2},{"damage":28,"enemies":"Slavers","floor":31,"turns":4},{"damage":102,"enemies":"Champ","floor":33,"turns":6}],"seed_played":"-3966160824048258578","potions_obtained":[{"floor":1,"key":"Ancient Potion"},{"floor":7,"key":"champ:CounterPotion"},{"floor":11,"key":"champ:CounterPotion"},{"floor":14,"key":"BloodPotion"},{"floor":16,"key":"SkillPotion"},{"floor":19,"key":"ElixirPotion"},{"floor":28,"key":"Swift Potion"},{"floor":29,"key":"Elixir"},{"floor":30,"key":"Block Potion"}],"is_trial":false,"path_per_floor":["M","$","M","?","M","R","M","R","T","M","M","M","E","M","R","B",null,"M","M","M","?","?","R","M","$","T","R","E","M","M","E","R","B"],"character_chosen":"IRONCLAD","items_purchased":["Rupture","Hemokinesis","Brimstone","Happy Flower"],"campfire_rested":3,"item_purchase_floors":[2,25,25,25],"current_hp_per_floor":[56,56,62,62,58,58,52,52,52,60,41,32,13,10,50,17,80,62,46,46,46,56,71,37,37,37,79,40,38,44,24,66,0,0],"gold":208,"neow_bonus":"THREE_RARE_CARDS","is_daily":false,"chose_seed":false,"campfire_upgraded":3,"win_rate":0.0,"timestamp":1610661758,"path_taken":["M","$","M","?","M","R","M","R","T","M","?","M","E","M","R","BOSS","M","M","M","?","?","R","M","$","T","R","E","M","M","E","R","BOSS"],"items_purchased_type":["Card","Card","Relic","Relic"],"build_version":"2020-12-22","purchased_purges":1,"victory":false,"max_hp_per_floor":[80,80,80,80,80,80,80,80,80,80,80,80,80,80,80,80,80,80,80,80,80,90,90,90,90,90,90,90,90,90,90,90,90,90],"card_choices":[{"not_picked":["Fiend Fire","Limit Break"],"picked":"Offering","floor":0},{"not_picked":["Abandon","Warcry"],"picked":"Seeing Red","floor":1},{"not_picked":["Defy Death","Wild Strike","Evolve"],"picked":"SKIP","floor":3},{"not_picked":["Shockwave","Defy Death"],"picked":"Replay:Undeath\u0027s Touch","floor":5},{"not_picked":["Iron Wave","Warcry","Thunderclap"],"picked":"SKIP","floor":7},{"not_picked":["Blood for Blood","Iron Wave"],"picked":"Seeing Red","floor":10},{"not_picked":["Wild Strike","Rampage"],"picked":"Combust","floor":11},{"not_picked":["Havoc","Carnage"],"picked":"Anger","floor":12},{"not_picked":["ReplayTheSpireMod:LeadingStrike","Clash"],"picked":"Heavy Blade","floor":13},{"not_picked":["Infernal Blade","Combust"],"picked":"Twin Strike","floor":14},{"not_picked":["Eclipse","Bludgeon"],"picked":"Impervious","floor":16},{"not_picked":["Normality","Replay:Hysterical Blindness"],"picked":"Decay","floor":17},{"not_picked":["Doubt","Parasite"],"picked":"Injury","floor":17},{"not_picked":["Voices","Languid"],"picked":"Slimebound:Icky","floor":17},{"not_picked":["Perfected Strike","Wild Strike","Clothesline+1"],"picked":"SKIP","floor":18},{"not_picked":["Thunderclap","Entrench"],"picked":"Replay:Undeath\u0027s Touch","floor":19},{"not_picked":["Havoc","Anger+1","Power Through+1"],"picked":"SKIP","floor":20},{"not_picked":["Eclipse","Pommel Strike"],"picked":"Armaments","floor":24},{"not_picked":["ReplayTheSpireMod:LeadingStrike","Cleave","Clash"],"picked":"SKIP","floor":28},{"not_picked":["Entrench","Evolve"],"picked":"Pummel","floor":29},{"not_picked":["Intimidate+1","Infernal Blade"],"picked":"Armaments+1","floor":30},{"not_picked":["Cleave","Dropkick"],"picked":"Impervious","floor":31}],"player_experience":59647,"relics_obtained":[{"floor":9,"key":"Blood Vial"},{"floor":13,"key":"Blue Doll"},{"floor":26,"key":"Gremlin Food"},{"floor":28,"key":"Charon\u0027s Ashes"},{"floor":31,"key":"TungstenRod"}],"event_choices":[{"damage_healed":0,"gold_gain":100,"player_choice":"Pray","damage_taken":0,"max_hp_gain":0,"max_hp_loss":0,"event_name":"Golden Shrine","floor":4,"gold_loss":0},{"damage_healed":0,"gold_gain":0,"player_choice":"Obtained Relic","damage_taken":0,"relics_obtained":["Replay:Bandana"],"max_hp_gain":0,"max_hp_loss":0,"event_name":"Addict","floor":21,"gold_loss":85},{"damage_healed":0,"gold_gain":0,"player_choice":"Opened","damage_taken":0,"relics_obtained":["Pear"],"max_hp_gain":0,"max_hp_loss":0,"event_name":"The Mausoleum","floor":22,"gold_loss":0}],"is_beta":false,"boss_relics":[{"not_picked":["ReplayTheSpireMod:Onyx Gauntlets","Coffee Dripper"],"picked":"Replay:Ancient Bell"},{"not_picked":["ReplayTheSpireMod:Spearhead","War Paint"],"picked":"Ancient Tea Set"},{"not_picked":["Iron Hammer","Self Forming Clay"],"picked":"Eternal Feather"},{"not_picked":["Another Sword","Gambling Chip"],"picked":"Lizard Tail"}],"items_purged_floors":[25],"is_endless":false,"potions_floor_spawned":[1,7,11,14,16,19,28,29,30],"killed_by":"Champ","ascension_level":0}}