{"host":"Qube","time":1610599357,"event":{"mods":["AchievementEnabler","BaseMod","Colored Map","Colored Powertips","Minty Spire (QoL Compilation)","Quick Restart","Random Character Button","StSLib"],"gold_per_floor":[368,643,31,50,65,65,91,91,164,175,175,9,42,56,56,131,131,150,150,150,162,162,162,162],"floor_reached":23,"language":"ENG","playtime":970,"items_purged":["Regret"],"score":448,"play_id":"1cbe9eae-9880-41be-b372-c299e9438a1c","local_time":"20210113204237","is_ascension_mode":true,"campfire_choices":[{"data":"Apotheosis","floor":6.0,"key":"SMITH"},{"data":"Adrenaline","floor":8,"key":"SMITH"},{"data":"Backflip","floor":11,"key":"SMITH"},{"data":"Terror","floor":15,"key":"SMITH"}],"circlet_count":0,"master_deck":["AscendersBane","Strike_G","Strike_G","Strike_G","Strike_G","Defend_G","Defend_G","Defend_G","Defend_G","Survivor","Neutralize","Shame","Terror+1","Apotheosis+1","Poisoned Stab+1","Bane+1","Cloak And Dagger","Adrenaline+1","Backflip+1","Skewer+1","Catalyst","Doppelganger","Dodge and Roll","Deflect"],"relics":["Ring of the Snake","Molten Egg 2","Anchor","Eternal Feather","PreservedInsect","Mummified Hand","Empty Cage","Nilry\u0027s Codex","Strawberry"],"acts_visited":["Exordium","TheCity"],"potions_floor_usage":[7,16],"damage_taken":[{"damage":7.0,"enemies":"Small Slimes","floor":1.0,"turns":5.0},{"damage":0.0,"enemies":"Cultist","floor":4.0,"turns":3.0},{"damage":2.0,"enemies":"Jaw Worm","floor":5.0,"turns":4.0},{"damage":6,"enemies":"Gremlin Nob","floor":7,"turns":3},{"damage":0,"enemies":"Blue Slaver","floor":10,"turns":3},{"damage":0,"enemies":"Lagavulin","floor":13,"turns":5},{"damage":0,"enemies":"Lots of Slimes","floor":14,"turns":4},{"damage":20,"enemies":"Slime Boss","floor":16,"turns":12},{"damage":19,"enemies":"3 Byrds","floor":18,"turns":9},{"damage":1,"enemies":"Shell Parasite","floor":21,"turns":5},{"damage":40,"enemies":"Slavers","floor":23,"turns":5}],"seed_played":"1598288190024388879","potions_obtained":[{"floor":4.0,"key":"Poison Potion"},{"floor":5.0,"key":"Weak Potion"}],"is_trial":false,"path_per_floor":["M","?","$","M","M","R","E","R","T","M","R","$","E","M","R","B",null,"M","?","?","M","T","E"],"character_chosen":"THE_SILENT","items_purchased":["Apotheosis","Molten Egg 2","Poisoned Stab+1","PreservedInsect"],"campfire_rested":0,"item_purchase_floors":[3,3,3,12],"current_hp_per_floor":[52,52,52,52,50,50,44,44,44,44,56,56,56,56,66,46,61,42,55,34,33,40,0,0],"gold":162,"neow_bonus":"TWO_FIFTY_GOLD","is_daily":false,"chose_seed":false,"campfire_upgraded":4,"win_rate":0.0,"timestamp":1610599357,"path_taken":["M","?","$","?","M","R","E","R","T","M","R","?","E","M","R","BOSS","M","?","?","M","?","E"],"items_purchased_type":["Card","Relic","Card","Relic"],"build_version":"2020-12-18","purchased_purges":1,"victory":false,"max_hp_per_floor":[66,66,66,66,66,66,66,66,66,66,66,66,66,66,66,66,66,66,66,66,66,73,73,73],"card_choices":[{"not_picked":["Outmaneuver","Tactician"],"picked":"Terror","floor":1.0},{"not_picked":["Tactician","Dodge and Roll"],"picked":"Bane+1","floor":4.0},{"not_picked":["Outmaneuver","Blade Dance"],"picked":"Cloak And Dagger","floor":5.0},{"not_picked":["Infinite Blades","Backflip"],"picked":"Adrenaline","floor":7},{"not_picked":["Dagger Throw+1","Underhanded Strike+1"],"picked":"Backflip","floor":10},{"not_picked":["Underhanded Strike+1","Backflip"],"picked":"Skewer+1","floor":13},{"not_picked":["Expertise","Blade Dance"],"picked":"Catalyst","floor":14},{"not_picked":["A Thousand Cuts","Storm of Steel"],"picked":"Doppelganger","floor":16},{"not_picked":["Blade Dance","PiercingWail"],"picked":"Dodge and Roll","floor":18},{"not_picked":["Dagger Throw+1","Blade Dance"],"picked":"Deflect","floor":21}],"player_experience":901375,"relics_obtained":[{"floor":7,"key":"Anchor"},{"floor":9,"key":"Eternal Feather"},{"floor":13,"key":"Mummified Hand"},{"floor":20,"key":"Nilry\u0027s Codex"},{"floor":22,"key":"Strawberry"}],"event_choices":[{"damage_healed":0.0,"max_hp_gain":0.0,"max_hp_loss":0.0,"gold_gain":275.0,"event_name":"Golden Shrine","player_choice":"Desecrate","floor":2.0,"gold_loss":0.0,"damage_taken":0.0,"cards_obtained":["Regret"]},{"damage_healed":13,"gold_gain":0,"player_choice":"Heal","damage_taken":0,"max_hp_gain":0,"max_hp_loss":0,"event_name":"The Library","floor":19,"gold_loss":0},{"damage_healed":0,"gold_gain":0,"player_choice":"Obtained Book","damage_taken":21,"max_hp_gain":0,"max_hp_loss":0,"event_name":"Cursed Tome","floor":20,"gold_loss":0}],"is_beta":true,"boss_relics":[{"not_picked":["Cursed Key","Runic Dome"],"picked":"Empty Cage"}],"items_purged_floors":[3],"is_endless":false,"potions_floor_spawned":[4,5],"killed_by":"Slavers","ascension_level":20}}