{"host":"25fn74ijs2305xd4","time":1610643588,"event":{"mods":["AchievementEnabler","BaseMod","Colored Map","Colored Powertips","Dark Map","Minty Spire (QoL Compilation)","Relic Stats","StSLib"],"gold_per_floor":[213,68,68,88,53,53,79,79,79,79,99,130,146,156,156,252,252,269,249,249,268,278,278,307,307,334,372,400,412,439,461,473,586,598,627,539,551,561,577,577,302,302,354,370,370,397,397,414,414,414,414,414,4,4,4],"floor_reached":54,"language":"POL","playtime":2542,"items_purged":["Strike_B","Normality","Parasite","Writhe"],"score":893,"play_id":"d444d9c2-d51d-43d7-accd-117c3d9c0110","local_time":"20210114175948","is_ascension_mode":true,"campfire_choices":[{"data":"Ball Lightning","floor":6,"key":"SMITH"},{"data":"Capacitor","floor":8,"key":"SMITH"},{"data":"Loop","floor":15,"key":"SMITH"},{"data":"Defragment","floor":23,"key":"SMITH"},{"floor":25,"key":"REST"},{"floor":29,"key":"REST"},{"floor":32,"key":"REST"},{"floor":40,"key":"REST"},{"floor":45,"key":"RECALL"},{"data":"Seek","floor":47,"key":"SMITH"},{"floor":49,"key":"REST"},{"data":"Loop","floor":52,"key":"SMITH"}],"circlet_count":0,"master_deck":["Strike_B","Defend_B","Defend_B+1","Defend_B","Zap","Dualcast","Ball Lightning+1","White Noise+1","Chill","Capacitor+1","Barrage","Turbo","Cold Snap","Loop+1","Biased Cognition","Compile Driver","Defragment+1","Loop+1","Cold Snap","Capacitor","Recycle+1","Biased Cognition+1","Sweeping Beam+1","Glacier","Defragment","Aggregate+1","Seek+1","Compile Driver"],"relics":["Cracked Core","Regal Pillow","Pen Nib","Cursed Key","Turnip","MawBank","Vajra","Astrolabe","OrangePellets","DataDisk","Art of War","PrismaticShard"],"acts_visited":["Exordium","TheCity","TheBeyond","TheEnding"],"potions_floor_usage":[12,16,24,24,27,28,33,38,39,54],"damage_taken":[{"damage":1,"enemies":"Cultist","floor":1,"turns":4},{"damage":7,"enemies":"Jaw Worm","floor":4,"turns":2},{"damage":20,"enemies":"3 Sentries","floor":7,"turns":6},{"damage":9,"enemies":"Small Slimes","floor":11,"turns":4},{"damage":0,"enemies":"Lagavulin","floor":12,"turns":6},{"damage":2,"enemies":"Red Slaver","floor":13,"turns":3},{"damage":8,"enemies":"Blue Slaver","floor":14,"turns":3},{"damage":15,"enemies":"Hexaghost","floor":16,"turns":7},{"damage":0,"enemies":"Spheric Guardian","floor":18,"turns":2},{"damage":12,"enemies":"Shell Parasite","floor":21,"turns":5},{"damage":9,"enemies":"Cultist and Chosen","floor":22,"turns":6},{"damage":34,"enemies":"Slavers","floor":24,"turns":3},{"damage":25,"enemies":"Gremlin Leader","floor":27,"turns":8},{"damage":16,"enemies":"Sentry and Sphere","floor":28,"turns":5},{"damage":23,"enemies":"Shelled Parasite and Fungi","floor":30,"turns":7},{"damage":7,"enemies":"Centurion and Healer","floor":31,"turns":8},{"damage":39,"enemies":"Collector","floor":33,"turns":10},{"damage":15,"enemies":"Orb Walker","floor":35,"turns":4},{"damage":28,"enemies":"3 Darklings","floor":37,"turns":3},{"damage":0,"enemies":"Writhing Mass","floor":38,"turns":6},{"damage":16,"enemies":"Jaw Worm Horde","floor":39,"turns":5},{"damage":17,"enemies":"Spire Growth","floor":44,"turns":4},{"damage":0,"enemies":"Giant Head","floor":46,"turns":9},{"damage":5,"enemies":"3 Darklings","floor":48,"turns":6},{"damage":35,"enemies":"Time Eater","floor":50,"turns":13},{"damage":77,"enemies":"Shield and Spear","floor":54,"turns":3}],"seed_played":"8205132734972679641","potions_obtained":[{"floor":4,"key":"AttackPotion"},{"floor":7,"key":"FocusPotion"},{"floor":10,"key":"SneckoOil"},{"floor":10,"key":"EssenceOfDarkness"},{"floor":11,"key":"Block Potion"},{"floor":12,"key":"BlessingOfTheForge"},{"floor":14,"key":"ColorlessPotion"},{"floor":19,"key":"Fire Potion"},{"floor":27,"key":"Regen Potion"},{"floor":28,"key":"PotionOfCapacity"},{"floor":33,"key":"SkillPotion"},{"floor":35,"key":"GamblersBrew"},{"floor":38,"key":"Regen Potion"},{"floor":46,"key":"PotionOfCapacity"}],"is_trial":false,"path_per_floor":["M","$","?","M","?","R","E","R","T","?","M","E","M","M","R","B",null,"M","?","$","M","M","R","E","R","T","E","M","R","M","M","R","B",null,"M","$","M","M","M","R","$","?","T","M","R","E","R","M","R","B",null,"R","$","E"],"character_chosen":"DEFECT","items_purchased":["White Noise","OrangePellets","PowerPotion","Compile Driver","PrismaticShard"],"campfire_rested":5,"item_purchase_floors":[2,41,53,53,53],"current_hp_per_floor":[74,74,59,52,70,70,50,50,50,50,41,41,39,31,31,16,75,75,75,75,63,54,54,20,57,57,32,30,67,44,37,74,35,75,60,60,32,32,30,67,67,67,67,50,50,50,50,45,72,37,72,72,72,0,0],"gold":4,"neow_bonus":"HUNDRED_GOLD","is_daily":false,"chose_seed":false,"campfire_upgraded":6,"win_rate":0.0,"timestamp":1610643588,"path_taken":["M","$","?","M","?","R","E","R","T","?","M","E","M","M","R","BOSS","M","?","$","M","M","R","E","R","T","E","M","R","?","M","R","BOSS","M","$","M","M","M","R","$","?","T","M","R","E","R","M","R","BOSS","R","$","E"],"items_purchased_type":["Card","Relic","Potion","Card","Relic"],"build_version":"2020-12-22","purchased_purges":4,"victory":false,"max_hp_per_floor":[75,75,75,75,75,75,75,75,75,75,75,75,75,75,75,75,75,75,75,75,75,75,75,75,75,75,75,75,75,75,75,75,75,75,75,75,75,75,75,75,72,72,72,72,72,72,72,72,72,72,72,72,72,72,72],"relic_stats":{"OrangePellets":[13],"Regal Pillow":66,"counters":[26,141],"Astrolabe":["Recycle","Biased Cognition","Sweeping Beam"],"Pen Nib":[19],"Turnip":[14],"Art of War":[6],"Cursed Key":2,"MawBank":120,"obtain_stats":[{"OrangePellets":41,"Regal Pillow":7,"DataDisk":43,"Astrolabe":34,"Vajra":27,"Pen Nib":12,"Turnip":24,"Art of War":46,"Cracked Core":0,"Cursed Key":17,"MawBank":26,"PrismaticShard":53},{"OrangePellets":21,"Regal Pillow":3,"DataDisk":21,"Astrolabe":17,"Vajra":13,"Pen Nib":5,"Turnip":12,"Art of War":23,"Cracked Core":0,"Cursed Key":8,"MawBank":12,"PrismaticShard":25},{"OrangePellets":107,"Regal Pillow":12,"DataDisk":107,"Astrolabe":89,"Vajra":59,"Pen Nib":22,"Turnip":51,"Art of War":120,"Cracked Core":0,"Cursed Key":35,"MawBank":51,"PrismaticShard":138}]},"card_choices":[{"not_picked":["Redo","Steam"],"picked":"Ball Lightning","floor":1},{"not_picked":["Ball Lightning","Recycle"],"picked":"Chill","floor":4},{"not_picked":["Consume","Hologram"],"picked":"Capacitor","floor":7},{"not_picked":["Compile Driver","Rip and Tear"],"picked":"Barrage","floor":11},{"not_picked":["Auto Shields","Melter"],"picked":"Turbo","floor":12},{"not_picked":["Skim","Hologram"],"picked":"Cold Snap","floor":13},{"not_picked":["Recycle","Beam Cell"],"picked":"Loop","floor":14},{"not_picked":["Machine Learning","Hyperbeam"],"picked":"Biased Cognition","floor":16},{"not_picked":["Leap+1","Hello World"],"picked":"Compile Driver","floor":18},{"not_picked":["Reinforced Body","Undo+1"],"picked":"Defragment","floor":21},{"not_picked":["Leap","Ball Lightning","Hello World"],"picked":"SKIP","floor":22},{"not_picked":["Ball Lightning","Reinforced Body"],"picked":"Loop","floor":24},{"not_picked":["Reprogram+1","Sweeping Beam+1"],"picked":"Cold Snap","floor":27},{"not_picked":["Turbo","Ball Lightning+1"],"picked":"Capacitor","floor":28},{"not_picked":["Cold Snap","Compile Driver","Steam"],"picked":"SKIP","floor":30},{"not_picked":["Chaos","Storm","Ball Lightning"],"picked":"SKIP","floor":31},{"not_picked":["Leap+1","Stack","Sweeping Beam"],"picked":"SKIP","floor":35},{"not_picked":["Leap+1","Barrage+1"],"picked":"Glacier","floor":37},{"not_picked":["Steam Power","Conserve Battery","Hologram"],"picked":"SKIP","floor":38},{"not_picked":["Hologram+1","Cold Snap"],"picked":"Defragment","floor":39},{"not_picked":["Gash+1","Redo"],"picked":"Aggregate+1","floor":44},{"not_picked":["Hologram","Conserve Battery+1"],"picked":"Seek","floor":46},{"not_picked":["Hologram+1","Sweeping Beam+1","Barrage"],"picked":"SKIP","floor":48}],"player_experience":58540,"relics_obtained":[{"floor":7,"key":"Regal Pillow"},{"floor":12,"key":"Pen Nib"},{"floor":24,"key":"Turnip"},{"floor":26,"key":"MawBank"},{"floor":27,"key":"Vajra"},{"floor":43,"key":"DataDisk"},{"floor":46,"key":"Art of War"}],"event_choices":[{"damage_healed":0,"gold_gain":0,"player_choice":"Entered Light","damage_taken":15,"max_hp_gain":0,"max_hp_loss":0,"event_name":"Shining Light","floor":3,"gold_loss":0,"cards_upgraded":["White Noise","Defend_B"]},{"damage_healed":18,"gold_gain":0,"player_choice":"Healed","damage_taken":0,"max_hp_gain":0,"max_hp_loss":0,"event_name":"The Cleric","floor":5,"gold_loss":35},{"damage_healed":0,"gold_gain":0,"player_choice":"Got Potions","damage_taken":0,"max_hp_gain":0,"max_hp_loss":0,"event_name":"Lab","floor":10,"gold_loss":0},{"damage_healed":0,"gold_gain":0,"player_choice":"Bought 1 Potion","damage_taken":0,"max_hp_gain":0,"max_hp_loss":0,"event_name":"The Woman in Blue","floor":19,"gold_loss":0},{"damage_healed":0,"gold_gain":0,"player_choice":"Memory 1","damage_taken":0,"max_hp_gain":0,"max_hp_loss":0,"event_name":"SensoryStone","floor":42,"gold_loss":0}],"is_beta":false,"boss_relics":[{"not_picked":["Philosopher\u0027s Stone","Sozu"],"picked":"Cursed Key"},{"not_picked":["Pandora\u0027s Box","Busted Crown"],"picked":"Astrolabe"}],"items_purged_floors":[2,36,41,53],"is_endless":false,"potions_floor_spawned":[4,7,11,12,14,21,27,28,33,35,38,46],"killed_by":"Shield and Spear","ascension_level":4}}