{"host":"txhhdwa0hqfs4jhb","time":1610661348,"event":{"mods":["BaseMod","Better Third Choice","Downfall","Filter the Spire","Hermit","Mad Scientist","Minty Spire (QoL Compilation)","Relic Stats","Replay The Spire","StSLib","Thieving Mod"],"gold_per_floor":[99,99,99,177,177,177,201,212,125,125,154,9,9,41,41,146,146,159,144,155,255,255,180,230,230,36,45,45,45,71,96,21,131,131,156,175,199,199,220,240,319,244,271,295,343,366,393,422,422,422,422,462,65,65,65],"floor_reached":56,"language":"ENG","playtime":3916,"items_purged":[],"score":1570,"play_id":"af006d6f-e1ae-45bd-949d-348001fc2a08","local_time":"20210114215548","is_ascension_mode":false,"campfire_choices":[{"data":"champ:StrikeOfGenius","floor":10.0,"key":"SMITH"},{"data":"champ:PerfectedStrike","floor":13.0,"key":"SMITH"},{"data":"champ:Duel","floor":15.0,"key":"SMITH"},{"floor":23.0,"key":"RECALL"},{"data":"champ:StrikeOfGenius","floor":28.0,"key":"SMITH"},{"data":"champ:MurderStrike","floor":32.0,"key":"SMITH"},{"data":"champ:IgnorePain","floor":42.0,"key":"SMITH"},{"data":"J.A.X.","floor":49.0,"key":"SMITH"},{"floor":54,"key":"REST"}],"circlet_count":0,"master_deck":["champ:Strike","champ:Strike","champ:Strike","champ:Strike","champ:Defend","champ:Defend","champ:Defend","champ:Defend","champ:Execute","champ:Taunt","champ:GladiatorsShout","champ:Riposte","champ:GladiatorsShout","champ:FanOfKnives","champ:StrikeOfGenius+1","Life Link","champ:IronFortress","champ:PerfectedStrike+1","Twin Strike","ReplayTheSpireMod:Muscle Training","champ:Duel+1","champ:StrikeOfGenius+1","champ:AdrenalArmor","champ:DefensiveShout","champ:Lariat+1","champ:PerfectedStrike+1","champ:IgnorePain+1","J.A.X.+1","champ:MurderStrike+1","champ:Duel+1","champ:MurderStrike","champ:Haymaker+1","champ:BringItOn+1","champ:BerserkersShout+1","champ:TornadoPunch","champ:Haymaker","champ:MurderStrike","champ:PerfectedStrike+1","ReplayTheSpireMod:Muscle Training","ReplayTheSpireMod:Muscle Training+1","champ:FlashCut","champ:Shatter+1","ReplayTheSpireMod:Muscle Training"],"relics":["downfall:HeartsMalice","Replay:Accelerometer","m_IronCrown","champ:LiftRelic","Strawberry","Durian","Odd Mushroom","Replay:WaspNest","Lantern","Snecko Eye","Gambling Chip","The Courier","CeramicFish","downfall:HeartBlessingGreen","Replay:Mystery Machine","Toolbox","Meat on the Bone","Pen Nib","downfall:HeartBlessingRed","Painkiller Herb","Shuriken","downfall:HeartBlessingBlue","Bronze Scales","Nunchaku","Medical Kit","Ginger"],"acts_visited":["Exordium","TheCity","TheBeyond","TheEnding"],"potions_floor_usage":[55,55,55],"damage_taken":[{"damage":0.0,"enemies":"Cultist","floor":1.0,"turns":1.0},{"damage":0.0,"enemies":"Jaw Worm","floor":2.0,"turns":1.0},{"damage":0.0,"enemies":"2 Louse","floor":3.0,"turns":1.0},{"damage":17.0,"enemies":"Blue Slaver","floor":8.0,"turns":3.0},{"damage":10.0,"enemies":"downfall:FleeingMerchant","floor":9.0,"turns":4.0},{"damage":30.0,"enemies":"The Mushroom Lair","floor":11.0,"turns":4.0},{"damage":29.0,"enemies":"downfall:FleeingMerchant","floor":12.0,"turns":4.0},{"damage":32.0,"enemies":"Lagavulin","floor":14.0,"turns":6.0},{"damage":35.0,"enemies":"downfall:Ironclad","floor":16.0,"turns":6.0},{"damage":5.0,"enemies":"Chosen","floor":18.0,"turns":3.0},{"damage":11.0,"enemies":"downfall:FleeingMerchant","floor":19.0,"turns":4.0},{"damage":11.0,"enemies":"Shell Parasite","floor":20.0,"turns":3.0},{"damage":25.0,"enemies":"downfall:CharBossIronclad","floor":21.0,"turns":3.0},{"damage":23.0,"enemies":"downfall:FleeingMerchant","floor":26.0,"turns":4.0},{"damage":4.0,"enemies":"Shelled Parasite and Fungi","floor":30.0,"turns":3.0},{"damage":27.0,"enemies":"Centurion and Healer","floor":31.0,"turns":5.0},{"damage":11.0,"enemies":"downfall:Watcher","floor":33.0,"turns":4.0},{"damage":2.0,"enemies":"3 Shapes","floor":35.0,"turns":2.0},{"damage":20.0,"enemies":"Orb Walker","floor":36.0,"turns":2.0},{"damage":24.0,"enemies":"Sphere and 2 Shapes","floor":37.0,"turns":3.0},{"damage":10.0,"enemies":"3 Darklings","floor":39.0,"turns":3.0},{"damage":17.0,"enemies":"Maw","floor":40.0,"turns":3.0},{"damage":0.0,"enemies":"Jaw Worm Horde","floor":43.0,"turns":2.0},{"damage":7.0,"enemies":"3 Darklings","floor":44.0,"turns":2.0},{"damage":5.0,"enemies":"Sphere and 2 Shapes","floor":46.0,"turns":2.0},{"damage":11.0,"enemies":"Writhing Mass","floor":47.0,"turns":2.0},{"damage":13.0,"enemies":"Spire Growth","floor":48.0,"turns":2.0},{"damage":51.0,"enemies":"downfall:Silent","floor":50.0,"turns":5.0},{"damage":80,"enemies":"downfall:CharBossMerchant","floor":52,"turns":5},{"damage":122,"enemies":"downfall:NeowBoss","floor":55,"turns":18}],"seed_played":"6843922891540715478","potions_obtained":[{"floor":8.0,"key":"SpeedPotion"},{"floor":11.0,"key":"Fruit Juice"},{"floor":14.0,"key":"SpeedPotion"},{"floor":16.0,"key":"Dexterity Potion"},{"floor":21.0,"key":"Swift Potion"},{"floor":31.0,"key":"Block Potion"},{"floor":35.0,"key":"Reflective Coating"},{"floor":40.0,"key":"Death Potion"}],"is_trial":false,"path_per_floor":["M","M","M","T","?","?","T","M","$","R","?","$","R","E","R","B",null,"M","$","M","?","T","R","T","?","$","?","R","T","M","M","R","B",null,"?","?","?","?","?","?","T","T","?","?","?","?","?","?","T","B",null,"E","T","T","B",null],"character_chosen":"THE_CHAMP","items_purchased":["Life Link","Twin Strike","ReplayTheSpireMod:Muscle Training","champ:IgnorePain","Replay:Mystery Machine","Toolbox","Meat on the Bone","Medical Kit","Ginger","ReplayTheSpireMod:Muscle Training"],"campfire_rested":1,"item_purchase_floors":[9,12,12,26,26,26,26,53,53,53],"current_hp_per_floor":[90,90,90,90,90,90,97,91,102,102,94,85,85,67,67,52,107,107,107,107,107,107,107,107,85,79,79,79,79,96,106,106,112,112,112,101,104,104,100,104,104,114,120,122,122,122,122,115,115,99,122,80,80,116,99],"gold":65,"neow_bonus":"THREE_ENEMY_KILL","is_daily":false,"chose_seed":false,"campfire_upgraded":7,"win_rate":0.0,"timestamp":1610661348,"path_taken":["M","M","M","?","?","?","T","M","?","R","?","$","R","E","R","BOSS","M","$","M","?","?","R","T","?","$","?","R","?","?","M","R","BOSS","?","?","?","?","?","?","T","T","?","?","?","?","?","?","T","BOSS","E","T","T","BOSS"],"items_purchased_type":["Card","Card","Card","Card","Relic","Relic","Relic","Relic","Relic","Card"],"build_version":"2020-12-22","purchased_purges":0,"victory":true,"max_hp_per_floor":[90,90,90,90,90,90,97,97,102,102,102,102,102,102,102,107,107,107,107,107,107,107,107,107,112,112,112,112,112,112,112,112,112,112,112,112,112,112,112,112,112,122,122,122,122,122,122,122,122,122,122,122,122,122,122],"relic_stats":{"Nunchaku":[3],"counters":[30,107],"Shuriken":[15],"Gambling Chip":[87],"CeramicFish":153,"Bronze Scales":[60],"Snecko Eye":[187,191,160,160],"Pen Nib":[13],"Ginger":[2],"Medical Kit":[1],"obtain_stats":[{"Replay:Accelerometer":4,"Lantern":14,"m_IronCrown":5,"CeramicFish":22,"champ:ChampionCrown":0,"downfall:HeartBlessingGreen":23,"Painkiller Herb":34,"Ginger":53,"Replay:Mystery Machine":26,"Nunchaku":52,"downfall:HeartBlessingBlue":42,"Strawberry":7,"Gambling Chip":21,"Toolbox":26,"downfall:HeartBlessingRed":32,"downfall:HeartsMalice":0,"Replay:WaspNest":12,"The Courier":21,"Pen Nib":29,"Odd Mushroom":11,"Medical Kit":53,"Shuriken":41,"champ:LiftRelic":6,"Bronze Scales":45,"Snecko Eye":17,"Durian":9,"Meat on the Bone":26},{"Replay:Accelerometer":3,"Lantern":8,"m_IronCrown":3,"CeramicFish":13,"champ:ChampionCrown":0,"downfall:HeartBlessingGreen":13,"Painkiller Herb":17,"Ginger":29,"Replay:Mystery Machine":14,"Nunchaku":29,"downfall:HeartBlessingBlue":22,"Strawberry":3,"Gambling Chip":13,"Toolbox":14,"downfall:HeartBlessingRed":16,"downfall:HeartsMalice":0,"Replay:WaspNest":7,"The Courier":13,"Pen Nib":14,"Odd Mushroom":6,"Medical Kit":29,"Shuriken":22,"champ:LiftRelic":3,"Bronze Scales":24,"Snecko Eye":9,"Durian":5,"Meat on the Bone":14},{"Replay:Accelerometer":0,"Lantern":21,"m_IronCrown":0,"CeramicFish":40,"champ:ChampionCrown":0,"downfall:HeartBlessingGreen":40,"Painkiller Herb":56,"Ginger":89,"Replay:Mystery Machine":44,"Nunchaku":89,"downfall:HeartBlessingBlue":69,"Strawberry":0,"Gambling Chip":40,"Toolbox":44,"downfall:HeartBlessingRed":52,"downfall:HeartsMalice":0,"Replay:WaspNest":15,"The Courier":40,"Pen Nib":44,"Odd Mushroom":11,"Medical Kit":89,"Shuriken":69,"champ:LiftRelic":0,"Bronze Scales":73,"Snecko Eye":27,"Durian":7,"Meat on the Bone":44}],"Meat on the Bone":24},"card_choices":[{"not_picked":["champ:Haymaker","champ:Circumvent"],"picked":"champ:GladiatorsShout","floor":1.0},{"not_picked":["champ:EndlessRage","champ:CrookedStrike"],"picked":"champ:Riposte","floor":2.0},{"not_picked":["champ:Shatter","champ:EnragedBash"],"picked":"champ:GladiatorsShout","floor":3.0},{"not_picked":["champ:EnragedBash","champ:AdrenalArmor"],"picked":"champ:FanOfKnives","floor":8.0},{"not_picked":["champ:RisingSlash","champ:CrookedStrike"],"picked":"champ:StrikeOfGenius","floor":9.0},{"not_picked":["champ:FocusedGladiator","champ:BladeFlurry"],"picked":"champ:IronFortress","floor":11.0},{"not_picked":["champ:BringItOn","champ:TornadoPunch"],"picked":"champ:PerfectedStrike","floor":12.0},{"not_picked":["champ:PreciseThrust","champ:FaceSlap"],"picked":"champ:Duel","floor":14.0},{"not_picked":["champ:CrownThrow","champ:CheapShot"],"picked":"champ:StrikeOfGenius","floor":16.0},{"not_picked":["champ:BladeFlurry","champ:ShieldWall"],"picked":"champ:AdrenalArmor","floor":18.0},{"not_picked":["champ:GutPunch","champ:TornadoPunch"],"picked":"champ:DefensiveShout","floor":19.0},{"not_picked":["champ:StanceDance","champ:GladiatorsShout+1"],"picked":"champ:Lariat+1","floor":20.0},{"not_picked":["champ:Backstep","champ:Shatter"],"picked":"champ:PerfectedStrike+1","floor":21.0},{"not_picked":["champ:CrookedStrike","champ:DeathBlow"],"picked":"champ:MurderStrike","floor":30.0},{"not_picked":["champ:Backstep","champ:BringItOn+1"],"picked":"champ:Duel+1","floor":31.0},{"not_picked":["champ:LastStand","champ:Improvising"],"picked":"champ:MurderStrike","floor":33.0},{"not_picked":["champ:BerserkersShout+1","champ:BladeFlurry+1"],"picked":"champ:Haymaker+1","floor":35.0},{"not_picked":["champ:AdrenalArmor","champ:FocusedGladiator+1"],"picked":"champ:BringItOn+1","floor":36.0},{"not_picked":["champ:StanceDance+1","champ:GladiatorsShout"],"picked":"champ:BerserkersShout+1","floor":37.0},{"not_picked":["champ:Backstep","champ:DefensiveStyle"],"picked":"champ:TornadoPunch","floor":39.0},{"not_picked":["champ:DeathBlow","champ:CrookedStrike"],"picked":"champ:Haymaker","floor":40.0},{"not_picked":["champ:ArenaPreparation+1","champ:BringItOn"],"picked":"champ:MurderStrike","floor":43.0},{"not_picked":["champ:Haymaker+1","champ:IronFortress+1"],"picked":"champ:PerfectedStrike+1","floor":44.0},{"not_picked":["champ:Circumvent+1","Combust"],"picked":"ReplayTheSpireMod:Muscle Training","floor":46.0},{"not_picked":["champ:FocusedGladiator","champ:BringItOn+1"],"picked":"ReplayTheSpireMod:Muscle Training+1","floor":47.0},{"not_picked":["champ:ArenaPreparation","champ:StanceDance"],"picked":"champ:FlashCut","floor":48.0},{"not_picked":["champ:DefensiveStyle","champ:SkillfulDodge"],"picked":"champ:Shatter+1","floor":52}],"player_experience":292850,"relics_obtained":[{"floor":4.0,"key":"Replay:Accelerometer"},{"floor":7.0,"key":"Strawberry"},{"floor":11.0,"key":"Odd Mushroom"},{"floor":14.0,"key":"Lantern"},{"floor":21.0,"key":"Gambling Chip"},{"floor":21.0,"key":"The Courier"},{"floor":22.0,"key":"CeramicFish"},{"floor":29.0,"key":"Pen Nib"},{"floor":41.0,"key":"Shuriken"},{"floor":45.0,"key":"Bronze Scales"},{"floor":52,"key":"Nunchaku"}],"event_choices":[{"damage_healed":0.0,"max_hp_gain":0.0,"max_hp_loss":0.0,"gold_gain":0.0,"event_name":"Mushrooms","player_choice":"Fought Mushrooms","floor":11.0,"gold_loss":0.0,"damage_taken":0.0},{"damage_healed":0.0,"max_hp_gain":0.0,"max_hp_loss":0.0,"gold_gain":0.0,"event_name":"Drug Dealer","player_choice":"Obtain J.A.X.","floor":27.0,"gold_loss":0.0,"damage_taken":0.0,"cards_obtained":["J.A.X."]}],"is_beta":false,"boss_relics":[{"not_picked":["Runic Dome","Abe\u0027s Treasure"],"picked":"Snecko Eye"},{"not_picked":["Calling Bell","Busted Crown"],"picked":"Painkiller Herb"}],"items_purged_floors":[],"is_endless":false,"potions_floor_spawned":[8,11,14,16,18,21,31,35,40,44],"ascension_level":0}}