{"host":"7k2a2omxz3voj5ax","time":1610645052,"event":{"mods":["BaseMod","Marisa£¨ìFÓê¡¡Ä§ÀíÉ³£©","Minty Spire (QoL Compilation)","Quick Restart","Spicy Shops","StSLib","Starting Relic: Pandora\u0027s Box","óô»ðÖ¸ÄÏ"],"gold_per_floor":[3315,3330,2984,2997,3040,3076,2472,2527,2554,2097,1824,1605,1654,1703,1029,1102,1102,1120,863,863,882,720,747,747,680,704,559,474,502,518,549,333,422,434,465,496,414,414,468,331,199,227,227,257,272,295,295,307,307,307,307,307,307,144,172,172],"floor_reached":57,"language":"ZHS","playtime":1448,"items_purged":["MasterSpark","IllusionStar","MysteriousBeam","DoubleSpark","EventHorizon","UpSweep","ShootingEcho","Robbery","GasGiant","EscapeVelocity+1","EnergyFlow+1","StarBarrage"],"score":3602,"play_id":"7a0d3f82-0ecf-4e25-94ea-7f9d03e8d986","local_time":"20210115022412","is_ascension_mode":true,"campfire_choices":[{"floor":49.0,"key":"RECALL"},{"data":"1","floor":53,"key":"LIFT"}],"circlet_count":0,"master_deck":["AscendersBane","EarthLightRay+1","Deflect+1","StarBarrage+1"],"relics":["MiniHakkero","NeowsBlessing","Akabeko","Ancient Tea Set","Unceasing Top","Lantern","Smiling Mask","ClockworkSouvenir","Thread and Needle","Omamori","Medical Kit","SimpleLauncher","Bag of Preparation","Chemical X","Astrolabe","PrismaticShard","MutagenicStrength","Membership Card","Art of War","Molten Egg 2","Vajra","Pen Nib","Gremlin Horn","Blue Candle","Regal Pillow","Tiny Chest","Toxic Egg 2","MawBank","Coffee Dripper","TungstenRod","Calipers","Ornamental Fan","Sundial","Frozen Egg 2","Girya","Bird Faced Urn","Turnip","Ice Cream"],"acts_visited":["Exordium","TheCity","TheBeyond","TheEnding"],"potions_floor_usage":[],"damage_taken":[{"damage":0.0,"enemies":"Cultist","floor":1.0,"turns":1.0},{"damage":0.0,"enemies":"Small Slimes","floor":2.0,"turns":1.0},{"damage":0.0,"enemies":"Jaw Worm","floor":4.0,"turns":1.0},{"damage":2.0,"enemies":"2 Fungi Beasts","floor":5.0,"turns":2.0},{"damage":6.0,"enemies":"Lagavulin","floor":6.0,"turns":5.0},{"damage":10.0,"enemies":"Gremlin Nob","floor":8.0,"turns":3.0},{"damage":4.0,"enemies":"Blue Slaver","floor":13.0,"turns":2.0},{"damage":0.0,"enemies":"Exordium Wildlife","floor":14.0,"turns":2.0},{"damage":0.0,"enemies":"Slime Boss","floor":16.0,"turns":4.0},{"damage":0.0,"enemies":"Chosen","floor":18.0,"turns":3.0},{"damage":5.0,"enemies":"2 Thieves","floor":21.0,"turns":2.0},{"damage":33.0,"enemies":"Slavers","floor":23.0,"turns":3.0},{"damage":1.0,"enemies":"Gremlin Leader","floor":29.0,"turns":1.0},{"damage":1.0,"enemies":"Centurion and Healer","floor":30.0,"turns":2.0},{"damage":1.0,"enemies":"Slavers","floor":31.0,"turns":1.0},{"damage":1.0,"enemies":"Champ","floor":33.0,"turns":2.0},{"damage":28.0,"enemies":"3 Shapes","floor":35.0,"turns":1.0},{"damage":1.0,"enemies":"Orb Walker","floor":36.0,"turns":1.0},{"damage":1.0,"enemies":"2 Orb Walkers","floor":39.0,"turns":1.0},{"damage":0.0,"enemies":"Reptomancer","floor":42.0,"turns":1.0},{"damage":0.0,"enemies":"Nemesis","floor":44.0,"turns":1.0},{"damage":0.0,"enemies":"Sphere and 2 Shapes","floor":45.0,"turns":1.0},{"damage":0.0,"enemies":"Maw","floor":48.0,"turns":1.0},{"damage":0.0,"enemies":"Time Eater","floor":50.0,"turns":2.0},{"damage":0.0,"enemies":"Awakened One","floor":51.0,"turns":2.0},{"damage":0,"enemies":"Shield and Spear","floor":55,"turns":1},{"damage":59,"enemies":"The Heart","floor":56,"turns":4}],"seed_played":"2493586808901198472","potions_obtained":[{"floor":2.0,"key":"Regen Potion"},{"floor":5.0,"key":"ColorlessPotion"},{"floor":21.0,"key":"Explosive Potion"},{"floor":31.0,"key":"Energy Potion"},{"floor":33.0,"key":"AttackPotion"},{"floor":42.0,"key":"PowerPotion"},{"floor":44.0,"key":"FairyPotion"}],"is_trial":false,"path_per_floor":["M","M","$","M","M","E","R","E","T","R","$","R","M","M","R","B",null,"M","$","?","M","$","E","?","R","T","$","?","E","M","E","R","B",null,"M","M","$","?","?","R","$","E","T","E","M","T","?","M","R","B","B",null,"R","$","E","B",null],"character_chosen":"MARISA","items_purchased":["Akabeko","Unceasing Top","Lantern","ClockworkSouvenir","Thread and Needle","Omamori","Medical Kit","SimpleLauncher","Bag of Preparation","Chemical X","PrismaticShard","Membership Card","Molten Egg 2","Pen Nib","Gremlin Horn","Toxic Egg 2","MawBank","StarBarrage+1","Calipers","Ornamental Fan","Sundial","Ice Cream"],"campfire_rested":0,"item_purchase_floors":[3,7,7,10,10,11,12,15,15,15,19,22,25,27,27,32,32,37,40,40,41,54],"current_hp_per_floor":[63,63,63,63,61,55,55,45,45,45,45,45,41,41,41,41,63,69,69,69,65,65,37,17,17,17,17,17,22,27,32,32,42,67,45,50,50,50,55,55,55,61,61,67,73,73,71,71,71,71,71,71,71,71,71,13],"gold":172,"neow_bonus":"THREE_ENEMY_KILL","is_daily":false,"chose_seed":false,"campfire_upgraded":0,"win_rate":0.0,"timestamp":1610645052,"path_taken":["M","M","$","?","M","E","R","E","T","R","$","R","M","M","R","BOSS","M","$","?","M","$","E","?","R","T","$","?","E","M","E","R","BOSS","M","M","$","?","?","R","?","E","T","E","M","?","?","M","R","BOSS","BOSS","R","$","E","BOSS"],"items_purchased_type":["Relic","Relic","Relic","Relic","Relic","Relic","Relic","Relic","Relic","Relic","Relic","Relic","Relic","Relic","Relic","Relic","Relic","Card","Relic","Relic","Relic","Relic"],"build_version":"2020-12-22","purchased_purges":12,"victory":true,"max_hp_per_floor":[70,70,70,70,70,70,70,70,70,70,70,70,70,70,70,70,70,70,70,70,70,70,70,75,75,75,75,75,75,75,75,75,75,75,75,75,75,75,75,75,75,75,75,75,75,75,71,71,71,71,71,71,71,71,71,71],"card_choices":[{"not_picked":["IllusionStar","Acceleration"],"picked":"Robbery","floor":1.0},{"not_picked":["PropBag","UnstableBomb","MysteriousBeam"],"picked":"SKIP","floor":2.0},{"not_picked":["SporeBomb","Acceleration","SprinkleStarSeal"],"picked":"SKIP","floor":4.0},{"not_picked":["DoubleSpark","Acceleration","RefractionSpark"],"picked":"SKIP","floor":5.0},{"not_picked":["OrrerysSun","PulseMagic","DC"],"picked":"SKIP","floor":6.0},{"not_picked":["OpenUniverse","EnergyRecoil"],"picked":"StarBarrage","floor":8.0},{"not_picked":["Occultation","ChargingUp","EnergyRecoil"],"picked":"SKIP","floor":13.0},{"not_picked":["ShootingEcho","UnstableBomb","6A"],"picked":"SKIP","floor":14.0},{"not_picked":["BinaryStars","CasketOfStar"],"picked":"UltimateShortwave","floor":16.0},{"not_picked":["Occultation","OortCloud","GrandCross"],"picked":"SKIP","floor":18.0},{"not_picked":["PathToVictory","Leg Sweep+1","Deep Breath+1"],"picked":"SKIP","floor":21.0},{"not_picked":["Go for the Eyes","Iron Wave","ClearTheMind"],"picked":"SKIP","floor":23.0},{"not_picked":["Hologram+1","ManaConvection","Backflip"],"picked":"SKIP","floor":29.0},{"not_picked":["Body Slam+1","Acrobatics+1","Dark Shackles"],"picked":"SKIP","floor":30.0},{"not_picked":["Nirvana+1","SashWhip+1","LessonLearned+1"],"picked":"SKIP","floor":31.0},{"not_picked":["Swift Strike+1","Clothesline+1"],"picked":"Deflect+1","floor":35.0},{"not_picked":["Setup+1","LuminesStrike+1","FollowUp+1"],"picked":"SKIP","floor":36.0},{"not_picked":["Thunderclap+1","BowlingBash+1","FlurryOfBlows+1"],"picked":"SKIP","floor":42.0},{"not_picked":["AlicesGift+1","Havoc+1","Limit Break+1"],"picked":"SKIP","floor":44.0},{"not_picked":["AlicesGift+1","Havoc+1","Limit Break+1"],"picked":"SKIP","floor":44.0},{"not_picked":["6A+1","Blade Dance+1","Armaments+1"],"picked":"SKIP","floor":45.0},{"not_picked":["Dark Embrace+1","MagicChant+1","WitchOfGreed+1"],"picked":"SKIP","floor":48.0},{"not_picked":["EmptyBody+1","Leap+1","Melter+1"],"picked":"SKIP","floor":55}],"player_experience":446013,"relics_obtained":[{"floor":6.0,"key":"Ancient Tea Set"},{"floor":8.0,"key":"Smiling Mask"},{"floor":23.0,"key":"Art of War"},{"floor":26.0,"key":"Vajra"},{"floor":29.0,"key":"Regal Pillow"},{"floor":31.0,"key":"Tiny Chest"},{"floor":39.0,"key":"TungstenRod"},{"floor":42.0,"key":"Frozen Egg 2"},{"floor":43.0,"key":"Girya"},{"floor":44.0,"key":"Bird Faced Urn"},{"floor":46.0,"key":"Turnip"}],"event_choices":[{"damage_healed":0.0,"max_hp_gain":0.0,"max_hp_loss":0.0,"gold_gain":0.0,"event_name":"Drug Dealer","player_choice":"Inject Mutagens","floor":20.0,"gold_loss":0.0,"damage_taken":0.0,"relics_obtained":["MutagenicStrength"]},{"damage_healed":0.0,"max_hp_gain":5.0,"max_hp_loss":0.0,"gold_gain":0.0,"event_name":"Forgotten Altar","player_choice":"Shed Blood","floor":24.0,"gold_loss":0.0,"damage_taken":25.0},{"damage_healed":0.0,"max_hp_gain":0.0,"max_hp_loss":0.0,"gold_gain":0.0,"event_name":"Addict","player_choice":"Obtained Relic","floor":28.0,"gold_loss":85.0,"damage_taken":0.0,"relics_obtained":["Blue Candle"]},{"damage_healed":0.0,"max_hp_gain":0.0,"max_hp_loss":0.0,"gold_gain":0.0,"event_name":"SensoryStone","player_choice":"Memory 1","floor":38.0,"gold_loss":0.0,"damage_taken":0.0},{"damage_healed":0.0,"max_hp_gain":0.0,"max_hp_loss":0.0,"gold_gain":0.0,"event_name":"Mysterious Sphere","player_choice":"Fight","floor":39.0,"gold_loss":0.0,"damage_taken":0.0},{"damage_healed":0.0,"max_hp_gain":0.0,"max_hp_loss":4.0,"gold_gain":0.0,"event_name":"Winding Halls","player_choice":"Max HP","floor":47.0,"gold_loss":0.0,"damage_taken":0.0}],"is_beta":false,"boss_relics":[{"not_picked":["Philosopher\u0027s Stone","Pandora\u0027s Box"],"picked":"Astrolabe"},{"not_picked":["Black Star","Empty Cage"],"picked":"Coffee Dripper"}],"items_purged_floors":[3,3,7,10,11,11,12,15,15,19,19,37],"is_endless":false,"potions_floor_spawned":[2,5,6,13,21,23,31,33,42,44,45,48],"ascension_level":20}}