{"host":"5qewjvycy34u7aeo","time":1610658210,"event":{"mods":["Act Like it!","Aspiration","BaseMod","Conspire","Downfall","GifTheSpireLib","Hubris","Infinite Spire","Minty Spire (QoL Compilation)","Permanent Neow","Replay The Spire","Shop Mod","StSLib","Stuff the Spire"],"gold_per_floor":[99,117,129,141,155,155,155,155,175,17,17,35,35,51,67,169,169,19,31,31,31,31,62,62,92,105,105,134,134,163,263,279,375,375,300,310,409,459,483,41,41,41,76,76,94,94,158,219,280,280,280,312,114,114,114],"floor_reached":56,"language":"ENG","playtime":5723,"items_purged":["hexamod:Strike","hexamod:Defend","hexamod:Strike+1","hexamod:Defend","CommonCold"],"score":1637,"play_id":"e8610451-c6c4-4d1a-9f4a-76cde1bb0a5b","local_time":"20210114150330","is_ascension_mode":true,"campfire_choices":[{"floor":1.0,"key":"RECALL"},{"data":"hexamod:Sear","floor":11.0,"key":"SMITH"},{"floor":18.0,"key":"DIG"},{"data":"Replay:Fractal Strike","floor":27.0,"key":"SMITH"},{"floor":29.0,"key":"DIG"},{"floor":35.0,"key":"DIG"},{"floor":42.0,"key":"DIG"},{"floor":54,"key":"DIG"}],"circlet_count":0,"master_deck":["hexamod:Sear+1","hexamod:Float+1","ReplayTheSpireMod:Trickstab+1","hexamod:PhantomCloak+1","hexamod:PhantomCloak+1","hexamod:PhantomCloak+1","hexamod:AdvancingGuard+1","hexamod:ExtraCrispy","hexamod:Rewind","hexamod:GhostflameBarrier","Replay:Fractal Strike+1","hexamod:TimeWarp+1","hexamod:RadiantFlame+1","hexamod:FlamesFromBeyond+1","hexamod:SixthSeal","Finesse","hexamod:GhostShield+1","hexamod:Hexaguard+1","hexamod:Hexaguard","hexamod:BurningTouch+1","hexamod:ExtraCrispy","hexamod:ExtraCrispy"],"relics":["hexamod:SpiritBrand","GremlinMask","Coffee Dripper","downfall:HeartBlessingRed","downfall:HeartBlessingBlue","Strawberry","Replay:Drink Me","Shovel","ReplayTheSpireMod:Lightbulb","hubris:DeckOfHolding","aspiration:ChemicalBlood","Blue Doll","Mummified Hand","StuffTheSpire:Experiment12","StoneCalendar","hubris:TinFlute","StuffTheSpire:Kangaroo","downfall:HeartBlessingGreen","hubris:Spice","Bronze Scales","Replay:Bottled Flurry","Pet Ghost","ReplayTheSpireMod:Ring of Challenge","HornCleat"],"acts_visited":[],"potions_floor_usage":[55,55,55],"damage_taken":[{"damage":0.0,"enemies":"Cultist","floor":2.0,"turns":3.0},{"damage":0.0,"enemies":"Small Slimes","floor":3.0,"turns":3.0},{"damage":1.0,"enemies":"Jaw Worm","floor":4.0,"turns":4.0},{"damage":0.0,"enemies":"Blue Slaver","floor":5.0,"turns":4.0},{"damage":0.0,"enemies":"3 Louse","floor":9.0,"turns":3.0},{"damage":10.0,"enemies":"downfall:FleeingMerchant","floor":10.0,"turns":4.0},{"damage":6.0,"enemies":"Red Slaver","floor":12.0,"turns":4.0},{"damage":2.0,"enemies":"Large Slime","floor":14.0,"turns":6.0},{"damage":4.0,"enemies":"Exordium Thugs","floor":15.0,"turns":4.0},{"damage":12.0,"enemies":"downfall:Silent","floor":16.0,"turns":14.0},{"damage":2.0,"enemies":"Shell Parasite","floor":19.0,"turns":7.0},{"damage":0.0,"enemies":"Gremlin Leader","floor":23.0,"turns":6.0},{"damage":0.0,"enemies":"conspire:Head Lice","floor":25.0,"turns":6.0},{"damage":7.0,"enemies":"conspire:HollyBat","floor":26.0,"turns":5.0},{"damage":12.0,"enemies":"Slavers","floor":28.0,"turns":6.0},{"damage":0.0,"enemies":"Replay:Snechameleon","floor":30.0,"turns":3.0},{"damage":0.0,"enemies":"downfall:Ironclad","floor":31.0,"turns":4.0},{"damage":0.0,"enemies":"3 Cultists","floor":32.0,"turns":5.0},{"damage":0.0,"enemies":"downfall:Defect","floor":33.0,"turns":6.0},{"damage":0.0,"enemies":"Orb Walker","floor":36.0,"turns":3.0},{"damage":0.0,"enemies":"downfall:FleeingMerchant","floor":37.0,"turns":3.0},{"damage":0.0,"enemies":"Mind Bloom Boss Battle","floor":38.0,"turns":3.0},{"damage":0.0,"enemies":"R_Hoarder","floor":43.0,"turns":3.0},{"damage":0.0,"enemies":"3 Darklings","floor":45.0,"turns":3.0},{"damage":0.0,"enemies":"Spire Growth","floor":47.0,"turns":4.0},{"damage":5.0,"enemies":"Maw","floor":48.0,"turns":4.0},{"damage":1,"enemies":"Jaw Worm Horde","floor":49,"turns":3},{"damage":0,"enemies":"downfall:Watcher","floor":50,"turns":4},{"damage":0,"enemies":"downfall:CharBossMerchant","floor":52,"turns":4},{"damage":0,"enemies":"downfall:NeowBoss","floor":55,"turns":12}],"seed_played":"4107632493444246909","potions_obtained":[{"floor":3.0,"key":"Elixir"},{"floor":9.0,"key":"hexamod:EctoCoolerPotion"},{"floor":12.0,"key":"hexamod:EctoCoolerPotion"},{"floor":16.0,"key":"Venom Potion"},{"floor":25.0,"key":"Elixir"},{"floor":26.0,"key":"Ancient Potion"},{"floor":30.0,"key":"Death Potion"},{"floor":45.0,"key":"Explosive Potion"},{"floor":49,"key":"Fire Potion"},{"floor":52,"key":"Guardian:BlockOnCardUsePotion"}],"is_trial":false,"path_per_floor":["R","M","M","M","M","?","T","?","M","$","R","M","?","M","M","B",null,"R","M","?","?","AVR","E","T","E","M","R","E","R","E","?","M","B",null,"R","M","$","?","T","$","T","R","E","?","M","?","M","M","M","B",null,"E","$","R","B",null],"character_chosen":"THE_SPIRIT","items_purchased":["hexamod:PhantomCloak","Finesse","hexamod:GhostShield+1","hexamod:Hexaguard","hubris:Spice","hexamod:ExtraCrispy"],"campfire_rested":0,"item_purchase_floors":[10,37,37,40,40,53],"current_hp_per_floor":[70,70,70,69,69,74,74,74,74,64,64,58,58,56,52,40,75,92,90,90,82,69,69,69,69,62,62,50,50,50,50,50,50,69,77,77,77,85,85,77,77,69,61,61,61,61,61,53,52,52,53,37,37,37,37],"gold":114,"neow_bonus":"RANDOM_COLORLESS","is_daily":false,"chose_seed":false,"campfire_upgraded":2,"win_rate":0.0,"timestamp":1610658210,"path_taken":["R","M","M","?","M","?","T","?","M","?","R","M","?","M","M","BOSS","R","M","?","?","AVR","E","T","E","?","R","E","R","E","?","M","BOSS","R","M","$","?","?","$","T","R","E","?","M","?","M","M","M","BOSS","E","$","R","BOSS"],"items_purchased_type":["Card","Card","Card","Card","Relic","Card"],"build_version":"2020-12-22","purchased_purges":5,"victory":true,"max_hp_per_floor":[70,70,70,70,70,75,75,75,75,75,75,75,75,75,75,75,75,92,92,92,92,69,69,69,69,69,69,69,69,69,69,69,69,69,77,77,77,85,85,77,77,69,61,61,61,61,61,53,53,53,53,37,37,37,37],"card_choices":[{"not_picked":["Replay:SS_fish_3","Replay:SS_hec_4"],"picked":"ReplayTheSpireMod:Trickstab","floor":0.0},{"not_picked":["hexamod:NightmareGuise","hexamod:BurningTouch","hexamod:ThirdSeal"],"picked":"SKIP","floor":2.0},{"not_picked":["hexamod:NightmareStrike","hexamod:SpectersWail"],"picked":"hexamod:PhantomCloak","floor":3.0},{"not_picked":["hexamod:StepThrough","hexamod:GhostOfSpirePast","hexamod:InspiringFlames"],"picked":"SKIP","floor":4.0},{"not_picked":["hexamod:Hexaguard","hexamod:HeatShield","hexamod:Haunt"],"picked":"SKIP","floor":5.0},{"not_picked":["hexamod:PowerFromBeyond","hexamod:GhostOfSpirePast","hexamod:GhostLash"],"picked":"SKIP","floor":9.0},{"not_picked":["hexamod:SpectralAdrenaline","hexamod:BacktrackSmack"],"picked":"hexamod:PhantomCloak","floor":10.0},{"not_picked":["hexamod:EmpoweringStance","hexamod:InspiringFlames"],"picked":"hexamod:AdvancingGuard","floor":12.0},{"not_picked":["hexamod:SpectralAdrenaline","hexamod:SecondSeal"],"picked":"hexamod:ExtraCrispy","floor":14.0},{"not_picked":["hexamod:HauntingEcho","hexamod:FastForward","hexamod:NecessarySacrifice"],"picked":"SKIP","floor":15.0},{"not_picked":["hexamod:FastForward","hexamod:HeatShield"],"picked":"hexamod:Rewind","floor":19.0},{"not_picked":["hexamod:SecondSeal","hexamod:ThermalTransfer+1"],"picked":"hexamod:TimeWarp","floor":23.0},{"not_picked":["hexamod:PowerFromBeyond","hexamod:FastForward"],"picked":"hexamod:RadiantFlame","floor":25.0},{"not_picked":["hexamod:HauntingEcho+1","hexamod:InspiringFlames","hexamod:NightmareGuise"],"picked":"SKIP","floor":26.0},{"not_picked":["hexamod:GhostShield","hexamod:RainOfEmbers","hexamod:PowerFromBeyond"],"picked":"SKIP","floor":28.0},{"not_picked":["hexamod:GhostLash","hexamod:SuperheatedStrike+1","hexamod:PowerFromBeyond"],"picked":"SKIP","floor":30.0},{"not_picked":["hexamod:BacktrackSmack","hexamod:SwordOfDarkness"],"picked":"hexamod:FlamesFromBeyond","floor":32.0},{"not_picked":["hexamod:WildfireWeapon","hexamod:HexaLevel"],"picked":"hexamod:SixthSeal","floor":33.0},{"not_picked":["hexamod:ThermalTransfer+1","hexamod:SwordOfDarkness","hexamod:Incineration"],"picked":"SKIP","floor":36.0},{"not_picked":["hexamod:FastForward+1","hexamod:RetreatToShadows","hexamod:NightmareGuise"],"picked":"SKIP","floor":37.0},{"not_picked":["hexamod:HexaLevel","hexamod:SwordOfDarkness+1"],"picked":"hubris:SpiceAddiction","floor":43.0},{"not_picked":["hexamod:InspiringFlames+1","hexamod:Hexaguard"],"picked":"hexamod:BurningTouch+1","floor":45.0},{"not_picked":["hexamod:NecessarySacrifice+1","hexamod:NightmareStrike+1","hexamod:ShieldOfDarkness+1"],"picked":"SKIP","floor":47.0},{"not_picked":["hexamod:ShieldOfDarkness+1","hexamod:PowerFromBeyond"],"picked":"hubris:SpiceAddiction","floor":48.0},{"not_picked":["hexamod:GhostLash","hexamod:FirstSeal","hexamod:RainOfEmbers+1"],"picked":"SKIP","floor":49},{"not_picked":["hexamod:EmpoweringStance","hexamod:ThirdSeal"],"picked":"hubris:SpiceAddiction","floor":52}],"player_experience":415494,"relics_obtained":[{"floor":18.0,"key":"Strawberry"},{"floor":23.0,"key":"ReplayTheSpireMod:Lightbulb"},{"floor":24.0,"key":"hubris:DeckOfHolding"},{"floor":25.0,"key":"aspiration:ChemicalBlood"},{"floor":28.0,"key":"Blue Doll"},{"floor":29.0,"key":"Mummified Hand"},{"floor":30.0,"key":"StuffTheSpire:Experiment12"},{"floor":31.0,"key":"StoneCalendar"},{"floor":31.0,"key":"hubris:TinFlute"},{"floor":35.0,"key":"hubris:Spice"},{"floor":38.0,"key":"hubris:Spice"},{"floor":39.0,"key":"Bronze Scales"},{"floor":41.0,"key":"Replay:Bottled Flurry"},{"floor":42.0,"key":"hubris:Spice"},{"floor":43.0,"key":"Pet Ghost"},{"floor":46.0,"key":"ReplayTheSpireMod:Ring of Challenge"},{"floor":52,"key":"hubris:Spice"},{"floor":54,"key":"HornCleat"}],"event_choices":[{"damage_healed":0.0,"max_hp_gain":5.0,"max_hp_loss":0.0,"gold_gain":0.0,"event_name":"Big Fish","player_choice":"Donut","floor":6.0,"gold_loss":0.0,"damage_taken":0.0},{"damage_healed":0.0,"max_hp_gain":0.0,"max_hp_loss":0.0,"gold_gain":0.0,"event_name":"FaceTrader","player_choice":"Trade","floor":13.0,"gold_loss":0.0,"damage_taken":0.0,"relics_obtained":["GremlinMask"]}],"is_beta":false,"boss_relics":[{"not_picked":["conspire:SpecialSausage","hubris:Stopwatch"],"picked":"Coffee Dripper"},{"not_picked":["conspire:RunicOctahedron","Fusion Hammer"],"picked":"StuffTheSpire:Kangaroo"}],"items_purged_floors":[10,22,37,40,53],"is_endless":false,"potions_floor_spawned":[3,9,12,14,16,25,26,30,32,38,45,47,49,52],"ascension_level":1}}