{"host":"l2dnabsh5e0fsksb","time":1610605690,"event":{"mods":["2.2 Compatiblity","BaseMod","Downfall","Minty Spire (QoL Compilation)","Quick Restart","StSLib"],"gold_per_floor":[99,99,99,22,22,22,47,66,97,197,226,237,87,100,113,113,113,113],"floor_reached":16,"language":"ENG","playtime":445,"items_purged":[],"score":173,"play_id":"3a01cfb3-e1a8-406a-aadf-766a14197a9e","local_time":"20210114165810","is_ascension_mode":true,"campfire_choices":[{"floor":1,"key":"RECALL"},{"floor":13,"key":"REST"}],"circlet_count":0,"master_deck":["AscendersBane","champ:Strike","champ:Strike","champ:Strike","champ:Strike","champ:Defend","champ:Defend","champ:Defend","champ:Execute","champ:Taunt","champ:RisingSlash","champ:Backstep","champ:PreciseThrust","champ:GladiatorsShout","champ:Circumvent","champ:GutPunch","champ:StrikeOfGenius","champ:FlashCut","champ:Backstep","champ:LastStand","champ:Duel"],"relics":["champ:ChampionCrown","downfall:HeartsMalice","downfall:ShatteredFragment","PreservedInsect","Dream Catcher","champ:FightingForDummies","downfall:HeartBlessingGreen","downfall:HeartBlessingRed"],"acts_visited":["Exordium"],"potions_floor_usage":[9,11,16,16],"damage_taken":[{"damage":0,"enemies":"Small Slimes","floor":3,"turns":1},{"damage":0,"enemies":"downfall:FleeingMerchant","floor":4,"turns":1},{"damage":0,"enemies":"Cultist","floor":6,"turns":1},{"damage":13,"enemies":"Jaw Worm","floor":8,"turns":3},{"damage":13,"enemies":"Gremlin Nob","floor":9,"turns":3},{"damage":33,"enemies":"3 Sentries","floor":11,"turns":5},{"damage":5,"enemies":"Blue Slaver","floor":12,"turns":4},{"damage":0,"enemies":"2 Fungi Beasts","floor":14,"turns":3},{"damage":25,"enemies":"Exordium Wildlife","floor":15,"turns":6},{"damage":33,"enemies":"downfall:Defect","floor":16,"turns":5}],"seed_played":"3772335438053129054","potions_obtained":[{"floor":8,"key":"sneckomod:MuddlingPotion"},{"floor":9,"key":"SkillPotion"},{"floor":11,"key":"champ:UltimateStancePotion"},{"floor":12,"key":"DistilledChaos"}],"is_trial":false,"path_per_floor":["R","?","M","$","?","M","T","M","E","?","E","M","R","M","M","B"],"character_chosen":"THE_CHAMP","items_purchased":["champ:PreciseThrust"],"campfire_rested":1,"item_purchase_floors":[4],"current_hp_per_floor":[81,81,81,81,54,54,54,46,38,38,18,18,45,45,28,0,0,0],"gold":113,"neow_bonus":"THREE_ENEMY_KILL","is_daily":false,"chose_seed":false,"campfire_upgraded":0,"win_rate":0.0,"timestamp":1610605690,"path_taken":["R","?","M","?","?","?","T","M","E","?","E","M","R","M","M","BOSS"],"items_purchased_type":["Card"],"build_version":"2020-12-22","purchased_purges":0,"victory":false,"max_hp_per_floor":[90,90,90,90,90,90,90,90,90,90,90,90,90,90,90,90,90,90],"card_choices":[{"not_picked":["champ:RageSigil","champ:Haymaker"],"picked":"champ:RisingSlash","floor":3},{"not_picked":["champ:BerserkersShout","champ:Riposte"],"picked":"champ:Backstep","floor":4},{"not_picked":["champ:GutPunch","champ:FanOfKnives"],"picked":"champ:GladiatorsShout","floor":6},{"not_picked":["champ:GutPunch","champ:StanceDance"],"picked":"champ:Circumvent","floor":8},{"not_picked":["champ:BladeFlurry","champ:RapidStrikes"],"picked":"champ:GutPunch","floor":9},{"not_picked":["champ:RisingSlash","champ:EnragedBash"],"picked":"champ:StrikeOfGenius","floor":11},{"not_picked":["champ:FocusedDefense","champ:StanceDance"],"picked":"champ:FlashCut","floor":12},{"not_picked":["champ:Aggression","champ:PerfectedStrike"],"picked":"champ:Backstep","floor":13},{"not_picked":["champ:TornadoPunch","champ:BladeFlurry"],"picked":"champ:LastStand","floor":14},{"not_picked":["champ:CrookedStrike","champ:StanceDance"],"picked":"champ:Duel","floor":15}],"player_experience":1786149,"relics_obtained":[{"floor":7,"key":"PreservedInsect"},{"floor":9,"key":"Dream Catcher"},{"floor":11,"key":"champ:FightingForDummies"}],"event_choices":[{"cards_removed":["champ:Defend"],"damage_healed":0,"gold_gain":0,"player_choice":"Purged","damage_taken":0,"max_hp_gain":0,"max_hp_loss":0,"event_name":"Purifier","floor":2,"gold_loss":0}],"is_beta":false,"boss_relics":[],"items_purged_floors":[],"is_endless":false,"potions_floor_spawned":[8,9,11,12],"killed_by":"downfall:Defect","ascension_level":12}}