{"host":"fxrgx7wt2cpkbhka","time":1610602805,"event":{"mods":["AchievementEnabler","BaseMod","Colored Powertips","Minty Spire (QoL Compilation)","Permanent Neow","Slay-I","StSLib","Waifu the Spire"],"gold_per_floor":[115,115,115,130,104,104,131,131,154,154,174,174,174],"floor_reached":12,"language":"ENG","playtime":290,"items_purged":[],"score":122,"play_id":"ce5087c1-e10e-4e81-8eb3-c19a2506c78b","local_time":"20210113214005","is_ascension_mode":true,"campfire_choices":[{"data":"Flex","floor":6,"key":"SMITH"},{"data":"Clash","floor":8,"key":"SMITH"},{"data":"Forethought","floor":10,"key":"SMITH"}],"circlet_count":0,"master_deck":["AscendersBane","Strike_R","Strike_R","Strike_R","Strike_R","Strike_R","Defend_R","Defend_R","Defend_R","Defend_R","Bash+1","Spot Weakness+1","Forethought+1","Clash+1","Flex+1"],"relics":["Burning Blood","Tiny Chest","Bronze Scales"],"acts_visited":["Exordium"],"potions_floor_usage":[12,12],"damage_taken":[{"damage":14,"enemies":"Jaw Worm","floor":1,"turns":3},{"damage":1,"enemies":"Cultist","floor":4,"turns":4},{"damage":25,"enemies":"Lagavulin","floor":7,"turns":5},{"damage":12,"enemies":"Small Slimes","floor":11,"turns":2},{"damage":56,"enemies":"Gremlin Nob","floor":12,"turns":4}],"seed_played":"-3409605036642842716","potions_obtained":[{"floor":4,"key":"FearPotion"},{"floor":7,"key":"PowerPotion"}],"is_trial":false,"path_per_floor":["M","?","?","M","$","R","E","R","T","R","M","E"],"character_chosen":"IRONCLAD","items_purchased":["Flex"],"campfire_rested":0,"item_purchase_floors":[5],"current_hp_per_floor":[64,64,64,69,69,69,50,50,50,50,44,0,0],"gold":174,"neow_bonus":"UPGRADE_CARD","is_daily":false,"chose_seed":false,"campfire_upgraded":3,"win_rate":0.0,"timestamp":1610602805,"path_taken":["M","?","?","?","$","R","E","R","T","R","M","E"],"items_purchased_type":["Card"],"build_version":"2020-12-22","purchased_purges":0,"victory":false,"max_hp_per_floor":[80,80,80,80,80,80,80,80,80,80,80,80,80],"card_choices":[{"not_picked":["Havoc","Searing Blow"],"picked":"Spot Weakness","floor":1},{"not_picked":["Carnage","Cleave"],"picked":"Clash","floor":4},{"not_picked":["Reckless Charge","Power Through","Shockwave"],"picked":"SKIP","floor":7},{"not_picked":["Seeing Red","True Grit","Sword Boomerang"],"picked":"SKIP","floor":11}],"player_experience":703628,"relics_obtained":[{"floor":7,"key":"Tiny Chest"},{"floor":9,"key":"Bronze Scales"}],"event_choices":[{"damage_healed":0,"gold_gain":0,"player_choice":"Grow","damage_taken":0,"max_hp_gain":0,"max_hp_loss":0,"event_name":"Living Wall","floor":2,"gold_loss":0,"cards_upgraded":["Spot Weakness"]},{"damage_healed":0,"gold_gain":0,"player_choice":"1 cards matched","damage_taken":0,"max_hp_gain":0,"max_hp_loss":0,"event_name":"Match and Keep!","floor":3,"gold_loss":0,"cards_obtained":["Forethought"]}],"is_beta":false,"boss_relics":[],"items_purged_floors":[],"is_endless":false,"potions_floor_spawned":[4,7,11],"killed_by":"Gremlin Nob","ascension_level":12}}