{"host":"eu5wvbbtjeiar27l","time":1610632507,"event":{"mods":["Astrologer","BaseMod","Colored Powertips","Conspire","Energized Spire","Hubris","Infinite Spire","Mad Scientist","Melee Mod","Minty Spire (QoL Compilation)","Potionbrewer","Rare Cards Sparkle","StSLib","The Construct","The Factory","The Jungle","The Runesmith","The Valiant","Treasure Hunter","themimic","vexMod"],"gold_per_floor":[114,114,126,143,253,253,283,283,359,359,378,74,101,121,121,225,225,239,239,239,51,126,152,162,162,185,195,213,231,231,231],"floor_reached":30,"language":"ENG","playtime":1843,"items_purged":["astrologer:Strike","astrologer:Strike"],"score":312,"play_id":"87ac81b5-2b9a-4c7b-9c47-90316cc0238d","local_time":"20210114135507","is_ascension_mode":false,"campfire_choices":[{"data":"astrologer:Stardust","floor":6,"key":"SMITH"},{"data":"astrologer:NorthStar","floor":8,"key":"SMITH"},{"data":"astrologer:Prismatic","floor":15,"key":"SMITH"},{"data":"astrologer:Fireball","floor":25,"key":"SMITH"}],"circlet_count":0,"master_deck":["astrologer:Strike","astrologer:Strike","astrologer:Defend","astrologer:Defend","astrologer:Defend","astrologer:Defend","astrologer:NorthStar+1","astrologer:TheFool","astrologer:Opposition","astrologer:Stardust+1","astrologer:FrozenStar","astrologer:Prestidigitation","astrologer:StarOfMisfortune","astrologer:Conjunction","astrologer:Prismatic+1","astrologer:Fireball+1","astrologer:Moonlight","astrologer:Moonlight","astrologer:Fate","infinitespire:SevenWalls","astrologer:TheStar","astrologer:LonelyStar","astrologer:Opposition+1","astrologer:Opposition+1","astrologer:FrozenStar"],"relics":["astrologer:SkyMirror","NeowsBlessing","hubris:Icosahedron","Ice Cream","potionbrewer:BottledElixir","PreservedInsect","Orichalcum","vexMod:TanglingVine","conspire:TreasureMap","infinitespire:WardingShard","Huge Egg"],"acts_visited":["Exordium","TheCity"],"potions_floor_usage":[23,30,30,30],"damage_taken":[{"damage":0,"enemies":"Small Slimes","floor":1,"turns":1},{"damage":0,"enemies":"Jaw Worm","floor":3,"turns":1},{"damage":0,"enemies":"Cultist","floor":4,"turns":1},{"damage":20,"enemies":"Large Slime","floor":5,"turns":9},{"damage":6,"enemies":"Lagavulin","floor":7,"turns":7},{"damage":0,"enemies":"Looter","floor":11,"turns":4},{"damage":0,"enemies":"Gremlin Nob","floor":13,"turns":2},{"damage":1,"enemies":"Red Slaver","floor":14,"turns":3},{"damage":32,"enemies":"Slime Boss","floor":16,"turns":10},{"damage":38,"enemies":"3 Byrds","floor":18,"turns":6},{"damage":20,"enemies":"Gremlin Leader","floor":23,"turns":7},{"damage":4,"enemies":"Chosen","floor":24,"turns":4},{"damage":0,"enemies":"Shelled Parasite and Fungi","floor":27,"turns":1},{"damage":9,"enemies":"Snecko","floor":28,"turns":4},{"damage":3,"enemies":"Snake Plant","floor":29,"turns":3},{"damage":21,"enemies":"Nightmare","floor":30,"turns":3}],"seed_played":"-2355364648032902659","potions_obtained":[{"floor":1,"key":"potionbrewer:CleansingPotion"},{"floor":4,"key":"AttackPotion"},{"floor":7,"key":"BlessingOfTheForge"},{"floor":23,"key":"potionbrewer:ToxicPotion"}],"is_trial":false,"path_per_floor":["M","?","M","M","M","R","E","R","T","T","M","$","E","M","R","B",null,"M","AVR","?","$","?","E","M","R","T","M","M","M","NM"],"character_chosen":"ASTROLOGER","items_purchased":["astrologer:Prismatic","astrologer:Fireball","PreservedInsect","astrologer:TheStar","astrologer:LonelyStar"],"campfire_rested":0,"item_purchase_floors":[12,12,12,21,21],"current_hp_per_floor":[70,70,70,70,50,50,44,44,44,50,50,50,76,75,75,43,76,38,38,63,63,56,36,32,32,32,32,23,20,0,0],"gold":231,"neow_bonus":"THREE_ENEMY_KILL","is_daily":false,"chose_seed":false,"campfire_upgraded":4,"win_rate":0.0,"timestamp":1610632507,"path_taken":["M","?","M","M","M","R","E","R","T","?","M","$","E","?","R","BOSS","M","AVR","?","$","?","E","?","R","T","M","M","M","NM"],"items_purchased_type":["Card","Card","Relic","Card","Card"],"build_version":"2020-12-22","purchased_purges":2,"victory":false,"max_hp_per_floor":[70,70,70,70,70,70,70,70,70,76,76,76,76,76,76,76,76,76,76,76,76,76,76,76,76,76,76,76,76,76,76],"card_choices":[{"not_picked":["astrologer:StarOfCourage","astrologer:Radiance"],"picked":"astrologer:Opposition","floor":1},{"not_picked":["astrologer:Still","astrologer:TheHangedMan"],"picked":"astrologer:Stardust","floor":3},{"not_picked":["astrologer:Stardust","astrologer:TheWorld"],"picked":"astrologer:FrozenStar","floor":4},{"not_picked":["astrologer:Cataclysm","astrologer:Justice"],"picked":"astrologer:Prestidigitation","floor":5},{"not_picked":["astrologer:TheHangedMan","astrologer:Eclipse"],"picked":"astrologer:StarOfMisfortune","floor":7},{"not_picked":["TH:ElvenBoots","TH:CopperCoins"],"picked":"SKIP","floor":7},{"not_picked":["TH:DeckOfManyThings","TH:TreasureMap"],"picked":"SKIP","floor":9},{"not_picked":["TH:TreasureMap","TH:ArmorSpikes"],"picked":"SKIP","floor":10},{"not_picked":["astrologer:CometStrike","astrologer:TheHermit"],"picked":"astrologer:Conjunction","floor":11},{"not_picked":["astrologer:SolarFlare","astrologer:Wish"],"picked":"astrologer:Moonlight","floor":13},{"not_picked":["TH:TreasureMap","TH:DeckOfManyThings"],"picked":"SKIP","floor":13},{"not_picked":["astrologer:Premeditation","astrologer:ReadTheStars"],"picked":"astrologer:Moonlight","floor":14},{"not_picked":["astrologer:Wish","astrologer:RejectReality"],"picked":"astrologer:Fate","floor":16},{"not_picked":["astrologer:ShootingStar","astrologer:Stardust","astrologer:Moonlight"],"picked":"SKIP","floor":18},{"not_picked":["astrologer:Divination","astrologer:CrystalBall+1"],"picked":"astrologer:Opposition+1","floor":23},{"not_picked":["TH:EnergyPotion","TH:PixieDust"],"picked":"SKIP","floor":23},{"not_picked":["astrologer:MeteorShower+1","astrologer:Stardust+1"],"picked":"astrologer:Opposition+1","floor":24},{"not_picked":["TH:Mimic","TH:ElvenBoots"],"picked":"SKIP","floor":26},{"not_picked":["astrologer:Eclipse","astrologer:Moonlight","astrologer:CrystalBall"],"picked":"SKIP","floor":27},{"not_picked":["astrologer:ReadTheStars","astrologer:StarOfChange"],"picked":"astrologer:FrozenStar","floor":28},{"not_picked":["astrologer:BlackHole","astrologer:CometStrike","astrologer:MeteorShower"],"picked":"SKIP","floor":29}],"player_experience":164128,"relics_obtained":[{"floor":7,"key":"Ice Cream"},{"floor":9,"key":"potionbrewer:BottledElixir"},{"floor":10,"key":"vexMod:BerryBomb"},{"floor":13,"key":"Orichalcum"},{"floor":23,"key":"infinitespire:WardingShard"},{"floor":26,"key":"Huge Egg"}],"event_choices":[{"damage_healed":25,"gold_gain":0,"player_choice":"Heal","damage_taken":0,"max_hp_gain":0,"max_hp_loss":0,"event_name":"The Library","floor":20,"gold_loss":0},{"damage_healed":0,"gold_gain":75,"player_choice":"Touch","damage_taken":7,"max_hp_gain":0,"max_hp_loss":0,"event_name":"FaceTrader","floor":22,"gold_loss":0}],"is_beta":false,"boss_relics":[{"not_picked":["hubris:GrandSneckoEye","energizedSpire:OgreHead"],"picked":"vexMod:TanglingVine"}],"items_purged_floors":[19,21],"is_endless":false,"potions_floor_spawned":[1,4,7,13,16,23,24,28],"killed_by":"Nightmare","ascension_level":0}}