{"host":"xrbutm0tzv4qwo7u","time":1610644535,"event":{"mods":["AchievementEnabler","BaseMod","Colored Map","Colored Powertips","Dark Map","Hermit","Minty Spire (QoL Compilation)","Quick Restart","Rare Cards Sparkle","Relic Stats","StSLib","The Cursed","The Marked"],"gold_per_floor":[116,191,191,191,210,210,210,220,266,281,312,312,332,345,345,445,445,460,34,51,14,14,14,39,39,63,63,63],"floor_reached":27,"language":"ENG","playtime":604,"items_purged":[],"score":279,"play_id":"029d2617-56e5-4d1f-b2d0-121cd472fa83","local_time":"20210114111535","is_ascension_mode":true,"campfire_choices":[{"floor":6,"key":"RECALL"},{"data":"Combust","floor":12,"key":"SMITH"},{"floor":15,"key":"REST"},{"floor":23,"key":"REST"}],"circlet_count":0,"master_deck":["Strike_R","Strike_R","Strike_R","Strike_R","Strike_R","Defend_R","Defend_R","Defend_R","Defend_R","Bash","Rupture+1","Spot Weakness+1","Spot Weakness","Spot Weakness","Combust+1","Heavy Blade","Iron Wave","Feed","Pommel Strike","Bandage Up","Rampage+1","Inflame","J.A.X."],"relics":["Burning Blood","NeowsBlessing","Red Skull","Runic Cube","Mango","Bottled Tornado","Boot"],"acts_visited":["Exordium","TheCity"],"potions_floor_usage":[14,16,20,20],"damage_taken":[{"damage":0,"enemies":"2 Louse","floor":1,"turns":1},{"damage":0,"enemies":"Small Slimes","floor":5,"turns":1},{"damage":0,"enemies":"Cultist","floor":8,"turns":1},{"damage":10,"enemies":"Large Slime","floor":10,"turns":7},{"damage":45,"enemies":"Lagavulin","floor":11,"turns":6},{"damage":14,"enemies":"Red Slaver","floor":13,"turns":2},{"damage":24,"enemies":"Lots of Slimes","floor":14,"turns":3},{"damage":44,"enemies":"Hexaghost","floor":16,"turns":7},{"damage":59,"enemies":"3 Byrds","floor":18,"turns":5},{"damage":22,"enemies":"Shell Parasite","floor":20,"turns":4},{"damage":62,"enemies":"Slavers","floor":24,"turns":5},{"damage":33,"enemies":"Sentry and Sphere","floor":27,"turns":3}],"seed_played":"-7532424647817538179","potions_obtained":[{"floor":1,"key":"BloodPotion"},{"floor":14,"key":"Energy Potion"},{"floor":16,"key":"DuplicationPotion"},{"floor":18,"key":"CultistPotion"}],"is_trial":false,"path_per_floor":["M","?","?","?","M","R","?","M","T","M","E","R","M","M","R","B",null,"M","$","M","$","?","R","E","$","T","M"],"character_chosen":"IRONCLAD","items_purchased":["Bandage Up","Mango","Block Potion","Inflame"],"campfire_rested":2,"item_purchase_floors":[19,19,19,21],"current_hp_per_floor":[80,69,69,69,75,75,75,80,80,76,37,37,29,27,51,13,80,30,44,35,35,35,65,16,16,16,0,0],"gold":63,"neow_bonus":"THREE_ENEMY_KILL","is_daily":false,"chose_seed":false,"campfire_upgraded":1,"win_rate":0.0,"timestamp":1610644535,"path_taken":["M","?","?","?","?","R","?","M","T","M","E","R","?","M","R","BOSS","M","?","M","$","?","R","E","$","T","M"],"items_purchased_type":["Card","Relic","Potion","Card"],"build_version":"2020-12-22","purchased_purges":0,"victory":false,"max_hp_per_floor":[80,80,80,80,80,80,80,80,80,80,80,80,80,80,80,80,80,83,97,100,100,100,100,103,103,103,106,106],"relic_stats":{"counters":[12,45],"Boot":[0],"obtain_stats":[{"NeowsBlessing":0,"Mango":19,"Bottled Tornado":24,"Boot":26,"Burning Blood":0,"Red Skull":11,"Runic Cube":17},{"NeowsBlessing":0,"Mango":9,"Bottled Tornado":11,"Boot":11,"Burning Blood":0,"Red Skull":5,"Runic Cube":8},{"NeowsBlessing":0,"Mango":33,"Bottled Tornado":42,"Boot":42,"Burning Blood":0,"Red Skull":16,"Runic Cube":28}],"Burning Blood":59,"Runic Cube":[42]},"card_choices":[{"not_picked":["Disarm","Havoc"],"picked":"Rupture","floor":1},{"not_picked":["Pommel Strike","Thunderclap"],"picked":"Spot Weakness","floor":5},{"not_picked":["Ghostly Armor","Flex"],"picked":"Spot Weakness","floor":8},{"not_picked":["True Grit","Havoc"],"picked":"Spot Weakness","floor":10},{"not_picked":["Clothesline","Body Slam"],"picked":"Combust","floor":11},{"not_picked":["Juggernaut","Headbutt"],"picked":"Heavy Blade","floor":13},{"not_picked":["Clothesline","Clash"],"picked":"Iron Wave","floor":14},{"not_picked":["Bludgeon","Offering"],"picked":"Feed","floor":16},{"not_picked":["Thunderclap+1","Evolve"],"picked":"Pommel Strike","floor":18},{"not_picked":["Carnage","Perfected Strike"],"picked":"Rampage+1","floor":20},{"not_picked":["Iron Wave+1","Feel No Pain","Feed"],"picked":"SKIP","floor":24}],"player_experience":54098,"relics_obtained":[{"floor":11,"key":"Red Skull"},{"floor":24,"key":"Bottled Tornado"},{"floor":26,"key":"Boot"}],"event_choices":[{"damage_healed":0,"gold_gain":75,"player_choice":"Gather Gold","damage_taken":11,"max_hp_gain":0,"max_hp_loss":0,"event_name":"World of Goop","floor":2,"gold_loss":0},{"damage_healed":0,"gold_gain":0,"player_choice":"Ignored","damage_taken":0,"max_hp_gain":0,"max_hp_loss":0,"event_name":"Golden Wing","floor":3,"gold_loss":0},{"damage_healed":0,"gold_gain":0,"player_choice":"Upgraded","damage_taken":0,"max_hp_gain":0,"max_hp_loss":0,"event_name":"Upgrade Shrine","floor":4,"gold_loss":0,"cards_upgraded":["Rupture"]},{"damage_healed":0,"gold_gain":0,"player_choice":"Forge","damage_taken":0,"max_hp_gain":0,"max_hp_loss":0,"event_name":"Accursed Blacksmith","floor":7,"gold_loss":0,"cards_upgraded":["Spot Weakness"]},{"damage_healed":0,"gold_gain":0,"player_choice":"Obtain J.A.X.","damage_taken":0,"max_hp_gain":0,"max_hp_loss":0,"event_name":"Drug Dealer","floor":22,"gold_loss":0,"cards_obtained":["J.A.X."]}],"is_beta":false,"boss_relics":[{"not_picked":["Snecko Eye","Philosopher\u0027s Stone"],"picked":"Runic Cube"}],"items_purged_floors":[],"is_endless":false,"potions_floor_spawned":[1,14,16,18],"killed_by":"Sentry and Sphere","ascension_level":2}}