{"host":"kh6fvhxn285ncg0o","time":1610607355,"event":{"mods":["Act Like it!","BaseMod","Colored Map","Friendly Minions","Keyboard Shortcuts","Minty Spire (QoL Compilation)","Quick Restart","Relic Stats","StSLib","SuperFastMode"],"gold_per_floor":[113,126,138,63,82,109,109,109,109,138,151,181,181,194,194,268,268,285,285,17,34,69,104,104,117,117,128,159,159,159,172,172,250,250,268,187,212,48,60,89,89,108,133,133,162,177,212,224,224,224,224,224,224,43,70,70],"floor_reached":57,"language":"KOR","playtime":2020,"items_purged":["Strike_R","Strike_R","Immolate+1"],"score":3154,"play_id":"83c8c31f-9536-4078-bf71-7fb3ea7d16a6","local_time":"20210114155555","is_ascension_mode":true,"campfire_choices":[{"data":"Armaments","floor":7.0,"key":"SMITH"},{"data":"Dropkick","floor":13.0,"key":"SMITH"},{"data":"Bash","floor":15.0,"key":"SMITH"},{"floor":24.0,"key":"RECALL"},{"floor":32.0,"key":"DIG"},{"floor":44.0,"key":"DIG"},{"floor":49.0,"key":"DIG"},{"floor":53.0,"key":"DIG"}],"circlet_count":0,"master_deck":["AscendersBane","Defend_R","Defend_R","Defend_R","Defend_R","Bash+1","Armaments+1","Shrug It Off","Dropkick+1","Dual Wield+1","Shockwave","Second Wind","Flex","Impervious","Body Slam+1","Dark Embrace","Deep Breath","Secret Technique","Feel No Pain+1"],"relics":["Black Blood","Pear","HornCleat","Molten Egg 2","InkBottle","Fusion Hammer","Bag of Marbles","Red Mask","Boot","Shovel","Dream Catcher","Regal Pillow","Calipers","Bag of Preparation","Mercury Hourglass","PreservedInsect","Vajra","MealTicket","Bottled Lightning","Shuriken","Pantograph"],"acts_visited":["Exordium","TheCity","TheBeyond","TheEnding"],"potions_floor_usage":[56,56],"damage_taken":[{"damage":11.0,"enemies":"Cultist","floor":1.0,"turns":4.0},{"damage":6.0,"enemies":"Jaw Worm","floor":2.0,"turns":3.0},{"damage":1.0,"enemies":"2 Louse","floor":3.0,"turns":3.0},{"damage":1.0,"enemies":"2 Fungi Beasts","floor":5.0,"turns":3.0},{"damage":28.0,"enemies":"Lagavulin","floor":6.0,"turns":9.0},{"damage":17.0,"enemies":"3 Sentries","floor":10.0,"turns":7.0},{"damage":6.0,"enemies":"Large Slime","floor":11.0,"turns":7.0},{"damage":13.0,"enemies":"Lagavulin","floor":12.0,"turns":8.0},{"damage":0.0,"enemies":"Looter","floor":14.0,"turns":3.0},{"damage":28.0,"enemies":"Hexaghost","floor":16.0,"turns":9.0},{"damage":13.0,"enemies":"Spheric Guardian","floor":18.0,"turns":4.0},{"damage":0.0,"enemies":"Shell Parasite","floor":21.0,"turns":3.0},{"damage":0.0,"enemies":"Masked Bandits","floor":22.0,"turns":2.0},{"damage":18.0,"enemies":"Book of Stabbing","floor":23.0,"turns":5.0},{"damage":3.0,"enemies":"Centurion and Healer","floor":25.0,"turns":5.0},{"damage":0.0,"enemies":"Cultist and Chosen","floor":27.0,"turns":3.0},{"damage":21.0,"enemies":"Slavers","floor":28.0,"turns":3.0},{"damage":15.0,"enemies":"Sentry and Sphere","floor":31.0,"turns":6.0},{"damage":8.0,"enemies":"Champ","floor":33.0,"turns":6.0},{"damage":7.0,"enemies":"3 Shapes","floor":35.0,"turns":8.0},{"damage":0.0,"enemies":"Mind Bloom Boss Battle","floor":37.0,"turns":2.0},{"damage":0.0,"enemies":"Orb Walker","floor":39.0,"turns":4.0},{"damage":0.0,"enemies":"Giant Head","floor":40.0,"turns":4.0},{"damage":0.0,"enemies":"Sphere and 2 Shapes","floor":42.0,"turns":3.0},{"damage":0.0,"enemies":"Reptomancer","floor":45.0,"turns":2.0},{"damage":13.0,"enemies":"4 Shapes","floor":46.0,"turns":3.0},{"damage":0.0,"enemies":"Giant Head","floor":47.0,"turns":3.0},{"damage":0.0,"enemies":"3 Darklings","floor":48.0,"turns":1.0},{"damage":6.0,"enemies":"Time Eater","floor":50.0,"turns":9.0},{"damage":17.0,"enemies":"Donu and Deca","floor":51.0,"turns":8.0},{"damage":0.0,"enemies":"Shield and Spear","floor":55.0,"turns":2.0},{"damage":49,"enemies":"The Heart","floor":56,"turns":7}],"seed_played":"-3436963070035455803","potions_obtained":[{"floor":2.0,"key":"DistilledChaos"},{"floor":3.0,"key":"Fire Potion"},{"floor":10.0,"key":"LiquidMemories"},{"floor":11.0,"key":"PowerPotion"},{"floor":12.0,"key":"ElixirPotion"},{"floor":23.0,"key":"Weak Potion"},{"floor":25.0,"key":"Dexterity Potion"},{"floor":28.0,"key":"HeartOfIron"},{"floor":37.0,"key":"AttackPotion"},{"floor":46.0,"key":"DuplicationPotion"}],"is_trial":false,"path_per_floor":["M","M","M","$","M","E","R","?","T","E","M","E","R","M","R","B",null,"M","?","$","M","?","E","R","M","T","M","E","?","?","M","R","B",null,"M","$","?","$","M","E","?","M","T","R","E","M","E","M","R","B","B",null,"R","$","E","B",null],"character_chosen":"IRONCLAD","items_purchased":["Bag of Marbles","Dark Embrace","Bag of Preparation","ColorlessPotion"],"campfire_rested":0,"item_purchase_floors":[20,36,38,54],"current_hp_per_floor":[45,45,50,50,55,43,43,43,43,32,32,25,25,31,31,9,66,59,59,59,65,71,59,59,62,62,68,53,53,53,44,44,42,74,79,79,85,85,85,85,75,85,85,85,85,84,85,85,85,85,80,84,84,85,85,48],"gold":70,"neow_bonus":"TRANSFORM_TWO_CARDS","is_daily":false,"chose_seed":false,"campfire_upgraded":3,"win_rate":0.0,"timestamp":1610607355,"path_taken":["M","?","M","$","M","E","R","?","T","E","?","E","R","M","R","BOSS","M","?","?","?","?","E","R","M","T","M","E","?","?","M","R","BOSS","M","$","?","$","M","E","?","M","T","R","E","M","E","M","R","BOSS","BOSS","R","$","E","BOSS"],"items_purchased_type":["Relic","Card","Relic","Potion"],"build_version":"2020-12-22","purchased_purges":3,"victory":true,"max_hp_per_floor":[75,75,75,75,75,85,85,85,85,85,85,85,85,85,85,85,85,85,85,85,85,85,85,85,85,85,85,85,85,85,85,85,85,85,85,85,85,85,85,85,85,85,85,85,85,85,85,85,85,85,85,85,85,85,85,85],"relic_stats":{"Regal Pillow":0,"counters":[32,149],"Black Blood":185,"PreservedInsect":268,"Bag of Preparation":[22],"Boot":[6],"Mercury Hourglass":[151],"Dream Catcher":0,"Shovel":4,"Shuriken":[2],"Pantograph":0,"MealTicket":1,"obtain_stats":[{"Regal Pillow":32,"Pear":6,"Calipers":37,"Black Blood":34,"Vajra":45,"PreservedInsect":44,"Bag of Preparation":38,"Boot":23,"Burning Blood":0,"Mercury Hourglass":40,"Dream Catcher":28,"HornCleat":9,"Shovel":26,"Shuriken":53,"Pantograph":55,"Molten Egg 2":10,"MealTicket":47,"Fusion Hammer":17,"Bag of Marbles":20,"Red Mask":22,"Bottled Lightning":49,"InkBottle":12},{"Regal Pillow":18,"Pear":5,"Calipers":21,"Black Blood":19,"Vajra":25,"PreservedInsect":24,"Bag of Preparation":21,"Boot":14,"Burning Blood":0,"Mercury Hourglass":23,"Dream Catcher":17,"HornCleat":5,"Shovel":15,"Shuriken":30,"Pantograph":31,"Molten Egg 2":6,"MealTicket":27,"Fusion Hammer":10,"Bag of Marbles":11,"Red Mask":13,"Bottled Lightning":28,"InkBottle":8},{"Regal Pillow":87,"Pear":22,"Calipers":103,"Black Blood":93,"Vajra":116,"PreservedInsect":114,"Bag of Preparation":103,"Boot":70,"Burning Blood":0,"Mercury Hourglass":111,"Dream Catcher":81,"HornCleat":22,"Shovel":75,"Shuriken":140,"Pantograph":142,"Molten Egg 2":29,"MealTicket":122,"Fusion Hammer":56,"Bag of Marbles":60,"Red Mask":65,"Bottled Lightning":123,"InkBottle":44}],"InkBottle":[43]},"card_choices":[{"not_picked":["True Grit","Anger"],"picked":"Shrug It Off","floor":1.0},{"not_picked":["Intimidate","Shrug It Off"],"picked":"Dropkick","floor":2.0},{"not_picked":["Pommel Strike","Iron Wave"],"picked":"Dual Wield","floor":3.0},{"not_picked":["Clash","Thunderclap"],"picked":"Shockwave","floor":5.0},{"not_picked":["Heavy Blade+1","True Grit","Iron Wave+1"],"picked":"SKIP","floor":12.0},{"not_picked":["Clash+1","Iron Wave+1"],"picked":"Sever Soul+1","floor":14.0},{"not_picked":["Brutality","Reaper+1"],"picked":"Immolate+1","floor":16.0},{"not_picked":["Fire Breathing","Anger+1","Flex"],"picked":"SKIP","floor":21.0},{"not_picked":["Rampage+1","Flex","Clothesline+1"],"picked":"SKIP","floor":25.0},{"not_picked":["Warcry","Body Slam+1"],"picked":"Second Wind","floor":27.0},{"not_picked":["Havoc","Bludgeon+1","Dual Wield"],"picked":"SKIP","floor":28.0},{"not_picked":["Twin Strike+1","Spot Weakness","Combust"],"picked":"SKIP","floor":31.0},{"not_picked":["Iron Wave+1","Bloodletting+1"],"picked":"Body Slam+1","floor":35.0},{"not_picked":["Shrug It Off","Body Slam+1","Headbutt+1"],"picked":"SKIP","floor":39.0},{"not_picked":["Armaments","Flame Barrier+1","Body Slam+1"],"picked":"SKIP","floor":40.0},{"not_picked":["Apotheosis","PanicButton"],"picked":"Deep Breath","floor":41.0},{"not_picked":["Secret Weapon","Jack Of All Trades"],"picked":"Secret Technique","floor":41.0},{"not_picked":["Anger+1","Second Wind"],"picked":"Feel No Pain+1","floor":42.0},{"not_picked":["Havoc","Armaments","Sever Soul+1"],"picked":"SKIP","floor":48.0},{"not_picked":["Dark Embrace","Pummel+1","Flex"],"picked":"SKIP","floor":55.0}],"player_experience":3440074,"relics_obtained":[{"floor":6.0,"key":"Pear"},{"floor":9.0,"key":"HornCleat"},{"floor":10.0,"key":"Molten Egg 2"},{"floor":12.0,"key":"InkBottle"},{"floor":22.0,"key":"Red Mask"},{"floor":23.0,"key":"Boot"},{"floor":26.0,"key":"Shovel"},{"floor":28.0,"key":"Dream Catcher"},{"floor":32.0,"key":"Regal Pillow"},{"floor":37.0,"key":"Calipers"},{"floor":40.0,"key":"Mercury Hourglass"},{"floor":44.0,"key":"PreservedInsect"},{"floor":45.0,"key":"Vajra"},{"floor":47.0,"key":"MealTicket"},{"floor":49.0,"key":"Bottled Lightning"},{"floor":53.0,"key":"Shuriken"},{"floor":55.0,"key":"Pantograph"}],"event_choices":[{"damage_healed":0.0,"max_hp_gain":0.0,"max_hp_loss":0.0,"gold_gain":0.0,"event_name":"Upgrade Shrine","player_choice":"Upgraded","floor":8.0,"gold_loss":0.0,"damage_taken":0.0,"cards_upgraded":["Dual Wield"]},{"damage_healed":0.0,"max_hp_gain":0.0,"max_hp_loss":0.0,"gold_gain":0.0,"event_name":"Vampires","player_choice":"Ignored","floor":19.0,"gold_loss":0.0,"damage_taken":0.0},{"damage_healed":0.0,"max_hp_gain":0.0,"max_hp_loss":0.0,"gold_gain":0.0,"event_name":"Masked Bandits","player_choice":"Fought Bandits","floor":22.0,"gold_loss":0.0,"damage_taken":0.0},{"damage_healed":0.0,"max_hp_gain":0.0,"max_hp_loss":0.0,"gold_gain":0.0,"cards_transformed":["Strike_R","Blood for Blood"],"event_name":"Drug Dealer","player_choice":"Became Test Subject","floor":29.0,"gold_loss":0.0,"damage_taken":0.0,"cards_obtained":["Flex","Impervious"]},{"cards_removed":["Sever Soul"],"damage_healed":0.0,"max_hp_gain":0.0,"max_hp_loss":0.0,"gold_gain":0.0,"event_name":"Back to Basics","player_choice":"Elegance","floor":30.0,"gold_loss":0.0,"damage_taken":0.0},{"damage_healed":0.0,"max_hp_gain":0.0,"max_hp_loss":0.0,"gold_gain":0.0,"event_name":"MindBloom","player_choice":"Fight","floor":37.0,"gold_loss":0.0,"damage_taken":0.0},{"damage_healed":0.0,"max_hp_gain":0.0,"max_hp_loss":0.0,"gold_gain":0.0,"event_name":"SensoryStone","player_choice":"Memory 3","floor":41.0,"gold_loss":0.0,"damage_taken":10.0}],"is_beta":false,"boss_relics":[{"not_picked":["Runic Cube","Mark of Pain"],"picked":"Fusion Hammer"},{"not_picked":["Velvet Choker","Snecko Eye"],"picked":"Black Blood"}],"items_purged_floors":[4,20,54],"is_endless":false,"potions_floor_spawned":[2,3,10,11,12,23,25,28,37,42,46],"ascension_level":20}}