{"host":"91ruqvp7hiryodqd","time":1610583509,"event":{"mods":["AchievementEnabler","BaseMod","Colored Map","Colored Powertips","Filter the Spire","Minty Spire (QoL Compilation)","Relic Stats","StSLib"],"gold_per_floor":[109,109,109,34,34,49,49,68,68,68,84,155,155,196,196,316,316,331,347,368,368,368,368,368,399,399,418,418,418,434,468,468,571,571,583,284,302,318,0,25,25,56,68,80,20,20,34,53,53,53,53],"floor_reached":50,"language":"ENG","playtime":2650,"items_purged":["Defend_P"],"score":591,"play_id":"9c5e0208-a9e1-4233-b5c6-1dd433dcc5d4","local_time":"20210114071829","is_ascension_mode":true,"campfire_choices":[{"data":"Eruption","floor":7,"key":"SMITH"},{"data":"Vigilance","floor":10,"key":"SMITH"},{"data":"ClearTheMind","floor":13,"key":"SMITH"},{"floor":15,"key":"REST"},{"data":"Tantrum","floor":23,"key":"SMITH"},{"floor":29,"key":"REST"},{"data":"DevaForm","floor":32,"key":"SMITH"},{"data":"DeusExMachina","floor":41,"key":"SMITH"},{"data":"Swivel","floor":44,"key":"SMITH"},{"floor":49,"key":"REST"}],"circlet_count":0,"master_deck":["Eruption+1","Vigilance+1","EmptyFist+1","FlyingSleeves+1","FlurryOfBlows+1","Tantrum+1","EmptyMind+1","DeusExMachina+1","ClearTheMind+1","FollowUp+1","Blasphemy+1","BattleHymn+1","ThirdEye+1","DevaForm+1","Scrawl+1","DeusExMachina+1","CrushJoints+1","Swivel+1","CutThroughFate+1","WheelKick+1","Adaptation+1","ReachHeaven+1"],"relics":["Astrolabe","Bloody Idol","Blood Vial","MealTicket","Happy Flower","Runic Pyramid","Enchiridion","Toy Ornithopter","Bottled Flame","Letter Opener","Unceasing Top","Pandora\u0027s Box","Nunchaku","Strange Spoon","Red Mask","Smiling Mask","MawBank","Meat on the Bone","Mark of the Bloom"],"acts_visited":["Exordium","TheCity","TheBeyond"],"potions_floor_usage":[12,16,20,30,31,33,33,40,50],"damage_taken":[{"damage":0,"enemies":"2 Louse","floor":1,"turns":2},{"damage":6,"enemies":"Jaw Worm","floor":6,"turns":2},{"damage":0,"enemies":"Small Slimes","floor":8,"turns":1},{"damage":9,"enemies":"Gremlin Gang","floor":11,"turns":3},{"damage":9,"enemies":"3 Sentries","floor":12,"turns":3},{"damage":8,"enemies":"Lagavulin","floor":14,"turns":3},{"damage":28,"enemies":"The Guardian","floor":16,"turns":5},{"damage":0,"enemies":"Spheric Guardian","floor":18,"turns":2},{"damage":2,"enemies":"Shell Parasite","floor":19,"turns":3},{"damage":2,"enemies":"3 Cultists","floor":20,"turns":3},{"damage":32,"enemies":"Slavers","floor":25,"turns":4},{"damage":15,"enemies":"Snecko","floor":27,"turns":3},{"damage":0,"enemies":"Snake Plant","floor":30,"turns":3},{"damage":20,"enemies":"Book of Stabbing","floor":31,"turns":4},{"damage":8,"enemies":"Collector","floor":33,"turns":6},{"damage":11,"enemies":"3 Shapes","floor":35,"turns":3},{"damage":3,"enemies":"Orb Walker","floor":37,"turns":2},{"damage":25,"enemies":"3 Darklings","floor":38,"turns":3},{"damage":17,"enemies":"Reptomancer","floor":40,"turns":3},{"damage":0,"enemies":"Giant Head","floor":42,"turns":5},{"damage":14,"enemies":"4 Shapes","floor":47,"turns":3},{"damage":1,"enemies":"Spire Growth","floor":48,"turns":2},{"damage":62,"enemies":"Time Eater","floor":50,"turns":3}],"seed_played":"-3818819985893111725","potions_obtained":[{"floor":8,"key":"DuplicationPotion"},{"floor":11,"key":"SkillPotion"},{"floor":12,"key":"LiquidMemories"},{"floor":16,"key":"AttackPotion"},{"floor":19,"key":"AttackPotion"},{"floor":27,"key":"FearPotion"},{"floor":30,"key":"CultistPotion"},{"floor":31,"key":"ColorlessPotion"},{"floor":33,"key":"Weak Potion"},{"floor":37,"key":"DistilledChaos"},{"floor":42,"key":"Dexterity Potion"}],"is_trial":false,"path_per_floor":["M","?","?","$","?","M","R","M","T","R","M","?","R","E","R","B",null,"M","M","M","?","?","R","?","E","T","M","T","R","M","E","R","B",null,"M","$","M","M","?","E","R","E","T","R","$","?","M","M","R","B"],"character_chosen":"WATCHER","items_purchased":["Nunchaku","Strange Spoon","ReachHeaven"],"campfire_rested":3,"item_purchase_floors":[36,36,45],"current_hp_per_floor":[72,54,59,59,59,53,53,53,53,53,46,39,39,33,56,30,77,77,75,75,75,59,59,59,34,34,26,26,49,61,53,53,62,77,71,77,77,57,57,52,52,59,64,69,77,77,63,62,62,0,0],"gold":53,"neow_bonus":"BOSS_RELIC","is_daily":false,"chose_seed":false,"campfire_upgraded":7,"win_rate":0.0,"timestamp":1610583509,"path_taken":["M","?","?","$","?","M","R","M","T","R","?","?","R","E","R","BOSS","M","M","M","?","?","R","?","E","T","M","?","R","M","E","R","BOSS","M","$","M","M","?","E","R","E","T","R","$","?","M","M","R","BOSS"],"items_purchased_type":["Relic","Relic","Card"],"build_version":"2020-12-22","purchased_purges":1,"victory":false,"max_hp_per_floor":[72,72,77,77,77,77,77,77,77,77,77,77,77,77,77,77,77,77,77,77,77,77,77,77,77,77,77,77,77,77,77,77,77,77,77,77,77,77,77,77,77,77,77,77,77,77,77,77,77,77,77],"relic_stats":{"Mark of the Bloom":44,"Happy Flower":[19],"counters":[23,71],"Astrolabe":["EmptyFist","FlyingSleeves","FlurryOfBlows"],"Letter Opener":[100],"Smiling Mask":0,"MawBank":36,"Blood Vial":24,"Strange Spoon":[29],"Nunchaku":[9],"Bloody Idol":63,"MealTicket":9,"Pandora\u0027s Box":["DeusExMachina","CrushJoints","Swivel"],"obtain_stats":[{"Mark of the Bloom":46,"Happy Flower":14,"Golden Idol":2,"Astrolabe":0,"Enchiridion":22,"Letter Opener":28,"Smiling Mask":40,"MawBank":42,"Blood Vial":9,"Strange Spoon":36,"Bottled Flame":26,"Nunchaku":36,"Bloody Idol":21,"MealTicket":12,"Pandora\u0027s Box":34,"Red Mask":39,"PureWater":0,"Toy Ornithopter":25,"Unceasing Top":31,"Runic Pyramid":17,"Meat on the Bone":43},{"Mark of the Bloom":20,"Happy Flower":6,"Golden Idol":1,"Astrolabe":0,"Enchiridion":10,"Letter Opener":12,"Smiling Mask":19,"MawBank":20,"Blood Vial":3,"Strange Spoon":16,"Bottled Flame":11,"Nunchaku":16,"Bloody Idol":10,"MealTicket":4,"Pandora\u0027s Box":15,"Red Mask":18,"PureWater":0,"Toy Ornithopter":11,"Unceasing Top":14,"Runic Pyramid":7,"Meat on the Bone":20},{"Mark of the Bloom":63,"Happy Flower":14,"Golden Idol":2,"Astrolabe":0,"Enchiridion":27,"Letter Opener":34,"Smiling Mask":58,"MawBank":63,"Blood Vial":5,"Strange Spoon":50,"Bottled Flame":31,"Nunchaku":50,"Bloody Idol":27,"MealTicket":8,"Pandora\u0027s Box":47,"Red Mask":55,"PureWater":0,"Toy Ornithopter":31,"Unceasing Top":41,"Runic Pyramid":19,"Meat on the Bone":63}],"Toy Ornithopter":25,"Unceasing Top":[2],"Meat on the Bone":0},"card_choices":[{"not_picked":["FlyingSleeves","FlurryOfBlows"],"picked":"Tantrum","floor":1},{"not_picked":["WindmillStrike","Crescendo"],"picked":"EmptyMind","floor":6},{"not_picked":["FollowUp","WheelKick"],"picked":"DeusExMachina","floor":8},{"not_picked":["WheelKick","Conclude"],"picked":"ClearTheMind","floor":11},{"not_picked":["Halt","Judgement"],"picked":"FollowUp","floor":14},{"not_picked":["Omniscience","ConjureBlade"],"picked":"Blasphemy","floor":16},{"not_picked":["CrushJoints","Fasting2","WindmillStrike"],"picked":"SKIP","floor":18},{"not_picked":["Tantrum+1","FlyingSleeves","LikeWater"],"picked":"SKIP","floor":19},{"not_picked":["Evaluate","Protect","Prostrate"],"picked":"SKIP","floor":20},{"not_picked":["Weave","Study"],"picked":"BattleHymn","floor":25},{"not_picked":["Swivel","Weave","Perseverance"],"picked":"SKIP","floor":27},{"not_picked":["FlyingSleeves","Tantrum+1"],"picked":"ThirdEye+1","floor":30},{"not_picked":["ThirdEye+1","CutThroughFate"],"picked":"DevaForm","floor":31},{"not_picked":["Establishment","Blasphemy"],"picked":"Scrawl","floor":33},{"not_picked":["Collect","FollowUp"],"picked":"CutThroughFate+1","floor":35},{"not_picked":["Nirvana+1","EmptyFist+1","Swivel+1"],"picked":"SKIP","floor":37},{"not_picked":["BowlingBash+1","SashWhip+1","WaveOfTheHand"],"picked":"SKIP","floor":38},{"not_picked":["PathToVictory","CrushJoints+1"],"picked":"WheelKick+1","floor":40},{"not_picked":["ThirdEye+1","Ragnarok"],"picked":"Adaptation+1","floor":42},{"not_picked":["MentalFortress","EmptyFist+1","ForeignInfluence+1"],"picked":"SKIP","floor":47},{"not_picked":["PathToVictory","ClearTheMind","CrushJoints"],"picked":"SKIP","floor":48}],"player_experience":51835,"relics_obtained":[{"floor":9,"key":"Blood Vial"},{"floor":14,"key":"Happy Flower"},{"floor":22,"key":"Enchiridion"},{"floor":25,"key":"Toy Ornithopter"},{"floor":26,"key":"Bottled Flame"},{"floor":28,"key":"Letter Opener"},{"floor":31,"key":"Unceasing Top"},{"floor":40,"key":"Smiling Mask"},{"floor":42,"key":"MawBank"},{"floor":43,"key":"Meat on the Bone"}],"event_choices":[{"damage_healed":0,"gold_gain":0,"player_choice":"Take Damage","damage_taken":18,"relics_obtained":["Golden Idol"],"max_hp_gain":0,"max_hp_loss":0,"event_name":"Golden Idol","floor":2,"gold_loss":0},{"damage_healed":0,"gold_gain":0,"player_choice":"Donut","damage_taken":0,"max_hp_gain":5,"max_hp_loss":0,"event_name":"Big Fish","floor":3,"gold_loss":0},{"cards_removed":["Defend_P"],"damage_healed":0,"gold_gain":0,"player_choice":"Offered Basic","damage_taken":0,"max_hp_gain":0,"max_hp_loss":0,"event_name":"Bonfire Elementals","floor":5,"gold_loss":0},{"damage_healed":0,"gold_gain":0,"player_choice":"Searched \u00272\u0027 times","damage_taken":0,"relics_obtained":["MealTicket"],"max_hp_gain":0,"max_hp_loss":0,"event_name":"Dead Adventurer","floor":12,"gold_loss":0},{"damage_healed":0,"gold_gain":0,"player_choice":"Gave Idol","damage_taken":0,"relics_obtained":["Bloody Idol"],"max_hp_gain":0,"max_hp_loss":0,"event_name":"Forgotten Altar","floor":21,"relics_lost":["Golden Idol"],"gold_loss":0},{"damage_healed":0,"gold_gain":0,"player_choice":"Obtained Book","damage_taken":16,"max_hp_gain":0,"max_hp_loss":0,"event_name":"Cursed Tome","floor":22,"gold_loss":0},{"damage_healed":0,"gold_gain":0,"player_choice":"Ignored","damage_taken":0,"max_hp_gain":0,"max_hp_loss":0,"event_name":"Ghosts","floor":24,"gold_loss":0},{"damage_healed":0,"gold_gain":0,"player_choice":"Paid","damage_taken":0,"relics_obtained":["Red Mask"],"max_hp_gain":0,"max_hp_loss":0,"event_name":"Tomb of Lord Red Mask","floor":39,"gold_loss":318},{"damage_healed":0,"gold_gain":0,"player_choice":"Upgrade","damage_taken":0,"relics_obtained":["Mark of the Bloom"],"max_hp_gain":0,"max_hp_loss":0,"event_name":"MindBloom","floor":46,"gold_loss":0,"cards_upgraded":["EmptyMind","FollowUp","Blasphemy","BattleHymn","Scrawl","DeusExMachina","CrushJoints","ReachHeaven"]}],"is_beta":false,"boss_relics":[{"not_picked":["Empty Cage","Black Star"],"picked":"Runic Pyramid"},{"not_picked":["Tiny House","Snecko Eye"],"picked":"Pandora\u0027s Box"}],"items_purged_floors":[4],"is_endless":false,"potions_floor_spawned":[8,11,12,16,19,27,30,31,33,37,42,47],"killed_by":"Time Eater","ascension_level":1}}