{"host":"cjhtzh7tp54jdfyv","time":1610589166,"event":{"mods":["AchievementEnabler","BaseMod","Colored Map","Colored Powertips","Curses Come First","DeckTracker","Filter the Spire","Minty Spire (QoL Compilation)","RNG Fix","Relic Sorter","Relic Stats","StSLib","UnlockEverythingMod","ojb\u0027s Better Paths Mod","ojb\u0027s Info Mod"],"gold_per_floor":[119,138,155,167,3,3,33,33,60,93,106,122,150,170,170,244,244,256,267,267,267,267,293,308,340,340,340,357,386,436,456,456,456,456],"floor_reached":33,"language":"ENG","playtime":2844,"items_purged":["Defend_P"],"score":808,"play_id":"cd551947-6193-4085-ad38-066e3e306dc3","local_time":"20210113205246","is_ascension_mode":true,"campfire_choices":[{"data":"Eruption","floor":6.0,"key":"SMITH"},{"data":"Weave","floor":8.0,"key":"SMITH"},{"data":"CrushJoints","floor":15.0,"key":"SMITH"},{"floor":32,"key":"REST"}],"circlet_count":0,"master_deck":["AscendersBane","Strike_P","Strike_P","Strike_P","Strike_P","Eruption+1","Vigilance","InnerPeace+1","WreathOfFlame+1","SpiritShield+1","JustLucky","JustLucky","BowlingBash","Weave+1","JustLucky","Weave","CrushJoints+1","Adaptation","Scrawl","Tantrum","Ghostly","Ghostly","Ghostly","Adaptation"],"relics":["Astrolabe","Ornamental Fan","Nunchaku","Strawberry","Damaru","Black Star","Sundial","Question Card","Lantern","Regal Pillow","Dream Catcher","Oddly Smooth Stone","CeramicFish"],"acts_visited":["Exordium","TheCity"],"potions_floor_usage":[],"damage_taken":[{"damage":2.0,"enemies":"Jaw Worm","floor":1.0,"turns":4.0},{"damage":0.0,"enemies":"Small Slimes","floor":2.0,"turns":2.0},{"damage":0.0,"enemies":"2 Louse","floor":3.0,"turns":3.0},{"damage":0.0,"enemies":"Exordium Wildlife","floor":4.0,"turns":2.0},{"damage":10.0,"enemies":"3 Sentries","floor":7.0,"turns":6.0},{"damage":0.0,"enemies":"Lagavulin","floor":10.0,"turns":4.0},{"damage":7.0,"enemies":"Blue Slaver","floor":11.0,"turns":3.0},{"damage":3.0,"enemies":"Exordium Thugs","floor":12.0,"turns":3.0},{"damage":0.0,"enemies":"Gremlin Nob","floor":13.0,"turns":2.0},{"damage":6.0,"enemies":"Lots of Slimes","floor":14.0,"turns":3.0},{"damage":22.0,"enemies":"The Guardian","floor":16.0,"turns":7.0},{"damage":0.0,"enemies":"Chosen","floor":18.0,"turns":3.0},{"damage":0.0,"enemies":"3 Byrds","floor":19.0,"turns":4.0},{"damage":3.0,"enemies":"Slavers","floor":23.0,"turns":4.0},{"damage":5.0,"enemies":"Shelled Parasite and Fungi","floor":24.0,"turns":3.0},{"damage":0.0,"enemies":"Book of Stabbing","floor":25.0,"turns":2.0},{"damage":7.0,"enemies":"3 Cultists","floor":28.0,"turns":4.0},{"damage":2,"enemies":"Slavers","floor":29,"turns":4},{"damage":8,"enemies":"Cultist and Chosen","floor":31,"turns":5},{"damage":41,"enemies":"Automaton","floor":33,"turns":4}],"seed_played":"-2448019766515474293","potions_obtained":[{"floor":4.0,"key":"FearPotion"},{"floor":7.0,"key":"BlessingOfTheForge"},{"floor":11.0,"key":"Fire Potion"},{"floor":16.0,"key":"AttackPotion"},{"floor":24.0,"key":"LiquidBronze"}],"is_trial":false,"path_per_floor":["M","M","M","M","$","R","E","R","T","E","M","M","E","M","R","B",null,"M","M","?","?","T","E","M","E","T","T","M","E","?","M","R","B"],"character_chosen":"WATCHER","items_purchased":["Weave"],"campfire_rested":1,"item_purchase_floors":[5],"current_hp_per_floor":[59,59,59,59,59,59,49,49,49,56,49,46,46,40,40,18,61,61,61,37,37,37,34,29,29,29,29,22,20,20,12,37,0,0],"gold":456,"neow_bonus":"BOSS_RELIC","is_daily":false,"chose_seed":false,"campfire_upgraded":3,"win_rate":0.0,"timestamp":1610589166,"path_taken":["M","M","M","M","$","R","E","R","T","E","M","M","E","M","R","BOSS","M","M","?","?","?","E","?","E","T","?","M","E","?","?","R","BOSS"],"items_purchased_type":["Card"],"build_version":"2020-12-22","purchased_purges":1,"victory":false,"max_hp_per_floor":[68,68,68,68,68,68,68,68,68,75,75,75,75,75,75,75,75,75,75,37,37,37,37,37,37,37,37,37,37,37,37,37,37,37],"relic_stats":{"Nunchaku":[18],"Regal Pillow":14,"Dream Catcher":1,"counters":[20,72],"Ornamental Fan":[176],"Sundial":[2],"Astrolabe":["InnerPeace","WreathOfFlame","SpiritShield"],"CeramicFish":0,"Black Star":3,"Question Card":6,"obtain_stats":[{"Lantern":23,"Regal Pillow":25,"Astrolabe":0,"CeramicFish":29,"Damaru":13,"Oddly Smooth Stone":27,"Question Card":23,"Nunchaku":9,"Dream Catcher":25,"Ornamental Fan":7,"Sundial":22,"Strawberry":10,"Black Star":17,"PureWater":0},{"Lantern":14,"Regal Pillow":16,"Astrolabe":0,"CeramicFish":18,"Damaru":9,"Oddly Smooth Stone":16,"Question Card":14,"Nunchaku":5,"Dream Catcher":16,"Ornamental Fan":5,"Sundial":13,"Strawberry":6,"Black Star":11,"PureWater":0},{"Lantern":50,"Regal Pillow":55,"Astrolabe":0,"CeramicFish":63,"Damaru":29,"Oddly Smooth Stone":55,"Question Card":50,"Nunchaku":17,"Dream Catcher":55,"Ornamental Fan":17,"Sundial":46,"Strawberry":21,"Black Star":39,"PureWater":0}]},"card_choices":[{"not_picked":["Consecrate","MentalFortress"],"picked":"JustLucky","floor":1.0},{"not_picked":["Pray","SashWhip","Evaluate"],"picked":"SKIP","floor":2.0},{"not_picked":["PathToVictory","ClearTheMind"],"picked":"JustLucky","floor":3.0},{"not_picked":["Consecrate","Meditate"],"picked":"BowlingBash","floor":4.0},{"not_picked":["Halt","Prostrate"],"picked":"JustLucky","floor":7.0},{"not_picked":["FlurryOfBlows","Halt"],"picked":"Weave","floor":10.0},{"not_picked":["MentalFortress","PathToVictory","Evaluate"],"picked":"SKIP","floor":11.0},{"not_picked":["Judgement","FlurryOfBlows"],"picked":"CrushJoints","floor":12.0},{"not_picked":["MentalFortress","CrushJoints"],"picked":"Adaptation","floor":13.0},{"not_picked":["Vengeance","PathToVictory","ThirdEye"],"picked":"SKIP","floor":14.0},{"not_picked":["Blasphemy","Brilliance"],"picked":"Scrawl","floor":16.0},{"not_picked":["Crescendo","PathToVictory+1","Pray"],"picked":"SKIP","floor":18.0},{"not_picked":["Protect","InnerPeace"],"picked":"Tantrum","floor":19.0},{"not_picked":["Tantrum","Prostrate","Ragnarok"],"picked":"SKIP","floor":23.0},{"not_picked":["EmptyBody","FlyingSleeves","BowlingBash","FlurryOfBlows"],"picked":"SKIP","floor":24.0},{"not_picked":["CarveReality","Worship","InnerPeace","Crescendo"],"picked":"SKIP","floor":25.0},{"not_picked":["WaveOfTheHand","Consecrate","CutThroughFate","SashWhip+1"],"picked":"SKIP","floor":28.0},{"not_picked":["Protect","CrushJoints","FollowUp","EmptyBody"],"picked":"SKIP","floor":29},{"not_picked":["Adaptation","MentalFortress","MasterReality","ForeignInfluence"],"picked":"SKIP","floor":31}],"player_experience":4502097,"relics_obtained":[{"floor":7.0,"key":"Ornamental Fan"},{"floor":9.0,"key":"Nunchaku"},{"floor":10.0,"key":"Strawberry"},{"floor":13.0,"key":"Damaru"},{"floor":22.0,"key":"Sundial"},{"floor":23.0,"key":"Question Card"},{"floor":23.0,"key":"Lantern"},{"floor":25.0,"key":"Regal Pillow"},{"floor":25.0,"key":"Dream Catcher"},{"floor":27.0,"key":"Oddly Smooth Stone"},{"floor":29,"key":"CeramicFish"}],"event_choices":[{"damage_healed":0.0,"max_hp_gain":0.0,"max_hp_loss":38.0,"gold_gain":0.0,"event_name":"Ghosts","player_choice":"Became a Ghost","floor":20.0,"gold_loss":0.0,"damage_taken":0.0,"cards_obtained":["Ghostly","Ghostly","Ghostly"]},{"damage_healed":0.0,"max_hp_gain":0.0,"max_hp_loss":0.0,"gold_gain":0.0,"event_name":"The Library","player_choice":"Read","floor":21.0,"gold_loss":0.0,"damage_taken":0.0,"cards_obtained":["Adaptation"]},{"damage_healed":0,"gold_gain":50,"player_choice":"Pray","damage_taken":0,"max_hp_gain":0,"max_hp_loss":0,"event_name":"Golden Shrine","floor":30,"gold_loss":0}],"is_beta":false,"boss_relics":[{"not_picked":["Pandora\u0027s Box","Ectoplasm"],"picked":"Black Star"}],"items_purged_floors":[5],"is_endless":false,"potions_floor_spawned":[4,7,11,16,19,24,29,31],"killed_by":"Automaton","ascension_level":20}}