{"host":"1z4hbl9vfqrhg136","time":1610655478,"event":{"mods":["BaseMod","Minty Spire (QoL Compilation)"],"gold_per_floor":[115,126,126,141,158,192,192,203,203,233,251,251,270,195,195,268,268,278,290,290,307,323,323,323,323],"floor_reached":24,"language":"ENG","playtime":1639,"items_purged":[],"score":424,"play_id":"0ddc8815-f47d-4a85-bb0c-cf9ef92cb394","local_time":"20210114201758","is_ascension_mode":true,"campfire_choices":[{"floor":7.0,"key":"REST"},{"floor":12,"key":"REST"},{"data":"Sunder","floor":15,"key":"SMITH"},{"floor":23,"key":"REST"}],"circlet_count":0,"master_deck":["AscendersBane","Strike_B","Strike_B","Strike_B","Strike_B","Defend_B","Defend_B","Zap","Dualcast","Conserve Battery","Rebound","Reboot","Conserve Battery","Cold Snap","Static Discharge","Coolheaded","Creative AI","Turbo","Sunder+1","Core Surge","Leap+1","Go for the Eyes","Hologram","Storm"],"relics":["Cracked Core","Omamori","Cables","Bottled Flame","Calling Bell","Regal Pillow","Sundial","Lizard Tail"],"acts_visited":["Exordium","TheCity"],"potions_floor_usage":[13,16],"damage_taken":[{"damage":1.0,"enemies":"Cultist","floor":1.0,"turns":3.0},{"damage":0.0,"enemies":"Small Slimes","floor":2.0,"turns":4.0},{"damage":0.0,"enemies":"Jaw Worm","floor":4.0,"turns":3.0},{"damage":24.0,"enemies":"Exordium Thugs","floor":5.0,"turns":4.0},{"damage":34.0,"enemies":"Gremlin Nob","floor":6.0,"turns":4.0},{"damage":6.0,"enemies":"Red Slaver","floor":8.0,"turns":3.0},{"damage":19.0,"enemies":"3 Sentries","floor":10.0,"turns":6.0},{"damage":0,"enemies":"2 Fungi Beasts","floor":11,"turns":3},{"damage":1,"enemies":"Lots of Slimes","floor":13,"turns":6},{"damage":31,"enemies":"Slime Boss","floor":16,"turns":9},{"damage":21,"enemies":"Spheric Guardian","floor":18,"turns":6},{"damage":10,"enemies":"3 Byrds","floor":19,"turns":2},{"damage":24,"enemies":"Centurion and Healer","floor":21,"turns":8},{"damage":17,"enemies":"Snecko","floor":22,"turns":6},{"damage":62,"enemies":"Book of Stabbing","floor":24,"turns":5}],"seed_played":"-2648031325189853353","potions_obtained":[{"floor":2.0,"key":"BlessingOfTheForge"},{"floor":5.0,"key":"Energy Potion"},{"floor":10.0,"key":"Fire Potion"},{"floor":13,"key":"AttackPotion"},{"floor":22,"key":"PotionOfCapacity"}],"is_trial":false,"path_per_floor":["M","M","?","M","M","E","R","M","T","E","M","R","M","?","R","B",null,"M","M","?","M","M","R","E"],"character_chosen":"DEFECT","items_purchased":[],"campfire_rested":3,"item_purchase_floors":[],"current_hp_per_floor":[70,70,70,70,46,12,35,29,29,10,10,33,32,32,32,1,59,38,28,16,39,22,60,0,0],"gold":323,"neow_bonus":"TEN_PERCENT_HP_BONUS","is_daily":false,"chose_seed":false,"campfire_upgraded":1,"win_rate":0.0,"timestamp":1610655478,"path_taken":["M","M","?","M","M","E","R","M","T","E","M","R","M","?","R","BOSS","M","M","?","M","M","R","E"],"items_purchased_type":[],"build_version":"2020-12-22","purchased_purges":0,"victory":false,"max_hp_per_floor":[78,78,78,78,78,78,78,78,78,78,78,78,78,78,78,78,78,78,78,78,78,78,78,78,78],"card_choices":[{"not_picked":["Hologram","Leap"],"picked":"Conserve Battery","floor":1.0},{"not_picked":["Consume","Conserve Battery"],"picked":"Rebound","floor":2.0},{"not_picked":["Stack","Consume"],"picked":"Conserve Battery","floor":4.0},{"not_picked":["Stack","Streamline"],"picked":"Cold Snap","floor":5.0},{"not_picked":["Streamline","Leap"],"picked":"Static Discharge","floor":6.0},{"not_picked":["Scrape","Hologram"],"picked":"Coolheaded","floor":8.0},{"not_picked":["Reinforced Body","Cold Snap"],"picked":"Creative AI","floor":10.0},{"not_picked":["Steam","Rebound"],"picked":"Turbo","floor":11},{"not_picked":["Stack","Coolheaded"],"picked":"Sunder","floor":13},{"not_picked":["Multi-Cast","Machine Learning"],"picked":"Core Surge","floor":16},{"not_picked":["Barrage+1","Hologram"],"picked":"Leap+1","floor":18},{"not_picked":["Hologram","Self Repair"],"picked":"Go for the Eyes","floor":19},{"not_picked":["Beam Cell","Creative AI"],"picked":"Hologram","floor":21},{"not_picked":["Gash","Stack"],"picked":"Storm","floor":22}],"player_experience":1884502,"relics_obtained":[{"floor":6.0,"key":"Omamori"},{"floor":9.0,"key":"Cables"},{"floor":10.0,"key":"Bottled Flame"},{"floor":17,"key":"Regal Pillow"},{"floor":17,"key":"Sundial"},{"floor":17,"key":"Lizard Tail"}],"event_choices":[{"damage_healed":0.0,"max_hp_gain":0.0,"max_hp_loss":0.0,"gold_gain":0.0,"cards_transformed":["Defend_B"],"event_name":"Living Wall","player_choice":"Change","floor":3.0,"gold_loss":0.0,"damage_taken":0.0,"cards_obtained":["Reboot"]},{"cards_removed":["Defend_B"],"damage_healed":0,"gold_gain":0,"player_choice":"Card Removal","damage_taken":0,"max_hp_gain":0,"max_hp_loss":0,"event_name":"The Cleric","floor":14,"gold_loss":75},{"damage_healed":0,"gold_gain":0,"player_choice":"POTION ","damage_taken":12,"max_hp_gain":0,"max_hp_loss":0,"event_name":"Knowing Skull","floor":20,"potions_obtained":["Ancient Potion"],"gold_loss":0,"cards_obtained":[]}],"is_beta":false,"boss_relics":[{"not_picked":["Nuclear Battery","Runic Dome"],"picked":"Calling Bell"}],"items_purged_floors":[],"is_endless":false,"potions_floor_spawned":[2,5,10,13,22],"killed_by":"Book of Stabbing","ascension_level":20}}