{"host":"0mk07bycsqo1qk03","time":1610632276,"event":{"mods":["BaseMod","Bestiary","Downfall","Hermit","Hubris","Minty Spire (QoL Compilation)","Replay The Spire","StSLib","The Cursed","The Servant 0.9.4"],"gold_per_floor":[112,112,130,130,64,100,25,25,50,50,74,97,116,116,116,215,215,240,490,505,538,538,538],"floor_reached":22,"language":"ENG","playtime":732,"items_purged":[],"score":518,"play_id":"28884b48-0f1b-4cf7-90d3-68b8efc0acf5","local_time":"20210114145116","is_ascension_mode":true,"campfire_choices":[{"data":"Rampage","floor":10,"key":"SMITH"},{"data":"Bash","floor":15,"key":"SMITH"}],"circlet_count":0,"master_deck":["AscendersBane","Strike_R","Strike_R","Strike_R","Strike_R","Defend_R","Defend_R","Defend_R","Defend_R","Bash+1","Rampage+1","Battle Trance+1","Impervious","Headbutt","Intimidate","Impervious"],"relics":["Burning Blood","NeowsBlessing","Golden Idol","Bag of Preparation","ReplayTheSpireMod:Ring of Addiction","White Beast Statue","Potion Belt","Ring of Peace","Ring of Chaos","Red Mask"],"acts_visited":["Exordium","TheCity"],"potions_floor_usage":[12,15,18,20,21,21,21,22],"damage_taken":[{"damage":0,"enemies":"Jaw Worm","floor":1,"turns":1},{"damage":0,"enemies":"Small Slimes","floor":3,"turns":1},{"damage":0,"enemies":"Gremlin Nob","floor":6,"turns":1},{"damage":5,"enemies":"2 Louse","floor":11,"turns":3},{"damage":0,"enemies":"Large Slime","floor":12,"turns":4},{"damage":16,"enemies":"Red Slaver","floor":13,"turns":5},{"damage":0,"enemies":"Slime Boss","floor":16,"turns":10},{"damage":0,"enemies":"Spheric Guardian","floor":18,"turns":6},{"damage":0,"enemies":"Chosen","floor":20,"turns":4},{"damage":44,"enemies":"Masked Bandits","floor":21,"turns":7},{"damage":49,"enemies":"3 Cultists","floor":22,"turns":6}],"seed_played":"-7888038723180356719","potions_obtained":[{"floor":1,"key":"SteroidPotion"},{"floor":3,"key":"Slimebound:ThreeZeroPotion"},{"floor":11,"key":"Toxic Potion"},{"floor":14,"key":"sneckomod:MuddlingPotion"},{"floor":14,"key":"LiquidMemories"},{"floor":14,"key":"Fruit Juice"},{"floor":16,"key":"ColorlessPotion"},{"floor":18,"key":"Guardian:BlockOnCardUsePotion"},{"floor":20,"key":"Venom Potion"},{"floor":21,"key":"Weak Potion"}],"is_trial":false,"path_per_floor":["M","?","M","?","$","E","?","$","T","R","M","M","M","?","R","B",null,"M","?","M","?","M"],"character_chosen":"IRONCLAD","items_purchased":["Battle Trance+1"],"campfire_rested":0,"item_purchase_floors":[5],"current_hp_per_floor":[74,79,80,52,52,58,58,58,58,58,59,65,55,55,60,66,80,85,85,85,47,0,0],"gold":538,"neow_bonus":"THREE_ENEMY_KILL","is_daily":false,"chose_seed":false,"campfire_upgraded":2,"win_rate":0.0,"timestamp":1610632276,"path_taken":["M","?","M","?","$","E","?","?","T","R","M","M","?","?","R","BOSS","M","?","?","?","M"],"items_purchased_type":["Card"],"build_version":"2020-12-22","purchased_purges":0,"victory":false,"max_hp_per_floor":[75,80,80,80,80,80,80,80,80,80,80,80,80,80,85,85,85,85,85,85,85,85,85],"card_choices":[{"not_picked":["ReplayReversal","ReplayTheSpireMod:Stacked"],"picked":"Rampage","floor":1},{"not_picked":["Run Through","Thunderclap","Second Wind"],"picked":"SKIP","floor":3},{"not_picked":["Run Through","Armaments"],"picked":"Impervious","floor":6},{"not_picked":["Body Slam","Cleave","Uppercut"],"picked":"SKIP","floor":11},{"not_picked":["Second Wind","Body Slam"],"picked":"Headbutt","floor":12},{"not_picked":["hubris:CleavingFinish","Whirlwind"],"picked":"Intimidate","floor":13},{"not_picked":["Armaments","Havoc","Flame Barrier"],"picked":"SKIP","floor":18},{"not_picked":["Demon Form","Exhume"],"picked":"Impervious","floor":19},{"not_picked":["Anger+1","Cleave","Massacre"],"picked":"SKIP","floor":20}],"player_experience":885413,"relics_obtained":[{"floor":6,"key":"Bag of Preparation"},{"floor":9,"key":"Pet Ghost"},{"floor":14,"key":"ReplayTheSpireMod:Ring of Addiction"},{"floor":14,"key":"White Beast Statue"},{"floor":14,"key":"Potion Belt"},{"floor":14,"key":"Ring of Peace"},{"floor":21,"key":"Red Mask"}],"event_choices":[{"damage_healed":0,"gold_gain":0,"player_choice":"Donut","damage_taken":0,"max_hp_gain":5,"max_hp_loss":0,"event_name":"Big Fish","floor":2,"gold_loss":0},{"damage_healed":0,"gold_gain":0,"player_choice":"Take Damage","damage_taken":28,"relics_obtained":["Golden Idol"],"max_hp_gain":0,"max_hp_loss":0,"event_name":"Golden Idol","floor":4,"gold_loss":0},{"cards_removed":["Strike_R"],"damage_healed":0,"gold_gain":0,"player_choice":"Card Removal","damage_taken":0,"max_hp_gain":0,"max_hp_loss":0,"event_name":"The Cleric","floor":7,"gold_loss":75},{"damage_healed":0,"gold_gain":0,"player_choice":"Fought Bandits","damage_taken":0,"max_hp_gain":0,"max_hp_loss":0,"event_name":"Masked Bandits","floor":21,"gold_loss":0}],"is_beta":false,"boss_relics":[{"not_picked":["Painkiller Herb","Black Star"],"picked":"Ring of Chaos"}],"items_purged_floors":[],"is_endless":false,"potions_floor_spawned":[1,3,11,16,18,20,21],"killed_by":"3 Cultists","ascension_level":20}}