{"host":"mrvy4s3ibfhe5e8o","time":1610652532,"event":{"mods":["AchievementEnabler","BaseMod","Colored Map","Downfall","Googly Eyes","Hermit","Highlight Path","Marisa????????","Minty Spire (QoL Compilation)","Shop Mod","StSLib","The Cursed","The Runesmith","The Servant 0.9.4"],"gold_per_floor":[109,109,34,45,10,10,10,21,21,33,33,43,43,58,58,155,155,168,108,128,128,142,142,142],"floor_reached":23,"language":"ENG","playtime":985,"items_purged":["Runesmith:Strike_RS"],"score":183,"play_id":"6deb4717-2f40-4377-8a69-efc9ab1ac829","local_time":"20210114142852","is_ascension_mode":false,"campfire_choices":[{"data":"Runesmith:EarthShield","floor":6,"key":"SMITH"},{"data":"Runesmith:CraftProtectio","floor":11,"key":"SMITH"},{"floor":15,"key":"REST"}],"circlet_count":0,"master_deck":["Runesmith:Strike_RS","Runesmith:Strike_RS","Runesmith:Strike_RS","Runesmith:Defend_RS","Runesmith:Defend_RS","Runesmith:Defend_RS","Runesmith:CraftFirestone+1","Runesmith:Fortify","Runesmith:HammerThrow","Runesmith:EarthShield+1","Runesmith:CraftProtectio+1","Runesmith:CraftIncendium","Runesmith:ChiselStab","Runesmith:CraftMedicinae","Runesmith:Reinforce","Runesmith:RunicBlueprint+1"],"relics":["Runesmith:BrokenRuby","Bottled Flame","SlaversCollar","GremlinMask"],"acts_visited":["Exordium","TheCity"],"potions_floor_usage":[16],"damage_taken":[{"damage":2,"enemies":"2 Louse","floor":1,"turns":3},{"damage":0,"enemies":"Jaw Worm","floor":4,"turns":4},{"damage":0,"enemies":"Cultist","floor":8,"turns":4},{"damage":0,"enemies":"Blue Slaver","floor":10,"turns":4},{"damage":0,"enemies":"Red Slaver","floor":12,"turns":4},{"damage":13,"enemies":"Large Slime","floor":14,"turns":8},{"damage":32,"enemies":"Hexaghost","floor":16,"turns":9},{"damage":12,"enemies":"Spheric Guardian","floor":18,"turns":8},{"damage":24,"enemies":"2 Thieves","floor":19,"turns":4},{"damage":34,"enemies":"Chosen and Byrds","floor":20,"turns":7},{"damage":19,"enemies":"Cultist and Chosen","floor":22,"turns":9},{"damage":12,"enemies":"Slavers","floor":23,"turns":1}],"seed_played":"-9134469125247563510","potions_obtained":[{"floor":4,"key":"LiquidBronze"},{"floor":8,"key":"Weak Potion"},{"floor":12,"key":"FairyPotion"},{"floor":16,"key":"AttackPotion"},{"floor":18,"key":"Strength Potion"},{"floor":20,"key":"EntropicBrew"},{"floor":22,"key":"BlessingOfTheForge"}],"is_trial":false,"path_per_floor":["M","?","$","M","?","R","?","M","T","M","R","M","$","M","R","B",null,"M","M","M","?","M","E"],"character_chosen":"RUNESMITH_CLASS","items_purchased":[],"campfire_rested":1,"item_purchase_floors":[],"current_hp_per_floor":[75,75,75,75,77,77,70,70,70,70,70,70,70,57,77,45,77,65,41,7,7,11,0,0],"gold":142,"neow_bonus":"TEN_PERCENT_HP_BONUS","is_daily":false,"chose_seed":false,"campfire_upgraded":2,"win_rate":0.0,"timestamp":1610652532,"path_taken":["M","?","$","M","?","R","?","M","T","M","R","M","?","M","R","BOSS","M","M","?","?","M","E"],"items_purchased_type":[],"build_version":"2020-12-22","purchased_purges":1,"victory":false,"max_hp_per_floor":[77,77,77,77,77,77,77,77,77,77,77,77,77,77,77,77,77,77,77,77,77,77,77,77],"card_choices":[{"not_picked":["Runesmith:OneForEveryone","Runesmith:Overpower"],"picked":"Runesmith:HammerThrow","floor":1},{"not_picked":["Runesmith:Repurpose","Runesmith:Electrocute"],"picked":"Runesmith:EarthShield","floor":4},{"not_picked":["Runesmith:EarthShield","Runesmith:Repurpose","Runesmith:ShiftingStrike"],"picked":"SKIP","floor":8},{"not_picked":["Runesmith:EarthShield","Runesmith:LithiumIon"],"picked":"Runesmith:CraftProtectio","floor":10},{"not_picked":["Runesmith:ChaoticBlast","Runesmith:Augment"],"picked":"Runesmith:CraftIncendium","floor":12},{"not_picked":["Runesmith:PoweredAnvil","Runesmith:RuneHurl"],"picked":"Runesmith:ChiselStab","floor":14},{"not_picked":["Runesmith:FissionHammer","Runesmith:LightningRod"],"picked":"Runesmith:CraftMedicinae","floor":16},{"not_picked":["Runesmith:ShiftingStrike","Runesmith:ChiselStab","Runesmith:WhiteBalance"],"picked":"SKIP","floor":18},{"not_picked":["Runesmith:Electrocute","Runesmith:HammerThrow","Runesmith:ChiselStab"],"picked":"SKIP","floor":19},{"not_picked":["Runesmith:HeatedChisel","Runesmith:HammerThrow"],"picked":"Runesmith:Reinforce","floor":20},{"not_picked":["Runesmith:ShiftingStrike+1","Runesmith:Malloc"],"picked":"Runesmith:RunicBlueprint+1","floor":22}],"player_experience":211972,"relics_obtained":[{"floor":9,"key":"Bottled Flame"}],"event_choices":[{"damage_healed":0,"gold_gain":0,"player_choice":"Grow","damage_taken":0,"max_hp_gain":0,"max_hp_loss":0,"event_name":"Living Wall","floor":2,"gold_loss":0,"cards_upgraded":["Runesmith:CraftFirestone"]},{"damage_healed":19,"gold_gain":0,"player_choice":"Healed","damage_taken":0,"max_hp_gain":0,"max_hp_loss":0,"event_name":"The Cleric","floor":5,"gold_loss":35},{"cards_removed":["Runesmith:Defend_RS"],"damage_healed":0,"gold_gain":0,"player_choice":"Card Removal","damage_taken":7,"max_hp_gain":0,"max_hp_loss":0,"event_name":"Golden Wing","floor":7,"gold_loss":0},{"damage_healed":0,"gold_gain":0,"player_choice":"Trade","damage_taken":0,"relics_obtained":["GremlinMask"],"max_hp_gain":0,"max_hp_loss":0,"event_name":"FaceTrader","floor":21,"gold_loss":0}],"is_beta":false,"boss_relics":[{"not_picked":["Cursed Key","Fusion Hammer"],"picked":"SlaversCollar"}],"items_purged_floors":[3],"is_endless":false,"potions_floor_spawned":[4,8,12,16,18,20,22],"killed_by":"Slavers","ascension_level":0}}