{"host":"9qgbal69wq5palas","time":1610621949,"event":{"mods":["2.2 Compatiblity","Abigail Mod","AchievementEnabler","Act Like it!","Aspiration","Astrologer","Bartender","BaseMod","Better Altar","Better Note","Better Skull","Better Third Choice","Colored Powertips","Hallownest","Hermit","Highlight Path","Hubris","Infinite Spire","Jorbs\u0027s Wanderer Trilogy","Koishi","Lobotomy","Minty Spire (QoL Compilation)","Potionbrewer","Quick Restart","Random Character Button","Replay The Spire","Shade Mod","Shop Mod","Spicy Shops","StSLib","The Animator","The Bug Knight","The Cursed","The Disciple","The Exalted","The Hierophant","The Necromancer","The Servant 0.9.4","Wandering Minibosses"],"gold_per_floor":[119,133,133,15,32,63,63,74,125,151,151,164,164,34,34,129,129,143,154,154,173,173,173,173,173],"floor_reached":24,"language":"ENG","playtime":998,"items_purged":["Pain"],"score":323,"play_id":"0de2395a-6c0c-4f5f-93ea-c98b7ba03253","local_time":"20210114115909","is_ascension_mode":true,"campfire_choices":[{"floor":11,"key":"REST"},{"data":"astrologer:StarOfChange","floor":15,"key":"SMITH"}],"circlet_count":0,"master_deck":["astrologer:Strike","astrologer:Strike","astrologer:Strike","astrologer:Strike","astrologer:Defend","astrologer:Defend","astrologer:Defend","astrologer:Defend","astrologer:NorthStar","astrologer:TheFool","astrologer:TheSun+1","astrologer:SpaceDust","astrologer:Novile","astrologer:StarOfChange+1","astrologer:Glimpse","astrologer:Stardust","hubris:Fate","astrologer:Glimpse+1","astrologer:Conjunction","astrologer:Death","astrologer:StarOfRegret+1","astrologer:TheChariot","astrologer:Opposition","astrologer:Sunrise","astrologer:Eclipse"],"relics":["astrologer:SkyMirror","Replay:Wax Seal","hubris:OldNail","PreservedInsect","WarpedTongs","aspiration:PoetsPen_weak","Bag of Marbles"],"acts_visited":["Exordium","TheCity"],"potions_floor_usage":[6,10,12],"damage_taken":[{"damage":0,"enemies":"Jaw Worm","floor":1,"turns":2},{"damage":0,"enemies":"Small Slimes","floor":2,"turns":3},{"damage":0,"enemies":"2 Louse","floor":5,"turns":1},{"damage":17,"enemies":"Lagavulin","floor":6,"turns":7},{"damage":11,"enemies":"Red Slaver","floor":8,"turns":4},{"damage":32,"enemies":"Gremlin Nob","floor":10,"turns":4},{"damage":7,"enemies":"Exordium Thugs","floor":12,"turns":6},{"damage":0,"enemies":"Fading Forest","floor":16,"turns":1},{"damage":0,"enemies":"2 Thieves","floor":18,"turns":1},{"damage":0,"enemies":"Chosen","floor":19,"turns":5},{"damage":1,"enemies":"Centurion and Healer","floor":21,"turns":5},{"damage":22,"enemies":"Shelled Parasite and Fungi","floor":24,"turns":3}],"seed_played":"5718533279134017178","potions_obtained":[{"floor":2,"key":"Flashbang"},{"floor":5,"key":"Strength Potion"},{"floor":10,"key":"potionbrewer:InfectionPotion"},{"floor":18,"key":"potionbrewer:ToxicPotion"},{"floor":21,"key":"potionbrewer:NoxiousPotion"}],"is_trial":false,"path_per_floor":["M","M","?","$","M","E","?","M","T","E","R","M","?","$","R","B",null,"M","M","?","M","PTL","PTL","M"],"character_chosen":"ASTROLOGER","items_purchased":["astrologer:StarOfChange","astrologer:Glimpse","astrologer:StarOfRegret+1"],"campfire_rested":1,"item_purchase_floors":[4,4,14],"current_hp_per_floor":[63,63,63,63,63,46,31,35,35,3,21,14,14,14,14,14,63,63,63,29,28,28,28,6,6],"gold":173,"neow_bonus":"THREE_RARE_CARDS","is_daily":false,"chose_seed":false,"campfire_upgraded":1,"win_rate":0.0,"timestamp":1610621949,"path_taken":["M","M","?","$","M","E","?","?","T","E","R","M","?","$","R","BOSS","M","M","?","M","PTL","PTL","M"],"items_purchased_type":["Card","Card","Card"],"build_version":"2020-12-22","purchased_purges":1,"victory":false,"max_hp_per_floor":[63,63,63,63,63,63,63,63,63,63,63,63,63,63,63,63,63,63,63,63,63,63,63,63,63],"card_choices":[{"not_picked":["astrologer:Nova","astrologer:Fate"],"picked":"astrologer:TheSun","floor":0},{"not_picked":["astrologer:Prestidigitation","astrologer:TheHermit"],"picked":"astrologer:SpaceDust","floor":1},{"not_picked":["astrologer:SolarFlare","astrologer:Prestidigitation"],"picked":"astrologer:Novile","floor":2},{"not_picked":["astrologer:Premeditation","astrologer:FrozenStar"],"picked":"astrologer:Stardust","floor":5},{"not_picked":["astrologer:ReadTheStars","astrologer:FrozenStar","astrologer:Still"],"picked":"SKIP","floor":6},{"not_picked":["infinitespire:Punishment","infinitespire:FinalStrike"],"picked":"hubris:Fate","floor":7},{"not_picked":["astrologer:Still","astrologer:Cataclysm"],"picked":"astrologer:Glimpse","floor":8},{"not_picked":["astrologer:Still","astrologer:Strength"],"picked":"astrologer:Conjunction","floor":10},{"not_picked":["astrologer:StarOfMisfortune","astrologer:Glimpse"],"picked":"astrologer:Death","floor":12},{"not_picked":["astrologer:HeatDeath","astrologer:Alignment"],"picked":"astrologer:TheChariot","floor":16},{"not_picked":["astrologer:TheHierophant+1","astrologer:Stardust"],"picked":"astrologer:Opposition","floor":18},{"not_picked":["astrologer:Still","astrologer:Prismatic"],"picked":"astrologer:Sunrise","floor":19},{"not_picked":["astrologer:ShiningStar+1","astrologer:Conjunction"],"picked":"astrologer:Eclipse","floor":21}],"player_experience":2706904,"relics_obtained":[{"floor":6,"key":"Replay:Wax Seal"},{"floor":9,"key":"hubris:OldNail"},{"floor":10,"key":"PreservedInsect"}],"event_choices":[{"damage_healed":0,"gold_gain":0,"player_choice":"Rummage","damage_taken":0,"relics_obtained":["WarpedTongs"],"max_hp_gain":0,"max_hp_loss":0,"event_name":"Accursed Blacksmith","floor":13,"gold_loss":0,"cards_obtained":["Pain"]},{"damage_healed":0,"gold_gain":0,"player_choice":"RE UP UP ","damage_taken":40,"relics_obtained":["Bag of Marbles"],"max_hp_gain":0,"max_hp_loss":0,"event_name":"betterSkull:BetterSkull","floor":20,"gold_loss":0,"cards_upgraded":["astrologer:TheSun","astrologer:Glimpse"]}],"is_beta":false,"boss_relics":[{"not_picked":["Painkiller Herb","SlaversCollar"],"picked":"aspiration:PoetsPen_weak"}],"items_purged_floors":[14],"is_endless":false,"potions_floor_spawned":[2,5,10,18,21],"killed_by":"Shelled Parasite and Fungi","ascension_level":3}}