{"host":"z9811rt50ti81n54","time":1610634599,"event":{"mods":["BaseMod","Better Match","Better Skull","Better Third Choice","Minty Spire (QoL Compilation)","Permanent Neow","StSLib","SuperFastMode"],"gold_per_floor":[114,114,114,124,136,136,23,23,23,98,98,23,39,0,0,103,103,116,116,116,141,156,156,167,167,219,219,233,49,49,62,62,164,164,182,107,107,107,118,118,46,46,46,46,80,96,96,0,0,0],"floor_reached":51,"language":"ENG","playtime":1241,"items_purged":["Metallicize+1"],"score":734,"play_id":"1a616f0e-caef-4d6b-bbff-e84f841cd331","local_time":"20210114232959","is_ascension_mode":false,"campfire_choices":[{"data":"Battle Trance","floor":6.0,"key":"SMITH"},{"data":"Metallicize","floor":8.0,"key":"SMITH"},{"data":"Battle Trance","floor":15.0,"key":"SMITH"},{"data":"Fiend Fire","floor":23,"key":"SMITH"},{"data":"Immolate","floor":25,"key":"SMITH"},{"data":"Inflame","floor":27,"key":"SMITH"},{"data":"Rampage","floor":30,"key":"SMITH"},{"data":"Havoc","floor":32,"key":"SMITH"},{"data":"Flame Barrier","floor":40,"key":"SMITH"},{"data":"Shockwave","floor":42,"key":"SMITH"},{"data":"Flame Barrier","floor":49,"key":"SMITH"}],"circlet_count":0,"master_deck":["Bash","Battle Trance+1","Thunderclap","Flame Barrier+1","Exhume+1","Barricade+1","Impervious+1","Battle Trance+1","Flame Barrier+1","Immolate+1","Intimidate","Inflame+1","Fiend Fire+1","Thunderclap","Ghostly Armor","Uppercut","Havoc+1","Burning Pact","Dark Embrace+1","Flex+1","Body Slam+1","Rampage+1","Shockwave+1","Writhe"],"relics":["Coffee Dripper","Centennial Puzzle","Blue Candle","Pandora\u0027s Box","PreservedInsect","Red Skull","ClockworkSouvenir","Snecko Eye","Bottled Lightning","Akabeko","Red Mask"],"acts_visited":["Exordium","TheCity","TheBeyond"],"potions_floor_usage":[16,50,50],"damage_taken":[{"damage":0.0,"enemies":"2 Louse","floor":1.0,"turns":3.0},{"damage":1.0,"enemies":"Jaw Worm","floor":4.0,"turns":2.0},{"damage":1.0,"enemies":"Cultist","floor":5.0,"turns":3.0},{"damage":0.0,"enemies":"Blue Slaver","floor":13.0,"turns":4.0},{"damage":10,"enemies":"Hexaghost","floor":16,"turns":11},{"damage":0,"enemies":"Spheric Guardian","floor":18,"turns":4},{"damage":17,"enemies":"Shell Parasite","floor":22,"turns":3},{"damage":0,"enemies":"Centurion and Healer","floor":24,"turns":7},{"damage":0,"enemies":"Cultist and Chosen","floor":28,"turns":5},{"damage":0,"enemies":"Snake Plant","floor":31,"turns":3},{"damage":4,"enemies":"Automaton","floor":33,"turns":6},{"damage":7,"enemies":"Orb Walker","floor":35,"turns":2},{"damage":0,"enemies":"3 Darklings","floor":39,"turns":2},{"damage":0,"enemies":"Nemesis","floor":45,"turns":3},{"damage":0,"enemies":"Sphere and 2 Shapes","floor":46,"turns":1},{"damage":15,"enemies":"Awakened One","floor":50,"turns":9}],"seed_played":"-8259569588516958672","potions_obtained":[{"floor":1.0,"key":"DuplicationPotion"},{"floor":13.0,"key":"DistilledChaos"},{"floor":16,"key":"LiquidBronze"},{"floor":31,"key":"SpeedPotion"},{"floor":35,"key":"Strength Potion"},{"floor":39,"key":"BloodPotion"}],"is_trial":false,"path_per_floor":["M","?","?","M","M","R","$","R","T","?","?","?","M","$","R","B",null,"M","?","?","T","M","R","M","R","T","R","M","$","R","M","R","B",null,"M","$","?","?","M","R","$","R","T","?","E","M","?","?","R","B",null],"character_chosen":"IRONCLAD","items_purchased":["Flame Barrier","Metallicize","Flame Barrier","Rampage","ClockworkSouvenir","Shockwave"],"campfire_rested":0,"item_purchase_floors":[7,7,14,29,29,41],"current_hp_per_floor":[80,85,85,84,83,83,83,83,83,72,65,65,65,65,65,55,85,85,85,85,85,68,68,68,68,68,68,68,68,68,68,68,64,85,78,78,78,78,78,78,78,78,78,78,78,78,85,85,85,70],"gold":0,"neow_bonus":"BOSS_RELIC","is_daily":false,"chose_seed":false,"campfire_upgraded":11,"win_rate":0.0,"timestamp":1610634599,"path_taken":["M","?","?","?","M","R","$","R","T","?","?","?","M","?","R","BOSS","M","?","?","?","M","R","M","R","T","R","M","$","R","M","R","BOSS","M","$","?","?","M","R","$","R","T","?","E","M","?","?","R","BOSS"],"items_purchased_type":["Card","Card","Card","Card","Relic","Card"],"build_version":"2020-12-22","purchased_purges":1,"victory":true,"max_hp_per_floor":[80,85,85,85,85,85,85,85,85,85,85,85,85,85,85,85,85,85,85,85,85,85,85,85,85,85,85,85,85,85,85,85,85,85,85,85,85,85,85,85,85,85,85,85,85,85,85,85,85,85],"card_choices":[{"not_picked":["Pommel Strike","Havoc"],"picked":"Reckless Charge","floor":1.0},{"not_picked":["Flex","Wild Strike"],"picked":"Battle Trance","floor":4.0},{"not_picked":["True Grit","Reckless Charge"],"picked":"Thunderclap","floor":5.0},{"not_picked":["Demon Form+1","Offering+1"],"picked":"Exhume+1","floor":12.0},{"not_picked":["Demon Form+1","Reaper+1"],"picked":"Barricade+1","floor":12.0},{"not_picked":["Offering+1","Bludgeon+1"],"picked":"Impervious+1","floor":12.0},{"not_picked":["Wild Strike","Headbutt"],"picked":"Battle Trance","floor":13.0},{"not_picked":["Feed","Reaper"],"picked":"Immolate","floor":16},{"not_picked":["Pommel Strike+1","Warcry"],"picked":"Dark Embrace+1","floor":18},{"not_picked":["Armaments","Flex+1","Body Slam"],"picked":"SKIP","floor":22},{"not_picked":["Armaments","Body Slam"],"picked":"Flex+1","floor":22},{"not_picked":["Twin Strike","Armaments","Body Slam"],"picked":"SKIP","floor":24},{"not_picked":["Sentinel+1","Disarm"],"picked":"Body Slam+1","floor":28},{"not_picked":["Clothesline+1","Flex","Seeing Red"],"picked":"SKIP","floor":31},{"not_picked":["Berserk","Limit Break"],"picked":"Brutality","floor":33},{"not_picked":["Wild Strike+1","Clothesline+1","Combust"],"picked":"SKIP","floor":35},{"not_picked":["Sentinel","Havoc+1","Fire Breathing"],"picked":"SKIP","floor":39},{"not_picked":["True Grit+1","Metallicize","Power Through+1"],"picked":"SKIP","floor":45},{"not_picked":["Evolve+1","Shrug It Off+1","Anger+1"],"picked":"SKIP","floor":46}],"player_experience":378233,"relics_obtained":[{"floor":9.0,"key":"Blue Candle"},{"floor":21,"key":"PreservedInsect"},{"floor":26,"key":"Red Skull"},{"floor":43,"key":"Bottled Lightning"},{"floor":45,"key":"Akabeko"}],"event_choices":[{"damage_healed":0.0,"max_hp_gain":5.0,"max_hp_loss":0.0,"gold_gain":0.0,"event_name":"Big Fish","player_choice":"Donut","floor":2.0,"gold_loss":0.0,"damage_taken":0.0},{"damage_healed":0.0,"max_hp_gain":0.0,"max_hp_loss":0.0,"gold_gain":0.0,"event_name":"WeMeetAgain","player_choice":"Gave Potion","floor":3.0,"gold_loss":0.0,"damage_taken":0.0,"relics_obtained":["Centennial Puzzle"]},{"damage_healed":0.0,"max_hp_gain":0.0,"max_hp_loss":0.0,"gold_gain":75.0,"event_name":"World of Goop","player_choice":"Gather Gold","floor":10.0,"gold_loss":0.0,"damage_taken":11.0},{"cards_removed":["Strike_R"],"damage_healed":0.0,"max_hp_gain":0.0,"max_hp_loss":0.0,"gold_gain":0.0,"event_name":"Golden Wing","player_choice":"Card Removal","floor":11.0,"gold_loss":0.0,"damage_taken":7.0},{"damage_healed":0.0,"max_hp_gain":0.0,"max_hp_loss":0.0,"gold_gain":0.0,"event_name":"betterMatch:BetterMatch","player_choice":"3","floor":12.0,"gold_loss":0.0,"damage_taken":0.0,"cards_obtained":["betterMatch:RareCard"]},{"damage_healed":0,"gold_gain":0,"player_choice":"Ignored","damage_taken":0,"max_hp_gain":0,"max_hp_loss":0,"event_name":"Vampires","floor":19,"gold_loss":0},{"cards_removed":["Reckless Charge"],"damage_healed":0,"gold_gain":0,"player_choice":"Elegance","damage_taken":0,"max_hp_gain":0,"max_hp_loss":0,"event_name":"betterThird:BetterWriting","floor":20,"gold_loss":0},{"damage_healed":0,"gold_gain":0,"player_choice":"Ignored","damage_taken":0,"max_hp_gain":0,"max_hp_loss":0,"event_name":"Mysterious Sphere","floor":37,"gold_loss":0},{"cards_removed":["Brutality"],"damage_healed":0,"gold_gain":0,"player_choice":"Removed Power","damage_taken":0,"max_hp_gain":0,"max_hp_loss":0,"event_name":"Falling","floor":38,"gold_loss":0},{"damage_healed":0,"gold_gain":0,"player_choice":"Memory 1","damage_taken":0,"max_hp_gain":0,"max_hp_loss":0,"event_name":"SensoryStone","floor":44,"gold_loss":0},{"damage_healed":21,"gold_gain":0,"player_choice":"Writhe","damage_taken":0,"max_hp_gain":0,"max_hp_loss":0,"event_name":"Winding Halls","floor":47,"gold_loss":0,"cards_obtained":["Writhe"]},{"damage_healed":0,"gold_gain":0,"player_choice":"Paid","damage_taken":0,"relics_obtained":["Red Mask"],"max_hp_gain":0,"max_hp_loss":0,"event_name":"Tomb of Lord Red Mask","floor":48,"gold_loss":96}],"is_beta":false,"boss_relics":[{"not_picked":["Empty Cage","Tiny House"],"picked":"Pandora\u0027s Box"},{"not_picked":["Velvet Choker","Fusion Hammer"],"picked":"Snecko Eye"}],"items_purged_floors":[36],"is_endless":false,"potions_floor_spawned":[1,13,16,31,35,39],"ascension_level":0}}