{"host":"o7j6aatxjwpw1421","time":1610642887,"event":{"mods":["2.2 Compatiblity","AchievementEnabler","BaseMod","Colored Map","DeckTracker","Highlight Path","Keyboard Shortcuts","Minty Spire (QoL Compilation)","Permanent Neow","Quick Restart","StSLib","SuperFastMode","everything is the same but u backflip on backflip"],"gold_per_floor":[362,14,27,41,57,57,75,105,105,105,105,105,116,130,130,203,203,219,229,129,141,98,98,130,130,130,130,130,130,140,156,156,233,233,253,253,266,319,319,319,338,363,389,420,420,134,134,147,147,147,147],"floor_reached":52,"language":"KOR","playtime":1511,"items_purged":["Writhe","Strike_R","Strike_R"],"score":1989,"play_id":"98e1a7b5-6098-40f2-a562-492981ee1564","local_time":"20210115014807","is_ascension_mode":true,"campfire_choices":[{"data":"Searing Blow","floor":6.0,"key":"SMITH"},{"data":"Searing Blow+1","floor":10.0,"key":"SMITH"},{"data":"Searing Blow+2","floor":12.0,"key":"SMITH"},{"data":"Searing Blow+3","floor":15.0,"key":"SMITH"},{"data":"Searing Blow+4","floor":23.0,"key":"SMITH"},{"data":"Searing Blow+5","floor":27.0,"key":"SMITH"},{"data":"Searing Blow+6","floor":29.0,"key":"SMITH"},{"data":"Searing Blow+7","floor":32.0,"key":"SMITH"},{"data":"Searing Blow+9","floor":40.0,"key":"SMITH"},{"data":"Searing Blow+10","floor":45.0,"key":"SMITH"},{"data":"Searing Blow+11","floor":47.0,"key":"SMITH"},{"data":"Searing Blow+12","floor":49.0,"key":"SMITH"}],"circlet_count":0,"master_deck":["AscendersBane","Strike_R","Strike_R","Strike_R","Defend_R","Defend_R","Defend_R","Defend_R","Bash","Searing Blow+13","Shockwave+1","Armaments","Battle Trance","Corruption+1","Seeing Red+1","Necronomicurse","Battle Trance+1","Double Tap","Purity","Sentinel","Shrug It Off+1","Ghostly Armor"],"relics":["Burning Blood","Frozen Egg 2","Meat on the Bone","Singing Bowl","Velvet Choker","White Beast Statue","War Paint","Necronomicon","Black Star","Pen Nib","HornCleat","Blue Candle","Anchor","Art of War","Sundial","Orrery"],"acts_visited":["Exordium","TheCity","TheBeyond"],"potions_floor_usage":[50,51],"damage_taken":[{"damage":2.0,"enemies":"Cultist","floor":1.0,"turns":4.0},{"damage":24.0,"enemies":"Jaw Worm","floor":3.0,"turns":4.0},{"damage":6.0,"enemies":"Small Slimes","floor":4.0,"turns":4.0},{"damage":16.0,"enemies":"Blue Slaver","floor":5.0,"turns":7.0},{"damage":12.0,"enemies":"2 Fungi Beasts","floor":7.0,"turns":5.0},{"damage":48.0,"enemies":"Gremlin Nob","floor":8.0,"turns":5.0},{"damage":0.0,"enemies":"Exordium Wildlife","floor":13.0,"turns":4.0},{"damage":1.0,"enemies":"Looter","floor":14.0,"turns":4.0},{"damage":26.0,"enemies":"The Guardian","floor":16.0,"turns":11.0},{"damage":7.0,"enemies":"Chosen","floor":18.0,"turns":4.0},{"damage":16.0,"enemies":"Spheric Guardian","floor":19.0,"turns":4.0},{"damage":14.0,"enemies":"3 Cultists","floor":21.0,"turns":5.0},{"damage":46.0,"enemies":"Book of Stabbing","floor":24.0,"turns":5.0},{"damage":0.0,"enemies":"Chosen and Byrds","floor":30.0,"turns":5.0},{"damage":0.0,"enemies":"Snake Plant","floor":31.0,"turns":2.0},{"damage":44.0,"enemies":"Automaton","floor":33.0,"turns":5.0},{"damage":36.0,"enemies":"3 Darklings","floor":35.0,"turns":6.0},{"damage":8.0,"enemies":"Orb Walker","floor":37.0,"turns":2.0},{"damage":1.0,"enemies":"Sphere and 2 Shapes","floor":41.0,"turns":5.0},{"damage":21.0,"enemies":"Giant Head","floor":42.0,"turns":3.0},{"damage":7.0,"enemies":"Reptomancer","floor":44.0,"turns":3.0},{"damage":0.0,"enemies":"Spire Growth","floor":48.0,"turns":1.0},{"damage":57,"enemies":"Awakened One","floor":50,"turns":4},{"damage":0,"enemies":"Time Eater","floor":51,"turns":1}],"seed_played":"-8782986871780414916","potions_obtained":[{"floor":1.0,"key":"Explosive Potion"},{"floor":5.0,"key":"BloodPotion"},{"floor":8.0,"key":"Dexterity Potion"},{"floor":14.0,"key":"Regen Potion"},{"floor":24.0,"key":"LiquidMemories"},{"floor":33.0,"key":"FearPotion"},{"floor":35.0,"key":"Swift Potion"},{"floor":41.0,"key":"Dexterity Potion"},{"floor":44.0,"key":"PowerPotion"}],"is_trial":false,"path_per_floor":["M","$","M","M","M","R","M","E","T","R","?","R","M","M","R","B",null,"M","M","$","M","$","R","E","?","T","R","?","R","M","M","R","B",null,"M","?","M","T","?","R","M","E","T","E","R","$","R","M","R","B","B",null],"character_chosen":"IRONCLAD","items_purchased":["Frozen Egg 2","Seeing Red","Orrery"],"campfire_rested":0,"item_purchase_floors":[2,22,46],"current_hp_per_floor":[72,72,54,54,44,44,38,11,11,11,11,11,31,50,50,42,70,71,63,63,57,57,57,45,45,45,45,24,24,44,62,62,36,76,60,54,66,66,66,66,73,60,60,61,61,65,65,73,73,34,52],"gold":147,"neow_bonus":"TWO_FIFTY_GOLD","is_daily":false,"chose_seed":false,"campfire_upgraded":12,"win_rate":0.0,"timestamp":1610642887,"path_taken":["M","$","?","M","M","R","M","E","T","R","?","R","M","M","R","BOSS","M","M","?","M","$","R","E","?","T","R","?","R","M","M","R","BOSS","M","?","M","?","?","R","M","E","T","E","R","$","R","M","R","BOSS","BOSS"],"items_purchased_type":["Relic","Card","Relic"],"build_version":"2020-12-22","purchased_purges":3,"victory":true,"max_hp_per_floor":[75,75,75,75,75,75,75,75,75,75,75,75,77,79,79,79,79,81,83,83,85,85,85,87,87,87,87,87,87,89,89,89,89,89,91,95,97,97,97,97,99,101,101,103,103,107,107,109,109,109,109],"card_choices":[{"not_picked":["Rampage","Anger"],"picked":"Searing Blow","floor":1.0},{"not_picked":["Perfected Strike","Uppercut"],"picked":"Shockwave","floor":3.0},{"not_picked":["Shrug It Off","Hemokinesis","Spot Weakness"],"picked":"SKIP","floor":4.0},{"not_picked":["Clothesline","Pummel","Metallicize+1"],"picked":"SKIP","floor":5.0},{"not_picked":["Flex","Thunderclap"],"picked":"Armaments","floor":7.0},{"not_picked":["Rage","True Grit"],"picked":"Battle Trance","floor":8.0},{"not_picked":["Thunderclap","Iron Wave","Burning Pact"],"picked":"Singing Bowl","floor":13.0},{"not_picked":["True Grit","Heavy Blade","Power Through"],"picked":"Singing Bowl","floor":14.0},{"not_picked":["Exhume","Limit Break"],"picked":"Corruption+1","floor":16.0},{"not_picked":["Clash","Cleave","Rampage"],"picked":"Singing Bowl","floor":18.0},{"not_picked":["Bloodletting","Entrench","True Grit"],"picked":"Singing Bowl","floor":19.0},{"not_picked":["Headbutt","Entrench","Blood for Blood"],"picked":"Singing Bowl","floor":21.0},{"not_picked":["Clothesline","Thunderclap","Flame Barrier"],"picked":"Singing Bowl","floor":24.0},{"not_picked":["Pommel Strike","Thunderclap","Heavy Blade+1"],"picked":"Singing Bowl","floor":30.0},{"not_picked":["Seeing Red","True Grit"],"picked":"Battle Trance+1","floor":31.0},{"not_picked":["Feed","Limit Break"],"picked":"Double Tap","floor":33.0},{"not_picked":["Havoc","Iron Wave+1","Hemokinesis+1"],"picked":"Singing Bowl","floor":35.0},{"not_picked":["Good Instincts","Magnetism+1"],"picked":"Purity","floor":36.0},{"not_picked":["Blind","Discovery","Trip"],"picked":"Singing Bowl","floor":36.0},{"not_picked":["Enlightenment","Impatience","Trip"],"picked":"Singing Bowl","floor":36.0},{"not_picked":["Infernal Blade","Headbutt","Iron Wave"],"picked":"Singing Bowl","floor":37.0},{"not_picked":["Headbutt","Rupture+1","Second Wind"],"picked":"Singing Bowl","floor":41.0},{"not_picked":["Uppercut","Sever Soul","Dropkick"],"picked":"Singing Bowl","floor":42.0},{"not_picked":["Iron Wave","Intimidate","Uppercut+1"],"picked":"Singing Bowl","floor":44.0},{"not_picked":["Havoc","Clash+1"],"picked":"Sentinel","floor":46.0},{"not_picked":["Iron Wave","Entrench+1","Cleave"],"picked":"Singing Bowl","floor":46.0},{"not_picked":["Sentinel+1","Evolve+1"],"picked":"Shrug It Off+1","floor":46.0},{"not_picked":["Cleave+1","Inflame+1"],"picked":"Ghostly Armor","floor":46.0},{"not_picked":["Evolve+1","Heavy Blade","Headbutt+1"],"picked":"Singing Bowl","floor":46.0},{"not_picked":["Thunderclap","Wild Strike","Anger"],"picked":"Singing Bowl","floor":48.0}],"player_experience":512073,"relics_obtained":[{"floor":8.0,"key":"Meat on the Bone"},{"floor":9.0,"key":"Singing Bowl"},{"floor":24.0,"key":"White Beast Statue"},{"floor":26.0,"key":"War Paint"},{"floor":28.0,"key":"Necronomicon"},{"floor":38.0,"key":"Pen Nib"},{"floor":42.0,"key":"HornCleat"},{"floor":42.0,"key":"Blue Candle"},{"floor":43.0,"key":"Anchor"},{"floor":44.0,"key":"Art of War"},{"floor":44.0,"key":"Sundial"}],"event_choices":[{"damage_healed":0.0,"max_hp_gain":0.0,"max_hp_loss":0.0,"gold_gain":0.0,"event_name":"Lab","player_choice":"Got Potions","floor":11.0,"gold_loss":0.0,"damage_taken":0.0},{"damage_healed":0.0,"max_hp_gain":0.0,"max_hp_loss":0.0,"gold_gain":0.0,"event_name":"Ghosts","player_choice":"Ignored","floor":25.0,"gold_loss":0.0,"damage_taken":0.0},{"damage_healed":0.0,"max_hp_gain":0.0,"max_hp_loss":0.0,"gold_gain":0.0,"event_name":"Cursed Tome","player_choice":"Obtained Book","floor":28.0,"gold_loss":0.0,"damage_taken":21.0},{"damage_healed":0.0,"max_hp_gain":0.0,"max_hp_loss":0.0,"gold_gain":0.0,"event_name":"SensoryStone","player_choice":"Memory 3","floor":36.0,"gold_loss":0.0,"damage_taken":10.0},{"damage_healed":0.0,"max_hp_gain":0.0,"max_hp_loss":0.0,"gold_gain":0.0,"event_name":"Upgrade Shrine","player_choice":"Upgraded","floor":39.0,"gold_loss":0.0,"damage_taken":0.0,"cards_upgraded":["Searing Blow"]}],"is_beta":false,"boss_relics":[{"not_picked":["Busted Crown","Runic Cube"],"picked":"Velvet Choker"},{"not_picked":["Tiny House","Calling Bell"],"picked":"Black Star"}],"items_purged_floors":[2,20,46],"is_endless":false,"potions_floor_spawned":[1,5,8,13,14,24,30,31,33,35,37,41,42,44,48],"ascension_level":20}}