{"host":"gkmfgzxy0jvnl2zt","time":1610587309,"event":{"mods":["AchievementEnabler","Act Like it!","Aspiration","BaseMod","Better Note","BetterRewards","Card Forge","Colored Map","Colored Powertips","Conspire","Elementarium","Energized Spire","Infinite Spire","Ironclad Rager","Mimic Mod","Minty Spire (QoL Compilation)","Permanent Neow","Replay The Spire","Shop Mod","StSLib","The Factory","The Jungle","Trackpad","vexMod"],"gold_per_floor":[99999,100009,99008,99021,99041,99073,98273,98273,98273,98286,98312,98329,98304,98304,98304,98401,98501,98513,98513,98530,98490,97632,97632,97667,97667,97704,97732,97732,97102,97119,97119,97119,97215,97215,97228,97260,97331,96985,97004,97034,97049,97061,97098,97130,97145,97157,97175,97175,97175,97175,97175,97175,96999,97041,97053],"floor_reached":56,"language":"ENG","playtime":4460,"items_purged":["Strike_G+1","Strike_G+1"],"score":1503,"play_id":"452a990b-46c3-4262-9df4-2a63119649af","local_time":"20210113202149","is_ascension_mode":true,"campfire_choices":[{"floor":15,"key":"RECALL"},{"floor":23,"key":"REST"},{"floor":25,"key":"REST"}],"circlet_count":0,"master_deck":["Defend_G+1","Defend_G+1","Defend_G+1","Survivor+1","Neutralize+1","Replay:BasicMightCard+1","Expertise+1","Dagger Throw+1","Midas Touch+1","Discovery+1","ReplayTheSpireMod:Scrap Shanks+1","Poisoned Stab+1","Outmaneuver+1","After Image+1","Bane+1","Mayhem+1","Deflect+1","Noxious Fumes+1","Slice+1","Caltrops+1","infinitespire:Neurotoxin+1","Deflect+1","Replay:Fractal Strike+1","Fluid Movement+1","Poisoned Strike+1","Enlightenment+1","Blade Dance+1","conspire:PoisonWeapons+1","Deadly Poison+1","Slice+1","conspire:DoublingDagger+1","Riddle With Holes+1","Mayhem+1","Flechettes+1","conspire:PoisonWeapons+1","Corpse Explosion+1","Catalyst+1","Blade Dance+1","Noxious Fumes+1","Bane+1","ReplayTheSpireMod:Tripwire+1","Replay:Poison Smokescreen+1","Dodge and Roll+1","Riddle With Holes+1","Outmaneuver+1","Draining Mist+1","Burst+1","Blade Dance+1","ReplayTheSpireMod:Black Plague+1","Doppelganger+1","ReplayTheSpireMod:Black Plague+1","conspire:PoisonWeapons+1"],"relics":["aspiration:MysteriousAuxiliaryCore","DollysMirror","Replay:Frozen Program","Old Coin","MealTicket","Replay:Multitool","Golden Egg","Gambling Chip","Replay:Bottled Steam","Vampiric Spirits","trackpad:WritersBlock","Ring of the Snake","PureWater","Replay:M_SmolderingBlood","Runic Cube","Garlic","trackpad:GuardianSpirit","vexMod:GhostlyGear","Pet Ghost","aspiration:BabyByrd","infinitespire:MutagenicDexterity","aspiration:VileToxins","Paper Crane","Juzu Bracelet","Calipers","Mark of Pain","Emotion Chip","energizedSpire:UnstableMolecules","vexMod:MysteryBossChallenge","Replay:Blank Codex","aspiration:TomeofQuesting","trackpad:Trackpad","aspiration:FaultyCoupler","MawBank","Sizzling Blood","infinitespire:Chaos","energizedSpire:DecayingSkull","Replay:Wax Seal"],"acts_visited":["Exordium","TheCity","TheCity","TheEnding"],"potions_floor_usage":[6,11,11,11,11,11,11,12,12,12,12,12,26,26,26,26,30,30,30,33,33,33,33,33,36,36,36,36,40,40,40,40,40,45,45,45,45,47,47,47,47,50,50,50,50,54,54,54,54,54,55],"damage_taken":[{"damage":0,"enemies":"Small Slimes","floor":1,"turns":2},{"damage":0,"enemies":"2 Louse","floor":2,"turns":3},{"damage":0,"enemies":"Cultist","floor":4,"turns":2},{"damage":8,"enemies":"Red Slaver","floor":5,"turns":3},{"damage":15,"enemies":"Gremlin Nob","floor":6,"turns":3},{"damage":0,"enemies":"Exordium Wildlife","floor":10,"turns":4},{"damage":13,"enemies":"3 Sentries","floor":11,"turns":3},{"damage":0,"enemies":"Looter","floor":12,"turns":2},{"damage":10,"enemies":"Hexaghost","floor":16,"turns":6},{"damage":0,"enemies":"Chosen","floor":18,"turns":3},{"damage":0,"enemies":"2 Thieves","floor":20,"turns":3},{"damage":12,"enemies":"Slavers","floor":24,"turns":3},{"damage":0,"enemies":"Centurion and Healer","floor":26,"turns":4},{"damage":22,"enemies":"Book of Stabbing","floor":27,"turns":4},{"damage":15,"enemies":"Centurion and Healer","floor":30,"turns":5},{"damage":4,"enemies":"Automaton","floor":33,"turns":3},{"damage":0,"enemies":"theFactory:BigBot","floor":35,"turns":2},{"damage":17,"enemies":"conspire:MimicChest","floor":36,"turns":5},{"damage":0,"enemies":"theFactory:4_Mini-Bots","floor":39,"turns":4},{"damage":0,"enemies":"Nightmare","floor":40,"turns":2},{"damage":30,"enemies":"theFactory:Personnel_and_Mini-Bots","floor":41,"turns":5},{"damage":0,"enemies":"theFactory:Sentries_and_Big_Bot","floor":42,"turns":2},{"damage":0,"enemies":"theFactory:Sentry and Guards","floor":43,"turns":7},{"damage":0,"enemies":"theFactory:Sentry and Guards","floor":45,"turns":3},{"damage":16,"enemies":"theFactory:6_Mini-Bots","floor":46,"turns":3},{"damage":10,"enemies":"theFactory:ShrapnelTosser","floor":47,"turns":6},{"damage":13,"enemies":"theFactory:Experiment01","floor":50,"turns":7},{"damage":0,"enemies":"Shield and Spear","floor":54,"turns":4},{"damage":20,"enemies":"The Heart","floor":55,"turns":6}],"seed_played":"5469293533015935391","potions_obtained":[{"floor":4,"key":"Poison Potion"},{"floor":10,"key":"EntropicBrew"},{"floor":11,"key":"EntropicBrew"},{"floor":20,"key":"EntropicBrew"},{"floor":21,"key":"Milkshake"},{"floor":24,"key":"EntropicBrew"},{"floor":31,"key":"EntropicBrew"},{"floor":31,"key":"SkillPotion"},{"floor":35,"key":"EntropicBrew"},{"floor":36,"key":"EntropicBrew"},{"floor":41,"key":"EntropicBrew"},{"floor":46,"key":"EntropicBrew"},{"floor":47,"key":"EntropicBrew"},{"floor":54,"key":"Energy Potion"}],"is_trial":false,"path_per_floor":["M","M","$","M","M","E","$","?","T","M","E","M","?","?","R_BF","B",null,"M","AVR","M","?","$","R","E","R","MIM","E","?","$","M","?","R_BF","B",null,"M","?","T","$","M","NM","M","M","MIM","?","M","M","M","AVR","R","B",null,"R","$","E","B",null],"character_chosen":"THE_SILENT","items_purchased":["Vampiric Spirits","Bronze Scales","PowerPotion","Midas Touch","Discovery","ReplayTheSpireMod:Scrap Shanks","Milkshake","Dream Catcher","Blood Vial","vexMod:Cooldron","Bane","Mayhem","Deflect","Whetstone","vexMod:TimeEaterHat","Poisoned Strike","Enlightenment","Blade Dance","Replay:Bottled Steam","Happy Flower","infinitespire:Lychee Nut","Mayhem","Membership Card","ReplayTheSpireMod:TigerMarble","Oddly Smooth Stone","Noxious Fumes","trackpad:RapidFire","infinitespire:WardingShard","EntropicBrew","EntropicBrew","EntropicBrew","infinitespire:Chaos"],"campfire_rested":2,"item_purchase_floors":[3,3,3,3,3,3,3,7,7,7,7,7,7,22,22,22,22,22,22,29,29,29,38,38,38,38,53,53,53,53,53,53],"current_hp_per_floor":[70,70,70,70,62,55,55,55,55,57,52,70,70,70,70,60,70,70,70,70,70,70,70,58,70,73,54,54,57,48,48,51,66,69,72,69,69,72,81,84,58,90,93,96,99,87,96,99,102,102,111,114,118,118,103],"gold":97065,"neow_bonus":"RANDOM_COLORLESS","is_daily":false,"chose_seed":false,"campfire_upgraded":0,"win_rate":0.0,"timestamp":1610587309,"path_taken":["M","M","$","M","M","E","$","?","T","M","E","M","?","?","R_BF","BOSS","M","AVR","M","?","$","R","E","R","MIM","E","?","$","?","?","R_BF","BOSS","M","?","?","$","M","NM","?","M","MIM","?","M","M","M","AVR","R","BOSS","R","$","E","BOSS"],"items_purchased_type":["Relic","Relic","Potion","Card","Card","Card","Potion","Relic","Relic","Relic","Card","Card","Card","Relic","Relic","Card","Card","Card","Relic","Relic","Relic","Card","Relic","Relic","Relic","Card","Relic","Relic","Potion","Potion","Potion","Relic"],"build_version":"2020-12-22","purchased_purges":2,"victory":true,"max_hp_per_floor":[70,70,70,70,70,70,70,70,70,70,70,70,70,70,70,70,70,70,70,70,70,70,70,70,70,73,76,76,60,63,63,66,69,69,72,75,75,78,81,84,87,90,93,96,99,102,105,108,111,111,111,114,118,118,118],"card_choices":[{"not_picked":["ReplayTheSpireMod:Uncanny Aura","PanicButton"],"picked":"Replay:BasicMightCard","floor":0},{"not_picked":["Dagger Throw","Backflip"],"picked":"Expertise","floor":1},{"not_picked":["Dagger Spray","Backflip"],"picked":"Dagger Throw","floor":2},{"not_picked":["Prepared","Dagger Throw"],"picked":"Poisoned Stab","floor":4},{"not_picked":["ReplayTheSpireMod:Speed Training","Flying Knee"],"picked":"Outmaneuver","floor":5},{"not_picked":["ReplayTheSpireMod:Speed Training","PiercingWail"],"picked":"After Image","floor":6},{"not_picked":["Acrobatics","Hidden Blade"],"picked":"Noxious Fumes","floor":10},{"not_picked":["Deflect","Quick Slash"],"picked":"Slice","floor":11},{"not_picked":["Calculated Gamble","Outmaneuver"],"picked":"Caltrops","floor":12},{"not_picked":["Wraith Form v2","Poison Darts"],"picked":"infinitespire:Neurotoxin","floor":16},{"not_picked":["ReplayTheSpireMod:The Works","Well Laid Plans+1"],"picked":"Deflect+1","floor":18},{"not_picked":["Bouncing Flask","Distraction"],"picked":"Fluid Movement+1","floor":20},{"not_picked":["Dagger Throw","Deadly Poison+1"],"picked":"conspire:PoisonWeapons","floor":23},{"not_picked":["Leg Sweep","ReplayTheSpireMod:Scrap Shanks"],"picked":"Deadly Poison","floor":24},{"not_picked":["Terror","Leg Sweep"],"picked":"Slice+1","floor":25},{"not_picked":["Prepared","Sucker Punch"],"picked":"conspire:DoublingDagger","floor":26},{"not_picked":["Reflex","Dagger Throw"],"picked":"Riddle With Holes","floor":27},{"not_picked":["Dagger Throw","Deflect"],"picked":"Flechettes","floor":30},{"not_picked":["Atom Bomb","Wraith Form v2"],"picked":"Corpse Explosion","floor":33},{"not_picked":["Slice","Flying Knee+1"],"picked":"Catalyst+1","floor":35},{"not_picked":["Backflip","Crippling Poison+1"],"picked":"Blade Dance+1","floor":36},{"not_picked":["Poisoned Stab","Sucker Punch+1"],"picked":"Bane","floor":39},{"not_picked":["Blade Dance","ReplayTheSpireMod:Scrap Shanks"],"picked":"ReplayTheSpireMod:Tripwire","floor":40},{"not_picked":["Dagger Throw","Dagger Spray"],"picked":"Replay:Poison Smokescreen","floor":41},{"not_picked":["aspiration:Lunge","Poisoned Stab"],"picked":"Dodge and Roll","floor":42},{"not_picked":["Hidden Blade","Dagger Throw"],"picked":"Riddle With Holes+1","floor":43},{"not_picked":["ReplayTheSpireMod:Speed Training+1","Expertise"],"picked":"Outmaneuver","floor":44},{"not_picked":["ReplayTheSpireMod:Exploit Weakness","Acrobatics+1"],"picked":"Draining Mist+1","floor":45},{"not_picked":["Slice+1","All Out Attack+1"],"picked":"Burst","floor":46},{"not_picked":["Acrobatics+1","Prepared"],"picked":"Blade Dance+1","floor":47},{"not_picked":["EmptyFist+1","Well Laid Plans"],"picked":"conspire:PoisonWeapons+1","floor":54}],"player_experience":46710,"relics_obtained":[{"floor":6,"key":"Anchor"},{"floor":9,"key":"aspiration:DSix"},{"floor":11,"key":"Toy Ornithopter"},{"floor":24,"key":"Lantern"},{"floor":26,"key":"Replay:Ringing Soul"},{"floor":27,"key":"conspire:TopHat"},{"floor":36,"key":"aspiration:VileToxins"},{"floor":37,"key":"Paper Crane"},{"floor":40,"key":"Replay:Multitool"},{"floor":54,"key":"Replay:Wax Seal"}],"event_choices":[{"damage_healed":0,"gold_gain":0,"player_choice":"Ignored","damage_taken":0,"max_hp_gain":0,"max_hp_loss":0,"event_name":"Shining Light","floor":8,"gold_loss":0},{"cards_removed":["Defend_G"],"damage_healed":0,"gold_gain":0,"player_choice":"Purged","damage_taken":0,"max_hp_gain":0,"max_hp_loss":0,"event_name":"Purifier","floor":14,"gold_loss":0},{"damage_healed":0,"gold_gain":0,"player_choice":"Bought 3 Potions","damage_taken":0,"max_hp_gain":0,"max_hp_loss":0,"event_name":"The Woman in Blue","floor":21,"gold_loss":0},{"damage_healed":0,"gold_gain":0,"player_choice":"Ignored","damage_taken":0,"max_hp_gain":0,"max_hp_loss":0,"event_name":"Upgrade Shrine","floor":28,"gold_loss":0},{"damage_healed":0,"gold_gain":0,"player_choice":"Got Potions","damage_taken":0,"max_hp_gain":0,"max_hp_loss":0,"event_name":"Lab","floor":31,"gold_loss":0},{"damage_healed":0,"gold_gain":0,"cards_transformed":["Strike_G"],"player_choice":"Transformed","damage_taken":0,"max_hp_gain":0,"max_hp_loss":0,"event_name":"Transmorgrifier","floor":32,"gold_loss":0,"cards_obtained":["conspire:PoisonWeapons"]}],"is_beta":false,"boss_relics":[{"not_picked":["energizedSpire:OgreHead","conspire:SeveredTorchhead"],"picked":"Replay:Wanted Poster"},{"not_picked":["vexMod:RockOfEvil","ReplayTheSpireMod:DimensionalGlitch"],"picked":"Replay:Bronze Core"}],"items_purged_floors":[3,7],"is_endless":false,"potions_floor_spawned":[4,5,10,11,20,24,35,36,41,46,47,54],"ascension_level":1}}