{"host":"wutzay93uet9pf9y","time":1610583989,"event":{"mods":["BaseMod","Colored Map","Downfall","Minty Spire (QoL Compilation)","StSLib"],"gold_per_floor":[99,116,116,130,405,420,420,270,288,288,306,336,336,347,363,468,468,468,483,568,579,454,454,454,454,97,107,107,107,125,125,144,244,244,244,263,276,276,276,276,276,302,355,689,715,715,715,715],"floor_reached":46,"language":"ENG","playtime":2753,"items_purged":["Regret"],"score":528,"play_id":"131c8f67-fbb1-4eab-8abf-1a21ad86420b","local_time":"20210113192629","is_ascension_mode":false,"campfire_choices":[{"floor":1.0,"key":"RECALL"},{"data":"Slimebound:CorrosiveSpit","floor":8.0,"key":"SMITH"},{"data":"Slimebound:MegaLick","floor":10.0,"key":"SMITH"},{"data":"Slimebound:OozeBath","floor":18.0,"key":"SMITH"},{"floor":25.0,"key":"REST"},{"data":"Slimebound:Grow","floor":29.0,"key":"SMITH"},{"data":"Slimebound:DouseInSlime","floor":35.0,"key":"SMITH"},{"floor":40.0,"key":"REST"}],"circlet_count":0,"master_deck":["Slimebound:Tackle","Slimebound:Defend_Slimebound","Slimebound:Defend_Slimebound","Slimebound:Defend_Slimebound","Slimebound:Defend_Slimebound","Slimebound:Split","Slimebound:CorrosiveSpit+1","Slimebound:HauntingLick","Slimebound:MegaLick+1","Slimebound:TongueLash","Slimebound:SpikyOuterGoop","Slimebound:Grow+1","Pain","Slimebound:LeechingTouch","Slimebound:Overexert","Slimebound:OozeBath+1","Slimebound:Nibble+1","Slimebound:Equalize","Slimebound:RejuvenatingLick","Slimebound:ViciousTackle","Slimebound:LeechEnergy","Slimebound:GoopSpray","Slimebound:Tackle+1","Slimebound:Tackle+1","Slimebound:Tackle+1","Slimebound:LeechEnergy","Slimebound:ComboTackle+1","Slimebound:DouseInSlime+1","Slimebound:SamplingLick","Slimebound:SpikyOuterGoop+1"],"relics":["Slimebound:AbsorbEndCombat","Ornamental Fan","downfall:HeartBlessingRed","downfall:HeartBlessingBlue","Tiny Chest","WarpedTongs","Philosopher\u0027s Stone","Kunai","Lizard Tail","Eternal Feather","Molten Egg 2","Black Star","Slimebound:MaxSlimesRelic","White Beast Statue","Mercury Hourglass","Incense Burner","Sundial","Old Coin","Blood Vial"],"acts_visited":["Exordium","TheCity","TheBeyond"],"potions_floor_usage":[46],"damage_taken":[{"damage":11.0,"enemies":"Jaw Worm","floor":2.0,"turns":4.0},{"damage":12.0,"enemies":"Small Slimes","floor":4.0,"turns":3.0},{"damage":13.0,"enemies":"Cultist","floor":6.0,"turns":3.0},{"damage":17.0,"enemies":"3 Louse","floor":9.0,"turns":2.0},{"damage":25.0,"enemies":"Gremlin Gang","floor":11.0,"turns":4.0},{"damage":30.0,"enemies":"Lagavulin","floor":12.0,"turns":5.0},{"damage":15.0,"enemies":"2 Fungi Beasts","floor":14.0,"turns":3.0},{"damage":4.0,"enemies":"Exordium Wildlife","floor":15.0,"turns":2.0},{"damage":27.0,"enemies":"downfall:Watcher","floor":16.0,"turns":7.0},{"damage":11.0,"enemies":"Spheric Guardian","floor":19.0,"turns":3.0},{"damage":35.0,"enemies":"Chosen","floor":21.0,"turns":4.0},{"damage":9.0,"enemies":"downfall:FleeingMerchant","floor":22.0,"turns":4.0},{"damage":20.0,"enemies":"downfall:FleeingMerchant","floor":26.0,"turns":4.0},{"damage":42.0,"enemies":"Snecko","floor":27.0,"turns":4.0},{"damage":20.0,"enemies":"Cultist and Chosen","floor":30.0,"turns":4.0},{"damage":11.0,"enemies":"Sentry and Sphere","floor":32.0,"turns":3.0},{"damage":56.0,"enemies":"downfall:Silent","floor":33.0,"turns":7.0},{"damage":20.0,"enemies":"Orb Walker","floor":36.0,"turns":3.0},{"damage":35.0,"enemies":"3 Darklings","floor":37.0,"turns":4.0},{"damage":62.0,"enemies":"3 Darklings","floor":38.0,"turns":5.0},{"damage":66.0,"enemies":"Giant Head","floor":42.0,"turns":8.0},{"damage":77.0,"enemies":"2 Orb Walkers","floor":43.0,"turns":4.0},{"damage":49.0,"enemies":"Nemesis","floor":44.0,"turns":10.0},{"damage":21,"enemies":"Writhing Mass","floor":46,"turns":1}],"seed_played":"-1271759479604783996","potions_obtained":[{"floor":0.0,"key":"Strength Potion"},{"floor":0.0,"key":"Energy Potion"},{"floor":0.0,"key":"Slimebound:SlimyTonguePotion"},{"floor":12.0,"key":"CultistPotion"},{"floor":14.0,"key":"Fire Potion"},{"floor":16.0,"key":"sneckomod:MuddlingPotion"},{"floor":21.0,"key":"AttackPotion"},{"floor":27.0,"key":"Block Potion"},{"floor":32.0,"key":"hexamod:EctoCoolerPotion"},{"floor":33.0,"key":"SteroidPotion"},{"floor":36.0,"key":"BlessingOfTheForge"},{"floor":37.0,"key":"hexamod:EctoCoolerPotion"},{"floor":43.0,"key":"SkillPotion"},{"floor":44.0,"key":"Slimebound:SlimyTonguePotion"}],"is_trial":false,"path_per_floor":["R","M","?","M","?","M","T","R","M","R","M","E","?","M","M","B",null,"R","M","?","M","$","T","T","R","$","M","?","R","M","T","M","B",null,"R","M","M","?","?","R","T","E","?","E","T","M"],"character_chosen":"SLIMEBOUND","items_purchased":["Slimebound:RejuvenatingLick","Eternal Feather","Slimebound:ViciousTackle","Slimebound:LeechEnergy"],"campfire_rested":2,"item_purchase_floors":[22,26,26,26],"current_hp_per_floor":[60,57,54,48,48,45,45,55,48,48,35,17,17,14,22,15,70,70,65,53,28,37,37,37,58,56,32,32,47,49,49,48,28,70,70,60,39,19,19,55,55,29,27,12,12,0,0,0],"gold":715,"neow_bonus":"THREE_SMALL_POTIONS","is_daily":false,"chose_seed":false,"campfire_upgraded":5,"win_rate":0.0,"timestamp":1610583989,"path_taken":["R","M","?","M","?","M","T","R","?","R","M","E","?","?","M","BOSS","R","M","?","M","$","?","T","R","?","?","?","R","M","?","M","BOSS","R","M","M","?","?","R","T","E","?","E","?","M"],"items_purchased_type":["Card","Relic","Card","Card"],"build_version":"2020-12-22","purchased_purges":1,"victory":false,"max_hp_per_floor":[60,60,60,60,60,60,60,70,70,70,70,70,70,70,70,70,70,70,70,70,70,70,70,70,70,70,70,70,70,70,70,70,70,70,70,70,70,70,70,70,70,70,70,70,70,70,70,70],"card_choices":[{"not_picked":["Slimebound:LeechingTouch","Slimebound:ViciousTackle"],"picked":"Slimebound:HauntingLick","floor":2.0},{"not_picked":["Slimebound:SplitAcid","Slimebound:Chomp"],"picked":"Slimebound:MegaLick","floor":4.0},{"not_picked":["Slimebound:DisruptingSlam","Slimebound:DivideAndConquer"],"picked":"Slimebound:TongueLash","floor":6.0},{"not_picked":["Slimebound:LeechingTouch","Slimebound:SamplingLick"],"picked":"Slimebound:SpikyOuterGoop","floor":9.0},{"not_picked":["Slimebound:DivideAndConquer","Slimebound:Schlurp"],"picked":"Slimebound:Equalize","floor":11.0},{"not_picked":["Slimebound:SplitAcid","Slimebound:RollThrough"],"picked":"Slimebound:Grow","floor":12.0},{"not_picked":["Slimebound:Nibble","Slimebound:SamplingLick"],"picked":"Slimebound:LeechingTouch","floor":14.0},{"not_picked":["Slimebound:SplitMire","Slimebound:SlimeBarrage"],"picked":"Slimebound:Overexert","floor":15.0},{"not_picked":["Slimebound:MassFeed","Slimebound:LeechLife"],"picked":"Slimebound:OozeBath","floor":16.0},{"not_picked":["Slimebound:PressTheAttack","Slimebound:ForwardTackle"],"picked":"Slimebound:Nibble+1","floor":19.0},{"not_picked":["Slimebound:ComboTackle","Slimebound:GrowthPunch","Slimebound:DivideAndConquer"],"picked":"SKIP","floor":21.0},{"not_picked":["Slimebound:Replication+1","Slimebound:ItLooksTasty"],"picked":"Slimebound:Equalize","floor":22.0},{"not_picked":["Slimebound:DivideAndConquer","Slimebound:RollThrough","Slimebound:LeadByExample"],"picked":"SKIP","floor":26.0},{"not_picked":["Slimebound:AcidTongue","Slimebound:Repurpose"],"picked":"Slimebound:GoopSpray","floor":27.0},{"not_picked":["Slimebound:ViciousTackle","Slimebound:DivideAndConquer+1"],"picked":"Slimebound:LeechEnergy","floor":30.0},{"not_picked":["Slimebound:LeechEnergy+1","Slimebound:BestDefense"],"picked":"Slimebound:ComboTackle+1","floor":32.0},{"not_picked":["Slimebound:RallyTheTroops+1","Slimebound:OneTwoCombo+1"],"picked":"Slimebound:DouseInSlime","floor":33.0},{"not_picked":["Slimebound:BestDefense+1","Slimebound:LeechEnergy+1","Slimebound:SlimeSpikes+1"],"picked":"SKIP","floor":36.0},{"not_picked":["Slimebound:FormOfPuddle","Slimebound:Schlurp+1","Slimebound:ComboTackle+1"],"picked":"SKIP","floor":37.0},{"not_picked":["Slimebound:SplitLeeching","Slimebound:ComboTackle+1"],"picked":"Slimebound:SamplingLick","floor":38.0},{"not_picked":["Slimebound:Dissolve","Slimebound:TongueLash+1","Slimebound:CheckThePlaybook"],"picked":"SKIP","floor":42.0},{"not_picked":["Slimebound:Grow","Slimebound:GrowthPunch+1"],"picked":"Slimebound:SpikyOuterGoop+1","floor":44.0}],"player_experience":286631,"relics_obtained":[{"floor":12.0,"key":"Tiny Chest"},{"floor":23.0,"key":"Kunai"},{"floor":24.0,"key":"Lizard Tail"},{"floor":31.0,"key":"Molten Egg 2"},{"floor":41.0,"key":"Slimebound:MaxSlimesRelic"},{"floor":42.0,"key":"White Beast Statue"},{"floor":42.0,"key":"Mercury Hourglass"},{"floor":43.0,"key":"Incense Burner"},{"floor":44.0,"key":"Sundial"},{"floor":44.0,"key":"Old Coin"},{"floor":45.0,"key":"Blood Vial"}],"event_choices":[{"damage_healed":0.0,"max_hp_gain":0.0,"max_hp_loss":0.0,"gold_gain":0.0,"event_name":"Scrap Ooze","player_choice":"Success","floor":3.0,"gold_loss":0.0,"damage_taken":3.0,"relics_obtained":["Ornamental Fan"]},{"damage_healed":0.0,"max_hp_gain":0.0,"max_hp_loss":0.0,"gold_gain":0.0,"event_name":"Accursed Blacksmith","player_choice":"Rummage","floor":13.0,"gold_loss":0.0,"damage_taken":0.0,"relics_obtained":["WarpedTongs"],"cards_obtained":["Pain"]},{"cards_removed":["Slimebound:Equalize"],"damage_healed":0.0,"max_hp_gain":0.0,"max_hp_loss":0.0,"gold_gain":0.0,"event_name":"Falling","player_choice":"Removed Attack","floor":39.0,"gold_loss":0.0,"damage_taken":0.0},{"damage_healed":0.0,"max_hp_gain":0.0,"max_hp_loss":0.0,"gold_gain":0.0,"event_name":"Mysterious Sphere","player_choice":"Fight","floor":43.0,"gold_loss":0.0,"damage_taken":0.0}],"is_beta":false,"boss_relics":[{"not_picked":["Pandora\u0027s Box","Velvet Choker"],"picked":"Philosopher\u0027s Stone"},{"not_picked":["Tiny House","Fusion Hammer"],"picked":"Black Star"}],"items_purged_floors":[22],"is_endless":false,"potions_floor_spawned":[9,11,12,14,16,21,27,32,33,36,37,43,44],"killed_by":"Writhing Mass","ascension_level":0}}