{"host":"v54ek091sdz7ha6h","time":1610656095,"event":{"mods":["BaseMod","Better Vampires","Colored Map","Colored Powertips","DeckTracker","Highlight Path","KOR Keyword Fix","Minty Spire (QoL Compilation)","Rare Cards Sparkle","StSLib","SuperFastMode","everything is the same but u backflip on backflip","slay the spire mod where everything is the same but ironclad has a cowboy hat"],"gold_per_floor":[115,128,145,163,180,180,197,197,266,266,266,266,292,310,310,310,310],"floor_reached":16,"language":"KOR","playtime":282,"items_purged":[],"score":208,"play_id":"1cb2aabd-3db4-4c37-bb0a-a02ae032791c","local_time":"20210115052815","is_ascension_mode":true,"campfire_choices":[{"data":"True Grit","floor":6,"key":"SMITH"},{"data":"Fiend Fire","floor":8,"key":"SMITH"},{"data":"Clash","floor":15,"key":"SMITH"}],"circlet_count":0,"master_deck":["AscendersBane","Strike_R","Strike_R","Strike_R","Strike_R","Strike_R","Defend_R","Defend_R","Defend_R","Defend_R","Bash","Fiend Fire+1","Sentinel","Clash+1","Clash+1","Feel No Pain","True Grit+1","Pommel Strike","Disarm"],"relics":["Burning Blood","Frozen Egg 2","Gremlin Horn"],"acts_visited":["Exordium"],"potions_floor_usage":[13,13],"damage_taken":[{"damage":1.0,"enemies":"Small Slimes","floor":1.0,"turns":3.0},{"damage":4.0,"enemies":"Jaw Worm","floor":2.0,"turns":5.0},{"damage":0.0,"enemies":"Cultist","floor":3.0,"turns":3.0},{"damage":33.0,"enemies":"Large Slime","floor":4.0,"turns":6.0},{"damage":24.0,"enemies":"Lots of Slimes","floor":5.0,"turns":6.0},{"damage":3,"enemies":"2 Fungi Beasts","floor":7,"turns":4},{"damage":8,"enemies":"Gremlin Nob","floor":13,"turns":3},{"damage":20,"enemies":"Looter","floor":14,"turns":4},{"damage":27,"enemies":"Hexaghost","floor":16,"turns":8}],"seed_played":"-1103889392290024900","potions_obtained":[{"floor":1.0,"key":"Strength Potion"},{"floor":5,"key":"Regen Potion"},{"floor":14,"key":"SteroidPotion"}],"is_trial":false,"path_per_floor":["M","M","M","M","M","R","M","R","T","?","?","T","E","M","R","B"],"character_chosen":"IRONCLAD","items_purchased":[],"campfire_rested":0,"item_purchase_floors":[],"current_hp_per_floor":[73,75,75,48,30,30,33,33,33,33,33,33,40,26,26,0,0],"gold":310,"neow_bonus":"ONE_RANDOM_RARE_CARD","is_daily":false,"chose_seed":false,"campfire_upgraded":3,"win_rate":0.0,"timestamp":1610656095,"path_taken":["M","M","M","M","M","R","M","R","T","?","?","?","E","M","R","BOSS"],"items_purchased_type":[],"build_version":"2020-12-22","purchased_purges":0,"victory":false,"max_hp_per_floor":[75,75,75,75,75,75,75,75,75,75,75,75,75,75,75,75,75],"card_choices":[{"not_picked":["Sever Soul","Disarm"],"picked":"Sentinel","floor":1.0},{"not_picked":["Dropkick","Warcry"],"picked":"Clash","floor":2.0},{"not_picked":["Fire Breathing","Blood for Blood"],"picked":"Clash","floor":3.0},{"not_picked":["Clothesline","Whirlwind"],"picked":"Feel No Pain","floor":4.0},{"not_picked":["Body Slam","Perfected Strike"],"picked":"True Grit","floor":5},{"not_picked":["Twin Strike","Dual Wield","Ghostly Armor"],"picked":"SKIP","floor":7},{"not_picked":["Rupture+1","Wild Strike"],"picked":"Pommel Strike","floor":13},{"not_picked":["Intimidate","Sentinel"],"picked":"Disarm","floor":14}],"player_experience":1422298,"relics_obtained":[{"floor":12,"key":"Frozen Egg 2"},{"floor":13,"key":"Gremlin Horn"}],"event_choices":[{"damage_healed":0,"gold_gain":0,"player_choice":"Grow","damage_taken":0,"max_hp_gain":0,"max_hp_loss":0,"event_name":"Living Wall","floor":10,"gold_loss":0,"cards_upgraded":["Clash"]},{"damage_healed":0,"gold_gain":0,"player_choice":"Ignored","damage_taken":0,"max_hp_gain":0,"max_hp_loss":0,"event_name":"Liars Game","floor":11,"gold_loss":0}],"is_beta":false,"boss_relics":[],"items_purged_floors":[],"is_endless":false,"potions_floor_spawned":[1,5,14],"killed_by":"Hexaghost","ascension_level":20}}