{"host":"usrgk25etjl0nf5i","time":1610589770,"event":{"mods":["2.2 Compatiblity","BaseMod","Downfall","Hubris","Minty Spire (QoL Compilation)","StSLib","SuperFastMode"],"gold_per_floor":[113,188,198,198,198,232,232,262,341,375,389,389,61,75,75,75,75],"floor_reached":16,"language":"ENG","playtime":511,"items_purged":["Regret"],"score":215,"play_id":"3665d59c-6579-4196-8a85-03cb17749589","local_time":"20210113180250","is_ascension_mode":true,"campfire_choices":[{"data":"Sunder","floor":7,"key":"SMITH"},{"floor":15,"key":"REST"}],"circlet_count":0,"master_deck":["AscendersBane","Strike_B","Strike_B","Strike_B","Strike_B","Defend_B","Defend_B","Defend_B","Defend_B","Zap","Dualcast","Sunder+1","Auto Shields","BootSequence","Loop","Leap","Self Repair"],"relics":["Cracked Core","hubris:Metronome","hubris:RGBLights","Guardian:PocketSentry","Tiny Chest","Potion Belt","Cables","Vajra","MealTicket","Mummified Hand"],"acts_visited":["Exordium"],"potions_floor_usage":[8,10,16],"damage_taken":[{"damage":1,"enemies":"Cultist","floor":1,"turns":3},{"damage":5,"enemies":"Small Slimes","floor":3,"turns":2},{"damage":30,"enemies":"Lagavulin","floor":6,"turns":6},{"damage":0,"enemies":"Gremlin Nob","floor":8,"turns":2},{"damage":14,"enemies":"Lagavulin","floor":10,"turns":5},{"damage":1,"enemies":"2 Louse","floor":11,"turns":2},{"damage":1,"enemies":"Looter","floor":14,"turns":3},{"damage":48,"enemies":"Hexaghost","floor":16,"turns":10}],"seed_played":"-331943696293116151","potions_obtained":[{"floor":6,"key":"PowerPotion"},{"floor":8,"key":"BlessingOfTheForge"},{"floor":10,"key":"DuplicationPotion"}],"is_trial":false,"path_per_floor":["M","T","M","?","?","E","R","E","T","E","M","$","$","M","R","B"],"character_chosen":"DEFECT","items_purchased":["MealTicket","Mummified Hand"],"campfire_rested":1,"item_purchase_floors":[12,13],"current_hp_per_floor":[74,74,69,62,62,32,32,32,32,18,17,7,22,21,45,0,0],"gold":75,"neow_bonus":"TEN_PERCENT_HP_BONUS","is_daily":false,"chose_seed":false,"campfire_upgraded":1,"win_rate":0.0,"timestamp":1610589770,"path_taken":["M","?","M","?","?","E","R","E","T","E","M","?","$","?","R","BOSS"],"items_purchased_type":["Relic","Relic"],"build_version":"2020-12-22","purchased_purges":1,"victory":false,"max_hp_per_floor":[82,82,82,82,82,82,82,82,82,82,82,82,82,82,82,82,82],"card_choices":[{"not_picked":["Beam Cell","Glacier"],"picked":"Sunder","floor":1},{"not_picked":["Redo","Steam"],"picked":"Auto Shields","floor":3},{"not_picked":["Cold Snap","Beam Cell"],"picked":"BootSequence","floor":6},{"not_picked":["Rebound","Reinforced Body"],"picked":"Loop","floor":8},{"not_picked":["Melter","Redo","Doom and Gloom"],"picked":"SKIP","floor":10},{"not_picked":["Skim","Rebound"],"picked":"Leap","floor":11},{"not_picked":["Streamline","Electrodynamics"],"picked":"Self Repair","floor":14}],"player_experience":639739,"relics_obtained":[{"floor":2,"key":"hubris:Metronome"},{"floor":6,"key":"Tiny Chest"},{"floor":8,"key":"Potion Belt"},{"floor":9,"key":"Cables"},{"floor":10,"key":"Vajra"}],"event_choices":[{"damage_healed":0,"gold_gain":0,"player_choice":"Success","damage_taken":7,"relics_obtained":["hubris:RGBLights"],"max_hp_gain":0,"max_hp_loss":0,"event_name":"Scrap Ooze","floor":4,"gold_loss":0},{"damage_healed":0,"gold_gain":0,"player_choice":"Box","damage_taken":0,"relics_obtained":["Guardian:PocketSentry"],"max_hp_gain":0,"max_hp_loss":0,"event_name":"Big Fish","floor":5,"gold_loss":0,"cards_obtained":["Regret"]}],"is_beta":false,"boss_relics":[],"items_purged_floors":[13],"is_endless":false,"potions_floor_spawned":[6,8,10],"killed_by":"Hexaghost","ascension_level":10}}