{"host":"4cf6pe4l8xfbvuvt","time":1610641854,"event":{"mods":["Act Like it!","Bard","BaseMod","Bestiary","Better Third Choice","BetterRewards","Block Reminder","Colored Map","Colored Powertips","Glutton Mod","GungeonMod","Hermit","Highlight Path","Marisa????????","Minty Spire (QoL Compilation)","Permanent Neow","Quick Restart","Random Character Button","Relic Stats","Remilia??????","Robot Space Explorer","StSLib","The Bug Knight","The Cursed","The Forsaken","The Marked","The Poker Player","The Runesmith","TheBandit"],"gold_per_floor":[114,126,138,155,155,183,183,197,197,230,28,28,41,52,52,52,52],"floor_reached":16,"language":"ENG","playtime":2223,"items_purged":[],"score":114,"play_id":"facb8dbd-a6c8-43be-a69a-e031c7866a67","local_time":"20210114163054","is_ascension_mode":false,"campfire_choices":[{"floor":7,"key":"REST"},{"floor":15,"key":"RECALL"}],"circlet_count":0,"master_deck":["bard:Strike","bard:Strike","bard:Strike","bard:Strike","bard:Defend","bard:Defend","bard:Defend","bard:Defend","bard:Riposte","bard:Inspire","bard:Doot","bard:FirstStrike","bard:Parry","bard:BottledSong","bard:Balestra","bard:StudiedStrike","bard:LingeringPerformance","bard:Shifting","bard:ViciousMockery","bard:FeastOnFear","bard:Thunderwave"],"relics":["bard:PitchPipe","bard:BagPipes","Strawberry","DemoMod:DecoyRelic"],"acts_visited":["Exordium"],"potions_floor_usage":[6,6,8,10,14,16,16,16],"damage_taken":[{"damage":7,"enemies":"2 Louse","floor":1,"turns":3},{"damage":0,"enemies":"Small Slimes","floor":2,"turns":3},{"damage":0,"enemies":"Jaw Worm","floor":3,"turns":4},{"damage":5,"enemies":"Looter","floor":4,"turns":3},{"damage":85,"enemies":"Lagavulin","floor":6,"turns":19},{"damage":1,"enemies":"Lots of Slimes","floor":8,"turns":3},{"damage":16,"enemies":"3 Sentries","floor":10,"turns":7},{"damage":0,"enemies":"2 Fungi Beasts","floor":13,"turns":2},{"damage":6,"enemies":"3 Louse","floor":14,"turns":2},{"damage":18,"enemies":"Hexaghost","floor":16,"turns":10}],"seed_played":"-2504695137260233771","potions_obtained":[{"floor":0,"key":"FairyPotion"},{"floor":0,"key":"DemoMod:BlankPotion"},{"floor":0,"key":"FearPotion"},{"floor":6,"key":"BlessingOfTheForge"},{"floor":10,"key":"AttackPotion"},{"floor":13,"key":"GamblersBrew"}],"is_trial":false,"path_per_floor":["M","M","M","M","?","E","R","M","T","E","$","?","M","M","R","B"],"character_chosen":"BARD","items_purchased":["bard:Shifting","bard:ViciousMockery"],"campfire_rested":1,"item_purchase_floors":[11,11],"current_hp_per_floor":[63,63,63,58,63,17,41,40,40,24,24,24,24,18,18,0,0],"gold":52,"neow_bonus":"THREE_SMALL_POTIONS","is_daily":false,"chose_seed":false,"campfire_upgraded":0,"win_rate":0.0,"timestamp":1610641854,"path_taken":["M","M","M","M","?","E","R","M","T","E","$","?","M","M","R","BOSS"],"items_purchased_type":["Card","Card"],"build_version":"2020-12-22","purchased_purges":0,"victory":false,"max_hp_per_floor":[70,70,70,70,75,82,82,82,82,82,82,82,82,82,82,82,82],"relic_stats":{"counters":[10,56],"obtain_stats":[{"bard:BagPipes":0,"bard:PitchPipe":0,"Strawberry":6,"DemoMod:DecoyRelic":10,"DemoMod:GlassGuonStoneRelic":8},{"bard:BagPipes":0,"bard:PitchPipe":0,"Strawberry":5,"DemoMod:DecoyRelic":7,"DemoMod:GlassGuonStoneRelic":6},{"bard:BagPipes":0,"bard:PitchPipe":0,"Strawberry":32,"DemoMod:DecoyRelic":42,"DemoMod:GlassGuonStoneRelic":35}]},"card_choices":[{"not_picked":["bard:CuttingWords","bard:Gamble"],"picked":"bard:Doot","floor":1},{"not_picked":["bard:LingeringEcho","bard:StudiedStrike"],"picked":"bard:FirstStrike","floor":2},{"not_picked":["bard:HarmoniousVoice","bard:BucklerBash"],"picked":"bard:Parry","floor":3},{"not_picked":["bard:SixFourTime","bard:HarmoniousVoice"],"picked":"bard:BottledSong","floor":4},{"not_picked":["bard:Gamble","bard:OffKey"],"picked":"bard:Balestra","floor":6},{"not_picked":["bard:CuttingWords","bard:Sift"],"picked":"bard:StudiedStrike","floor":8},{"not_picked":["bard:CuttingWords","bard:LifeDrain"],"picked":"bard:LingeringPerformance","floor":10},{"not_picked":["bard:BestowCurse","bard:TinyHut"],"picked":"bard:FeastOnFear","floor":13},{"not_picked":["bard:HideousLaughter","bard:SixFourTime"],"picked":"bard:Thunderwave","floor":14}],"player_experience":22601,"relics_obtained":[{"floor":6,"key":"Strawberry"},{"floor":10,"key":"DemoMod:DecoyRelic"}],"event_choices":[{"damage_healed":0,"gold_gain":0,"player_choice":"Donut","damage_taken":0,"max_hp_gain":5,"max_hp_loss":0,"event_name":"Big Fish","floor":5,"gold_loss":0},{"damage_healed":0,"gold_gain":0,"player_choice":"Ignored","damage_taken":0,"max_hp_gain":0,"max_hp_loss":0,"event_name":"Golden Idol","floor":12,"gold_loss":0}],"is_beta":false,"boss_relics":[],"items_purged_floors":[],"is_endless":false,"potions_floor_spawned":[1,6,10,13],"killed_by":"Hexaghost","ascension_level":0}}