{"host":"tnsigirk6wurdark","time":1610661115,"event":{"mods":["BaseMod","Bestiary","Colored Map","Colored Powertips","Curses Come First","DeckTracker","Highlight Path","Minty Spire (QoL Compilation)","Quick Restart","Relic Sorter","StSLib","Synergy Search"],"gold_per_floor":[119,119,119,131,9,34,34,34,34,59,112,112,127,75,75,175,175,189,189,104,15,15,46,57,57,57,82,94,119,151,177,189,296,308,336,348,415,427,454,466,525,567,579,591,653,665,277,290,290,290,290],"floor_reached":50,"language":"ENG","playtime":3449,"items_purged":["Regret","Strike_R"],"score":534,"play_id":"8e5fc6f5-eb6a-489a-ae49-6e77285f07df","local_time":"20210114215155","is_ascension_mode":false,"campfire_choices":[{"data":"Mind Blast","floor":7,"key":"SMITH"},{"floor":12,"key":"REST"},{"data":"Carnage","floor":15,"key":"SMITH"},{"data":"Rampage","floor":25,"key":"SMITH"},{"data":"Carnage","floor":28,"key":"SMITH"},{"data":"Inflame","floor":32,"key":"SMITH"},{"data":"Berserk","floor":40,"key":"SMITH"},{"data":"Uppercut","floor":44,"key":"SMITH"},{"data":"Impervious","floor":49,"key":"SMITH"}],"circlet_count":0,"master_deck":["Strike_R","Strike_R","Strike_R","Strike_R","Defend_R","Defend_R","Defend_R","Bash","Iron Wave","Reaper","Mind Blast+1","Carnage+1","Armaments","Uppercut+1","Blood for Blood","Berserk+1","Burning Pact","Rampage","Carnage+1","Rampage+1","Inflame+1","Cleave","Sword Boomerang+1","Impervious+1","HandOfGreed","Heavy Blade","Madness","Madness","Carnage+1","Uppercut+1"],"relics":["Black Blood","Dream Catcher","HornCleat","CaptainsWheel","Ancient Tea Set","Orichalcum","Strawberry","Lantern","Juzu Bracelet","Snecko Eye","Paper Frog","Nunchaku","Ginger","MawBank","Magic Flower","StrikeDummy","Pocketwatch","Vajra","DollysMirror"],"acts_visited":["Exordium","TheCity","TheBeyond"],"potions_floor_usage":[6,16,23,33,33,37,37,41,45,50],"damage_taken":[{"damage":1,"enemies":"Cultist","floor":1,"turns":4},{"damage":9,"enemies":"Small Slimes","floor":4,"turns":4},{"damage":32,"enemies":"3 Sentries","floor":6,"turns":8},{"damage":6,"enemies":"Jaw Worm","floor":13,"turns":2},{"damage":22,"enemies":"Slime Boss","floor":16,"turns":6},{"damage":25,"enemies":"Shell Parasite","floor":18,"turns":9},{"damage":23,"enemies":"Slavers","floor":23,"turns":4},{"damage":4,"enemies":"Chosen","floor":24,"turns":3},{"damage":2,"enemies":"Centurion and Healer","floor":29,"turns":3},{"damage":0,"enemies":"Snecko","floor":30,"turns":2},{"damage":16,"enemies":"Snake Plant","floor":31,"turns":2},{"damage":69,"enemies":"Automaton","floor":33,"turns":10},{"damage":16,"enemies":"3 Darklings","floor":35,"turns":6},{"damage":13,"enemies":"2 Orb Walkers","floor":37,"turns":5},{"damage":20,"enemies":"3 Shapes","floor":39,"turns":3},{"damage":18,"enemies":"Giant Head","floor":41,"turns":6},{"damage":8,"enemies":"Maw","floor":42,"turns":6},{"damage":0,"enemies":"Mind Bloom Boss Battle","floor":45,"turns":2},{"damage":3,"enemies":"4 Shapes","floor":48,"turns":4},{"damage":111,"enemies":"Awakened One","floor":50,"turns":11}],"seed_played":"6817856720022892645","potions_obtained":[{"floor":4,"key":"PowerPotion"},{"floor":6,"key":"PowerPotion"},{"floor":18,"key":"SteroidPotion"},{"floor":23,"key":"LiquidMemories"},{"floor":33,"key":"ElixirPotion"},{"floor":39,"key":"Block Potion"},{"floor":42,"key":"BlessingOfTheForge"},{"floor":48,"key":"LiquidBronze"}],"is_trial":false,"path_per_floor":["M","?","?","M","$","E","R","?","T","T","T","R","M","$","R","B",null,"M","?","?","$","?","E","M","R","T","T","R","M","M","M","R","B",null,"M","?","?","?","M","R","E","M","T","R","?","?","$","M","R","B"],"character_chosen":"IRONCLAD","items_purchased":["Armaments","SpeedPotion","Rampage","Strength Potion","Vajra","DollysMirror"],"campfire_rested":1,"item_purchase_floors":[5,14,21,21,47,47],"current_hp_per_floor":[88,88,88,85,85,70,70,52,52,52,52,80,84,84,84,68,95,76,76,76,76,76,78,80,80,80,80,80,88,94,84,84,32,95,91,86,93,93,95,95,95,95,95,95,95,83,83,95,95,0,0],"gold":290,"neow_bonus":"TEN_PERCENT_HP_BONUS","is_daily":false,"chose_seed":false,"campfire_upgraded":8,"win_rate":0.0,"timestamp":1610661115,"path_taken":["M","?","?","?","$","E","R","?","T","?","?","R","M","$","R","BOSS","M","?","?","$","?","E","M","R","T","?","R","M","M","M","R","BOSS","M","?","?","?","M","R","E","M","T","R","?","?","$","M","R","BOSS"],"items_purchased_type":["Card","Potion","Card","Potion","Relic","Relic"],"build_version":"2020-12-22","purchased_purges":2,"victory":false,"max_hp_per_floor":[88,88,88,88,88,88,88,95,95,95,95,95,95,95,95,95,95,95,95,95,95,95,95,95,95,95,95,95,95,95,95,95,95,95,95,95,95,95,95,95,95,95,95,95,95,95,95,95,95,95,95],"card_choices":[{"not_picked":["Clothesline","Perfected Strike"],"picked":"Iron Wave","floor":1},{"not_picked":["Iron Wave","Heavy Blade"],"picked":"Carnage","floor":4},{"not_picked":["Dual Wield","Exhume"],"picked":"Uppercut","floor":6},{"not_picked":["Evolve","Ghostly Armor"],"picked":"Blood for Blood","floor":13},{"not_picked":["Feed","Immolate"],"picked":"Berserk","floor":16},{"not_picked":["Sword Boomerang","Sentinel"],"picked":"Burning Pact","floor":18},{"not_picked":["Havoc+1","Body Slam","True Grit"],"picked":"SKIP","floor":23},{"not_picked":["Heavy Blade","Cleave"],"picked":"Rampage","floor":24},{"not_picked":["Perfected Strike","Intimidate"],"picked":"Inflame","floor":29},{"not_picked":["Berserk","Sword Boomerang+1"],"picked":"Cleave","floor":30},{"not_picked":["Havoc+1","Pummel+1"],"picked":"Sword Boomerang+1","floor":31},{"not_picked":["Immolate","Exhume"],"picked":"Impervious","floor":33},{"not_picked":["Wild Strike+1","Shrug It Off","Havoc"],"picked":"SKIP","floor":35},{"not_picked":["Flash of Steel","Thinking Ahead"],"picked":"HandOfGreed","floor":36},{"not_picked":["Clash","Cleave+1"],"picked":"Heavy Blade","floor":39},{"not_picked":["Exhume","Body Slam+1","Second Wind+1"],"picked":"SKIP","floor":41},{"not_picked":["Dual Wield+1","Thunderclap+1","True Grit"],"picked":"SKIP","floor":42},{"not_picked":["Clothesline+1","Cleave"],"picked":"Uppercut+1","floor":48}],"player_experience":767808,"relics_obtained":[{"floor":6,"key":"Orichalcum"},{"floor":9,"key":"HornCleat"},{"floor":10,"key":"Lantern"},{"floor":11,"key":"Juzu Bracelet"},{"floor":23,"key":"CaptainsWheel"},{"floor":26,"key":"Ginger"},{"floor":27,"key":"MawBank"},{"floor":37,"key":"Magic Flower"},{"floor":41,"key":"Dream Catcher"},{"floor":43,"key":"StrikeDummy"},{"floor":45,"key":"Pocketwatch"}],"event_choices":[{"damage_healed":0,"gold_gain":0,"player_choice":"Box","damage_taken":0,"relics_obtained":["Ancient Tea Set"],"max_hp_gain":0,"max_hp_loss":0,"event_name":"Big Fish","floor":2,"gold_loss":0,"cards_obtained":["Regret"]},{"damage_healed":0,"gold_gain":0,"player_choice":"2 cards matched","damage_taken":0,"max_hp_gain":0,"max_hp_loss":0,"event_name":"Match and Keep!","floor":3,"gold_loss":0,"cards_obtained":["Reaper","Mind Blast"]},{"damage_healed":0,"gold_gain":0,"player_choice":"2 cards matched","damage_taken":0,"max_hp_gain":0,"max_hp_loss":0,"event_name":"Match and Keep!","floor":3,"gold_loss":0,"cards_obtained":["Reaper","Mind Blast"]},{"damage_healed":0,"gold_gain":0,"player_choice":"Success","damage_taken":25,"relics_obtained":["Strawberry"],"max_hp_gain":0,"max_hp_loss":0,"event_name":"Scrap Ooze","floor":8,"gold_loss":0},{"damage_healed":0,"gold_gain":0,"player_choice":"Opened","damage_taken":0,"relics_obtained":["Paper Frog"],"max_hp_gain":0,"max_hp_loss":0,"event_name":"The Mausoleum","floor":19,"gold_loss":0},{"damage_healed":0,"gold_gain":0,"player_choice":"Obtained Relic","damage_taken":0,"relics_obtained":["Nunchaku"],"max_hp_gain":0,"max_hp_loss":0,"event_name":"Addict","floor":20,"gold_loss":85},{"damage_healed":0,"gold_gain":0,"player_choice":"Read","damage_taken":0,"max_hp_gain":0,"max_hp_loss":0,"event_name":"The Library","floor":22,"gold_loss":0,"cards_obtained":["Carnage"]},{"damage_healed":0,"gold_gain":0,"player_choice":"Memory 2","damage_taken":5,"max_hp_gain":0,"max_hp_loss":0,"event_name":"SensoryStone","floor":36,"gold_loss":0},{"damage_healed":0,"gold_gain":0,"player_choice":"Fight","damage_taken":0,"max_hp_gain":0,"max_hp_loss":0,"event_name":"Mysterious Sphere","floor":37,"gold_loss":0},{"cards_removed":["Defend_R"],"damage_healed":0,"gold_gain":0,"player_choice":"Removed Skill","damage_taken":0,"max_hp_gain":0,"max_hp_loss":0,"event_name":"Falling","floor":38,"gold_loss":0},{"damage_healed":0,"gold_gain":0,"player_choice":"Fight","damage_taken":0,"max_hp_gain":0,"max_hp_loss":0,"event_name":"MindBloom","floor":45,"gold_loss":0},{"damage_healed":0,"gold_gain":0,"player_choice":"Embrace Madness","damage_taken":12,"max_hp_gain":0,"max_hp_loss":0,"event_name":"Winding Halls","floor":46,"gold_loss":0,"cards_obtained":["Madness","Madness"]}],"is_beta":false,"boss_relics":[{"not_picked":["Coffee Dripper","Fusion Hammer"],"picked":"Snecko Eye"},{"not_picked":["SlaversCollar","Tiny House"],"picked":"Black Blood"}],"items_purged_floors":[5,47],"is_endless":false,"potions_floor_spawned":[4,6,18,23,33,39,42,48],"killed_by":"Awakened One","ascension_level":0}}