{"host":"1cd1aqaox6jesai3","time":1610602831,"event":{"mods":["Act Like it!","Arknights The Spire","Astrologer","Bartender","BaseMod","Colored Powertips","Googly Eyes","Hallownest","Infinite Spire","Mimic Mod","Minty Spire (QoL Compilation)","Replay The Spire","StSLib","The Bladedancer","The Bug Knight","The Construct","The Factory","The Hierophant"],"gold_per_floor":[116,191,191,206,219,219,219],"floor_reached":6,"language":"ENG","playtime":445,"items_purged":[],"score":36,"play_id":"8a29f71b-d688-4375-818e-6e80ae2f5e97","local_time":"20210114004031","is_ascension_mode":false,"campfire_choices":[],"circlet_count":0,"master_deck":["blademaster:Strike","blademaster:Strike","blademaster:Strike","blademaster:Strike","blademaster:Defend","blademaster:Defend","blademaster:Defend","blademaster:Defend","blademaster:RagingBlow","blademaster:HighVoltage","infinitespire:Pacifist","blademaster:ColdBlood","blademaster:Stability","blademaster:LeechingStrike","blademaster:Vortex","blademaster:Overcharge","blademaster:EyeOfTheStorm"],"relics":["blademaster:DancersAmulet","infinitespire:PuzzleCube","Replay:Bottled Snecko"],"acts_visited":["Exordium"],"potions_floor_usage":[],"damage_taken":[{"damage":5,"enemies":"2 Louse","floor":1,"turns":3},{"damage":14,"enemies":"Small Slimes","floor":4,"turns":5},{"damage":10,"enemies":"Cultist","floor":5,"turns":5},{"damage":58,"enemies":"Gremlin Nob","floor":6,"turns":6}],"seed_played":"6176132084087958465","potions_obtained":[{"floor":2,"key":"FairyPotion"}],"is_trial":false,"path_per_floor":["M","?","?","M","M","E"],"character_chosen":"THE_BLADEMASTER","items_purchased":[],"campfire_rested":0,"item_purchase_floors":[],"current_hp_per_floor":[70,52,49,41,31,0,0],"gold":219,"neow_bonus":"THREE_RARE_CARDS","is_daily":false,"chose_seed":false,"campfire_upgraded":0,"win_rate":0.0,"timestamp":1610602831,"path_taken":["M","?","?","M","M","E"],"items_purchased_type":[],"build_version":"2020-12-22","purchased_purges":0,"victory":false,"max_hp_per_floor":[75,75,75,75,75,75,75],"card_choices":[{"not_picked":["blademaster:HighVoltage","blademaster:UnrelentingWind"],"picked":"blademaster:ColdBlood","floor":0},{"not_picked":["blademaster:Bloodbath","blademaster:Blockade"],"picked":"blademaster:Stability","floor":1},{"not_picked":["blademaster:Sharpen","blademaster:AspectOfLightning"],"picked":"blademaster:LeechingStrike","floor":2},{"not_picked":["blademaster:Cut","blademaster:Reversal"],"picked":"blademaster:Vortex","floor":2},{"not_picked":["blademaster:Stability","blademaster:AwakeningDefend"],"picked":"blademaster:Overcharge","floor":4},{"not_picked":["blademaster:Momentum","blademaster:BloodyBlow"],"picked":"blademaster:EyeOfTheStorm","floor":5}],"player_experience":164981,"relics_obtained":[{"floor":2,"key":"infinitespire:PuzzleCube"}],"event_choices":[{"damage_healed":0,"gold_gain":0,"player_choice":"Success","damage_taken":3,"relics_obtained":["Replay:Bottled Snecko"],"max_hp_gain":0,"max_hp_loss":0,"event_name":"Scrap Ooze","floor":3,"gold_loss":0}],"is_beta":false,"boss_relics":[],"items_purged_floors":[],"is_endless":false,"potions_floor_spawned":[],"killed_by":"Gremlin Nob","ascension_level":0}}