{"host":"daa8jqyg4gqfaysm","time":1610649520,"event":{"mods":["BaseMod","Colored Powertips","Minty Spire (QoL Compilation)","StSLib"],"gold_per_floor":[117,131,96,171,321,321,321,355,355,355,374,385,410,422,422,422,422],"floor_reached":16,"language":"ENG","playtime":513,"items_purged":[],"score":220,"play_id":"e9b78580-b25a-4e7f-87be-f8a57010b61f","local_time":"20210115023840","is_ascension_mode":true,"campfire_choices":[{"data":"Multi-Cast","floor":6,"key":"SMITH"},{"floor":10,"key":"REST"},{"data":"Hologram","floor":15,"key":"SMITH"}],"circlet_count":0,"master_deck":["AscendersBane","Strike_B","Strike_B","Strike_B","Strike_B","Defend_B","Defend_B","Defend_B","Defend_B","Zap","Dualcast","Multi-Cast+1","Undo","Melter","Hologram+1","Cold Snap","Ball Lightning","Conserve Battery"],"relics":["Cracked Core","Gambling Chip","InkBottle","Sundial"],"acts_visited":["Exordium"],"potions_floor_usage":[8,16,16],"damage_taken":[{"damage":7,"enemies":"2 Louse","floor":1,"turns":3},{"damage":0,"enemies":"Small Slimes","floor":2,"turns":3},{"damage":36,"enemies":"Gremlin Nob","floor":8,"turns":4},{"damage":1,"enemies":"Cultist","floor":11,"turns":3},{"damage":1,"enemies":"2 Fungi Beasts","floor":12,"turns":2},{"damage":23,"enemies":"3 Sentries","floor":13,"turns":10},{"damage":6,"enemies":"Looter","floor":14,"turns":3},{"damage":9,"enemies":"The Guardian","floor":16,"turns":6}],"seed_played":"-1725160786699302847","potions_obtained":[{"floor":1,"key":"SteroidPotion"},{"floor":12,"key":"LiquidMemories"},{"floor":13,"key":"Swift Potion"}],"is_trial":false,"path_per_floor":["M","M","?","?","?","R","?","E","T","R","M","M","E","M","R","B"],"character_chosen":"DEFECT","items_purchased":[],"campfire_rested":1,"item_purchase_floors":[],"current_hp_per_floor":[57,57,71,60,60,60,60,24,24,45,44,43,20,14,14,5,5],"gold":422,"neow_bonus":"ONE_RANDOM_RARE_CARD","is_daily":false,"chose_seed":false,"campfire_upgraded":2,"win_rate":0.0,"timestamp":1610649520,"path_taken":["M","M","?","?","?","R","?","E","T","R","M","?","E","M","R","BOSS"],"items_purchased_type":[],"build_version":"2020-12-22","purchased_purges":0,"victory":false,"max_hp_per_floor":[71,71,71,71,71,71,71,71,71,71,71,71,71,71,71,71,71],"card_choices":[{"not_picked":["Go for the Eyes","Beam Cell"],"picked":"Undo","floor":1},{"not_picked":["Beam Cell","Static Discharge"],"picked":"Melter","floor":2},{"not_picked":["Storm","Beam Cell"],"picked":"Hologram","floor":8},{"not_picked":["Rebound","Steam"],"picked":"Cold Snap","floor":11},{"not_picked":["Steam","Sweeping Beam"],"picked":"Ball Lightning","floor":12},{"not_picked":["Rebound","Hologram","Hello World"],"picked":"SKIP","floor":13},{"not_picked":["Leap","Redo"],"picked":"Conserve Battery","floor":14}],"player_experience":822829,"relics_obtained":[{"floor":8,"key":"Gambling Chip"},{"floor":9,"key":"InkBottle"},{"floor":13,"key":"Sundial"}],"event_choices":[{"damage_healed":17,"gold_gain":0,"player_choice":"Healed","damage_taken":0,"max_hp_gain":0,"max_hp_loss":0,"event_name":"The Cleric","floor":3,"gold_loss":35},{"damage_healed":0,"gold_gain":75,"player_choice":"Gather Gold","damage_taken":11,"max_hp_gain":0,"max_hp_loss":0,"event_name":"World of Goop","floor":4,"gold_loss":0},{"damage_healed":0,"gold_gain":150,"player_choice":"AGREE","damage_taken":0,"max_hp_gain":0,"max_hp_loss":0,"event_name":"Liars Game","floor":5,"gold_loss":0,"cards_obtained":["Doubt"]},{"cards_removed":["Doubt"],"damage_healed":0,"gold_gain":0,"player_choice":"Purged","damage_taken":0,"max_hp_gain":0,"max_hp_loss":0,"event_name":"Purifier","floor":7,"gold_loss":0}],"is_beta":false,"boss_relics":[],"items_purged_floors":[],"is_endless":false,"potions_floor_spawned":[1,12,13],"killed_by":"The Guardian","ascension_level":20}}