{"host":"zxkjcgzis4pm3za5","time":1610649300,"event":{"mods":["AchievementEnabler","Act Like it!","BaseMod","Colored Map","Colored Powertips","Friendly Minions","GifTheSpireLib","Minty Spire (QoL Compilation)","Quick Restart","RNG Fix","Random Character Button","Relic Sorter","Relic Stats","StSLib"],"gold_per_floor":[218,228,153,153,153,153,179,179,261,289,289,299,316,1,1,75,75,90,103,119,135,153,178,178,209,233,233,259,259,272,272,272,347,347,362,1361,462,462,220,246,246,246,271,271,300,314,328,328,328,328,328,328,99,127,127],"floor_reached":56,"language":"ENG","playtime":2279,"items_purged":["Strike_R","Strike_R","Normality","Normality"],"score":2343,"play_id":"33b8b8fe-6c3f-48e8-bf12-790954515502","local_time":"20210115000500","is_ascension_mode":true,"campfire_choices":[{"data":"Bash","floor":6.0,"key":"SMITH"},{"data":"Sword Boomerang","floor":8.0,"key":"SMITH"},{"floor":11.0,"key":"REST"},{"data":"Flame Barrier","floor":15.0,"key":"SMITH"},{"data":"Limit Break","floor":29.0,"key":"SMITH"},{"data":"Offering","floor":32,"key":"SMITH"},{"floor":41,"key":"RECALL"},{"floor":49,"key":"REST"},{"data":"True Grit","floor":52,"key":"SMITH"}],"circlet_count":0,"master_deck":["AscendersBane","Strike_R","Strike_R","Defend_R+1","Defend_R+1","Defend_R","Defend_R+1","Bash+1","Sword Boomerang+1","Spot Weakness+1","Shrug It Off","Flame Barrier+1","Spot Weakness","Limit Break+1","Shrug It Off","Armaments","Heavy Blade","Offering+1","Disarm","Pain","Shockwave","Clumsy","Burning Pact","Disarm","Corruption","Warcry+1","Exhume+1","Normality","Writhe","True Grit+1","Evolve","Battle Trance+1"],"relics":["Burning Blood","The Courier","Question Card","Blue Candle","Gambling Chip","Cursed Key","Akabeko","WarpedTongs","Juzu Bracelet","Art of War","Paper Frog","MutagenicStrength","Sozu","Ginger","HornCleat","HandDrill","Bag of Preparation","Anchor","Centennial Puzzle","Turnip","Molten Egg 2","Dead Branch","War Paint"],"acts_visited":["TheCity","TheBeyond","TheEnding"],"potions_floor_usage":[34,50,55],"damage_taken":[{"damage":4.0,"enemies":"Small Slimes","floor":1.0,"turns":4.0},{"damage":4.0,"enemies":"2 Louse","floor":2.0,"turns":3.0},{"damage":18.0,"enemies":"Gremlin Nob","floor":7.0,"turns":4.0},{"damage":27.0,"enemies":"3 Sentries","floor":10.0,"turns":8.0},{"damage":4.0,"enemies":"Jaw Worm","floor":12.0,"turns":2.0},{"damage":9.0,"enemies":"Exordium Wildlife","floor":13.0,"turns":4.0},{"damage":10.0,"enemies":"Hexaghost","floor":16.0,"turns":7.0},{"damage":6.0,"enemies":"3 Byrds","floor":18.0,"turns":4.0},{"damage":0.0,"enemies":"Shell Parasite","floor":19.0,"turns":4.0},{"damage":20.0,"enemies":"3 Cultists","floor":20.0,"turns":6.0},{"damage":2.0,"enemies":"Centurion and Healer","floor":21.0,"turns":6.0},{"damage":5.0,"enemies":"Shelled Parasite and Fungi","floor":22.0,"turns":5.0},{"damage":6.0,"enemies":"Book of Stabbing","floor":23.0,"turns":5.0},{"damage":13.0,"enemies":"Gremlin Leader","floor":25.0,"turns":4.0},{"damage":17.0,"enemies":"Book of Stabbing","floor":28.0,"turns":5.0},{"damage":7,"enemies":"Snecko","floor":30,"turns":2},{"damage":12,"enemies":"Champ","floor":33,"turns":7},{"damage":28,"enemies":"3 Darklings","floor":35,"turns":5},{"damage":7,"enemies":"Nemesis","floor":40,"turns":5},{"damage":11,"enemies":"Giant Head","floor":45,"turns":6},{"damage":2,"enemies":"Orb Walker","floor":46,"turns":3},{"damage":31,"enemies":"Writhing Mass","floor":47,"turns":6},{"damage":47,"enemies":"Time Eater","floor":50,"turns":10},{"damage":4,"enemies":"Shield and Spear","floor":54,"turns":3},{"damage":50,"enemies":"The Heart","floor":55,"turns":7}],"seed_played":"1707100581875361790","potions_obtained":[{"floor":7.0,"key":"Ancient Potion"},{"floor":10.0,"key":"Dexterity Potion"},{"floor":21.0,"key":"SpeedPotion"},{"floor":22.0,"key":"EntropicBrew"},{"floor":23.0,"key":"Regen Potion"}],"is_trial":false,"path_per_floor":["M","M","$","?","?","R","E","R","T","E","R","M","M","$","R","B",null,"M","M","M","M","M","E","?","E","T","?","E","R","M","?","R","B",null,"M","?","$","?","$","E","R","?","T","?","E","M","M","?","R","B",null,"R","$","E","B",null],"character_chosen":"IRONCLAD","items_purchased":["Gambling Chip","Ginger","HornCleat","HandDrill","Bag of Preparation","Anchor","Centennial Puzzle","Dead Branch"],"campfire_rested":2,"item_purchase_floors":[14,37,37,37,37,37,39,53],"current_hp_per_floor":[70,72,72,72,49,49,37,37,37,16,38,40,37,37,37,33,65,65,71,57,61,62,62,62,55,55,55,53,53,52,52,52,46,68,46,46,46,46,46,45,45,45,45,60,55,59,34,34,56,15,60,60,60,62,18],"gold":127,"neow_bonus":"HUNDRED_GOLD","is_daily":false,"chose_seed":false,"campfire_upgraded":6,"win_rate":0.0,"timestamp":1610649300,"path_taken":["M","?","$","?","?","R","E","R","T","E","R","M","?","$","R","BOSS","M","M","M","M","M","E","?","E","T","?","E","R","M","?","R","BOSS","M","?","$","?","$","E","R","?","T","?","E","M","M","?","R","BOSS","R","$","E","BOSS"],"items_purchased_type":["Relic","Relic","Relic","Relic","Relic","Relic","Relic","Relic"],"build_version":"2020-12-22","purchased_purges":4,"victory":true,"max_hp_per_floor":[75,75,75,75,75,75,75,75,75,75,75,75,75,75,75,75,75,75,75,75,75,75,75,75,75,75,75,75,75,75,75,75,75,75,75,75,75,75,75,75,75,75,75,75,75,75,75,75,75,75,75,75,75,75,75],"relic_stats":{"counters":[25,125],"Blue Candle":[23],"Dead Branch":[80],"Juzu Bracelet":3,"Bag of Preparation":[14],"Ginger":[5],"War Paint":["Defend_R","Exhume"],"Question Card":20,"Cursed Key":2,"Burning Blood":150,"WarpedTongs":[61],"Sozu":1,"Centennial Puzzle":[21],"Gambling Chip":[57],"Turnip":[2],"Art of War":[21],"HandDrill":[12],"obtain_stats":[{"Blue Candle":10,"Dead Branch":53,"The Courier":7,"Juzu Bracelet":25,"Bag of Preparation":37,"Ginger":37,"War Paint":54,"Question Card":9,"Cursed Key":17,"Burning Blood":0,"Akabeko":23,"WarpedTongs":24,"Sozu":34,"Anchor":37,"Centennial Puzzle":39,"HornCleat":37,"Gambling Chip":14,"MutagenicStrength":31,"Molten Egg 2":45,"Turnip":40,"Art of War":26,"HandDrill":37,"Paper Frog":28},{"Blue Candle":4,"Dead Branch":23,"The Courier":3,"Juzu Bracelet":14,"Bag of Preparation":18,"Ginger":18,"War Paint":24,"Question Card":3,"Cursed Key":7,"Burning Blood":0,"Akabeko":13,"WarpedTongs":13,"Sozu":17,"Anchor":18,"Centennial Puzzle":18,"HornCleat":18,"Gambling Chip":6,"MutagenicStrength":16,"Molten Egg 2":20,"Turnip":19,"Art of War":14,"HandDrill":18,"Paper Frog":15},{"Blue Candle":19,"Dead Branch":115,"The Courier":11,"Juzu Bracelet":66,"Bag of Preparation":85,"Ginger":85,"War Paint":118,"Question Card":11,"Cursed Key":32,"Burning Blood":0,"Akabeko":62,"WarpedTongs":62,"Sozu":80,"Anchor":85,"Centennial Puzzle":85,"HornCleat":85,"Gambling Chip":25,"MutagenicStrength":73,"Molten Egg 2":96,"Turnip":90,"Art of War":66,"HandDrill":85,"Paper Frog":71}]},"card_choices":[{"not_picked":["Clash","Flex"],"picked":"Sword Boomerang","floor":1.0},{"not_picked":["Blood for Blood","Flex"],"picked":"Spot Weakness","floor":2.0},{"not_picked":["Wild Strike","Iron Wave","Fire Breathing"],"picked":"SKIP","floor":7.0},{"not_picked":["Cleave","Anger","Perfected Strike"],"picked":"Shrug It Off","floor":10.0},{"not_picked":["Second Wind","Sword Boomerang","Dual Wield"],"picked":"Flame Barrier","floor":12.0},{"not_picked":["Perfected Strike","Body Slam","Intimidate"],"picked":"Spot Weakness","floor":13.0},{"not_picked":["Juggernaut","Barricade","Double Tap"],"picked":"Limit Break","floor":16.0},{"not_picked":["Iron Wave","Wild Strike","Perfected Strike"],"picked":"Shrug It Off","floor":18.0},{"not_picked":["Clash","Body Slam+1","Warcry"],"picked":"Armaments","floor":19.0},{"not_picked":["Flex","Cleave","Shockwave"],"picked":"Heavy Blade","floor":20.0},{"not_picked":["Wild Strike","Rampage","Dual Wield","Anger"],"picked":"SKIP","floor":21.0},{"not_picked":["Burning Pact","Twin Strike+1","Intimidate+1"],"picked":"Offering","floor":22.0},{"not_picked":["Seeing Red","Second Wind","Anger"],"picked":"Disarm","floor":23.0},{"not_picked":["Body Slam","Seeing Red","Sword Boomerang"],"picked":"Shockwave","floor":25.0},{"not_picked":["Body Slam","Wild Strike","Anger+1","Seeing Red"],"picked":"SKIP","floor":28.0},{"not_picked":["Headbutt","Cleave","Thunderclap+1"],"picked":"Disarm","floor":30},{"not_picked":["Barricade","Fiend Fire","Juggernaut"],"picked":"Corruption","floor":33},{"not_picked":["Havoc+1","Twin Strike","Sword Boomerang"],"picked":"Warcry+1","floor":35},{"not_picked":["Pommel Strike+1","Fire Breathing+1","Havoc"],"picked":"Exhume","floor":40},{"not_picked":["Ghostly Armor","Dual Wield+1","Metallicize"],"picked":"True Grit","floor":45},{"not_picked":["Whirlwind+1","Sword Boomerang+1","Clash+1","Iron Wave+1"],"picked":"SKIP","floor":46},{"not_picked":["Power Through","Metallicize","Wild Strike+1"],"picked":"Evolve","floor":47},{"not_picked":["Searing Blow+1","Shrug It Off","Immolate+1"],"picked":"Battle Trance+1","floor":54}],"player_experience":222593,"relics_obtained":[{"floor":7.0,"key":"The Courier"},{"floor":9.0,"key":"Question Card"},{"floor":10.0,"key":"Blue Candle"},{"floor":23.0,"key":"Akabeko"},{"floor":25.0,"key":"Juzu Bracelet"},{"floor":26.0,"key":"Art of War"},{"floor":28.0,"key":"Paper Frog"},{"floor":40,"key":"Turnip"},{"floor":45,"key":"Molten Egg 2"},{"floor":54,"key":"War Paint"}],"event_choices":[{"damage_healed":0.0,"max_hp_gain":0.0,"max_hp_loss":0.0,"gold_gain":0.0,"event_name":"Living Wall","player_choice":"Grow","floor":4.0,"gold_loss":0.0,"damage_taken":0.0,"cards_upgraded":["Spot Weakness"]},{"damage_healed":0.0,"max_hp_gain":0.0,"max_hp_loss":0.0,"gold_gain":0.0,"event_name":"Shining Light","player_choice":"Entered Light","floor":5.0,"gold_loss":0.0,"damage_taken":23.0,"cards_upgraded":["Defend_R","Defend_R"]},{"damage_healed":0.0,"max_hp_gain":0.0,"max_hp_loss":0.0,"gold_gain":0.0,"event_name":"Accursed Blacksmith","player_choice":"Rummage","floor":24.0,"gold_loss":0.0,"damage_taken":0.0,"relics_obtained":["WarpedTongs"],"cards_obtained":["Pain"]},{"damage_healed":0.0,"max_hp_gain":0.0,"max_hp_loss":0.0,"gold_gain":0.0,"event_name":"The Library","player_choice":"Read","floor":27.0,"gold_loss":0.0,"damage_taken":0.0,"cards_obtained":["Burning Pact"]},{"damage_healed":0,"gold_gain":0,"player_choice":"Inject Mutagens","damage_taken":0,"relics_obtained":["MutagenicStrength"],"max_hp_gain":0,"max_hp_loss":0,"event_name":"Drug Dealer","floor":31,"gold_loss":0},{"damage_healed":0,"gold_gain":999,"player_choice":"Gold","damage_taken":0,"max_hp_gain":0,"max_hp_loss":0,"event_name":"MindBloom","floor":36,"gold_loss":0,"cards_obtained":["Normality","Normality"]},{"cards_removed":["Strike_R"],"damage_healed":0,"gold_gain":0,"player_choice":"Removed Attack","damage_taken":0,"max_hp_gain":0,"max_hp_loss":0,"event_name":"Falling","floor":38,"gold_loss":0},{"damage_healed":0,"gold_gain":0,"player_choice":"Ignored","damage_taken":0,"max_hp_gain":0,"max_hp_loss":0,"event_name":"Tomb of Lord Red Mask","floor":42,"gold_loss":0},{"damage_healed":15,"gold_gain":0,"player_choice":"Writhe","damage_taken":0,"max_hp_gain":0,"max_hp_loss":0,"event_name":"Winding Halls","floor":44,"gold_loss":0,"cards_obtained":["Writhe"]},{"damage_healed":0,"gold_gain":0,"player_choice":"Ignored","damage_taken":0,"max_hp_gain":0,"max_hp_loss":0,"event_name":"The Moai Head","floor":48,"gold_loss":0}],"is_beta":false,"boss_relics":[{"not_picked":["Busted Crown","Velvet Choker"],"picked":"Cursed Key"},{"not_picked":["Runic Cube","Runic Pyramid"],"picked":"Sozu"}],"items_purged_floors":[3,14,37,39],"is_endless":false,"potions_floor_spawned":[7,10,16,21,22,23,25,46],"ascension_level":15}}