{"host":"2ccem01eblg14btk","time":1610651472,"event":{"mods":["BaseMod","Colored Map","Downfall","Minty Spire (QoL Compilation)","Quick Restart","StSLib"],"gold_per_floor":[99,113,124,141,241,272,342,342,342,361,380,380,411,425,441,538,538,538,551,551,567,584,117,117,142,12,12,162,176,194,204,216,319,319,319,338,353,405,35,35,35,35,35,62,112,124,124,136,151,151],"floor_reached":51,"language":"ENG","playtime":2808,"items_purged":["champ:Strike"],"score":841,"play_id":"5340d7b0-22fb-4abe-b7bb-168b3bd591e9","local_time":"20210114201112","is_ascension_mode":true,"campfire_choices":[{"data":"champ:Taunt","floor":1.0,"key":"SMITH"},{"floor":8.0,"key":"REST"},{"floor":12.0,"key":"REST"},{"data":"champ:DefensiveStyle","floor":18.0,"key":"SMITH"},{"data":"champ:Lariat","floor":27.0,"key":"SMITH"},{"data":"champ:HoldFirm","floor":35.0,"key":"SMITH"},{"data":"champ:Circumvent","floor":40.0,"key":"SMITH"},{"data":"champ:PerfectForm","floor":47.0,"key":"SMITH"}],"circlet_count":0,"master_deck":["champ:Defend","champ:Defend+1","champ:Defend","champ:Defend","champ:Execute","champ:Taunt+1","champ:RageSigil+1","champ:DefensiveShout+1","champ:TornadoPunch+1","champ:PerfectForm+1","champ:DefensiveStyle+1","champ:EnchantShield","champ:ShieldSigil","champ:Circumvent+1","champ:Balance","champ:RageSigil","champ:ShieldThrow+1","champ:EnchantShield","champ:Backstep+1","champ:BringItOn+1","champ:ShieldWall+1","champ:EnGarde+1","champ:Lariat+1","champ:SkillfulDodge","champ:HoldFirm+1","champ:CalledShot","champ:ShieldWall+1","champ:EnGarde+1","champ:ShieldThrow+1","expansioncontent:DefensiveMode"],"relics":["champ:ChampionCrown","Molten Egg 2","The Courier","Mummified Hand","Philosopher\u0027s Stone","downfall:RedIOU","TungstenRod","Eternal Feather","Darkstone Periapt","Happy Flower","Sozu","Prayer Wheel","Membership Card","Oddly Smooth Stone","Juzu Bracelet","PreservedInsect","Potion Belt","Toxic Egg 2","champ:DeflectingBracers"],"acts_visited":["Exordium","TheCity","TheBeyond"],"potions_floor_usage":[49],"damage_taken":[{"damage":16.0,"enemies":"Cultist","floor":2.0,"turns":4.0},{"damage":9.0,"enemies":"2 Louse","floor":3.0,"turns":3.0},{"damage":16.0,"enemies":"Jaw Worm","floor":4.0,"turns":3.0},{"damage":63.0,"enemies":"downfall:Heads","floor":5.0,"turns":8.0},{"damage":13.0,"enemies":"Lagavulin","floor":6.0,"turns":6.0},{"damage":5.0,"enemies":"Blue Slaver","floor":10.0,"turns":4.0},{"damage":27.0,"enemies":"Exordium Wildlife","floor":11.0,"turns":2.0},{"damage":14.0,"enemies":"3 Sentries","floor":13.0,"turns":6.0},{"damage":0.0,"enemies":"Exordium Thugs","floor":14.0,"turns":3.0},{"damage":21.0,"enemies":"Gremlin Gang","floor":15.0,"turns":3.0},{"damage":15.0,"enemies":"downfall:Silent","floor":16.0,"turns":6.0},{"damage":5.0,"enemies":"Spheric Guardian","floor":19.0,"turns":4.0},{"damage":0.0,"enemies":"3 Cultists","floor":21.0,"turns":4.0},{"damage":5.0,"enemies":"Centurion and Healer","floor":22.0,"turns":7.0},{"damage":5.0,"enemies":"downfall:FleeingMerchant","floor":23.0,"turns":4.0},{"damage":20.0,"enemies":"Slavers","floor":25.0,"turns":4.0},{"damage":8.0,"enemies":"downfall:FleeingMerchant","floor":26.0,"turns":4.0},{"damage":12.0,"enemies":"Chosen and Byrds","floor":29.0,"turns":5.0},{"damage":12.0,"enemies":"3 Cultists","floor":30.0,"turns":5.0},{"damage":0.0,"enemies":"Shelled Parasite and Fungi","floor":31.0,"turns":3.0},{"damage":0.0,"enemies":"Centurion and Healer","floor":32.0,"turns":3.0},{"damage":12.0,"enemies":"downfall:Watcher","floor":33.0,"turns":8.0},{"damage":0.0,"enemies":"Orb Walker","floor":36.0,"turns":3.0},{"damage":0.0,"enemies":"3 Shapes","floor":37.0,"turns":11.0},{"damage":28.0,"enemies":"2 Orb Walkers","floor":38.0,"turns":6.0},{"damage":8.0,"enemies":"downfall:FleeingMerchant","floor":39.0,"turns":4.0},{"damage":14.0,"enemies":"Reptomancer","floor":44.0,"turns":6.0},{"damage":2.0,"enemies":"Mind Bloom Boss Battle","floor":45.0,"turns":11.0},{"damage":27.0,"enemies":"Maw","floor":46.0,"turns":7.0},{"damage":12.0,"enemies":"Spire Growth","floor":48.0,"turns":4.0},{"damage":32,"enemies":"Transient","floor":49,"turns":5},{"damage":15,"enemies":"downfall:Ironclad","floor":50,"turns":9}],"seed_played":"111259698944415109","potions_obtained":[{"floor":3.0,"key":"Dexterity Potion"},{"floor":5.0,"key":"DistilledChaos"},{"floor":10.0,"key":"champ:TechniquePotion"},{"floor":15.0,"key":"PowerPotion"},{"floor":22.0,"key":"DistilledChaos"},{"floor":30.0,"key":"GamblersBrew"},{"floor":32.0,"key":"AttackPotion"},{"floor":33.0,"key":"Block Potion"}],"is_trial":false,"path_per_floor":["R","M","M","M","?","E","T","R","T","M","M","R","E","M","M","B",null,"R","M","?","M","M","$","T","E","$","R","?","M","M","M","M","B",null,"R","M","M","?","$","R","T","?","?","E","?","M","R","M","M","B",null],"character_chosen":"THE_CHAMP","items_purchased":["champ:Lariat","TungstenRod","War Paint","Happy Flower","Membership Card","Oddly Smooth Stone","Juzu Bracelet","champ:ShieldThrow+1","PreservedInsect"],"campfire_rested":2,"item_purchase_floors":[23,23,23,26,39,39,39,39,39],"current_hp_per_floor":[99,93,84,73,16,8,8,37,37,37,30,59,50,50,34,19,99,99,94,94,94,94,94,94,74,71,86,86,86,74,74,74,62,99,99,99,99,76,79,97,97,90,90,85,86,68,86,74,62,68],"gold":151,"neow_bonus":"TEN_PERCENT_HP_BONUS","is_daily":false,"chose_seed":false,"campfire_upgraded":6,"win_rate":0.0,"timestamp":1610651472,"path_taken":["R","M","M","?","?","E","T","R","?","M","M","R","E","M","M","BOSS","R","M","?","M","M","$","T","E","$","R","?","M","?","M","M","BOSS","R","M","M","?","$","R","T","?","?","E","?","M","R","M","M","BOSS"],"items_purchased_type":["Card","Relic","Relic","Relic","Relic","Relic","Relic","Card","Relic"],"build_version":"2020-12-22","purchased_purges":1,"victory":true,"max_hp_per_floor":[99,99,99,99,99,99,99,99,99,99,99,99,99,99,99,99,99,99,99,99,99,99,99,99,99,99,99,99,99,99,99,99,99,99,99,99,99,99,99,99,99,99,99,99,99,99,99,99,99,99],"card_choices":[{"not_picked":["champ:GutPunch","champ:PerfectedStrike"],"picked":"champ:RageSigil","floor":2.0},{"not_picked":["champ:BringItOn","champ:PerfectedStrike"],"picked":"champ:DefensiveShout","floor":3.0},{"not_picked":["champ:Backstep","champ:GladiatorsShout"],"picked":"champ:TornadoPunch","floor":4.0},{"not_picked":["champ:Duel","champ:HeartStrike"],"picked":"champ:DefensiveStyle","floor":5.0},{"not_picked":["champ:FanOfKnives","champ:RisingSlash"],"picked":"champ:EnchantShield","floor":6.0},{"not_picked":["champ:Balance","champ:CrookedStrike+1"],"picked":"champ:ShieldSigil","floor":10.0},{"not_picked":["champ:EnragedBash+1","champ:DefensiveShout"],"picked":"champ:Circumvent","floor":11.0},{"not_picked":["champ:FocusedBerserking","champ:Haymaker+1"],"picked":"champ:Balance","floor":13.0},{"not_picked":["champ:Duel+1","champ:GladiatorStyle"],"picked":"champ:RageSigil","floor":14.0},{"not_picked":["champ:RageSigil","champ:BringItOn"],"picked":"champ:ShieldThrow+1","floor":15.0},{"not_picked":["champ:LastStand","champ:Devastate+1"],"picked":"champ:EnchantShield","floor":16.0},{"not_picked":["champ:PerfectedStrike+1","champ:TornadoPunch+1"],"picked":"champ:Backstep+1","floor":19.0},{"not_picked":["champ:Riposte","champ:AdrenalArmor+1"],"picked":"champ:BringItOn+1","floor":21.0},{"not_picked":["champ:ViciousMockery","champ:SkillfulDodge+1"],"picked":"champ:ShieldWall+1","floor":22.0},{"not_picked":["champ:ShieldWall","champ:SwordSigil+1"],"picked":"champ:EnGarde+1","floor":23.0},{"not_picked":["champ:BringItOn","champ:BerserkersShout+1"],"picked":"champ:SkillfulDodge","floor":25.0},{"not_picked":["champ:AdrenalArmor","champ:PerfectForm","champ:RageSigil"],"picked":"SKIP","floor":26.0},{"not_picked":["champ:Circumvent","champ:BerserkersShout","champ:PerfectedStrike+1"],"picked":"SKIP","floor":29.0},{"not_picked":["champ:AdrenalArmor","champ:Aggression","champ:GutPunch+1"],"picked":"SKIP","floor":30.0},{"not_picked":["champ:RageSigil","champ:Shatter+1","champ:BringItOn"],"picked":"SKIP","floor":31.0},{"not_picked":["champ:BerserkersShout","champ:EnGarde","champ:PerfectedStrike+1"],"picked":"SKIP","floor":32.0},{"not_picked":["champ:ShieldSlam+1","champ:CheapShot+1"],"picked":"champ:HoldFirm","floor":33.0},{"not_picked":["champ:RageSigil","champ:PerfectedStrike+1"],"picked":"champ:CalledShot","floor":36.0},{"not_picked":["champ:RageSigil","champ:SwordSigil"],"picked":"champ:ShieldWall+1","floor":37.0},{"not_picked":["champ:HeartStrike+1","champ:BringItOn"],"picked":"champ:EnGarde+1","floor":38.0},{"not_picked":["champ:Shatter+1","champ:Haymaker+1","champ:GladiatorStyle"],"picked":"SKIP","floor":39.0},{"not_picked":["expansioncontent:SuperHexaguard","expansioncontent:ChargeUp"],"picked":"expansioncontent:DefensiveMode","floor":43.0},{"not_picked":["champ:TornadoPunch+1","champ:ShieldSigil+1","champ:FocusedBerserking+1"],"picked":"SKIP","floor":44.0},{"not_picked":["champ:EnragedBash+1","champ:GladiatorsShout+1","champ:EnchantCrown+1"],"picked":"SKIP","floor":46.0},{"not_picked":["champ:GutPunch+1","champ:BerserkersShout+1","champ:HeartStrike+1"],"picked":"SKIP","floor":46.0},{"not_picked":["champ:Backstep+1","champ:TornadoPunch+1","champ:FlashCut+1"],"picked":"SKIP","floor":48.0},{"not_picked":["champ:StanceDance+1","champ:AdrenalArmor+1","champ:Circumvent+1"],"picked":"SKIP","floor":48.0},{"not_picked":["champ:HeartStrike+1","champ:Lariat+1","champ:ShieldSigil+1"],"picked":"SKIP","floor":49},{"not_picked":["champ:FlashCut+1","champ:SkillfulDodge+1","champ:Backstep+1"],"picked":"SKIP","floor":49}],"player_experience":149603,"relics_obtained":[{"floor":6.0,"key":"Bag of Marbles"},{"floor":7.0,"key":"Molten Egg 2"},{"floor":9.0,"key":"The Courier"},{"floor":13.0,"key":"Mummified Hand"},{"floor":24.0,"key":"Eternal Feather"},{"floor":25.0,"key":"Darkstone Periapt"},{"floor":38.0,"key":"Prayer Wheel"},{"floor":41.0,"key":"Potion Belt"},{"floor":44.0,"key":"Toxic Egg 2"},{"floor":45.0,"key":"champ:DeflectingBracers"}],"event_choices":[{"damage_healed":0.0,"max_hp_gain":0.0,"max_hp_loss":0.0,"gold_gain":0.0,"event_name":"Mysterious Sphere","player_choice":"Fight","floor":38.0,"gold_loss":0.0,"damage_taken":0.0}],"is_beta":false,"boss_relics":[{"not_picked":["downfall:Hecktoplasm","Runic Pyramid"],"picked":"Philosopher\u0027s Stone"},{"not_picked":["Snecko Eye","Velvet Choker"],"picked":"Sozu"}],"items_purged_floors":[23],"is_endless":false,"potions_floor_spawned":[3,5,10,15,22,30,32,33,38,45,46,49],"ascension_level":3}}