{"host":"t0r9wuv4zaiwets7","time":1610651518,"event":{"mods":["AchievementEnabler","BaseMod","Bestiary","Colored Map","Colored Powertips","Highlight Path","Minty Spire (QoL Compilation)","StSLib"],"gold_per_floor":[213,232,250,325,275,275,275,10,10,42,54,80,112,144,156,264,276,305,336,366,4,4,4,24,24,96,108,108,108],"floor_reached":28,"language":"ENG","playtime":1634,"items_purged":[],"score":325,"play_id":"94b6b99f-849f-4359-85e2-b5ea69d24c3c","local_time":"20210114111158","is_ascension_mode":true,"campfire_choices":[{"data":"Zap","floor":6.0,"key":"SMITH"},{"data":"Apotheosis","floor":11.0,"key":"SMITH"},{"floor":15.0,"key":"REST"},{"floor":23.0,"key":"REST"}],"circlet_count":0,"master_deck":["Strike_B","Strike_B","Defend_B","Defend_B","Defend_B","Defend_B","Zap+1","Dualcast","Leap","Compile Driver","Melter","Apotheosis+1","All For One+1","Defragment","Capacitor","Darkness","All For One+1","Beam Cell+1","Lockon","Self Repair","Blind","Magnetism","Ball Lightning","FTL","Reinforced Body+1"],"relics":["Cracked Core","Bottled Flame","MawBank","Runic Pyramid","Membership Card","Whetstone","Spirit Poop","Matryoshka"],"acts_visited":["Exordium","TheCity"],"potions_floor_usage":[28],"damage_taken":[{"damage":7.0,"enemies":"2 Louse","floor":1.0,"turns":3.0},{"damage":0.0,"enemies":"Small Slimes","floor":2.0,"turns":4.0},{"damage":1.0,"enemies":"Cultist","floor":3.0,"turns":3.0},{"damage":23.0,"enemies":"3 Sentries","floor":10.0,"turns":8.0},{"damage":0.0,"enemies":"2 Fungi Beasts","floor":12.0,"turns":3.0},{"damage":3.0,"enemies":"Looter","floor":13.0,"turns":3.0},{"damage":6.0,"enemies":"Red Slaver","floor":14.0,"turns":3.0},{"damage":0.0,"enemies":"Slime Boss","floor":16.0,"turns":8.0},{"damage":28.0,"enemies":"Shell Parasite","floor":18.0,"turns":4.0},{"damage":13.0,"enemies":"3 Byrds","floor":19.0,"turns":4.0},{"damage":21.0,"enemies":"Cultist and Chosen","floor":20.0,"turns":4.0},{"damage":31.0,"enemies":"Centurion and Healer","floor":24.0,"turns":6.0},{"damage":0.0,"enemies":"Snake Plant","floor":27.0,"turns":2.0},{"damage":12,"enemies":"Cultist and Chosen","floor":28,"turns":4}],"seed_played":"-8869996604700089221","potions_obtained":[{"floor":2.0,"key":"FocusPotion"},{"floor":12.0,"key":"SneckoOil"},{"floor":16.0,"key":"FocusPotion"},{"floor":24.0,"key":"DuplicationPotion"},{"floor":27.0,"key":"CultistPotion"}],"is_trial":false,"path_per_floor":["M","M","M","?","?","R","?","$","T","E","R","M","M","M","R","B",null,"M","M","M","$","?","R","M","?","T","M","M"],"character_chosen":"DEFECT","items_purchased":["Apotheosis","EntropicBrew","Membership Card","Whetstone","Blind","Magnetism","Ball Lightning"],"campfire_rested":2,"item_purchase_floors":[8,8,21,21,21,21,21],"current_hp_per_floor":[68,68,67,56,56,56,56,56,56,33,33,33,30,24,46,46,75,47,34,13,13,13,35,11,11,11,11,0,0],"gold":108,"neow_bonus":"HUNDRED_GOLD","is_daily":false,"chose_seed":false,"campfire_upgraded":2,"win_rate":0.0,"timestamp":1610651518,"path_taken":["M","M","M","?","?","R","?","$","T","E","R","M","?","M","R","BOSS","M","M","M","$","?","R","M","?","T","M","?"],"items_purchased_type":["Card","Potion","Relic","Relic","Card","Card","Card"],"build_version":"2020-12-22","purchased_purges":0,"victory":false,"max_hp_per_floor":[75,75,75,75,75,75,75,75,75,75,75,75,75,75,75,75,75,75,75,75,75,75,75,75,75,75,75,75,75],"card_choices":[{"not_picked":["Heatsinks","Redo"],"picked":"Leap","floor":1.0},{"not_picked":["Streamline","Steam"],"picked":"Compile Driver","floor":2.0},{"not_picked":["Heatsinks","Barrage"],"picked":"Melter","floor":3.0},{"not_picked":["Rebound","Lockon"],"picked":"All For One","floor":10.0},{"not_picked":["Turbo","Coolheaded"],"picked":"Defragment","floor":12.0},{"not_picked":["Rebound","Double Energy"],"picked":"Capacitor","floor":13.0},{"not_picked":["Conserve Battery","Leap"],"picked":"Darkness","floor":14.0},{"not_picked":["Reboot","Meteor Strike"],"picked":"All For One","floor":16.0},{"not_picked":["Go for the Eyes","Sunder"],"picked":"Beam Cell+1","floor":18.0},{"not_picked":["Hello World+1","Sweeping Beam+1"],"picked":"Lockon","floor":19.0},{"not_picked":["Coolheaded","Stack+1"],"picked":"Self Repair","floor":20.0},{"not_picked":["Redo","Leap"],"picked":"FTL","floor":24.0},{"not_picked":["Undo","Conserve Battery"],"picked":"Reinforced Body+1","floor":27.0}],"player_experience":163602,"relics_obtained":[{"floor":9.0,"key":"Bottled Flame"},{"floor":10.0,"key":"MawBank"},{"floor":26.0,"key":"Matryoshka"}],"event_choices":[{"damage_healed":0.0,"max_hp_gain":0.0,"max_hp_loss":0.0,"gold_gain":75.0,"event_name":"World of Goop","player_choice":"Gather Gold","floor":4.0,"gold_loss":0.0,"damage_taken":11.0},{"cards_removed":["Strike_B"],"damage_healed":0.0,"max_hp_gain":0.0,"max_hp_loss":0.0,"gold_gain":0.0,"event_name":"The Cleric","player_choice":"Card Removal","floor":5.0,"gold_loss":50.0,"damage_taken":0.0},{"cards_removed":["Strike_B"],"damage_healed":0.0,"max_hp_gain":0.0,"max_hp_loss":0.0,"gold_gain":0.0,"event_name":"Purifier","player_choice":"Purged","floor":7.0,"gold_loss":0.0,"damage_taken":0.0},{"damage_healed":0.0,"max_hp_gain":0.0,"max_hp_loss":0.0,"gold_gain":0.0,"event_name":"Forgotten Altar","player_choice":"Smashed Altar","floor":22.0,"gold_loss":0.0,"damage_taken":0.0,"cards_obtained":["Decay"]},{"cards_removed":["Decay"],"damage_healed":0.0,"max_hp_gain":0.0,"max_hp_loss":0.0,"gold_gain":0.0,"event_name":"Bonfire Elementals","player_choice":"Offered Curse","floor":25.0,"gold_loss":0.0,"damage_taken":0.0,"relics_obtained":["Spirit Poop"]}],"is_beta":false,"boss_relics":[{"not_picked":["Empty Cage","Tiny House"],"picked":"Runic Pyramid"}],"items_purged_floors":[],"is_endless":false,"potions_floor_spawned":[2,12,16,24,27],"killed_by":"Cultist and Chosen","ascension_level":4}}