{"host":"f5n4tidiz2n5sooh","time":1610613814,"event":{"mods":["BaseMod","Colored Map","Minty Spire (QoL Compilation)","Relic Stats","Slay the Relics Exporter","StSLib"],"gold_per_floor":[119,147,165,165,186,186,227,227,251,270,293,335,8,42,42,125,125,153,153,162,151,66,106,106,140,222,258,258,281,69,69,69,144,144,154,213,213,222,231,231,262,262,289,317,344,362,377,390,390,390,390,390,390,45,71,71],"floor_reached":57,"language":"ENG","playtime":3065,"items_purged":["Strike_B"],"score":3016,"play_id":"7b8588de-7366-4061-8a3a-8106a99170d9","local_time":"20210114024334","is_ascension_mode":true,"campfire_choices":[{"data":"Rip and Tear","floor":6,"key":"SMITH"},{"data":"Compile Driver","floor":8,"key":"SMITH"},{"data":"Zap","floor":15,"key":"SMITH"},{"floor":24,"key":"REST"},{"data":"Biased Cognition","floor":28,"key":"SMITH"},{"data":"Loop","floor":32,"key":"SMITH"},{"data":"Panacea","floor":40,"key":"SMITH"},{"floor":42,"key":"RECALL"},{"data":"Loop","floor":49,"key":"SMITH"},{"data":"Chill","floor":53,"key":"SMITH"}],"circlet_count":0,"master_deck":["AscendersBane","Strike_B+1","Strike_B+1","Defend_B+1","Defend_B","Defend_B","Defend_B","Zap+1","Dualcast+1","Rip and Tear+1","Darkness","Reinforced Body","Compile Driver+1","Chill+1","Coolheaded","Coolheaded","Echo Form","Go for the Eyes+1","Lockon","Glacier+1","Loop+1","Cold Snap","Biased Cognition+1","Consume+1","Glacier","Panacea+1","Biased Cognition+1","Loop+1"],"relics":["Cracked Core","CeramicFish","Smiling Mask","War Paint","Lantern","Whetstone","Runic Capacitor","PreservedInsect","Question Card","SlaversCollar","Happy Flower","Bag of Preparation","Centennial Puzzle","Bottled Tornado","Tiny Chest","Lee\u0027s Waffle","Sozu","Ginger","MealTicket","DataDisk","Akabeko","Turnip","Symbiotic Virus"],"acts_visited":["Exordium","TheCity","TheBeyond","TheEnding"],"potions_floor_usage":[5,11,12,14,27,36,51],"damage_taken":[{"damage":7,"enemies":"Jaw Worm","floor":1,"turns":3},{"damage":1,"enemies":"2 Louse","floor":2,"turns":2},{"damage":1,"enemies":"Cultist","floor":3,"turns":3},{"damage":6,"enemies":"Exordium Wildlife","floor":5,"turns":2},{"damage":15,"enemies":"Lagavulin","floor":7,"turns":5},{"damage":0,"enemies":"Exordium Thugs","floor":10,"turns":4},{"damage":2,"enemies":"Large Slime","floor":11,"turns":3},{"damage":3,"enemies":"Gremlin Nob","floor":12,"turns":3},{"damage":12,"enemies":"Lagavulin","floor":14,"turns":6},{"damage":4,"enemies":"The Guardian","floor":16,"turns":10},{"damage":14,"enemies":"Spheric Guardian","floor":18,"turns":4},{"damage":16,"enemies":"2 Thieves","floor":21,"turns":4},{"damage":2,"enemies":"Book of Stabbing","floor":23,"turns":6},{"damage":33,"enemies":"Slavers","floor":25,"turns":7},{"damage":0,"enemies":"Book of Stabbing","floor":27,"turns":4},{"damage":0,"enemies":"Centurion and Healer","floor":29,"turns":4},{"damage":0,"enemies":"Champ","floor":33,"turns":12},{"damage":0,"enemies":"3 Shapes","floor":35,"turns":8},{"damage":15,"enemies":"2 Orb Walkers","floor":36,"turns":7},{"damage":0,"enemies":"Giant Head","floor":41,"turns":8},{"damage":11,"enemies":"Orb Walker","floor":44,"turns":4},{"damage":7,"enemies":"Sphere and 2 Shapes","floor":46,"turns":5},{"damage":0,"enemies":"4 Shapes","floor":47,"turns":6},{"damage":0,"enemies":"Transient","floor":48,"turns":6},{"damage":0,"enemies":"Donu and Deca","floor":50,"turns":10},{"damage":22,"enemies":"Awakened One","floor":51,"turns":14},{"damage":8,"enemies":"Shield and Spear","floor":55,"turns":8},{"damage":44,"enemies":"The Heart","floor":56,"turns":14}],"seed_played":"8718454664590666155","potions_obtained":[{"floor":3,"key":"Fire Potion"},{"floor":5,"key":"Fire Potion"},{"floor":10,"key":"Strength Potion"},{"floor":11,"key":"ColorlessPotion"},{"floor":16,"key":"Dexterity Potion"},{"floor":18,"key":"LiquidMemories"},{"floor":27,"key":"EssenceOfSteel"},{"floor":33,"key":"Weak Potion"}],"is_trial":false,"path_per_floor":["M","M","M","?","M","R","E","R","T","M","M","E","$","E","R","B",null,"M","?","?","M","?","E","R","E","T","E","R","M","$","?","R","B",null,"M","?","T","?","?","R","E","R","T","M","T","M","M","M","R","B","B",null,"R","$","E","B",null],"character_chosen":"DEFECT","items_purchased":["Runic Capacitor","PreservedInsect","Lee\u0027s Waffle","Turnip"],"campfire_rested":1,"item_purchase_floors":[13,13,30,54],"current_hp_per_floor":[57,56,55,50,44,44,29,29,29,29,27,24,24,12,12,8,55,41,41,41,25,25,23,44,11,11,11,11,11,78,78,78,78,78,78,63,63,63,63,63,63,63,63,52,52,45,45,45,45,45,23,64,64,78,70,26],"gold":71,"neow_bonus":"RANDOM_COMMON_RELIC","is_daily":false,"chose_seed":false,"campfire_upgraded":8,"win_rate":0.0,"timestamp":1610613814,"path_taken":["M","M","M","?","M","R","E","R","T","M","M","E","$","E","R","BOSS","M","?","?","?","?","E","R","E","T","E","R","M","?","?","R","BOSS","M","?","?","?","?","R","E","R","T","?","?","M","M","M","R","BOSS","BOSS","R","$","E","BOSS"],"items_purchased_type":["Relic","Relic","Relic","Relic"],"build_version":"2020-12-22","purchased_purges":1,"victory":true,"max_hp_per_floor":[71,71,71,71,71,71,71,71,71,71,71,71,71,71,71,71,71,71,71,71,71,71,71,71,71,71,71,71,71,78,78,78,78,78,78,78,78,78,78,78,78,78,78,78,78,78,78,78,78,78,78,78,78,78,78,78],"relic_stats":{"Lee\u0027s Waffle":67,"Happy Flower":[41],"counters":[28,170],"CeramicFish":171,"PreservedInsect":362,"Bag of Preparation":[30],"Whetstone":["Strike_B","Strike_B"],"Ginger":[4],"War Paint":["Dualcast","Defend_B"],"Smiling Mask":25,"Question Card":17,"Sozu":3,"Centennial Puzzle":[18],"Tiny Chest":2,"MealTicket":14,"Turnip":[2],"obtain_stats":[{"Lantern":9,"Lee\u0027s Waffle":30,"Happy Flower":22,"CeramicFish":0,"PreservedInsect":13,"Runic Capacitor":13,"Bag of Preparation":23,"Whetstone":12,"Ginger":36,"War Paint":7,"Bottled Tornado":26,"Smiling Mask":4,"Question Card":14,"Akabeko":45,"Sozu":34,"SlaversCollar":17,"Centennial Puzzle":25,"DataDisk":43,"Tiny Chest":27,"MealTicket":41,"Turnip":54,"Cracked Core":0,"Symbiotic Virus":55},{"Lantern":5,"Lee\u0027s Waffle":16,"Happy Flower":12,"CeramicFish":0,"PreservedInsect":8,"Runic Capacitor":8,"Bag of Preparation":13,"Whetstone":8,"Ginger":19,"War Paint":5,"Bottled Tornado":14,"Smiling Mask":3,"Question Card":9,"Akabeko":21,"Sozu":17,"SlaversCollar":10,"Centennial Puzzle":14,"DataDisk":20,"Tiny Chest":15,"MealTicket":20,"Turnip":26,"Cracked Core":0,"Symbiotic Virus":27},{"Lantern":15,"Lee\u0027s Waffle":70,"Happy Flower":49,"CeramicFish":0,"PreservedInsect":25,"Runic Capacitor":25,"Bag of Preparation":55,"Whetstone":25,"Ginger":96,"War Paint":15,"Bottled Tornado":62,"Smiling Mask":8,"Question Card":31,"Akabeko":108,"Sozu":82,"SlaversCollar":41,"Centennial Puzzle":62,"DataDisk":104,"Tiny Chest":66,"MealTicket":104,"Turnip":148,"Cracked Core":0,"Symbiotic Virus":156}]},"card_choices":[{"not_picked":["Compile Driver","Rebound"],"picked":"Rip and Tear","floor":1},{"not_picked":["Static Discharge","Lockon"],"picked":"Darkness","floor":2},{"not_picked":["Barrage","Leap","Streamline"],"picked":"SKIP","floor":3},{"not_picked":["Leap","Recycle"],"picked":"Reinforced Body","floor":5},{"not_picked":["Scrape","Hologram"],"picked":"Compile Driver","floor":7},{"not_picked":["Capacitor","Conserve Battery"],"picked":"Chill","floor":10},{"not_picked":["Gash","Steam Power"],"picked":"Coolheaded","floor":11},{"not_picked":["Buffer","Barrage"],"picked":"Coolheaded","floor":12},{"not_picked":["Double Energy","Reinforced Body","Blizzard"],"picked":"SKIP","floor":14},{"not_picked":["Fission","Hyperbeam","Creative AI"],"picked":"Echo Form","floor":16},{"not_picked":["White Noise+1","Force Field","Reprogram"],"picked":"Go for the Eyes+1","floor":18},{"not_picked":["Go for the Eyes","Gash","Sweeping Beam"],"picked":"Glacier+1","floor":21},{"not_picked":["Rip and Tear","Leap","Turbo"],"picked":"Loop","floor":23},{"not_picked":["Auto Shields","Steam","Streamline"],"picked":"Cold Snap","floor":25},{"not_picked":["Ball Lightning","Leap+1","Capacitor"],"picked":"Biased Cognition","floor":27},{"not_picked":["Leap","Reinforced Body","Hello World"],"picked":"Consume+1","floor":29},{"not_picked":["Turbo","Ball Lightning","Barrage","Leap"],"picked":"SKIP","floor":35},{"not_picked":["Hologram","Heatsinks","Conserve Battery"],"picked":"Glacier","floor":36},{"not_picked":["Violence","Mind Blast","Finesse"],"picked":"Panacea","floor":38},{"not_picked":["Sweeping Beam","Aggregate","Leap","Go for the Eyes"],"picked":"SKIP","floor":41},{"not_picked":["Self Repair+1","Stack","Rebound"],"picked":"Loop","floor":44},{"not_picked":["Beam Cell","Streamline","Auto Shields+1","Reprogram"],"picked":"SKIP","floor":46},{"not_picked":["Redo","Melter","Turbo","Sweeping Beam+1"],"picked":"SKIP","floor":47},{"not_picked":["Reinforced Body","Chaos","Meteor Strike","Turbo"],"picked":"SKIP","floor":48},{"not_picked":["Heatsinks","Redo","Go for the Eyes","Hologram"],"picked":"SKIP","floor":55}],"player_experience":2007546,"relics_obtained":[{"floor":7,"key":"War Paint"},{"floor":9,"key":"Lantern"},{"floor":12,"key":"Whetstone"},{"floor":14,"key":"Question Card"},{"floor":23,"key":"Bag of Preparation"},{"floor":25,"key":"Centennial Puzzle"},{"floor":26,"key":"Bottled Tornado"},{"floor":27,"key":"Tiny Chest"},{"floor":36,"key":"Ginger"},{"floor":41,"key":"MealTicket"},{"floor":43,"key":"DataDisk"},{"floor":45,"key":"Akabeko"},{"floor":55,"key":"Symbiotic Virus"}],"event_choices":[{"damage_healed":0,"gold_gain":0,"player_choice":"Success","damage_taken":5,"relics_obtained":["Smiling Mask"],"max_hp_gain":0,"max_hp_loss":0,"event_name":"Scrap Ooze","floor":4,"gold_loss":0},{"damage_healed":0,"gold_gain":0,"player_choice":"Ignored","damage_taken":0,"max_hp_gain":0,"max_hp_loss":0,"event_name":"The Mausoleum","floor":19,"gold_loss":0},{"damage_healed":0,"gold_gain":0,"cards_transformed":["Strike_B"],"player_choice":"Transformed","damage_taken":0,"max_hp_gain":0,"max_hp_loss":0,"event_name":"Transmorgrifier","floor":20,"gold_loss":0,"cards_obtained":["Lockon"]},{"damage_healed":0,"gold_gain":0,"player_choice":"Obtained Relic","damage_taken":0,"relics_obtained":["Happy Flower"],"max_hp_gain":0,"max_hp_loss":0,"event_name":"Addict","floor":22,"gold_loss":85},{"damage_healed":0,"gold_gain":0,"player_choice":"Ignored","damage_taken":0,"max_hp_gain":0,"max_hp_loss":0,"event_name":"Vampires","floor":31,"gold_loss":0},{"damage_healed":0,"gold_gain":0,"player_choice":"Fight","damage_taken":0,"max_hp_gain":0,"max_hp_loss":0,"event_name":"Mysterious Sphere","floor":36,"gold_loss":0},{"damage_healed":0,"gold_gain":0,"player_choice":"Memory 1","damage_taken":0,"max_hp_gain":0,"max_hp_loss":0,"event_name":"SensoryStone","floor":38,"gold_loss":0},{"damage_healed":0,"gold_gain":0,"player_choice":"Copied","damage_taken":0,"max_hp_gain":0,"max_hp_loss":0,"event_name":"Duplicator","floor":39,"gold_loss":0,"cards_obtained":["Biased Cognition"]}],"is_beta":false,"boss_relics":[{"not_picked":["Pandora\u0027s Box","Runic Pyramid"],"picked":"SlaversCollar"},{"not_picked":["Calling Bell","Busted Crown"],"picked":"Sozu"}],"items_purged_floors":[30],"is_endless":false,"potions_floor_spawned":[3,5,10,11,16,18,21,27,29,33,35,41,44],"ascension_level":20}}