{"host":"kqe6w2igxc79vo14","time":1610639081,"event":{"mods":["AchievementEnabler","BaseMod","Downfall","Minty Spire (QoL Compilation)","Quick Restart","StSLib"],"gold_per_floor":[99,115,115,134,134,8,34,34,67,87,413,426,436,436,449,554,554,479,479,246,246,257,54,54,86,11,11,65,81,6,44,64,177,177,177,200,311,324,351,360,360,376,99,99,125,158,158,181,195,195,195,228,78,78,78],"floor_reached":56,"language":"ENG","playtime":6456,"items_purged":["Guardian:Defend_Guardian","Guardian:Defend_Guardian","Guardian:CurlUp","Guardian:ShieldCharger"],"score":1504,"play_id":"62bc0dc3-3ee2-4442-8064-f3007fceca73","local_time":"20210114174441","is_ascension_mode":false,"campfire_choices":[{"data":"Guardian:TwinSlam","floor":1.0,"key":"SMITH"},{"data":"Guardian:EvasiveProtocol","floor":8.0,"key":"SMITH"},{"data":"Guardian:SentryBeam","floor":18.0,"key":"SMITH"},{"floor":26.0,"key":"RECALL"},{"data":"Guardian:Harden","floor":30.0,"key":"SMITH"},{"data":"Guardian:TimeSifter","floor":35.0,"key":"SMITH"},{"data":"Master of Strategy","floor":44.0,"key":"SMITH"},{"data":"Master of Strategy","floor":47.0,"key":"SMITH"},{"data":"Guardian:PiercingHide","floor":54.0,"key":"SMITH"}],"circlet_count":0,"master_deck":["Guardian:Defend_Guardian","Guardian:Defend_Guardian","Guardian:TwinSlam+1","Good Instincts","Guardian:SentryBeam+1","Guardian:BronzeOrb","Guardian:EvasiveProtocol+1","Guardian:Harden+1","Guardian:TemporalStrike","Guardian:TemporalStrike","Guardian:PrimingBeam","Guardian:PiercingHide+1","Guardian:ExploitGems","Guardian:Preprogram+1","Guardian:MultiBeam+1","Guardian:PrismaticBeam+1","Guardian:Recover","Master of Strategy+1","Guardian:ExploitGems","Guardian:TimeSifter+1","Guardian:DecasProtection+1","Master of Strategy+1","Guardian:BronzeOrb"],"relics":["Guardian:ModeShifter","Anchor","Mercury Hourglass","Old Coin","Astrolabe","downfall:HeartBlessingGreen","downfall:RedIOU","Strange Spoon","MutagenicStrength","Akabeko","downfall:HeartBlessingBlue","downfall:KnowingSkull","downfall:HeartBlessingRed","CeramicFish","Bronze Scales","Pear","ClockworkSouvenir","Bag of Preparation","Nunchaku"],"acts_visited":["Exordium","TheCity","TheBeyond","TheEnding"],"potions_floor_usage":[55,55,55],"damage_taken":[{"damage":1.0,"enemies":"Jaw Worm","floor":2.0,"turns":4.0},{"damage":1.0,"enemies":"2 Louse","floor":4.0,"turns":2.0},{"damage":3.0,"enemies":"2 Louse","floor":5.0,"turns":6.0},{"damage":0.0,"enemies":"downfall:FleeingMerchant","floor":6.0,"turns":4.0},{"damage":3.0,"enemies":"3 Sentries","floor":9.0,"turns":7.0},{"damage":0.0,"enemies":"Small Slimes","floor":10.0,"turns":3.0},{"damage":6.0,"enemies":"Lagavulin","floor":11.0,"turns":8.0},{"damage":0.0,"enemies":"Red Slaver","floor":12.0,"turns":3.0},{"damage":0.0,"enemies":"Large Slime","floor":13.0,"turns":4.0},{"damage":0.0,"enemies":"Exordium Thugs","floor":15.0,"turns":4.0},{"damage":0.0,"enemies":"downfall:Watcher","floor":16.0,"turns":8.0},{"damage":0.0,"enemies":"downfall:FleeingMerchant","floor":20.0,"turns":4.0},{"damage":0.0,"enemies":"Spheric Guardian","floor":22.0,"turns":3.0},{"damage":1.0,"enemies":"downfall:FleeingMerchant","floor":23.0,"turns":4.0},{"damage":0.0,"enemies":"Book of Stabbing","floor":25.0,"turns":4.0},{"damage":3.0,"enemies":"Cultist and Chosen","floor":28.0,"turns":4.0},{"damage":0.0,"enemies":"3 Cultists","floor":29.0,"turns":4.0},{"damage":0.0,"enemies":"Gremlin Leader","floor":31.0,"turns":4.0},{"damage":0.0,"enemies":"Shelled Parasite and Fungi","floor":32.0,"turns":3.0},{"damage":0.0,"enemies":"downfall:Defect","floor":33.0,"turns":6.0},{"damage":14.0,"enemies":"3 Shapes","floor":36.0,"turns":4.0},{"damage":1.0,"enemies":"downfall:FleeingMerchant","floor":37.0,"turns":4.0},{"damage":0.0,"enemies":"Orb Walker","floor":38.0,"turns":3.0},{"damage":4.0,"enemies":"Writhing Mass","floor":39.0,"turns":6.0},{"damage":0.0,"enemies":"Transient","floor":42.0,"turns":5.0},{"damage":1.0,"enemies":"Sphere and 2 Shapes","floor":45.0,"turns":3.0},{"damage":0.0,"enemies":"Nemesis","floor":46.0,"turns":5.0},{"damage":0.0,"enemies":"Writhing Mass","floor":48.0,"turns":4.0},{"damage":0.0,"enemies":"4 Shapes","floor":49.0,"turns":4.0},{"damage":0.0,"enemies":"downfall:Ironclad","floor":50.0,"turns":9.0},{"damage":0.0,"enemies":"downfall:CharBossMerchant","floor":52.0,"turns":7.0},{"damage":17,"enemies":"downfall:NeowBoss","floor":55,"turns":24}],"seed_played":"-2228771164192773796","potions_obtained":[{"floor":10.0,"key":"ColorlessPotion"},{"floor":11.0,"key":"sneckomod:MuddlingPotion"},{"floor":15.0,"key":"Energy Potion"},{"floor":46.0,"key":"champ:CounterPotion"}],"is_trial":false,"path_per_floor":["R","M","?","M","?","$","T","R","E","M","E","M","M","?","M","B",null,"R","?","$","?","M","$","T","E","R","?","M","M","R","E","M","B",null,"R","M","$","M","M","?","T","M","$","R","M","E","R","M","M","B",null,"E","$","R","B",null],"character_chosen":"GUARDIAN","items_purchased":["Guardian:BronzeOrb","Guardian:EvasiveProtocol","Strange Spoon","Master of Strategy","Bronze Scales","ClockworkSouvenir"],"campfire_rested":0,"item_purchase_floors":[6,6,20,23,37,43],"current_hp_per_floor":[80,79,79,78,75,75,75,75,72,72,66,66,66,66,66,66,80,80,80,80,80,80,79,79,79,89,81,78,78,78,78,78,78,90,90,76,75,75,71,71,81,81,81,81,80,80,80,80,80,80,100,100,100,100,83],"gold":78,"neow_bonus":"RANDOM_COLORLESS","is_daily":false,"chose_seed":false,"campfire_upgraded":8,"win_rate":0.0,"timestamp":1610639081,"path_taken":["R","M","?","M","?","$","T","R","E","M","E","M","M","?","M","BOSS","R","?","$","?","M","$","T","E","R","?","?","M","R","E","M","BOSS","R","M","$","M","M","?","T","M","$","R","M","E","R","M","M","BOSS","E","$","R","BOSS"],"items_purchased_type":["Card","Card","Relic","Card","Relic","Relic"],"build_version":"2020-12-22","purchased_purges":4,"victory":true,"max_hp_per_floor":[80,80,80,80,80,80,80,80,80,80,80,80,80,80,80,80,80,80,80,80,80,80,80,80,80,90,90,90,90,90,90,90,90,90,90,90,90,90,90,90,100,100,100,100,100,100,100,100,100,100,100,100,100,100,100],"card_choices":[{"not_picked":["expansioncontent:SlimeTackle","expansioncontent:AwakenDeath"],"picked":"Good Instincts","floor":0.0},{"not_picked":["Guardian:ShieldSpikes","Guardian:WalkerClaw","Guardian:PrismaticBarrier"],"picked":"SKIP","floor":2.0},{"not_picked":["Guardian:Incinerate","Guardian:Suspension"],"picked":"Guardian:Gem_White","floor":4.0},{"not_picked":["Guardian:Recover","Guardian:BronzeOrb"],"picked":"Guardian:SentryBeam","floor":6.0},{"not_picked":["Guardian:ShieldSpikes","Guardian:PrismaticBarrier"],"picked":"Guardian:Harden","floor":9.0},{"not_picked":["Guardian:ShieldSpikes","Guardian:MultiBeam"],"picked":"Guardian:TemporalStrike","floor":10.0},{"not_picked":["Guardian:Planning","Guardian:GuardianWhirl"],"picked":"Guardian:TemporalStrike","floor":11.0},{"not_picked":["Guardian:PrismaticBarrier","Guardian:Gem_Crimson","Guardian:Gem_Purple"],"picked":"SKIP","floor":12.0},{"not_picked":["Guardian:Gem_Red","Guardian:Reroute"],"picked":"Guardian:PrimingBeam","floor":13.0},{"not_picked":["Guardian:Reroute","Guardian:WalkerClaw"],"picked":"Guardian:PiercingHide","floor":15.0},{"not_picked":["Guardian:StasisStrike","Guardian:FierceBash"],"picked":"Guardian:ExploitGems","floor":16.0},{"not_picked":["Guardian:Gem_Red","Guardian:PrismaticBarrier"],"picked":"Guardian:Recover","floor":20.0},{"not_picked":["Guardian:MultiBeam+1","Guardian:RollAttack","Guardian:Gem_Lightblue"],"picked":"SKIP","floor":22.0},{"not_picked":["Guardian:PrismaticBarrier","Guardian:TemporalStrike+1","Guardian:Recover+1"],"picked":"SKIP","floor":23.0},{"not_picked":["Guardian:Gem_Blue","Guardian:RollAttack","Guardian:PiercingHide"],"picked":"SKIP","floor":25.0},{"not_picked":["Guardian:RollAttack","Guardian:PiercingHide"],"picked":"Guardian:Gem_Blue","floor":25.0},{"not_picked":["Guardian:TemporalShield","Guardian:TemporalStrike"],"picked":"Guardian:Gem_Red","floor":28.0},{"not_picked":["Guardian:ShieldSpikes+1","Guardian:TemporalShield"],"picked":"Guardian:Gem_Red","floor":29.0},{"not_picked":["Guardian:RefractedBeam","Guardian:Gem_Crimson"],"picked":"Guardian:ExploitGems","floor":31.0},{"not_picked":["Guardian:Planning","Guardian:TemporalShield","Guardian:VentSteam"],"picked":"SKIP","floor":32.0},{"not_picked":["Guardian:ExploitGems","Guardian:FastForward"],"picked":"Guardian:TimeSifter","floor":33.0},{"not_picked":["Guardian:Preprogram+1","Guardian:FloatingOrbs"],"picked":"Guardian:DecasProtection+1","floor":36.0},{"not_picked":["Guardian:Suspension","Guardian:Gem_Cyan"],"picked":"Guardian:Gem_Lightblue","floor":37.0},{"not_picked":["Guardian:Reroute+1","Guardian:Preprogram","Guardian:Gem_Green"],"picked":"SKIP","floor":38.0},{"not_picked":["Guardian:WalkerClaw","Guardian:TemporalStrike"],"picked":"Guardian:ShieldCharger","floor":39.0},{"not_picked":["Guardian:VentSteam","Guardian:Reroute+1","Guardian:PrimingBeam+1"],"picked":"SKIP","floor":42.0},{"not_picked":["Guardian:ChargeCore+1","Guardian:TimeSifter","Guardian:Gem_Green"],"picked":"SKIP","floor":45.0},{"not_picked":["Guardian:ChargeCore+1","Guardian:TimeSifter"],"picked":"Guardian:Gem_Green","floor":45.0},{"not_picked":["Guardian:PiercingHide+1","Guardian:Planning+1","Guardian:Emergency"],"picked":"SKIP","floor":46.0},{"not_picked":["Guardian:Orbwalk","Guardian:TemporalStrike+1"],"picked":"Guardian:BronzeOrb","floor":48.0},{"not_picked":["Guardian:ConstructionForm","Guardian:FloatingOrbs+1","Guardian:Gem_Blue"],"picked":"SKIP","floor":49.0},{"not_picked":["Guardian:Suspension","Guardian:FierceBash","Guardian:Gem_Purple"],"picked":"SKIP","floor":52.0}],"player_experience":905111,"relics_obtained":[{"floor":7.0,"key":"Anchor"},{"floor":9.0,"key":"Mercury Hourglass"},{"floor":11.0,"key":"Old Coin"},{"floor":25.0,"key":"Akabeko"},{"floor":31.0,"key":"CeramicFish"},{"floor":41.0,"key":"Pear"},{"floor":46.0,"key":"Bag of Preparation"},{"floor":52.0,"key":"Nunchaku"}],"event_choices":[{"damage_healed":0.0,"max_hp_gain":0.0,"max_hp_loss":0.0,"gold_gain":0.0,"event_name":"Drug Dealer","player_choice":"Inject Mutagens","floor":21.0,"gold_loss":0.0,"damage_taken":0.0,"relics_obtained":["MutagenicStrength"]},{"damage_healed":0.0,"max_hp_gain":0.0,"max_hp_loss":0.0,"gold_gain":0.0,"event_name":"Duplicator","player_choice":"Copied","floor":40.0,"gold_loss":0.0,"damage_taken":0.0,"cards_obtained":["Master of Strategy"]}],"is_beta":false,"boss_relics":[{"not_picked":["downfall:Hecktoplasm","Sozu"],"picked":"Astrolabe"},{"not_picked":["Pandora\u0027s Box","Runic Dome","Guardian:StasisSlotReductionRelic"]}],"items_purged_floors":[20,37,43,53],"is_endless":false,"potions_floor_spawned":[5,10,11,15,25,29,31,33,42,46,48,49],"ascension_level":0}}