{"host":"e1pm3b7xpcm97e5w","time":1610655884,"event":{"mods":["BaseMod","Better Skull","Googly Eyes","Minty Spire (QoL Compilation)","Relic Stats","Shop Mod","Spicy Shops","StSLib"],"gold_per_floor":[110,122,122,132,148,148,181,181,181,216,216,216,216,55,55,129,129,145,45,65,65,83,83,108,108,108],"floor_reached":25,"language":"ENG","playtime":1135,"items_purged":["Parasite","Strike_R"],"score":424,"play_id":"2536cdd4-6140-4136-81ec-aed6ea433fbb","local_time":"20210114152444","is_ascension_mode":true,"campfire_choices":[{"data":"Bash","floor":6,"key":"SMITH"},{"data":"Metallicize","floor":8,"key":"SMITH"},{"data":"Metallicize","floor":11,"key":"SMITH"},{"data":"Metallicize","floor":13,"key":"SMITH"},{"data":"Flame Barrier","floor":15,"key":"SMITH"},{"data":"True Grit","floor":23,"key":"SMITH"}],"circlet_count":0,"master_deck":["AscendersBane","Defend_R","Defend_R","Defend_R","Defend_R","Bash+1","Metallicize+1","Rage","Metallicize+1","Dropkick","Sword Boomerang","Metallicize+1","Flame Barrier+1","Berserk+1","Demon Form+1","Shrug It Off+1","Blood for Blood+1","True Grit+1","Twin Strike"],"relics":["Burning Blood","Oddly Smooth Stone","Frozen Egg 2","Self Forming Clay","ClockworkSouvenir","Astrolabe","StoneCalendar"],"acts_visited":["Exordium","TheCity"],"potions_floor_usage":[5,24],"damage_taken":[{"damage":1,"enemies":"2 Louse","floor":1,"turns":3},{"damage":8,"enemies":"Cultist","floor":2,"turns":6},{"damage":14,"enemies":"Small Slimes","floor":4,"turns":5},{"damage":22,"enemies":"Exordium Thugs","floor":5,"turns":5},{"damage":14,"enemies":"3 Sentries","floor":7,"turns":14},{"damage":19,"enemies":"Lagavulin","floor":10,"turns":9},{"damage":5,"enemies":"The Guardian","floor":16,"turns":16},{"damage":2,"enemies":"Shell Parasite","floor":18,"turns":7},{"damage":6,"enemies":"Spheric Guardian","floor":20,"turns":6},{"damage":0,"enemies":"Snecko","floor":22,"turns":7},{"damage":71,"enemies":"Slavers","floor":24,"turns":13},{"damage":7,"enemies":"Chosen and Byrds","floor":25,"turns":4}],"seed_played":"9183687989777370317","potions_obtained":[{"floor":1,"key":"SpeedPotion"},{"floor":4,"key":"LiquidBronze"},{"floor":5,"key":"FearPotion"},{"floor":7,"key":"BlessingOfTheForge"},{"floor":20,"key":"DistilledChaos"},{"floor":24,"key":"BlessingOfTheForge"}],"is_trial":false,"path_per_floor":["M","M","?","M","M","R","E","R","T","E","R","?","R","$","R","B",null,"M","$","M","$","M","R","E","M"],"character_chosen":"IRONCLAD","items_purchased":["ClockworkSouvenir"],"campfire_rested":0,"item_purchase_floors":[14],"current_hp_per_floor":[73,71,71,63,47,47,39,39,39,26,26,44,44,44,44,45,65,69,69,69,69,72,72,7,0,0],"gold":108,"neow_bonus":"THREE_CARDS","is_daily":false,"chose_seed":false,"campfire_upgraded":6,"win_rate":0.0,"timestamp":1610655884,"path_taken":["M","M","?","M","?","R","E","R","T","E","R","?","R","$","R","BOSS","M","$","M","$","M","R","E","M"],"items_purchased_type":["Relic"],"build_version":"2020-12-22","purchased_purges":2,"victory":false,"max_hp_per_floor":[75,75,75,75,75,75,75,75,75,75,75,75,75,72,72,72,72,72,72,72,72,72,72,72,72,72],"relic_stats":{"counters":[12,95],"Self Forming Clay":[45],"Astrolabe":["Demon Form","Shrug It Off","Blood for Blood"],"StoneCalendar":[0],"obtain_stats":[{"Self Forming Clay":10,"Astrolabe":17,"Oddly Smooth Stone":7,"StoneCalendar":24,"Frozen Egg 2":9,"Burning Blood":0,"ClockworkSouvenir":14},{"Self Forming Clay":6,"Astrolabe":7,"Oddly Smooth Stone":5,"StoneCalendar":11,"Frozen Egg 2":5,"Burning Blood":0,"ClockworkSouvenir":6},{"Self Forming Clay":42,"Astrolabe":58,"Oddly Smooth Stone":33,"StoneCalendar":91,"Frozen Egg 2":33,"Burning Blood":0,"ClockworkSouvenir":42}],"Burning Blood":63},"card_choices":[{"not_picked":["Evolve","Dark Embrace"],"picked":"Metallicize","floor":0},{"not_picked":["Headbutt","Thunderclap"],"picked":"Rage","floor":1},{"not_picked":["Sentinel","Combust"],"picked":"Metallicize","floor":2},{"not_picked":["Clash","Warcry"],"picked":"Sword Boomerang","floor":4},{"not_picked":["Rupture","Disarm"],"picked":"Metallicize","floor":5},{"not_picked":["Wild Strike","Headbutt"],"picked":"Flame Barrier","floor":7},{"not_picked":["Thunderclap","Anger","Rage"],"picked":"SKIP","floor":10},{"not_picked":["Feed","Limit Break"],"picked":"Berserk+1","floor":16},{"not_picked":["Cleave","Anger"],"picked":"True Grit","floor":18},{"not_picked":["Perfected Strike","Ghostly Armor"],"picked":"Twin Strike","floor":20},{"not_picked":["Clash","Perfected Strike","Battle Trance"],"picked":"SKIP","floor":22},{"not_picked":["Thunderclap","Sword Boomerang","Brutality+1"],"picked":"SKIP","floor":24}],"player_experience":536582,"relics_obtained":[{"floor":7,"key":"Oddly Smooth Stone"},{"floor":9,"key":"Frozen Egg 2"},{"floor":10,"key":"Self Forming Clay"},{"floor":24,"key":"StoneCalendar"}],"event_choices":[{"damage_healed":0,"gold_gain":0,"cards_transformed":["Strike_R"],"player_choice":"Transformed","damage_taken":0,"max_hp_gain":0,"max_hp_loss":0,"event_name":"Transmorgrifier","floor":3,"gold_loss":0,"cards_obtained":["Dropkick"]},{"damage_healed":18,"gold_gain":0,"player_choice":"Healed and dodged fight","damage_taken":0,"max_hp_gain":0,"max_hp_loss":0,"event_name":"Mushrooms","floor":12,"gold_loss":0,"cards_obtained":["Parasite"]}],"is_beta":false,"boss_relics":[{"not_picked":["SacredBark","Philosopher\u0027s Stone"],"picked":"Astrolabe"}],"items_purged_floors":[14,19],"is_endless":false,"potions_floor_spawned":[1,4,5,7,16,20,24],"killed_by":"Chosen and Byrds","ascension_level":17}}