{"host":"xrbutm0tzv4qwo7u","time":1610641411,"event":{"mods":["AchievementEnabler","BaseMod","Colored Map","Colored Powertips","Dark Map","Hermit","Minty Spire (QoL Compilation)","Quick Restart","Rare Cards Sparkle","Relic Stats","StSLib","The Cursed","The Marked"],"gold_per_floor":[118,131,142,317,297,297,314,314,337,363,383,383,40,72,72,171,171,186,186,205,9,9,9],"floor_reached":22,"language":"ENG","playtime":766,"items_purged":[],"score":230,"play_id":"abf4fd06-061f-4ca1-a007-0a6944c053df","local_time":"20210114102331","is_ascension_mode":true,"campfire_choices":[{"floor":6,"key":"RECALL"},{"data":"Seeing Red","floor":12,"key":"SMITH"},{"data":"Fire Breathing","floor":15,"key":"SMITH"}],"circlet_count":0,"master_deck":["Strike_R+1","Strike_R+1","Strike_R","Strike_R","Defend_R","Defend_R","Defend_R","Defend_R","Bash+1","Sever Soul","Seeing Red+1","Pommel Strike","Doubt","Fire Breathing+1","Iron Wave","Battle Trance","Carnage","Offering","True Grit","Offering","Dropkick+1","Wild Strike+1","Violence"],"relics":["Burning Blood","Centennial Puzzle","PreservedInsect","Omamori","SlaversCollar","Whetstone"],"acts_visited":["Exordium","TheCity"],"potions_floor_usage":[11],"damage_taken":[{"damage":1,"enemies":"Cultist","floor":1,"turns":3},{"damage":8,"enemies":"Jaw Worm","floor":2,"turns":3},{"damage":0,"enemies":"2 Louse","floor":3,"turns":1},{"damage":11,"enemies":"Exordium Thugs","floor":7,"turns":5},{"damage":25,"enemies":"3 Sentries","floor":10,"turns":5},{"damage":1,"enemies":"2 Fungi Beasts","floor":11,"turns":4},{"damage":6,"enemies":"Gremlin Nob","floor":14,"turns":2},{"damage":16,"enemies":"Slime Boss","floor":16,"turns":6},{"damage":20,"enemies":"Chosen","floor":18,"turns":5},{"damage":42,"enemies":"Shell Parasite","floor":20,"turns":4},{"damage":35,"enemies":"Shelled Parasite and Fungi","floor":22,"turns":3}],"seed_played":"8701673063141550732","potions_obtained":[{"floor":1,"key":"Weak Potion"},{"floor":2,"key":"Swift Potion"},{"floor":5,"key":"PowerPotion"},{"floor":10,"key":"Block Potion"},{"floor":11,"key":"Dexterity Potion"}],"is_trial":false,"path_per_floor":["M","M","M","?","?","R","M","?","T","E","M","R","$","E","R","B",null,"M","T","M","$","M"],"character_chosen":"IRONCLAD","items_purchased":["PreservedInsect","Carnage","Offering","Violence"],"campfire_rested":0,"item_purchase_floors":[13,13,13,21],"current_hp_per_floor":[80,78,80,80,80,80,75,75,75,56,61,61,61,61,61,51,80,66,66,30,30,0,0],"gold":9,"neow_bonus":"UPGRADE_CARD","is_daily":false,"chose_seed":false,"campfire_upgraded":2,"win_rate":0.0,"timestamp":1610641411,"path_taken":["M","?","M","?","?","R","?","?","T","E","M","R","$","E","R","BOSS","M","?","M","$","?"],"items_purchased_type":["Relic","Card","Card","Card"],"build_version":"2020-12-22","purchased_purges":0,"victory":false,"max_hp_per_floor":[80,80,80,80,80,80,80,80,80,80,80,80,80,80,80,80,80,80,80,80,80,80,80],"relic_stats":{"Centennial Puzzle":[15],"counters":[11,41],"PreservedInsect":21,"Whetstone":["Strike_R","Strike_R"],"obtain_stats":[{"SlaversCollar":17,"Centennial Puzzle":10,"PreservedInsect":13,"Omamori":14,"Whetstone":19,"Burning Blood":0},{"SlaversCollar":8,"Centennial Puzzle":5,"PreservedInsect":6,"Omamori":7,"Whetstone":9,"Burning Blood":0},{"SlaversCollar":29,"Centennial Puzzle":17,"PreservedInsect":21,"Omamori":23,"Whetstone":34,"Burning Blood":0}],"Burning Blood":51},"card_choices":[{"not_picked":["Anger","Evolve"],"picked":"Sever Soul","floor":1},{"not_picked":["Power Through","Spot Weakness"],"picked":"Seeing Red","floor":2},{"not_picked":["Havoc","Fire Breathing"],"picked":"Pommel Strike","floor":3},{"not_picked":["Dual Wield","Wild Strike"],"picked":"Fire Breathing","floor":7},{"not_picked":["Whirlwind","Twin Strike"],"picked":"Iron Wave","floor":10},{"not_picked":["Thunderclap","Cleave"],"picked":"Battle Trance","floor":11},{"not_picked":["Body Slam","Barricade"],"picked":"True Grit","floor":14},{"not_picked":["Brutality","Fiend Fire"],"picked":"Offering","floor":16},{"not_picked":["Pommel Strike","Anger"],"picked":"Dropkick+1","floor":18},{"not_picked":["Ghostly Armor+1","Clothesline"],"picked":"Wild Strike+1","floor":20}],"player_experience":50921,"relics_obtained":[{"floor":10,"key":"Centennial Puzzle"},{"floor":14,"key":"Omamori"},{"floor":19,"key":"Whetstone"}],"event_choices":[{"damage_healed":0,"gold_gain":175,"player_choice":"AGREE","damage_taken":0,"max_hp_gain":0,"max_hp_loss":0,"event_name":"Liars Game","floor":4,"gold_loss":0,"cards_obtained":["Doubt"]},{"damage_healed":0,"gold_gain":0,"player_choice":"Bought 1 Potion","damage_taken":0,"max_hp_gain":0,"max_hp_loss":0,"event_name":"The Woman in Blue","floor":5,"gold_loss":0},{"cards_removed":["Strike_R"],"damage_healed":0,"gold_gain":0,"player_choice":"Purged","damage_taken":0,"max_hp_gain":0,"max_hp_loss":0,"event_name":"Purifier","floor":8,"gold_loss":0}],"is_beta":false,"boss_relics":[{"not_picked":["Runic Dome","Cursed Key"],"picked":"SlaversCollar"}],"items_purged_floors":[],"is_endless":false,"potions_floor_spawned":[1,2,10,11],"killed_by":"Shelled Parasite and Fungi","ascension_level":1}}