{"host":"zghbuvjjzzk6yre0","time":1610635167,"event":{"mods":["2.2 Compatiblity","AchievementEnabler","Act Like it!","Aspiration","BaseMod","Bestiary","Card Forge","ChefMod","Colored Powertips","Conspire","Curses Come First","Custom Start","Halation","Hubris","Minty Spire (QoL Compilation)","Q\u0027s Relics","Quick Restart","Railgun Mod","Reorder Act Four","Replay The Spire","StSLib","Strawberry Spire","Synergy Search","The Cursed","vexMod"],"gold_per_floor":[111,111,127,146,146,175,102,120,146,146,146],"floor_reached":10,"playtime":841,"items_purged":[],"score":68,"play_id":"eb3d2683-1078-46b2-b08f-837749294249","local_time":"20210114153927","is_ascension_mode":false,"campfire_choices":[],"circlet_count":0,"master_deck":["TheCursedMod:Strike_TheCursed","TheCursedMod:Strike_TheCursed","TheCursedMod:Strike_TheCursed","TheCursedMod:Strike_TheCursed","TheCursedMod:Defend_TheCursed","TheCursedMod:Defend_TheCursed","TheCursedMod:Defend_TheCursed","TheCursedMod:Defend_TheCursed","TheCursedMod:CursedWand","TheCursedMod:CleanUpWorkshop","TheCursedMod:Dregs","TheCursedMod:RavingStaff","Injury","TheCursedMod:ReleasedStrength","TheCursedMod:FleshFromBone","TheCursedMod:CleanUpWorkshop","TheCursedMod:CircleOfAbyss","TheCursedMod:SoulReap+1","TheCursedMod:Hemoplague","TheCursedMod:CursedShiv+1"],"relics":["TheCursedMod:BlackMagic101","Hammer of Thor","Seething Fire","Anvil of the Gods","Strawberry","Molten Egg 2","QRelics:ChaosShard"],"acts_visited":["Exordium"],"potions_floor_usage":[10,10,10],"damage_taken":[{"damage":5.0,"enemies":"Cultist","floor":1.0,"turns":4.0},{"damage":3.0,"enemies":"2 Louse","floor":3.0,"turns":2.0},{"damage":7.0,"enemies":"Jaw Worm","floor":4.0,"turns":4.0},{"damage":24,"enemies":"Lagavulin","floor":6,"turns":12},{"damage":17,"enemies":"Looter","floor":8,"turns":3},{"damage":40,"enemies":"Gremlin Nob","floor":10,"turns":4}],"seed_played":"-5916421840965182321","potions_obtained":[{"floor":1.0,"key":"Languid Potion"},{"floor":3.0,"key":"ColorlessPotion"},{"floor":4.0,"key":"TheCursedMod:DregsPotion"}],"is_trial":false,"path_per_floor":["M","?","M","M","?","E","$","M","T","E"],"character_chosen":"THE_CURSED","items_purchased":["TheCursedMod:Hemoplague"],"campfire_rested":0,"item_purchase_floors":[7],"current_hp_per_floor":[77,77,74,67,67,43,43,33,33,0,0],"gold":146,"neow_bonus":"RANDOM_COMMON_RELIC","is_daily":false,"chose_seed":false,"campfire_upgraded":0,"win_rate":0.0,"timestamp":1610635167,"path_taken":["M","?","M","M","?","E","$","M","T","E"],"items_purchased_type":["Card"],"build_version":"2020-12-22","purchased_purges":0,"victory":false,"max_hp_per_floor":[82,82,82,82,82,82,82,82,82,82,82],"card_choices":[{"not_picked":["TheCursedMod:CircleOfFlame","TheCursedMod:EmpowerCircles"],"picked":"TheCursedMod:RavingStaff","floor":1.0},{"not_picked":["TheCursedMod:RavingStaff+1","TheCursedMod:CursedShiv+1"],"picked":"TheCursedMod:ReleasedStrength","floor":3.0},{"not_picked":["TheCursedMod:CursedAmulet","TheCursedMod:WearCloak"],"picked":"TheCursedMod:FleshFromBone","floor":4.0},{"not_picked":["TheCursedMod:ShockAndAwe+1","TheCursedMod:AbyssShockwave+1"],"picked":"TheCursedMod:SoulReap+1","floor":6},{"not_picked":["TheCursedMod:CircleOfFocus","TheCursedMod:Obscuration"],"picked":"TheCursedMod:CursedShiv+1","floor":8}],"player_experience":218071,"relics_obtained":[{"floor":6,"key":"QRelics:ChaosShard"}],"event_choices":[{"damage_healed":0.0,"max_hp_gain":0.0,"max_hp_loss":0.0,"gold_gain":0.0,"event_name":"Match and Keep!","player_choice":"2 cards matched","floor":5.0,"gold_loss":0.0,"damage_taken":0.0,"cards_obtained":["TheCursedMod:CleanUpWorkshop","TheCursedMod:CircleOfAbyss"]}],"is_beta":false,"boss_relics":[],"items_purged_floors":[],"is_endless":false,"potions_floor_spawned":[1,3,4],"killed_by":"Gremlin Nob","ascension_level":0}}