{"host":"jggt5i9rbuoqvque","time":1610585636,"event":{"mods":["BaseMod","Colored Map","Minty Spire (QoL Compilation)","StSLib"],"gold_per_floor":[117,135,60,60,77,106,106,123,123,123,135,135,135,135,135,233,233,248,82,94,94,94],"floor_reached":21,"language":"KOR","playtime":570,"items_purged":["Regret"],"score":226,"play_id":"e83aeed4-036f-43de-aad6-88a11043b830","local_time":"20210114095356","is_ascension_mode":true,"campfire_choices":[{"floor":7.0,"key":"REST"},{"data":"Strike_G","floor":12,"key":"PURGE"},{"floor":15,"key":"REST"}],"circlet_count":0,"master_deck":["Strike_G","Strike_G","Strike_G","Defend_G","Defend_G","Defend_G","Defend_G","Defend_G","Survivor","Neutralize","Deadly Poison","Die Die Die","Prepared","Well Laid Plans","Deadly Poison","Backflip","Crippling Poison","Corpse Explosion","Mayhem","Poisoned Stab"],"relics":["Ring of the Snake","StoneCalendar","Question Card","Peace Pipe","Regal Pillow","SlaversCollar"],"acts_visited":["Exordium","TheCity"],"potions_floor_usage":[11,11,14],"damage_taken":[{"damage":9.0,"enemies":"Jaw Worm","floor":1.0,"turns":5.0},{"damage":9.0,"enemies":"Cultist","floor":2.0,"turns":3.0},{"damage":0.0,"enemies":"Small Slimes","floor":5.0,"turns":3.0},{"damage":38.0,"enemies":"Gremlin Nob","floor":6.0,"turns":5.0},{"damage":9.0,"enemies":"Exordium Thugs","floor":8.0,"turns":4.0},{"damage":0,"enemies":"Blue Slaver","floor":11,"turns":4},{"damage":0,"enemies":"Lots of Slimes","floor":14,"turns":1},{"damage":29,"enemies":"Hexaghost","floor":16,"turns":9},{"damage":16,"enemies":"Spheric Guardian","floor":18,"turns":4},{"damage":22,"enemies":"2 Thieves","floor":20,"turns":3},{"damage":27,"enemies":"Snake Plant","floor":21,"turns":4}],"seed_played":"-4426177928640927716","potions_obtained":[{"floor":1.0,"key":"EssenceOfSteel"},{"floor":2.0,"key":"SteroidPotion"},{"floor":10.0,"key":"FearPotion"},{"floor":10.0,"key":"SmokeBomb"}],"is_trial":false,"path_per_floor":["M","M","$","?","M","E","R","M","T","?","M","R","T","M","R","B",null,"M","$","M","M"],"character_chosen":"THE_SILENT","items_purchased":["Mayhem"],"campfire_rested":2,"item_purchase_floors":[19],"current_hp_per_floor":[61,52,52,52,52,14,35,26,26,26,26,26,26,26,62,33,61,45,45,23,0,0],"gold":94,"neow_bonus":"ONE_RARE_RELIC","is_daily":false,"chose_seed":false,"campfire_upgraded":0,"win_rate":0.0,"timestamp":1610585636,"path_taken":["M","M","$","?","?","E","R","?","T","?","?","R","?","M","R","BOSS","M","$","M","M"],"items_purchased_type":["Card"],"build_version":"2020-12-22","purchased_purges":1,"victory":false,"max_hp_per_floor":[70,70,70,70,70,70,70,70,70,70,70,70,70,70,70,70,70,70,70,70,70,70],"card_choices":[{"not_picked":["Prepared","Dodge and Roll"],"picked":"Deadly Poison","floor":1.0},{"not_picked":["Dodge and Roll","PiercingWail"],"picked":"Die Die Die","floor":2.0},{"not_picked":["Flying Knee","Concentrate"],"picked":"Well Laid Plans","floor":5.0},{"not_picked":["Outmaneuver","Grand Finale"],"picked":"Deadly Poison","floor":6.0},{"not_picked":["Riddle With Holes","Quick Slash","Blade Dance"],"picked":"Backflip","floor":8.0},{"not_picked":["Underhanded Strike","Outmaneuver","Finisher"],"picked":"Crippling Poison","floor":11},{"not_picked":["Burst","Envenom","Night Terror"],"picked":"Corpse Explosion","floor":16},{"not_picked":["Concentrate","Dodge and Roll","Backstab","Cloak And Dagger"],"picked":"SKIP","floor":18},{"not_picked":["Dagger Spray","Masterful Stab","Predator"],"picked":"Poisoned Stab","floor":20}],"player_experience":334705,"relics_obtained":[{"floor":6.0,"key":"Question Card"},{"floor":9.0,"key":"Peace Pipe"},{"floor":13,"key":"Regal Pillow"}],"event_choices":[{"damage_healed":0.0,"max_hp_gain":0.0,"max_hp_loss":0.0,"gold_gain":0.0,"cards_transformed":["Strike_G"],"event_name":"Transmorgrifier","player_choice":"Transformed","floor":4.0,"gold_loss":0.0,"damage_taken":0.0,"cards_obtained":["Prepared"]},{"damage_healed":0.0,"max_hp_gain":0.0,"max_hp_loss":0.0,"gold_gain":0.0,"event_name":"Lab","player_choice":"Got Potions","floor":10.0,"gold_loss":0.0,"damage_taken":0.0}],"is_beta":false,"boss_relics":[{"not_picked":["Pandora\u0027s Box","Black Star"],"picked":"SlaversCollar"}],"items_purged_floors":[3],"is_endless":false,"potions_floor_spawned":[1,2,14],"killed_by":"Snake Plant","ascension_level":5}}