{"host":"hca6liskeo7s99fa","time":1610662615,"event":{"mods":["BaseMod","Downfall","Minty Spire (QoL Compilation)","Replay The Spire","StSLib"],"gold_per_floor":[117,117,130,130,142,176,251,27,51,63,63,88,103,131,131,228,278,288,305,305,142,155,183,183,215,262,262,262,296,316,328,328,427,427,440,440,286,297,297,329,35,65,65,96,114,129,149,0,0,0],"floor_reached":51,"language":"ENG","playtime":4044,"items_purged":["Strike_R"],"score":987,"play_id":"dda4f6a2-1d41-41d8-8282-4f2dee381b16","local_time":"20210114171655","is_ascension_mode":true,"campfire_choices":[{"data":"Inflame","floor":11,"key":"SMITH"},{"data":"ReplayTheSpireMod:Muscle Training","floor":15,"key":"SMITH"},{"data":"Corruption","floor":24,"key":"SMITH"},{"data":"Spot Weakness","floor":28,"key":"SMITH"},{"data":"Dark Embrace","floor":32,"key":"SMITH"},{"data":"Double Tap","floor":49,"key":"SMITH"}],"circlet_count":0,"master_deck":["Strike_R","Strike_R+1","Strike_R","Strike_R","Defend_R+1","Defend_R","Defend_R","Bash+1","Clash+1","Sentinel","Run Through+1","Exhume","Inflame+1","Sentinel+1","Shrug It Off+1","ReplayTheSpireMod:Muscle Training+1","Corruption+1","Inflame","Infernal Blade+1","Reaper","Cleave","Spot Weakness+1","Impervious","Spot Weakness","Dark Embrace+1","Headbutt","Body Slam+1","Exhume","Warcry+1","Impervious","Entrench","Shrug It Off+1","Heavy Blade+1","Double Tap+1","Dark Embrace+1","ReplayReversal"],"relics":["Burning Blood","Replay:Baseball","ClockworkSouvenir","Smiling Mask","Oddly Smooth Stone","HornCleat","Tiny House","ReplayFunnel","Gremlin Horn","Whetstone","SlaversCollar","War Paint","Mango","Membership Card","King of Hearts","Shovel","The Courier","Champion Belt","DollysMirror","Anchor"],"acts_visited":["Exordium","TheCity","TheBeyond"],"potions_floor_usage":[12,12,18,18,22,22,25,25],"damage_taken":[{"damage":7,"enemies":"Jaw Worm","floor":1,"turns":3},{"damage":0,"enemies":"2 Louse","floor":3,"turns":2},{"damage":0,"enemies":"Cultist","floor":5,"turns":2},{"damage":19,"enemies":"Replay:BlueRogue","floor":6,"turns":5},{"damage":6,"enemies":"Looter","floor":10,"turns":3},{"damage":24,"enemies":"Gremlin Nob","floor":12,"turns":4},{"damage":3,"enemies":"Red Slaver","floor":13,"turns":3},{"damage":3,"enemies":"Replay:BlueRogue","floor":14,"turns":5},{"damage":25,"enemies":"Slime Boss","floor":16,"turns":11},{"damage":6,"enemies":"2 Thieves","floor":18,"turns":4},{"damage":14,"enemies":"Shell Parasite","floor":19,"turns":5},{"damage":37,"enemies":"3 Cultists","floor":22,"turns":6},{"damage":41,"enemies":"Gremlin Leader","floor":23,"turns":6},{"damage":15,"enemies":"Slavers","floor":25,"turns":6},{"damage":9,"enemies":"Book of Stabbing","floor":29,"turns":5},{"damage":14,"enemies":"Cultist and Chosen","floor":30,"turns":3},{"damage":10,"enemies":"Centurion and Healer","floor":31,"turns":4},{"damage":4,"enemies":"Champ","floor":33,"turns":6},{"damage":45,"enemies":"3 Darklings","floor":35,"turns":5},{"damage":16,"enemies":"Orb Walker","floor":38,"turns":3},{"damage":26,"enemies":"Reptomancer","floor":40,"turns":4},{"damage":75,"enemies":"Giant Head","floor":42,"turns":7},{"damage":0,"enemies":"Nemesis","floor":44,"turns":5},{"damage":8,"enemies":"Maw","floor":45,"turns":6},{"damage":0,"enemies":"Transient","floor":46,"turns":5},{"damage":21,"enemies":"3 Darklings","floor":47,"turns":3},{"damage":1,"enemies":"Donu and Deca","floor":50,"turns":4}],"seed_played":"1243119807941814469","potions_obtained":[{"floor":5,"key":"sneckomod:MuddlingPotion"},{"floor":6,"key":"Dexterity Potion"},{"floor":10,"key":"Energy Potion"},{"floor":16,"key":"BloodPotion"},{"floor":17,"key":"Block Potion"},{"floor":18,"key":"FearPotion"},{"floor":19,"key":"SpeedPotion"},{"floor":23,"key":"FearPotion"},{"floor":44,"key":"LiquidBronze"},{"floor":45,"key":"LiquidBronze"},{"floor":47,"key":"ElixirPotion"}],"is_trial":false,"path_per_floor":["M","?","M","?","M","E","?","$","T","M","R","E","M","E","R","B",null,"M","M","?","$","M","E","R","E","T","?","R","E","M","M","R","B",null,"M","?","$","M","?","E","$","E","T","E","M","M","M","$","R","B",null],"character_chosen":"IRONCLAD","items_purchased":["ClockworkSouvenir","Reaper","Cleave","War Paint","Entrench","Membership Card","King of Hearts","DollysMirror","Anchor","ReplayReversal"],"campfire_rested":0,"item_purchase_floors":[8,21,21,37,41,41,41,48,48,48],"current_hp_per_floor":[79,63,69,69,75,62,54,54,54,54,54,36,39,42,42,23,85,85,77,77,77,63,55,55,76,76,60,60,65,57,62,62,83,90,51,51,51,41,41,67,67,35,35,41,68,90,104,104,104,104],"gold":0,"neow_bonus":"REMOVE_CARD","is_daily":false,"chose_seed":false,"campfire_upgraded":6,"win_rate":0.0,"timestamp":1610662615,"path_taken":["M","?","M","?","?","E","?","$","T","?","R","E","M","E","R","BOSS","M","M","?","$","M","E","R","E","T","?","R","E","M","M","R","BOSS","M","?","?","?","?","E","$","E","T","E","M","M","M","$","R","BOSS"],"items_purchased_type":["Relic","Card","Card","Relic","Card","Relic","Relic","Relic","Relic","Card"],"build_version":"2020-12-22","purchased_purges":1,"victory":true,"max_hp_per_floor":[80,80,80,80,80,80,80,80,80,80,80,80,80,80,80,80,85,85,85,85,85,85,85,85,85,85,90,90,90,90,90,90,90,90,90,90,90,90,90,104,104,104,104,104,104,104,104,104,104,104],"card_choices":[{"not_picked":["Sword Boomerang","Sever Soul"],"picked":"Clash","floor":1},{"not_picked":["Fire Breathing","True Grit"],"picked":"Sentinel","floor":3},{"not_picked":["Power Through","Havoc"],"picked":"Run Through","floor":5},{"not_picked":["Life Link","Intimidate"],"picked":"Exhume","floor":6},{"not_picked":["Pommel Strike","Shrug It Off"],"picked":"Inflame","floor":10},{"not_picked":["Dropkick","Shrug It Off"],"picked":"Sentinel","floor":12},{"not_picked":["Reckless Charge","Armaments"],"picked":"Shrug It Off","floor":13},{"not_picked":["Perfected Strike","Sword Boomerang"],"picked":"ReplayTheSpireMod:Muscle Training","floor":14},{"not_picked":["Juggernaut","Reaper"],"picked":"Corruption","floor":16},{"not_picked":["Sword Boomerang","ReplayTheSpireMod:Strike From Hell"],"picked":"Cleave","floor":17},{"not_picked":["Armaments","Run Through+1"],"picked":"Inflame","floor":18},{"not_picked":["Warcry","Iron Wave+1"],"picked":"Infernal Blade","floor":19},{"not_picked":["Anger","ReplayTheSpireMod:Strike From Hell"],"picked":"Spot Weakness","floor":22},{"not_picked":["Clash","Perfected Strike"],"picked":"Impervious","floor":23},{"not_picked":["ReplayTheSpireMod:Strike From Hell","Abandon+1"],"picked":"Spot Weakness","floor":25},{"not_picked":["Power Through","ReplayReversal"],"picked":"Dark Embrace","floor":29},{"not_picked":["Iron Wave","Sword Boomerang"],"picked":"Headbutt","floor":30},{"not_picked":["Searing Blow","Replay:Undeath\u0027s Touch"],"picked":"Body Slam+1","floor":31},{"not_picked":["Berserk","Juggernaut"],"picked":"Exhume","floor":33},{"not_picked":["Pommel Strike","Life Link+1","Iron Wave+1"],"picked":"SKIP","floor":35},{"not_picked":["Headbutt","Life Link"],"picked":"Warcry+1","floor":38},{"not_picked":["Searing Blow+1","Rampage+1"],"picked":"Impervious","floor":40},{"not_picked":["Run Through","ReplayTheSpireMod:Strike From Hell+1","Life Link"],"picked":"SKIP","floor":42},{"not_picked":["Clash","Run Through+1"],"picked":"Shrug It Off+1","floor":44},{"not_picked":["Body Slam","Cleave+1"],"picked":"Heavy Blade+1","floor":45},{"not_picked":["Combust+1","Thunderclap","Perfected Strike"],"picked":"SKIP","floor":46},{"not_picked":["Blood for Blood+1","Hemokinesis"],"picked":"Double Tap","floor":47}],"player_experience":262187,"relics_obtained":[{"floor":6,"key":"Replay:Baseball"},{"floor":9,"key":"Smiling Mask"},{"floor":12,"key":"Oddly Smooth Stone"},{"floor":14,"key":"HornCleat"},{"floor":23,"key":"ReplayFunnel"},{"floor":25,"key":"Gremlin Horn"},{"floor":29,"key":"Whetstone"},{"floor":40,"key":"Mango"},{"floor":42,"key":"Shovel"},{"floor":43,"key":"The Courier"},{"floor":44,"key":"Champion Belt"}],"event_choices":[{"damage_healed":0,"gold_gain":0,"player_choice":"Entered Light","damage_taken":16,"max_hp_gain":0,"max_hp_loss":0,"event_name":"Shining Light","floor":2,"gold_loss":0,"cards_upgraded":["Defend_R","Bash"]},{"damage_healed":0,"gold_gain":0,"player_choice":"Forge","damage_taken":0,"max_hp_gain":0,"max_hp_loss":0,"event_name":"Accursed Blacksmith","floor":4,"gold_loss":0,"cards_upgraded":["Clash"]},{"damage_healed":0,"gold_gain":75,"player_choice":"Touch","damage_taken":8,"max_hp_gain":0,"max_hp_loss":0,"event_name":"FaceTrader","floor":7,"gold_loss":0},{"damage_healed":0,"gold_gain":0,"player_choice":"Ignored","damage_taken":0,"max_hp_gain":0,"max_hp_loss":0,"event_name":"Vampires","floor":20,"gold_loss":0},{"damage_healed":0,"gold_gain":0,"player_choice":"Shed Blood","damage_taken":21,"max_hp_gain":5,"max_hp_loss":0,"event_name":"Forgotten Altar","floor":27,"gold_loss":0},{"damage_healed":0,"gold_gain":0,"player_choice":"Ignored","damage_taken":0,"max_hp_gain":0,"max_hp_loss":0,"event_name":"WeMeetAgain","floor":36,"gold_loss":0},{"cards_removed":["Cleave"],"damage_healed":0,"gold_gain":0,"player_choice":"Removed Attack","damage_taken":0,"max_hp_gain":0,"max_hp_loss":0,"event_name":"Falling","floor":39,"gold_loss":0}],"is_beta":false,"boss_relics":[{"not_picked":["Abe\u0027s Treasure","Replay:Ancient Bell"],"picked":"Tiny House"},{"not_picked":["Runic Cube","Coffee Dripper"],"picked":"SlaversCollar"}],"items_purged_floors":[8],"is_endless":false,"potions_floor_spawned":[5,6,10,16,18,19,22,23,44,45,47],"ascension_level":3}}