{"host":"h1l2j95f0ioyx0nx","time":1610634442,"event":{"mods":["AchievementEnabler","Arknights The Spire","Ascension Reborn","BaseMod","BetterRewards","Gold Saver","GungeonMod","Hermit","Lobotomy","Minty Spire (QoL Compilation)","Permanent Neow","Quick Restart","Shop Mod","Spicy Shops","StSLib","The Bug Knight","The Cursed","The Dragon Tamer","The Hierophant","The Jungle","The Poker Player","The Runesmith"],"gold_per_floor":[958,1168,76,92,108,138,138,138,138,157,191,191,214,240,240,365,365,383,424,446,105,119,119,161,2,2,2,32,32,55,175,175,289,289,308,343,362,362,420,450,450,470,470,590,610,65,65,65],"floor_reached":47,"language":"KOR","playtime":5427,"items_purged":["Doubt","Pain"],"score":803,"play_id":"79b15435-9def-413a-9da2-4d6ce273cc2f","local_time":"20210114232722","is_ascension_mode":true,"campfire_choices":[{"floor":12,"key":"RECALL"},{"data":"Runesmith:GrandSlam","floor":15,"key":"SMITH"},{"data":"Runesmith:CreatorForm","floor":23,"key":"SMITH"},{"data":"1","floor":29,"key":"LIFT"},{"data":"Apotheosis","floor":32,"key":"SMITH"},{"data":"Thinking Ahead","floor":41,"key":"SMITH"}],"circlet_count":0,"master_deck":["Runesmith:Defend_RS+1","Runesmith:Defend_RS+1","Runesmith:Defend_RS+1","Runesmith:Defend_RS+1","Runesmith:CraftFirestone+1","Runesmith:Fortify+1","BeautyBeast","Runesmith:HeatedChisel","Runesmith:FissionHammer","Runesmith:GrandSlam+1","Runesmith:RunicBlueprint","Runesmith:BackupBattery","Runesmith:Permafrost","Murderer","Runesmith:FieryHammer+1","Runesmith:BackupBattery","ShyLook","Runesmith:Electrocute","Bloodbath","Runesmith:CraftMagma+1","Rudolta","SpiderBud","Runesmith:FrozenChisel","MHz","Runesmith:PoweredAnvil","BigBird","Runesmith:CreatorForm+1","CurseOfTheBell","SnowQueen","Runesmith:LithiumIon+1","WallGazer","LongBird","Runesmith:Firewall+1","Runesmith:Firestorm","Runesmith:ChargedHammer","Runesmith:GoWithTheFlow","OldLady","Runesmith:ChaoticBlast","DreamingCurrent","Runesmith:NegativeSpace+1","Apotheosis+1","Bite","Bite","Bite","Bite","Bite","DTMod:Observe+1","Mercenary","OSAHOGD","TheCursedMod:CircleOfAbyss","MeltingLove","CENSORED","hermit:EyeOfTheStorm+1","LittlePrince","Master of Strategy","Jack Of All Trades","Thinking Ahead+1","GalaxyChild","DemoMod:HighKaliber+1","Freischutz","Yin","Runesmith:Permafrost","Runesmith:GoWithTheFlow"],"relics":["Runesmith:BrokenRuby","CogitoBucket","Darkstone Periapt","DemoMod:ChaffGrenade","Lantern","DemoMod:MeatBun","Frozen Eye","DemoMod:ClearGuonStone","Bronze Scales","Bird Faced Urn","Odd Mushroom","DemoMod:AgedBell","Calling Bell","Boot","DemoMod:MemoryAlloy","Girya","Red Mask","TreeSap","Medical Kit","MerchantsRug","DemoMod:BlueGuonStone","PrismaticShard","Dream Catcher","Pantograph","Mummified Hand","CaptainsWheel","Letter Opener","DemoMod:PartiallyEatenCheese","Sozu","ChangeAnything","AtMidnight","DemoMod:Orange","Centennial Puzzle","Kunai","Runesmith:EmergencyProvisions","Membership Card","Ice Cream","Strawberry","Lee\u0027s Waffle","Unceasing Top","Potion Belt"],"acts_visited":["Exordium","TheCity","TheBeyond"],"potions_floor_usage":[14,16,16,20,20],"damage_taken":[{"damage":0,"enemies":"Small Slimes","floor":1,"turns":2},{"damage":0,"enemies":"2 Louse","floor":4,"turns":1},{"damage":0,"enemies":"Cultist","floor":5,"turns":2},{"damage":0,"enemies":"Gremlin Nob","floor":6,"turns":2},{"damage":0,"enemies":"Large Slime","floor":10,"turns":3},{"damage":0,"enemies":"HollowMod:MossKnight","floor":11,"turns":2},{"damage":12,"enemies":"3 Louse","floor":13,"turns":2},{"damage":3,"enemies":"The Mushroom Lair","floor":14,"turns":2},{"damage":5,"enemies":"The Guardian","floor":16,"turns":6},{"damage":3,"enemies":"Shell Parasite","floor":18,"turns":4},{"damage":1,"enemies":"Masked Bandits","floor":19,"turns":3},{"damage":75,"enemies":"Snake Plant","floor":20,"turns":8},{"damage":2,"enemies":"Shelled Parasite and Fungi","floor":22,"turns":5},{"damage":11,"enemies":"HollowMod:Nosk","floor":24,"turns":6},{"damage":11,"enemies":"Book of Stabbing","floor":28,"turns":5},{"damage":8,"enemies":"Snecko","floor":30,"turns":5},{"damage":1,"enemies":"Colosseum Slavers","floor":31,"turns":2},{"damage":18,"enemies":"Colosseum Nobs","floor":31,"turns":5},{"damage":35,"enemies":"Collector","floor":33,"turns":7},{"damage":8,"enemies":"3 Shapes","floor":35,"turns":4},{"damage":1,"enemies":"Orb Walker","floor":36,"turns":2},{"damage":2,"enemies":"Jaw Worm Horde","floor":37,"turns":2},{"damage":6,"enemies":"2 Orb Walkers","floor":39,"turns":5},{"damage":8,"enemies":"Nemesis","floor":40,"turns":6},{"damage":59,"enemies":"Transient","floor":42,"turns":5},{"damage":7,"enemies":"Sphere and 2 Shapes","floor":45,"turns":4},{"damage":0,"enemies":"3 Darklings","floor":47,"turns":1}],"seed_played":"7435614454993696745","potions_obtained":[{"floor":4,"key":"Explosive Potion"},{"floor":5,"key":"ColorlessPotion"},{"floor":10,"key":"LiquidBronze"},{"floor":16,"key":"AttackPotion"},{"floor":18,"key":"Block Potion"},{"floor":19,"key":"GamblersBrew"},{"floor":20,"key":"LiquidBronze"},{"floor":24,"key":"DuplicationPotion"},{"floor":31,"key":"PowerPotion"},{"floor":33,"key":"ColorlessPotion"}],"is_trial":false,"path_per_floor":["M","?","$","M","M","E","?","?","T","M","E","R","M","?","R","B",null,"M","?","M","$","M","R","E","$","T","?","E","R","M","?","R","B",null,"M","M","M","?","?","E","R","M","T","?","M","$","M"],"character_chosen":"RUNESMITH_CLASS","items_purchased":["Darkstone Periapt","DemoMod:ChaffGrenade","Lantern","DemoMod:MeatBun","Frozen Eye","Runesmith:FissionHammer","Runesmith:GrandSlam","Runesmith:RunicBlueprint","Runesmith:BackupBattery","Runesmith:Permafrost","Medical Kit","MerchantsRug","Runesmith:Firestorm","Runesmith:ChargedHammer","Runesmith:GoWithTheFlow","PrismaticShard","Apotheosis","Membership Card","Ice Cream","Strawberry","Lee\u0027s Waffle","Runesmith:Permafrost","Unceasing Top","Potion Belt","Runesmith:GoWithTheFlow"],"campfire_rested":0,"item_purchase_floors":[3,3,3,3,3,3,3,3,3,3,21,21,21,21,21,25,25,46,46,46,46,46,46,46,46],"current_hp_per_floor":[74,74,74,74,74,74,67,72,72,74,74,74,63,62,62,67,80,77,80,40,40,52,52,54,54,54,54,80,80,80,80,80,78,80,80,80,80,70,92,92,92,69,69,69,90,112,0,0],"gold":65,"neow_bonus":"","is_daily":false,"chose_seed":false,"campfire_upgraded":4,"win_rate":0.0,"timestamp":1610634442,"path_taken":["M","?","$","M","M","E","?","?","T","M","E","R","M","?","R","BOSS","M","?","M","$","M","R","E","$","T","?","E","R","M","?","R","BOSS","M","?","M","?","?","E","R","M","T","?","M","$","M"],"items_purchased_type":["Relic","Relic","Card","Relic","Relic","Card","Card","Card","Card","Card","Relic","Relic","Card","Card","Card","Relic","Card","Relic","Relic","Relic","Relic","Card","Relic","Relic","Card"],"build_version":"2020-12-22","purchased_purges":2,"victory":false,"max_hp_per_floor":[74,74,74,74,74,74,74,74,74,74,74,74,74,74,74,74,80,80,80,80,80,80,80,80,80,80,80,80,80,80,80,80,80,80,80,80,80,80,92,92,92,92,92,92,92,112,112,112],"card_choices":[{"not_picked":["Wellcheers","OldLady"],"picked":"BeautyBeast","floor":1},{"not_picked":["Runesmith:Overpower","Runesmith:CraftProtectio+1"],"picked":"Runesmith:HeatedChisel","floor":1},{"not_picked":["GreedKing","Wellcheers"],"picked":"Murderer","floor":4},{"not_picked":["Runesmith:Augment+1","Runesmith:MakeshiftArmor"],"picked":"Runesmith:FieryHammer+1","floor":4},{"not_picked":["WallGazer","PunishingBird"],"picked":"CherryBlossoms","floor":5},{"not_picked":["Runesmith:RuneHurl","Runesmith:CraftProtectio"],"picked":"Runesmith:BackupBattery","floor":5},{"not_picked":["MeatLantern","BlackSwan"],"picked":"ShyLook","floor":6},{"not_picked":["Runesmith:NanitesCloud","Runesmith:CraftMagma"],"picked":"Runesmith:Electrocute","floor":6},{"not_picked":["OldLady","Yin"],"picked":"Bloodbath","floor":10},{"not_picked":["Runesmith:HeatExchange+1","Runesmith:Repurpose"],"picked":"Runesmith:CraftMagma+1","floor":10},{"not_picked":["VoidDream","Scorched"],"picked":"Rudolta","floor":11},{"not_picked":["Runesmith:Overpower","Runesmith:Superposition","Runesmith:ShiftingStrike+1"],"picked":"SKIP","floor":11},{"not_picked":["Runesmith:Overpower","Runesmith:Superposition","Runesmith:ShiftingStrike+1"],"picked":"SKIP","floor":11},{"not_picked":["CherryBlossoms","MeatLantern"],"picked":"SpiderBud","floor":13},{"not_picked":["Runesmith:CraftMagma","Runesmith:Grindstone"],"picked":"Runesmith:FrozenChisel","floor":13},{"not_picked":["MeatLantern","DespairKnight"],"picked":"MHz","floor":14},{"not_picked":["Runesmith:HeatedChisel","Runesmith:GrandSlam"],"picked":"Runesmith:PoweredAnvil","floor":14},{"not_picked":["PunishingBird","Scorched"],"picked":"BigBird","floor":16},{"not_picked":["Runesmith:ArcReactor","Runesmith:LightningRod"],"picked":"Runesmith:CreatorForm","floor":16},{"not_picked":["LaLuna","VoidDream"],"picked":"SnowQueen","floor":18},{"not_picked":["Runesmith:Accelerate+1","Runesmith:CraftVitae"],"picked":"Runesmith:LithiumIon+1","floor":18},{"not_picked":["Wellcheers","Mercenary"],"picked":"WallGazer","floor":19},{"not_picked":["CherryBlossoms","Porccubus"],"picked":"LongBird","floor":20},{"not_picked":["Runesmith:BackupBattery+1","Runesmith:Repurpose+1"],"picked":"Runesmith:Firewall+1","floor":20},{"not_picked":["BlackSwan","OSAHOGD"],"picked":"OldLady","floor":22},{"not_picked":["Runesmith:ChiselStab+1","Runesmith:Overpower+1"],"picked":"Runesmith:ChaoticBlast","floor":22},{"not_picked":["GalaxyChild","SilentOrchestra"],"picked":"DreamingCurrent","floor":24},{"not_picked":["Runesmith:MakeshiftArmor","Runesmith:Electrocute"],"picked":"Runesmith:NegativeSpace+1","floor":24},{"not_picked":["Runesmith:ReplicatingBarrier","Twin Strike"],"picked":"DTMod:Observe+1","floor":28},{"not_picked":["hermit:Ricochet+1","Runesmith:RuneHurl+1","Clothesline"],"picked":"SKIP","floor":30},{"not_picked":["hermit:Ricochet+1","Runesmith:RuneHurl+1","Clothesline"],"picked":"SKIP","floor":30},{"not_picked":["HappyTeddy","CrumblingArmor"],"picked":"Mercenary","floor":31},{"not_picked":["Wellcheers","Laetitia"],"picked":"OSAHOGD","floor":33},{"not_picked":["DTMod:FierySynthesis","hierophant:LocustPlague"],"picked":"TheCursedMod:CircleOfAbyss","floor":33},{"not_picked":["Porccubus","SingingMachine"],"picked":"MeltingLove","floor":35},{"not_picked":["DemoMod:HuntsMan+1","HollowMod:HowlingWraiths","TheCursedMod:CursedBlade+1"],"picked":"SKIP","floor":35},{"not_picked":["DemoMod:HuntsMan+1","HollowMod:HowlingWraiths","TheCursedMod:CursedBlade+1"],"picked":"SKIP","floor":35},{"not_picked":["MeatLantern","LittlePrince"],"picked":"CENSORED","floor":36},{"not_picked":["WheelKick+1","DemoMod:SAA+1"],"picked":"hermit:EyeOfTheStorm+1","floor":36},{"not_picked":["FairyFestival","VoidDream"],"picked":"LittlePrince","floor":37},{"not_picked":["Runesmith:RuneHurl+1","Runesmith:BackupBattery","PokerPlayerMod:TheDieIsCast"],"picked":"SKIP","floor":37},{"not_picked":["Runesmith:RuneHurl+1","Runesmith:BackupBattery","PokerPlayerMod:TheDieIsCast"],"picked":"SKIP","floor":37},{"not_picked":["Deep Breath","DemoMod:Invincible"],"picked":"Master of Strategy","floor":38},{"not_picked":["Finesse","Good Instincts"],"picked":"Jack Of All Trades","floor":38},{"not_picked":["Forethought","Purity"],"picked":"Thinking Ahead","floor":38},{"not_picked":["CherryBlossoms","PunishingBird","FairyFestival"],"picked":"Singing Bowl","floor":39},{"not_picked":["NakedNest","Laetitia"],"picked":"GalaxyChild","floor":39},{"not_picked":["HollowMod:BaldurShell+1","HollowMod:VengefulSpirit+1"],"picked":"DemoMod:HighKaliber+1","floor":39},{"not_picked":["LittleHelper","PunishingBird"],"picked":"Freischutz","floor":40},{"not_picked":["Auto Shields+1","hierophant:RustyCrate+1","TheCursedMod:CursedSpellbook+1"],"picked":"SKIP","floor":40},{"not_picked":["BlackSwan","PlagueDoctor"],"picked":"Yin","floor":42},{"not_picked":["HollowMod:SiblingsSouls+1","HollowMod:HowlingWraiths+1","DTMod:SneakAttack+1"],"picked":"SKIP","floor":42},{"not_picked":["HollowMod:SoulStrike+1","HollowMod:NewLittleFool+1","Barrage+1"],"picked":"SKIP","floor":45}],"player_experience":175508,"relics_obtained":[{"floor":6,"key":"DemoMod:ClearGuonStone"},{"floor":9,"key":"Bird Faced Urn"},{"floor":11,"key":"Blood Vial"},{"floor":14,"key":"Odd Mushroom"},{"floor":16,"key":"DemoMod:AgedBell"},{"floor":17,"key":"Boot"},{"floor":17,"key":"DemoMod:MemoryAlloy"},{"floor":17,"key":"Girya"},{"floor":19,"key":"Red Mask"},{"floor":24,"key":"DemoMod:BlueGuonStone"},{"floor":26,"key":"Dream Catcher"},{"floor":26,"key":"Pantograph"},{"floor":28,"key":"Mummified Hand"},{"floor":31,"key":"CaptainsWheel"},{"floor":31,"key":"Letter Opener"},{"floor":33,"key":"DemoMod:PartiallyEatenCheese"},{"floor":35,"key":"AtMidnight"},{"floor":39,"key":"DemoMod:Orange"},{"floor":40,"key":"Centennial Puzzle"},{"floor":43,"key":"Kunai"},{"floor":43,"key":"Runesmith:EmergencyProvisions"}],"event_choices":[{"damage_healed":0,"gold_gain":175,"player_choice":"AGREE","damage_taken":0,"max_hp_gain":0,"max_hp_loss":0,"event_name":"Liars Game","floor":2,"gold_loss":0,"cards_obtained":["Doubt"]},{"damage_healed":0,"gold_gain":0,"player_choice":"Success","damage_taken":7,"relics_obtained":["Bronze Scales"],"max_hp_gain":0,"max_hp_loss":0,"event_name":"Scrap Ooze","floor":7,"gold_loss":0},{"cards_removed":["CherryBlossoms"],"damage_healed":5,"gold_gain":0,"player_choice":"Offered Common","damage_taken":0,"max_hp_gain":0,"max_hp_loss":0,"event_name":"Bonfire Elementals","floor":8,"gold_loss":0},{"cards_removed":["CherryBlossoms"],"damage_healed":5,"gold_gain":0,"player_choice":"Offered Special","damage_taken":0,"max_hp_gain":0,"max_hp_loss":0,"event_name":"Bonfire Elementals","floor":8,"gold_loss":0},{"damage_healed":0,"gold_gain":0,"player_choice":"Fought Mushrooms","damage_taken":0,"max_hp_gain":0,"max_hp_loss":0,"event_name":"Mushrooms","floor":14,"gold_loss":0},{"damage_healed":0,"gold_gain":0,"player_choice":"Fought Bandits","damage_taken":0,"max_hp_gain":0,"max_hp_loss":0,"event_name":"Masked Bandits","floor":19,"gold_loss":0},{"damage_healed":0,"gold_gain":0,"player_choice":"Became a vampire (Vial)","damage_taken":0,"max_hp_gain":0,"max_hp_loss":0,"event_name":"Vampires","floor":27,"relics_lost":["Blood Vial"],"gold_loss":0,"cards_obtained":["Bite","Bite","Bite","Bite","Bite"]},{"damage_healed":0,"gold_gain":0,"player_choice":"Fight","damage_taken":0,"max_hp_gain":0,"max_hp_loss":0,"event_name":"Colosseum","floor":31,"gold_loss":0},{"damage_healed":0,"gold_gain":0,"player_choice":"Fought Nobs","damage_taken":0,"max_hp_gain":0,"max_hp_loss":0,"event_name":"Colosseum","floor":31,"gold_loss":0},{"damage_healed":0,"gold_gain":0,"player_choice":"Memory 3","damage_taken":10,"max_hp_gain":0,"max_hp_loss":0,"event_name":"SensoryStone","floor":38,"gold_loss":0},{"damage_healed":0,"gold_gain":0,"player_choice":"Fight","damage_taken":0,"max_hp_gain":0,"max_hp_loss":0,"event_name":"Mysterious Sphere","floor":39,"gold_loss":0},{"damage_healed":0,"gold_gain":100,"player_choice":"Pray","damage_taken":0,"max_hp_gain":0,"max_hp_loss":0,"event_name":"Golden Shrine","floor":44,"gold_loss":0}],"is_beta":false,"boss_relics":[{"not_picked":["Fusion Hammer","Cursed Key"],"picked":"Calling Bell"},{"not_picked":["Tiny House","Runesmith:PocketReactor"],"picked":"Sozu"}],"items_purged_floors":[3,46],"is_endless":false,"potions_floor_spawned":[4,5,10,13,16,18,19,20,24,31,33,39,40,42],"killed_by":"3 Darklings","ascension_level":0}}