{"host":"04hh9gplt9wkfmr1","time":1610647993,"event":{"mods":["AchievementEnabler","BaseMod","Colored Map","KOR Keyword Fix","Minty Spire (QoL Compilation)","Rare Cards Sparkle","SuperFastMode"],"gold_per_floor":[116,116,116,135,210,210,225,252,252,252,278,278,292,326,326,426,476,492,244,262,186,186,186,186,186],"floor_reached":24,"language":"KOR","playtime":708,"items_purged":[],"score":326,"play_id":"9b329d34-7566-436c-a7e4-93e9dc4f1838","local_time":"20210115031313","is_ascension_mode":true,"campfire_choices":[{"data":"Zap","floor":6,"key":"SMITH"},{"data":"Dualcast","floor":10,"key":"SMITH"},{"data":"Consume","floor":12,"key":"SMITH"},{"floor":15,"key":"REST"},{"data":"Apotheosis","floor":23,"key":"SMITH"}],"circlet_count":0,"master_deck":["Defend_B","Defend_B","Defend_B","Defend_B","Zap+1","Dualcast+1","Ball Lightning","Cold Snap+1","Glacier","Consume+1","Loop","Cold Snap","Echo Form","Heatsinks+1","Apotheosis+1","Defragment","Stack","Seek","Bite","Bite","Bite","Bite","Bite"],"relics":["Cracked Core","Lizard Tail","Peace Pipe","Du-Vu Doll","Bird Faced Urn","Tiny House"],"acts_visited":["Exordium","TheCity"],"potions_floor_usage":[11,18,20,20],"damage_taken":[{"damage":8,"enemies":"Small Slimes","floor":1,"turns":3},{"damage":0,"enemies":"2 Louse","floor":4,"turns":3},{"damage":0,"enemies":"Cultist","floor":7,"turns":2},{"damage":19,"enemies":"3 Sentries","floor":8,"turns":7},{"damage":3,"enemies":"Gremlin Nob","floor":11,"turns":3},{"damage":4,"enemies":"Large Slime","floor":13,"turns":5},{"damage":15,"enemies":"3 Sentries","floor":14,"turns":6},{"damage":0,"enemies":"The Guardian","floor":16,"turns":14},{"damage":7,"enemies":"Spheric Guardian","floor":18,"turns":5},{"damage":22,"enemies":"3 Byrds","floor":20,"turns":5},{"damage":133,"enemies":"Gremlin Leader","floor":24,"turns":6}],"seed_played":"7021812183486870659","potions_obtained":[{"floor":4,"key":"EssenceOfSteel"},{"floor":8,"key":"EssenceOfDarkness"},{"floor":11,"key":"Weak Potion"},{"floor":14,"key":"Energy Potion"},{"floor":17,"key":"SkillPotion"},{"floor":18,"key":"BlessingOfTheForge"}],"is_trial":false,"path_per_floor":["M","?","?","M","?","R","M","E","T","R","E","R","M","E","R","B",null,"M","$","M","$","?","R","E"],"character_chosen":"DEFECT","items_purchased":["Apotheosis","Defragment","Seek"],"campfire_rested":1,"item_purchase_floors":[19,19,21],"current_hp_per_floor":[74,62,62,62,51,51,51,32,32,32,29,29,25,10,34,38,87,82,82,67,67,67,67,0,0],"gold":186,"neow_bonus":"TEN_PERCENT_HP_BONUS","is_daily":false,"chose_seed":false,"campfire_upgraded":4,"win_rate":0.0,"timestamp":1610647993,"path_taken":["M","?","?","?","?","R","M","E","T","R","E","R","M","E","R","BOSS","M","$","M","$","?","R","E"],"items_purchased_type":["Card","Card","Card"],"build_version":"2020-12-22","purchased_purges":0,"victory":false,"max_hp_per_floor":[82,82,82,82,82,82,82,82,82,82,82,82,82,82,82,82,87,87,87,87,87,87,87,87,87],"card_choices":[{"not_picked":["Sweeping Beam","Turbo"],"picked":"Ball Lightning","floor":1},{"not_picked":["Barrage","Leap"],"picked":"Cold Snap","floor":4},{"not_picked":["Steam","Conserve Battery","Steam Power"],"picked":"SKIP","floor":7},{"not_picked":["Machine Learning","Compile Driver"],"picked":"Glacier","floor":8},{"not_picked":["Sweeping Beam","Beam Cell"],"picked":"Consume","floor":11},{"not_picked":["Turbo","Leap"],"picked":"Loop","floor":13},{"not_picked":["Sweeping Beam","Hologram"],"picked":"Cold Snap","floor":14},{"not_picked":["Fission","Machine Learning"],"picked":"Echo Form","floor":16},{"not_picked":["Rebound","Streamline"],"picked":"Heatsinks+1","floor":18},{"not_picked":["Aggregate","Conserve Battery"],"picked":"Stack","floor":20}],"player_experience":29629,"relics_obtained":[{"floor":8,"key":"Peace Pipe"},{"floor":9,"key":"Du-Vu Doll"},{"floor":11,"key":"Bird Faced Urn"},{"floor":14,"key":"Blood Vial"}],"event_choices":[{"damage_healed":0,"gold_gain":0,"player_choice":"Success","damage_taken":12,"relics_obtained":["Lizard Tail"],"max_hp_gain":0,"max_hp_loss":0,"event_name":"Scrap Ooze","floor":2,"gold_loss":0},{"damage_healed":0,"gold_gain":0,"player_choice":"Bought 0 Potions","damage_taken":0,"max_hp_gain":0,"max_hp_loss":0,"event_name":"The Woman in Blue","floor":3,"gold_loss":0},{"damage_healed":0,"gold_gain":75,"player_choice":"Gather Gold","damage_taken":11,"max_hp_gain":0,"max_hp_loss":0,"event_name":"World of Goop","floor":5,"gold_loss":0},{"damage_healed":0,"gold_gain":0,"player_choice":"Became a vampire (Vial)","damage_taken":0,"max_hp_gain":0,"max_hp_loss":0,"event_name":"Vampires","floor":22,"relics_lost":["Blood Vial"],"gold_loss":0,"cards_obtained":["Bite","Bite","Bite","Bite","Bite"]}],"is_beta":false,"boss_relics":[{"not_picked":["Fusion Hammer","Snecko Eye"],"picked":"Tiny House"}],"items_purged_floors":[],"is_endless":false,"potions_floor_spawned":[4,8,11,14,18],"killed_by":"Gremlin Leader","ascension_level":3}}