{"host":"04hh9gplt9wkfmr1","time":1610649976,"event":{"mods":["AchievementEnabler","BaseMod","Colored Map","KOR Keyword Fix","Minty Spire (QoL Compilation)","Rare Cards Sparkle","SuperFastMode"],"gold_per_floor":[115,115,126,126,136,136,170,181,181,181,207,207,207,207],"floor_reached":13,"language":"KOR","playtime":342,"items_purged":[],"score":112,"play_id":"44cb3fda-5cd6-4656-abb4-f93113643cb7","local_time":"20210115034616","is_ascension_mode":true,"campfire_choices":[{"data":"Bouncing Flask","floor":6,"key":"SMITH"},{"floor":10,"key":"REST"}],"circlet_count":0,"master_deck":["Strike_G","Strike_G","Strike_G","Strike_G","Defend_G","Defend_G","Defend_G","Defend_G","Defend_G","Survivor","Neutralize","PiercingWail","Bouncing Flask+1","A Thousand Cuts","Doppelganger","Injury"],"relics":["Ring of the Snake","Snake Skull","Blood Vial","Pantograph","Golden Idol"],"acts_visited":["Exordium"],"potions_floor_usage":[7,11,13],"damage_taken":[{"damage":1,"enemies":"Jaw Worm","floor":1,"turns":4},{"damage":4,"enemies":"Small Slimes","floor":3,"turns":6},{"damage":10,"enemies":"2 Louse","floor":5,"turns":3},{"damage":52,"enemies":"3 Sentries","floor":7,"turns":12},{"damage":2,"enemies":"Exordium Wildlife","floor":8,"turns":5},{"damage":19,"enemies":"Gremlin Nob","floor":11,"turns":4},{"damage":15,"enemies":"3 Sentries","floor":13,"turns":2}],"seed_played":"19142026640318932","potions_obtained":[{"floor":1,"key":"Poison Potion"},{"floor":7,"key":"AttackPotion"},{"floor":11,"key":"CunningPotion"}],"is_trial":false,"path_per_floor":["M","?","M","?","M","R","E","M","T","R","E","?","E"],"character_chosen":"THE_SILENT","items_purchased":[],"campfire_rested":1,"item_purchase_floors":[],"current_hp_per_floor":[76,69,65,70,60,60,8,6,6,30,13,13,0,0],"gold":207,"neow_bonus":"TEN_PERCENT_HP_BONUS","is_daily":false,"chose_seed":false,"campfire_upgraded":1,"win_rate":0.0,"timestamp":1610649976,"path_taken":["M","?","M","?","M","R","E","M","T","R","E","?","E"],"items_purchased_type":[],"build_version":"2020-12-22","purchased_purges":0,"victory":false,"max_hp_per_floor":[77,77,77,82,82,82,82,82,82,82,82,82,82,82],"card_choices":[{"not_picked":["Heel Hook","Slice"],"picked":"PiercingWail","floor":1},{"not_picked":["Choke","Riddle With Holes"],"picked":"Bouncing Flask","floor":3},{"not_picked":["Blade Dance","Acrobatics","Outmaneuver"],"picked":"SKIP","floor":5},{"not_picked":["Dash","Heel Hook"],"picked":"A Thousand Cuts","floor":7},{"not_picked":["Distraction","Dagger Spray","Dagger Throw"],"picked":"SKIP","floor":8},{"not_picked":["Expertise","Heel Hook"],"picked":"Doppelganger","floor":11}],"player_experience":31816,"relics_obtained":[{"floor":7,"key":"Snake Skull"},{"floor":9,"key":"Blood Vial"},{"floor":11,"key":"Pantograph"}],"event_choices":[{"cards_removed":["Strike_G"],"damage_healed":0,"gold_gain":0,"player_choice":"Card Removal","damage_taken":7,"max_hp_gain":0,"max_hp_loss":0,"event_name":"Golden Wing","floor":2,"gold_loss":0},{"damage_healed":0,"gold_gain":0,"player_choice":"Donut","damage_taken":0,"max_hp_gain":5,"max_hp_loss":0,"event_name":"Big Fish","floor":4,"gold_loss":0},{"damage_healed":0,"gold_gain":0,"player_choice":"Take Wound","damage_taken":0,"relics_obtained":["Golden Idol"],"max_hp_gain":0,"max_hp_loss":0,"event_name":"Golden Idol","floor":12,"gold_loss":0,"cards_obtained":["Injury"]}],"is_beta":false,"boss_relics":[],"items_purged_floors":[],"is_endless":false,"potions_floor_spawned":[1,7,11],"killed_by":"3 Sentries","ascension_level":4}}