{"host":"Planeswalker","time":1610589456,"event":{"mods":["BaseMod","Downfall","Friendly Minions","GifTheSpireLib","Hermit","Minty Spire (QoL Compilation)","Replay The Spire","SOS???????","Shop Mod","StSLib","The Bladedancer","The Cursed","The Hierophant","The Mystic","The Necromancer"],"gold_per_floor":[118,78,98,111,128,128,146,158,158,158,158,172,183,213,213,213,213],"floor_reached":16,"language":"ENG","playtime":1049,"items_purged":[],"score":106,"play_id":"0e25551a-c6f7-4863-bcf1-0f2567123269","local_time":"20210113185736","is_ascension_mode":false,"campfire_choices":[{"data":"TheCursedMod:SoulReap","floor":6,"key":"SMITH"},{"floor":10,"key":"REST"},{"floor":15,"key":"DIG"}],"circlet_count":0,"master_deck":["TheCursedMod:Strike_TheCursed","TheCursedMod:Strike_TheCursed","TheCursedMod:Strike_TheCursed","TheCursedMod:Strike_TheCursed","TheCursedMod:Defend_TheCursed","TheCursedMod:Defend_TheCursed","TheCursedMod:Defend_TheCursed","TheCursedMod:Defend_TheCursed","TheCursedMod:CursedWand","TheCursedMod:CleanUpWorkshop","TheCursedMod:Dregs","TheCursedMod:SpitefulPray","TheCursedMod:CircleOfAmplification","TheCursedMod:SoulReap+1","TheCursedMod:AntiAging","TheCursedMod:Torture","TheCursedMod:CircleOfCorruption","TheCursedMod:Wield","TheCursedMod:DemonicPact"],"relics":["SlaversCollar","Replay:Multitool","Eternal Feather","Chameleon Ring","Replay:PocketPolymizer"],"acts_visited":["Exordium"],"potions_floor_usage":[3,14,16,16],"damage_taken":[{"damage":2,"enemies":"Jaw Worm","floor":1,"turns":5},{"damage":13,"enemies":"Cultist","floor":3,"turns":7},{"damage":0,"enemies":"2 Louse","floor":4,"turns":4},{"damage":26,"enemies":"Lots of Slimes","floor":5,"turns":8},{"damage":18,"enemies":"Large Slime","floor":7,"turns":8},{"damage":17,"enemies":"Red Slaver","floor":8,"turns":6},{"damage":11,"enemies":"3 Louse","floor":12,"turns":4},{"damage":5,"enemies":"Looter","floor":13,"turns":3},{"damage":44,"enemies":"3 Sentries","floor":14,"turns":11},{"damage":31,"enemies":"Hexaghost","floor":16,"turns":9}],"seed_played":"380537268132346537","potions_obtained":[{"floor":2,"key":"EssenceOfSteel"},{"floor":2,"key":"Elixir"},{"floor":2,"key":"Death Potion"},{"floor":8,"key":"SpeedPotion"},{"floor":12,"key":"EntropicBrew"},{"floor":14,"key":"Regen Potion"}],"is_trial":false,"path_per_floor":["M","?","M","M","M","R","M","M","T","R","?","M","M","E","R","B"],"character_chosen":"THE_CURSED","items_purchased":[],"campfire_rested":1,"item_purchase_floors":[],"current_hp_per_floor":[73,73,60,60,34,34,23,15,15,38,38,34,36,1,10,0,0],"gold":213,"neow_bonus":"BOSS_RELIC","is_daily":false,"chose_seed":false,"campfire_upgraded":1,"win_rate":0.0,"timestamp":1610589456,"path_taken":["M","?","M","?","M","R","M","M","T","R","?","M","?","E","R","BOSS"],"items_purchased_type":[],"build_version":"2020-11-17","purchased_purges":0,"victory":false,"max_hp_per_floor":[75,75,75,75,75,75,75,77,77,77,77,77,77,79,79,81,81],"card_choices":[{"not_picked":["TheCursedMod:VitalStrike","TheCursedMod:RapidMovement"],"picked":"TheCursedMod:CursedArmor","floor":1},{"not_picked":["TheCursedMod:FleshFromBone","TheCursedMod:StingEye"],"picked":"TheCursedMod:SpitefulPray","floor":3},{"not_picked":["TheCursedMod:BlessingInDisguise","TheCursedMod:Obscuration"],"picked":"TheCursedMod:CircleOfAmplification","floor":4},{"not_picked":["TheCursedMod:CursedShiv","TheCursedMod:Stigma"],"picked":"TheCursedMod:SoulReap","floor":5},{"not_picked":["TheCursedMod:CursedMace","TheCursedMod:CircleOfFlame"],"picked":"TheCursedMod:AntiAging","floor":7},{"not_picked":["TheCursedMod:VitalStrike","TheCursedMod:RapidMovement"],"picked":"TheCursedMod:Torture","floor":8},{"not_picked":["TheCursedMod:CursedBlade","TheCursedMod:Stigma"],"picked":"TheCursedMod:CircleOfCorruption","floor":12},{"not_picked":["TheCursedMod:TacticalStrike","TheCursedMod:SmokeScreen"],"picked":"TheCursedMod:Wield","floor":13},{"not_picked":["TheCursedMod:SpreadPlague","TheCursedMod:CircleOfFlame"],"picked":"TheCursedMod:DemonicPact","floor":14}],"player_experience":11244,"relics_obtained":[{"floor":9,"key":"Replay:Multitool"},{"floor":14,"key":"Chameleon Ring"},{"floor":15,"key":"Replay:PocketPolymizer"}],"event_choices":[{"damage_healed":0,"gold_gain":0,"player_choice":"Bought 3 Potions","damage_taken":0,"max_hp_gain":0,"max_hp_loss":0,"event_name":"The Woman in Blue","floor":2,"gold_loss":0},{"cards_removed":["TheCursedMod:CursedArmor"],"damage_healed":0,"gold_gain":0,"player_choice":"Gave Card","damage_taken":0,"relics_obtained":["Eternal Feather"],"max_hp_gain":0,"max_hp_loss":0,"event_name":"WeMeetAgain","floor":11,"gold_loss":0}],"is_beta":true,"boss_relics":[],"items_purged_floors":[],"is_endless":false,"potions_floor_spawned":[8,12,14],"killed_by":"Hexaghost","ascension_level":0}}