{"host":"lcnwkjlokfwcnxxu","time":1610613861,"event":{"mods":["BaseMod","Colored Map","Duelist Mod","GifTheSpireLib","Minty Spire (QoL Compilation)","Quick Restart","Replay The Spire","StSLib"],"gold_per_floor":[140,158,173,22,0,0,175,175,175,202,220,233,107,107,34,131,181,201,101,118,130,130,130,163,38,38,54,54,81,181,31,31,132,132,146,146,159,83,93,93,128,128,128,128,143,143,143,143,143,143],"floor_reached":51,"language":"ENG","playtime":3871,"items_purged":["Doubt","theDuelist:BeaverWarrior","theDuelist:BeaverWarrior","theDuelist:CurseAging"],"score":686,"play_id":"139af167-739c-48a8-b44c-0e1f892f7a43","local_time":"20210114004421","is_ascension_mode":false,"campfire_choices":[{"data":"theDuelist:Blockman","floor":6.0,"key":"SMITH"},{"data":"theDuelist:DoubleTool","floor":8.0,"key":"SMITH"},{"data":"theDuelist:RainbowKuriboh","floor":23.0,"key":"SMITH"},{"data":"theDuelist:LightningBlade","floor":28.0,"key":"SMITH"},{"floor":40,"key":"REST"},{"floor":44,"key":"REST"}],"circlet_count":0,"master_deck":["theDuelist:GiantSoldier","theDuelist:CombinationAttack","theDuelist:ScrapFactory","theDuelist:DoubleTool+1","theDuelist:FinalFlame","theDuelist:RainbowKuriboh+1","theDuelist:Blockman+1","theDuelist:MeteorDestruction","theDuelist:ForbiddenLance","theDuelist:WingedKuribohLv9+1","theDuelist:Sparks+1","theDuelist:CastleWalls","theDuelist:RainbowOverdragon+1","theDuelist:GiantSoldier","theDuelist:Eva+1","theDuelist:LightningBlade+1","theDuelist:EarthquakeGiant+1","theDuelist:AncientGearFist","theDuelist:CastleWalls","theDuelist:PreventRat","theDuelist:RainbowNeos+1","theDuelist:KamionTimelord","Mind Blast+1","Decay","theDuelist:SilentDoom+2","theDuelist:HappyLover","theDuelist:RainbowKuriboh+1","theDuelist:Nameless:Power:ForbiddenLance+1","theDuelist:CurseDarkness","theDuelist:CurseArmaments","theDuelist:Nameless:Magic:GracefulCharity"],"relics":["theDuelist:MillenniumPuzzle","theDuelist:CardPoolRelic","theDuelist:CardPoolBasicRelic","theDuelist:BoosterPackPoolRelic","theDuelist:CardPoolAddRelic","theDuelist:CardPoolMinusRelic","theDuelist:CardPoolSaveRelic","theDuelist:CardPoolOptionsRelic","theDuelist:DuelistPrismaticShard","Another Sword","Replay:Multitool","theDuelist:NamelessPowerRelicA","Tiny House","Gambling Chip","Counterbalance","Iron Hammer","FossilizedHelix","theDuelist:MillenniumCoin","Frozen Eye","theDuelist:ElectricKey","Mummified Hand","ReplayTheSpireMod:Shallot"],"acts_visited":[],"potions_floor_usage":[41,50,50,50],"damage_taken":[{"damage":0.0,"enemies":"Jaw Worm","floor":1.0,"turns":4.0},{"damage":0.0,"enemies":"Small Slimes","floor":2.0,"turns":5.0},{"damage":0.0,"enemies":"Cultist","floor":3.0,"turns":3.0},{"damage":0.0,"enemies":"Looter","floor":5.0,"turns":4.0},{"damage":9.0,"enemies":"Lagavulin","floor":10.0,"turns":7.0},{"damage":0.0,"enemies":"Exordium Thugs","floor":11.0,"turns":6.0},{"damage":0.0,"enemies":"Large Slime","floor":12.0,"turns":7.0},{"damage":23.0,"enemies":"Fading Forest","floor":16.0,"turns":11.0},{"damage":8.0,"enemies":"2 Thieves","floor":18.0,"turns":4.0},{"damage":0.0,"enemies":"Shell Parasite","floor":20.0,"turns":3.0},{"damage":0.0,"enemies":"Cultist and Chosen","floor":21.0,"turns":6.0},{"damage":0.0,"enemies":"Gremlin Leader","floor":24.0,"turns":10.0},{"damage":0.0,"enemies":"Centurion and Healer","floor":27.0,"turns":6.0},{"damage":18.0,"enemies":"Slavers","floor":29.0,"turns":4.0},{"damage":5.0,"enemies":"Collector","floor":33.0,"turns":11.0},{"damage":0,"enemies":"Orb Walker","floor":35,"turns":4},{"damage":18,"enemies":"3 Shapes","floor":37,"turns":4},{"damage":50,"enemies":"Spire Growth","floor":39,"turns":5},{"damage":24,"enemies":"Giant Head","floor":41,"turns":7},{"damage":0,"enemies":"Transient","floor":45,"turns":5},{"damage":63,"enemies":"Donu and Deca","floor":50,"turns":12}],"seed_played":"4079558628794505250","potions_obtained":[{"floor":2.0,"key":"theDuelist:EarthBottle"},{"floor":10.0,"key":"Elixir"},{"floor":16.0,"key":"ColorlessPotion"},{"floor":17.0,"key":"PowerPotion"},{"floor":21.0,"key":"theDuelist:OrbBottle"},{"floor":37,"key":"Energy Potion"},{"floor":39,"key":"AttackPotion"},{"floor":45,"key":"Swift Potion"}],"is_trial":false,"path_per_floor":["M","M","M","$","M","R","?","R","T","E","M","M","$","?","R","B",null,"M","$","M","M","?","R","E","$","T","M","R","E","?","$","R","B",null,"M","?","M","$","M","R","E","R","T","R","M","?","?","$","R","B",null],"character_chosen":"THE_DUELIST","items_purchased":["theDuelist:DuelistPrismaticShard","theDuelist:RainbowNeos","theDuelist:FreezingPotion"],"campfire_rested":2,"item_purchase_floors":[4,13,38],"current_hp_per_floor":[88,88,88,88,88,88,88,88,88,79,79,79,79,79,79,56,93,85,85,85,85,85,85,85,85,85,85,85,67,67,67,67,62,93,93,93,75,75,25,52,28,55,55,82,82,82,82,82,93,30],"gold":143,"neow_bonus":"TEN_PERCENT_HP_BONUS","is_daily":false,"chose_seed":false,"campfire_upgraded":4,"win_rate":0.0,"timestamp":1610613861,"path_taken":["M","M","M","$","M","R","?","R","T","E","M","M","$","?","R","BOSS","M","$","M","M","?","R","E","$","T","?","R","E","?","?","R","BOSS","M","?","M","?","M","R","E","R","T","R","?","?","?","$","R","BOSS"],"items_purchased_type":["Relic","Card","Potion"],"build_version":"2020-12-22","purchased_purges":4,"victory":true,"max_hp_per_floor":[88,88,88,88,88,88,88,88,88,88,88,88,88,88,88,88,93,93,93,93,93,93,93,93,93,93,93,93,93,93,93,93,93,93,93,93,93,93,93,93,93,93,93,93,93,93,93,93,93,93],"card_choices":[{"not_picked":["theDuelist:Fissure","theDuelist:GaiaMidNightSun","theDuelist:Mathematician","theDuelist:ForbiddenLance"],"picked":"theDuelist:Blockman","floor":1.0},{"not_picked":["theDuelist:FrontierWiseman","theDuelist:BlackPendant","theDuelist:Tuningware","theDuelist:BattleOx"],"picked":"theDuelist:PreventRat","floor":2.0},{"not_picked":["theDuelist:SpellShatteringArrow","theDuelist:Hinotama","theDuelist:CoreBlaster","theDuelist:BigFire"],"picked":"theDuelist:CombinationAttack","floor":3.0},{"not_picked":["theDuelist:SpiritHarp","theDuelist:Eva","theDuelist:DarkBurningAttack","theDuelist:CoreBlaster"],"picked":"theDuelist:DoubleTool","floor":5.0},{"not_picked":["theDuelist:CrystalRaigeki","theDuelist:FuryFire"],"picked":"theDuelist:ForbiddenLance","floor":10.0},{"not_picked":["theDuelist:Electrowhip","theDuelist:SphereKuriboh","theDuelist:TyrantWing"],"picked":"theDuelist:ElectromagneticShield","floor":11.0},{"not_picked":["theDuelist:ApprenticeIllusionMagician","theDuelist:MillenniumShield","theDuelist:CharcoalInpachi","theDuelist:CircleFireKings","theDuelist:PineappleBlast"],"picked":"SKIP","floor":12.0},{"not_picked":["theDuelist:Wildfire","theDuelist:FeatherShot","theDuelist:MillenniumShield","theDuelist:Mathematician"],"picked":"theDuelist:LightningBlade","floor":16.0},{"not_picked":["theDuelist:SpellShatteringArrow","theDuelist:BigFire","theDuelist:DarkBurningAttack","theDuelist:AfterTheStorm"],"picked":"theDuelist:MeteorDestruction","floor":17.0},{"not_picked":["theDuelist:Fissure","theDuelist:HaneHane","theDuelist:PreventRat","theDuelist:DarkFactory"],"picked":"theDuelist:EarthquakeGiant+1","floor":18.0},{"not_picked":["theDuelist:DoubleTool","theDuelist:RainbowNeos","theDuelist:SilverApples","theDuelist:GravityAxe"],"picked":"theDuelist:Eva+1","floor":20.0},{"not_picked":["theDuelist:KamionTimelord","theDuelist:HappyLover","theDuelist:Eva","theDuelist:RainbowOverdragon"],"picked":"theDuelist:RainbowKuriboh","floor":21.0},{"not_picked":["theDuelist:BlueBloodedOni","theDuelist:GreenGraveOni+1","theDuelist:GreyGreedOni+1","theDuelist:RedHeadedOni"],"picked":"theDuelist:RainbowOverdragon+1","floor":24.0},{"not_picked":["theDuelist:WormKing","theDuelist:RainbowOverdragon","theDuelist:ScrapFactory","theDuelist:HeavyStorm+1"],"picked":"theDuelist:WingedKuribohLv9","floor":27.0},{"not_picked":["theDuelist:WhiteHowling","theDuelist:ImperialOrder+1","theDuelist:Electrowhip","theDuelist:MiraculousDescent"],"picked":"SKIP","floor":29.0},{"not_picked":["theDuelist:HappyLover","theDuelist:Eva","theDuelist:RainbowKuriboh","theDuelist:RainbowOverdragon"],"picked":"theDuelist:KamionTimelord","floor":33.0},{"not_picked":["Magnetism","Master of Strategy+1","Secret Technique"],"picked":"Mind Blast+1","floor":35},{"not_picked":["Bandage Up","Finesse","HandOfGreed","Master of Strategy"],"picked":"SKIP","floor":37},{"not_picked":["theDuelist:BreakDraw+1","theDuelist:ForbiddenLance+1"],"picked":"theDuelist:SilentDoom+2","floor":39},{"not_picked":["theDuelist:KamionTimelord+1","theDuelist:FrontierWiseman+1","theDuelist:SpiritHarp+1","theDuelist:Mathematician+1"],"picked":"theDuelist:HappyLover","floor":41},{"not_picked":["theDuelist:Eva","theDuelist:HappyLover+1","theDuelist:RainbowNeos","theDuelist:RainbowOverdragon"],"picked":"theDuelist:RainbowKuriboh+1","floor":45}],"player_experience":55209,"relics_obtained":[{"floor":9.0,"key":"Another Sword"},{"floor":10.0,"key":"Replay:Multitool"},{"floor":24.0,"key":"Counterbalance"},{"floor":26.0,"key":"Iron Hammer"},{"floor":29.0,"key":"FossilizedHelix"},{"floor":41,"key":"Mummified Hand"},{"floor":43,"key":"ReplayTheSpireMod:Shallot"}],"event_choices":[{"damage_healed":0.0,"max_hp_gain":0.0,"max_hp_loss":0.0,"gold_gain":175.0,"event_name":"Liars Game","player_choice":"AGREE","floor":7.0,"gold_loss":0.0,"damage_taken":0.0,"cards_obtained":["Doubt"]},{"damage_healed":0.0,"max_hp_gain":0.0,"max_hp_loss":0.0,"gold_gain":0.0,"event_name":"Living Wall","player_choice":"Grow","floor":14.0,"gold_loss":0.0,"damage_taken":0.0,"cards_upgraded":["theDuelist:RainbowNeos"]},{"power_reward":2.0,"total_magic_score":74.0,"gold_gain":0.0,"duelist":true,"damage_taken":0.0,"relics_obtained":["theDuelist:NamelessPowerRelicA"],"points":4.0,"max_hp_gain":0.0,"max_hp_loss":0.0,"spent_points":{"magic":2.0,"greed":0.0,"war":0.0,"power":2.0,"hunger":0.0},"event_name":"Nameless Tomb","floor":15.0,"gold_loss":73.0,"cards_obtained":[]},{"damage_healed":0.0,"max_hp_gain":0.0,"max_hp_loss":0.0,"gold_gain":0.0,"event_name":"The Mausoleum","player_choice":"Opened","floor":22.0,"gold_loss":0.0,"damage_taken":0.0,"relics_obtained":["Gambling Chip"]},{"damage_healed":0.0,"max_hp_gain":0.0,"max_hp_loss":0.0,"gold_gain":0.0,"event_name":"Millennium Items","player_choice":"Took item - Received: Millennium Coin","duelist":true,"floor":30.0,"gold_loss":0.0,"damage_taken":0.0},{"damage_healed":0,"gold_gain":0,"player_choice":"Cursed","damage_taken":0,"max_hp_gain":0,"max_hp_loss":0,"event_name":"Wheel of Change","floor":36,"gold_loss":0,"cards_obtained":["Decay"]},{"power_reward":4,"total_magic_score":99,"gold_gain":0,"duelist":true,"damage_taken":0,"relics_obtained":[],"points":6,"max_hp_gain":0,"max_hp_loss":0,"spent_points":{"magic":2,"greed":0,"war":0,"power":4,"hunger":0},"event_name":"Nameless Tomb","floor":46,"gold_loss":0,"magic_reward":2,"cards_obtained":["theDuelist:Nameless:Power:ForbiddenLance","theDuelist:Nameless:Magic:GracefulCharity","theDuelist:CurseDarkness","theDuelist:CurseArmaments"]},{"cards_removed":["theDuelist:ElectromagneticShield"],"damage_healed":0,"gold_gain":0,"player_choice":"Removed Power","damage_taken":0,"max_hp_gain":0,"max_hp_loss":0,"event_name":"Falling","floor":47,"gold_loss":0}],"is_beta":false,"boss_relics":[{"not_picked":["HoveringKite","Snecko Eye"],"picked":"Tiny House"},{"not_picked":["Replay:Ancient Bell","Replay:Bronze Core"],"picked":"theDuelist:ElectricKey"}],"items_purged_floors":[13,19,25,31],"is_endless":false,"potions_floor_spawned":[2,10,16,21,27,37,39,45],"ascension_level":0}}