{"host":"esx1hwjnbftf3eqj","time":1610640221,"event":{"mods":["AchievementEnabler","BaseMod","Colored Map","Minty Spire (QoL Compilation)","StSLib","The Jungle"],"gold_per_floor":[110,110,121,141,152,152,182,182,206,87,37,112,112,124,124,221,221,241,256,256,58,73,73,87,99,99,49,61,80,99,112,112,217,217,230,248,128,144,164,164,177,177,177,177,177,194,206,156,156,156],"floor_reached":51,"language":"ENG","playtime":1406,"items_purged":["Strike_R","Defend_R","Defend_R","Defend_R","Strike_R","Strike_R"],"score":682,"play_id":"24d1f872-d6b1-4121-964a-c4f7fb2ea72f","local_time":"20210114080341","is_ascension_mode":false,"campfire_choices":[{"floor":6.0,"key":"REST"},{"floor":8.0,"key":"REST"},{"data":"Inflame","floor":13,"key":"SMITH"},{"floor":15,"key":"REST"},{"data":"Reaper","floor":23,"key":"SMITH"},{"data":"Inflame","floor":32,"key":"SMITH"},{"data":"Limit Break","floor":40,"key":"SMITH"},{"data":"Double Tap","floor":42,"key":"SMITH"},{"data":"Offering","floor":44,"key":"SMITH"},{"data":"Inflame","floor":49,"key":"SMITH"}],"circlet_count":0,"master_deck":["Strike_R","Bash","Inflame+1","Inflame+1","Reaper+1","Inflame+1","Whirlwind+1","Limit Break+1","Inflame+1","Double Tap+1","Offering+1"],"relics":["Burning Blood","Self Forming Clay","TungstenRod","Smiling Mask","Sozu","Vajra","Lantern","Velvet Choker","Orichalcum","Meat on the Bone"],"acts_visited":["Exordium","TheCity","TheBeyond"],"potions_floor_usage":[],"damage_taken":[{"damage":6.0,"enemies":"Cultist","floor":1.0,"turns":3.0},{"damage":12.0,"enemies":"2 Louse","floor":3.0,"turns":2.0},{"damage":11.0,"enemies":"Jaw Worm","floor":4.0,"turns":2.0},{"damage":8.0,"enemies":"Exordium Wildlife","floor":5.0,"turns":3.0},{"damage":33.0,"enemies":"Lagavulin","floor":7.0,"turns":5.0},{"damage":23,"enemies":"Large Slime","floor":14,"turns":6},{"damage":54,"enemies":"Slime Boss","floor":16,"turns":13},{"damage":12,"enemies":"Chosen","floor":18,"turns":4},{"damage":24,"enemies":"Spheric Guardian","floor":19,"turns":4},{"damage":14,"enemies":"Snecko","floor":22,"turns":3},{"damage":18,"enemies":"Snake Plant","floor":24,"turns":3},{"damage":0,"enemies":"Centurion and Healer","floor":25,"turns":3},{"damage":17,"enemies":"Cultist and Chosen","floor":28,"turns":4},{"damage":18,"enemies":"Shelled Parasite and Fungi","floor":29,"turns":3},{"damage":7,"enemies":"Snecko","floor":30,"turns":3},{"damage":21,"enemies":"Centurion and Healer","floor":31,"turns":3},{"damage":37,"enemies":"Automaton","floor":33,"turns":6},{"damage":8,"enemies":"3 Darklings","floor":35,"turns":2},{"damage":16,"enemies":"3 Shapes","floor":36,"turns":2},{"damage":18,"enemies":"Jaw Worm Horde","floor":38,"turns":2},{"damage":10,"enemies":"Transient","floor":39,"turns":5},{"damage":29,"enemies":"Spire Growth","floor":41,"turns":3},{"damage":0,"enemies":"Sphere and 2 Shapes","floor":46,"turns":1},{"damage":30,"enemies":"Writhing Mass","floor":47,"turns":2},{"damage":27,"enemies":"Time Eater","floor":50,"turns":3}],"seed_played":"-8552301979844404927","potions_obtained":[{"floor":1.0,"key":"BloodPotion"},{"floor":3.0,"key":"Strength Potion"},{"floor":16,"key":"Regen Potion"}],"is_trial":false,"path_per_floor":["M","T","M","M","M","R","E","R","T","$","$","?","R","M","R","B",null,"M","M","?","$","M","R","M","M","T","$","M","M","M","M","R","B",null,"M","M","$","M","M","R","M","R","T","R","?","M","M","$","R","B",null],"character_chosen":"IRONCLAD","items_purchased":["Inflame","Vajra","Double Tap"],"campfire_rested":3,"item_purchase_floors":[10,21,37],"current_hp_per_floor":[72,72,66,61,59,72,45,66,66,66,66,60,60,43,64,16,72,66,57,57,57,64,64,71,72,72,72,72,60,68,68,68,37,72,70,60,60,72,68,68,63,63,63,63,63,69,72,72,72,51],"gold":156,"neow_bonus":"REMOVE_TWO","is_daily":false,"chose_seed":false,"campfire_upgraded":7,"win_rate":0.0,"timestamp":1610640221,"path_taken":["M","?","M","?","M","R","E","R","T","?","$","?","R","M","R","BOSS","M","M","?","$","M","R","M","M","T","$","M","M","M","M","R","BOSS","M","M","$","M","M","R","M","R","T","R","?","M","M","$","R","BOSS"],"items_purchased_type":["Card","Relic","Card"],"build_version":"2020-12-22","purchased_purges":6,"victory":true,"max_hp_per_floor":[72,72,72,72,72,72,72,72,72,72,72,72,72,72,72,72,72,72,72,72,72,72,72,72,72,72,72,72,72,72,72,72,72,72,72,72,72,72,72,72,72,72,72,72,72,72,72,72,72,72],"card_choices":[{"not_picked":["Disarm","Cleave","Clothesline"],"picked":"SKIP","floor":1.0},{"not_picked":["True Grit","Warcry","Clothesline"],"picked":"SKIP","floor":3.0},{"not_picked":["Cleave","Demon Form"],"picked":"Inflame","floor":4.0},{"not_picked":["Cleave","Shrug It Off","Anger"],"picked":"SKIP","floor":5.0},{"not_picked":["Seeing Red","Havoc","Hemokinesis"],"picked":"SKIP","floor":7.0},{"not_picked":["Armaments","Bloodletting","Searing Blow"],"picked":"SKIP","floor":14},{"not_picked":["Fiend Fire","Demon Form"],"picked":"Reaper","floor":16},{"not_picked":["Clash","Iron Wave","Pommel Strike"],"picked":"SKIP","floor":18},{"not_picked":["Rampage+1","Pommel Strike","Perfected Strike"],"picked":"SKIP","floor":19},{"not_picked":["Thunderclap","Havoc","Twin Strike+1"],"picked":"SKIP","floor":22},{"not_picked":["Brutality","Iron Wave"],"picked":"Whirlwind+1","floor":24},{"not_picked":["Armaments","Shrug It Off+1","Burning Pact"],"picked":"SKIP","floor":25},{"not_picked":["True Grit","Dropkick","Thunderclap"],"picked":"SKIP","floor":28},{"not_picked":["Shockwave","Disarm+1","Havoc+1"],"picked":"SKIP","floor":29},{"not_picked":["Pommel Strike","Pummel","Rage"],"picked":"SKIP","floor":30},{"not_picked":["Cleave","Pommel Strike+1","Havoc+1"],"picked":"SKIP","floor":31},{"not_picked":["Berserk","Impervious"],"picked":"Limit Break","floor":33},{"not_picked":["Sever Soul","Second Wind"],"picked":"Inflame+1","floor":35},{"not_picked":["Rampage+1","Clash+1","Sword Boomerang+1"],"picked":"SKIP","floor":36},{"not_picked":["Wild Strike+1","Perfected Strike","Sword Boomerang+1"],"picked":"SKIP","floor":38},{"not_picked":["Wild Strike","Thunderclap+1"],"picked":"Offering","floor":39},{"not_picked":["Clothesline","Heavy Blade","Iron Wave+1"],"picked":"SKIP","floor":41},{"not_picked":["Flame Barrier+1","Rage+1","Perfected Strike"],"picked":"SKIP","floor":46},{"not_picked":["Dropkick","Blood for Blood+1","Clothesline+1"],"picked":"SKIP","floor":47}],"player_experience":734470,"relics_obtained":[{"floor":2.0,"key":"Self Forming Clay"},{"floor":7.0,"key":"TungstenRod"},{"floor":9.0,"key":"Smiling Mask"},{"floor":26,"key":"Lantern"},{"floor":43,"key":"Orichalcum"}],"event_choices":[{"damage_healed":0,"gold_gain":75,"player_choice":"Touch","damage_taken":7,"max_hp_gain":0,"max_hp_loss":0,"event_name":"FaceTrader","floor":12,"gold_loss":0},{"damage_healed":0,"gold_gain":0,"player_choice":"Read","damage_taken":0,"max_hp_gain":0,"max_hp_loss":0,"event_name":"The Library","floor":20,"gold_loss":0,"cards_obtained":["Inflame"]},{"damage_healed":0,"gold_gain":0,"player_choice":"Gave Potion","damage_taken":0,"relics_obtained":["Meat on the Bone"],"max_hp_gain":0,"max_hp_loss":0,"event_name":"WeMeetAgain","floor":45,"gold_loss":0}],"is_beta":false,"boss_relics":[{"not_picked":["Fusion Hammer","Runic Cube"],"picked":"Sozu"},{"not_picked":["Busted Crown","Cursed Key"],"picked":"Velvet Choker"}],"items_purged_floors":[10,11,21,27,37,48],"is_endless":false,"potions_floor_spawned":[1,3,16,28,29,30,31,36,46],"ascension_level":0}}