{"host":"xh3brefae6wm9kl8","time":1610607773,"event":{"mods":["AchievementEnabler","BaseMod","GifTheSpireLib","Keyboard Shortcuts","Minty Spire (QoL Compilation)","Permanent Neow","Relic Stats","StSLib","SuperFastMode"],"gold_per_floor":[116,126,145,145,159,159,173,198,198,198,80,93,110,140,140,140,140],"floor_reached":16,"language":"KOR","playtime":576,"items_purged":["Strike_R"],"score":228,"play_id":"befa85bd-69ca-458d-934d-041882aab04f","local_time":"20210114160253","is_ascension_mode":true,"campfire_choices":[{"floor":6,"key":"REST"},{"data":"Bludgeon","floor":10,"key":"SMITH"},{"data":"Evolve","floor":15,"key":"SMITH"}],"circlet_count":0,"master_deck":["AscendersBane","Strike_R","Strike_R","Strike_R","Strike_R","Defend_R","Defend_R","Defend_R","Defend_R","Bash+1","Body Slam","Evolve+1","Twin Strike","Carnage","Bludgeon+1","Impervious","Fire Breathing","Spot Weakness"],"relics":["Burning Blood","MealTicket","Question Card","Pear"],"acts_visited":["Exordium"],"potions_floor_usage":[14,14],"damage_taken":[{"damage":14,"enemies":"Small Slimes","floor":1,"turns":5},{"damage":1,"enemies":"Cultist","floor":2,"turns":3},{"damage":4,"enemies":"Jaw Worm","floor":3,"turns":4},{"damage":46,"enemies":"Large Slime","floor":5,"turns":8},{"damage":25,"enemies":"3 Louse","floor":7,"turns":3},{"damage":35,"enemies":"3 Sentries","floor":8,"turns":9},{"damage":8,"enemies":"Blue Slaver","floor":12,"turns":3},{"damage":9,"enemies":"2 Fungi Beasts","floor":13,"turns":3},{"damage":19,"enemies":"Gremlin Nob","floor":14,"turns":4},{"damage":43,"enemies":"Hexaghost","floor":16,"turns":7}],"seed_played":"-4629569842053538030","potions_obtained":[{"floor":1,"key":"Ancient Potion"},{"floor":2,"key":"FearPotion"},{"floor":7,"key":"FairyPotion"},{"floor":13,"key":"Block Potion"}],"is_trial":false,"path_per_floor":["M","M","M","?","M","R","M","E","T","R","$","M","M","E","R","B"],"character_chosen":"IRONCLAD","items_purchased":["Fire Breathing"],"campfire_rested":1,"item_purchase_floors":[11],"current_hp_per_floor":[60,65,67,63,23,45,26,28,28,28,43,41,38,35,35,0,0],"gold":140,"neow_bonus":"UPGRADE_CARD","is_daily":false,"chose_seed":false,"campfire_upgraded":2,"win_rate":0.0,"timestamp":1610607773,"path_taken":["M","M","M","?","M","R","M","E","T","R","$","M","M","E","R","BOSS"],"items_purchased_type":["Card"],"build_version":"2020-12-22","purchased_purges":1,"victory":false,"max_hp_per_floor":[75,75,75,75,75,75,75,75,75,75,75,75,75,85,85,85,85],"relic_stats":{"counters":[10,49],"MealTicket":15,"Question Card":3,"obtain_stats":[{"Pear":14,"MealTicket":8,"Question Card":9,"Burning Blood":0},{"Pear":9,"MealTicket":6,"Question Card":6,"Burning Blood":0},{"Pear":42,"MealTicket":32,"Question Card":32,"Burning Blood":0}],"Burning Blood":54},"card_choices":[{"not_picked":["Shockwave","Burning Pact"],"picked":"Body Slam","floor":1},{"not_picked":["Iron Wave","Pommel Strike"],"picked":"Evolve","floor":2},{"not_picked":["Clothesline","Flex"],"picked":"Twin Strike","floor":3},{"not_picked":["Clothesline","Disarm"],"picked":"Carnage","floor":5},{"not_picked":["Warcry","Flame Barrier"],"picked":"Bludgeon","floor":7},{"not_picked":["Perfected Strike","Havoc"],"picked":"Impervious","floor":8},{"not_picked":["Warcry","Flex","Sword Boomerang","Cleave"],"picked":"SKIP","floor":12},{"not_picked":["Anger","Bloodletting","Flex"],"picked":"Spot Weakness","floor":13},{"not_picked":["Fire Breathing","Havoc","Clothesline","Twin Strike"],"picked":"SKIP","floor":14}],"player_experience":378811,"relics_obtained":[{"floor":8,"key":"MealTicket"},{"floor":9,"key":"Question Card"},{"floor":14,"key":"Pear"}],"event_choices":[{"damage_healed":0,"gold_gain":0,"player_choice":"Bought 0 Potions","damage_taken":0,"max_hp_gain":0,"max_hp_loss":0,"event_name":"The Woman in Blue","floor":4,"gold_loss":0}],"is_beta":false,"boss_relics":[],"items_purged_floors":[11],"is_endless":false,"potions_floor_spawned":[1,2,7,13],"killed_by":"Hexaghost","ascension_level":20}}