{"host":"dowi7cgbhepuzvpj","time":1610597322,"event":{"mods":["AchievementEnabler","BaseMod","Colored Map","Highlight Path","Keyboard Shortcuts","Minty Spire (QoL Compilation)","Permanent Neow","Quick Restart","StSLib","SuperFastMode"],"gold_per_floor":[20,36,54,67,67,67,95,113,113,157,157,182,215,13,13,127,127,154,174,186,186,16,16,45,87,113,70,99,149,199,225,225,225,225],"floor_reached":33,"language":"KOR","playtime":1412,"items_purged":[],"score":521,"play_id":"e153134e-7cb6-4dc7-b354-70c2f061e84c","local_time":"20210114130842","is_ascension_mode":true,"campfire_choices":[{"data":"Apotheosis","floor":6,"key":"SMITH"},{"data":"Study","floor":15,"key":"SMITH"},{"floor":23,"key":"REST"},{"floor":32,"key":"REST"}],"circlet_count":0,"master_deck":["AscendersBane","Strike_P","Strike_P","Strike_P","Strike_P","Defend_P","Defend_P","Defend_P","Defend_P","Eruption","Vigilance","Apotheosis+1","Adaptation","InnerPeace","FlurryOfBlows","EmptyFist","MentalFortress","ClearTheMind","MasterReality","Study+1","Wallop","SpiritShield","MentalFortress","MentalFortress","Vengeance","TalkToTheHand+1","MentalFortress","Halt","Consecrate+1","EmptyMind"],"relics":["PureWater","Strawberry","Darkstone Periapt","CeramicFish","Dead Branch","Regal Pillow","Fusion Hammer","SsserpentHead","Anchor","Toy Ornithopter","Art of War"],"acts_visited":["Exordium","TheCity"],"potions_floor_usage":[13,13,16,19,24,28,30,30,30,31],"damage_taken":[{"damage":0,"enemies":"Cultist","floor":1,"turns":4},{"damage":7,"enemies":"Jaw Worm","floor":2,"turns":4},{"damage":0,"enemies":"Small Slimes","floor":3,"turns":2},{"damage":9,"enemies":"Exordium Thugs","floor":4,"turns":5},{"damage":12,"enemies":"Gremlin Nob","floor":7,"turns":4},{"damage":0,"enemies":"2 Fungi Beasts","floor":8,"turns":4},{"damage":0,"enemies":"Lagavulin","floor":10,"turns":5},{"damage":3,"enemies":"Looter","floor":12,"turns":3},{"damage":10,"enemies":"3 Sentries","floor":13,"turns":6},{"damage":11,"enemies":"The Guardian","floor":16,"turns":9},{"damage":0,"enemies":"Chosen","floor":18,"turns":4},{"damage":14,"enemies":"3 Byrds","floor":19,"turns":7},{"damage":0,"enemies":"3 Cultists","floor":20,"turns":4},{"damage":10,"enemies":"Shelled Parasite and Fungi","floor":24,"turns":5},{"damage":60,"enemies":"Slavers","floor":25,"turns":6},{"damage":28,"enemies":"Cultist and Chosen","floor":28,"turns":7},{"damage":24,"enemies":"Colosseum Slavers","floor":30,"turns":5},{"damage":4,"enemies":"Snecko","floor":31,"turns":6},{"damage":46,"enemies":"Automaton","floor":33,"turns":4}],"seed_played":"8089520968554012982","potions_obtained":[{"floor":2,"key":"Regen Potion"},{"floor":7,"key":"LiquidBronze"},{"floor":8,"key":"Block Potion"},{"floor":10,"key":"DistilledChaos"},{"floor":13,"key":"SteroidPotion"},{"floor":19,"key":"Fruit Juice"},{"floor":20,"key":"LiquidMemories"},{"floor":25,"key":"ColorlessPotion"},{"floor":28,"key":"EntropicBrew"}],"is_trial":false,"path_per_floor":["M","M","M","M","?","R","E","M","T","E","?","M","E","$","R","B",null,"M","M","M","?","$","R","M","E","T","$","M","?","?","M","R","B"],"character_chosen":"WATCHER","items_purchased":["Wallop","Regal Pillow","Anchor","Vengeance","Halt"],"campfire_rested":2,"item_purchase_floors":[14,14,22,22,27],"current_hp_per_floor":[65,58,58,49,54,54,49,49,49,49,49,46,36,36,36,25,69,69,60,60,60,60,89,79,19,19,19,11,11,2,3,44,0,0],"gold":225,"neow_bonus":"RANDOM_COLORLESS_2","is_daily":false,"chose_seed":false,"campfire_upgraded":2,"win_rate":0.0,"timestamp":1610597322,"path_taken":["M","?","M","M","?","R","E","M","T","E","?","?","E","$","R","BOSS","M","M","M","?","?","R","M","E","T","$","M","?","?","M","R","BOSS"],"items_purchased_type":["Card","Relic","Relic","Card","Card"],"build_version":"2020-12-22","purchased_purges":0,"victory":false,"max_hp_per_floor":[72,72,72,72,77,77,84,84,84,84,84,84,84,84,84,84,84,84,89,89,89,89,89,89,89,89,89,89,89,89,89,89,89,89],"card_choices":[{"not_picked":["Violence","Transmutation"],"picked":"Apotheosis","floor":0},{"not_picked":["ThirdEye","Crescendo"],"picked":"Adaptation","floor":1},{"not_picked":["Protect","FlyingSleeves"],"picked":"InnerPeace","floor":2},{"not_picked":["Prostrate","EmptyBody"],"picked":"FlurryOfBlows","floor":3},{"not_picked":["Consecrate","WheelKick"],"picked":"EmptyFist","floor":4},{"not_picked":["BattleHymn","Swivel"],"picked":"MentalFortress","floor":7},{"not_picked":["ThirdEye","Collect"],"picked":"ClearTheMind","floor":8},{"not_picked":["BowlingBash","Fasting2"],"picked":"MasterReality","floor":10},{"not_picked":["EmptyBody","CrushJoints"],"picked":"Study","floor":12},{"not_picked":["DeceiveReality","BowlingBash","PathToVictory"],"picked":"SKIP","floor":13},{"not_picked":["Establishment","Alpha"],"picked":"SpiritShield","floor":16},{"not_picked":["FlurryOfBlows","Evaluate"],"picked":"MentalFortress","floor":18},{"not_picked":["Protect+1","WindmillStrike"],"picked":"MentalFortress","floor":19},{"not_picked":["BowlingBash","ClearTheMind","Protect+1"],"picked":"SKIP","floor":20},{"not_picked":["EmptyBody","Halt"],"picked":"TalkToTheHand+1","floor":24},{"not_picked":["Judgement","SashWhip"],"picked":"MentalFortress","floor":25},{"not_picked":["ClearTheMind+1","Evaluate"],"picked":"Consecrate+1","floor":28},{"not_picked":["SignatureMove","ThirdEye+1"],"picked":"EmptyMind","floor":31}],"player_experience":812113,"relics_obtained":[{"floor":7,"key":"Strawberry"},{"floor":9,"key":"Darkstone Periapt"},{"floor":10,"key":"CeramicFish"},{"floor":13,"key":"Dead Branch"},{"floor":25,"key":"Toy Ornithopter"},{"floor":26,"key":"Art of War"}],"event_choices":[{"damage_healed":0,"gold_gain":0,"player_choice":"Donut","damage_taken":0,"max_hp_gain":5,"max_hp_loss":0,"event_name":"Big Fish","floor":5,"gold_loss":0},{"damage_healed":0,"gold_gain":0,"player_choice":"Got Potions","damage_taken":0,"max_hp_gain":0,"max_hp_loss":0,"event_name":"Lab","floor":11,"gold_loss":0},{"damage_healed":0,"gold_gain":0,"player_choice":"Trade","damage_taken":0,"relics_obtained":["SsserpentHead"],"max_hp_gain":0,"max_hp_loss":0,"event_name":"FaceTrader","floor":21,"gold_loss":0},{"damage_healed":0,"gold_gain":0,"player_choice":"Ignored","damage_taken":0,"max_hp_gain":0,"max_hp_loss":0,"event_name":"Vampires","floor":29,"gold_loss":0},{"damage_healed":0,"gold_gain":0,"player_choice":"Fight","damage_taken":0,"max_hp_gain":0,"max_hp_loss":0,"event_name":"Colosseum","floor":30,"gold_loss":0},{"damage_healed":0,"gold_gain":0,"player_choice":"Fled From Nobs","damage_taken":0,"max_hp_gain":0,"max_hp_loss":0,"event_name":"Colosseum","floor":30,"gold_loss":0}],"is_beta":false,"boss_relics":[{"not_picked":["Empty Cage","Ectoplasm"],"picked":"Fusion Hammer"}],"items_purged_floors":[],"is_endless":false,"potions_floor_spawned":[2,7,8,10,12,13,19,20,25,28],"killed_by":"Automaton","ascension_level":10}}