{"host":"tnsigirk6wurdark","time":1610611864,"event":{"mods":["BaseMod","Bestiary","Colored Map","Colored Powertips","Curses Come First","DeckTracker","Highlight Path","Minty Spire (QoL Compilation)","Quick Restart","Relic Sorter","StSLib","Synergy Search"],"gold_per_floor":[113,123,123,138,7,7,51,51,76,99,167,167,186,26,26,122,122,146,146,146],"floor_reached":19,"language":"ENG","playtime":840,"items_purged":["Injury"],"score":301,"play_id":"e147aa67-6aba-4f26-a926-b3765bcbdede","local_time":"20210114081104","is_ascension_mode":true,"campfire_choices":[{"data":"Catalyst","floor":6,"key":"SMITH"},{"floor":8,"key":"REST"},{"floor":12,"key":"REST"},{"floor":15,"key":"REST"}],"circlet_count":0,"master_deck":["AscendersBane","Strike_G","Strike_G","Strike_G","Strike_G","Strike_G","Defend_G","Defend_G","Defend_G","Defend_G","Defend_G","Survivor","Neutralize","Catalyst+1","Flying Knee","Quick Slash","Catalyst","Dagger Spray","Tactician","Flying Knee","Noxious Fumes","Tools of the Trade","Dagger Spray"],"relics":["Ring of the Snake","Lizard Tail","NeowsBlessing","Golden Idol","Snake Skull","Orichalcum","Velvet Choker"],"acts_visited":["Exordium","TheCity"],"potions_floor_usage":[7,7,10,13,16],"damage_taken":[{"damage":0,"enemies":"Small Slimes","floor":1,"turns":1},{"damage":0,"enemies":"2 Louse","floor":2,"turns":1},{"damage":0,"enemies":"Cultist","floor":4,"turns":1},{"damage":38,"enemies":"Lagavulin","floor":7,"turns":8},{"damage":9,"enemies":"Gremlin Gang","floor":10,"turns":7},{"damage":71,"enemies":"Lagavulin Event","floor":11,"turns":11},{"damage":5,"enemies":"Exordium Thugs","floor":13,"turns":5},{"damage":51,"enemies":"The Guardian","floor":16,"turns":8},{"damage":48,"enemies":"Spheric Guardian","floor":18,"turns":6},{"damage":8,"enemies":"Shell Parasite","floor":19,"turns":1}],"seed_played":"1039329817908731598","potions_obtained":[{"floor":2,"key":"Ancient Potion"},{"floor":7,"key":"BlessingOfTheForge"},{"floor":11,"key":"Regen Potion"}],"is_trial":false,"path_per_floor":["M","M","?","M","$","R","E","R","T","M","?","R","M","$","R","B",null,"M","M"],"character_chosen":"THE_SILENT","items_purchased":["Block Potion","Noxious Fumes","Regen Potion"],"campfire_rested":3,"item_purchase_floors":[5,14,14],"current_hp_per_floor":[59,59,59,59,59,59,21,40,40,31,1,20,29,29,48,12,53,5,0,0],"gold":146,"neow_bonus":"THREE_ENEMY_KILL","is_daily":false,"chose_seed":false,"campfire_upgraded":1,"win_rate":0.0,"timestamp":1610611864,"path_taken":["M","M","?","M","$","R","E","R","T","M","?","R","M","$","R","BOSS","M","M"],"items_purchased_type":["Potion","Card","Potion"],"build_version":"2020-12-22","purchased_purges":1,"victory":false,"max_hp_per_floor":[66,66,66,66,66,66,66,66,66,66,66,66,66,66,66,66,66,66,66,66],"card_choices":[{"not_picked":["Flying Knee","Bane"],"picked":"Catalyst","floor":1},{"not_picked":["Prepared","Dodge and Roll"],"picked":"Flying Knee","floor":2},{"not_picked":["Dagger Spray","Masterful Stab"],"picked":"Quick Slash","floor":4},{"not_picked":["Die Die Die","Slice"],"picked":"Catalyst","floor":7},{"not_picked":["Concentrate","Deflect"],"picked":"Dagger Spray","floor":10},{"not_picked":["Dodge and Roll","Predator"],"picked":"Tactician","floor":11},{"not_picked":["Deflect","Dagger Spray"],"picked":"Flying Knee","floor":13},{"not_picked":["Unload","Doppelganger"],"picked":"Tools of the Trade","floor":16},{"not_picked":["Distraction","Poisoned Stab"],"picked":"Dagger Spray","floor":18}],"player_experience":741537,"relics_obtained":[{"floor":7,"key":"Snake Skull"},{"floor":9,"key":"Orichalcum"}],"event_choices":[{"damage_healed":0,"gold_gain":0,"player_choice":"Take Wound","damage_taken":0,"relics_obtained":["Golden Idol"],"max_hp_gain":0,"max_hp_loss":0,"event_name":"Golden Idol","floor":3,"gold_loss":0,"cards_obtained":["Injury"]},{"damage_healed":0,"gold_gain":30,"player_choice":"Searched \u00273\u0027 times","damage_taken":0,"relics_obtained":["Lizard Tail"],"max_hp_gain":0,"max_hp_loss":0,"event_name":"Dead Adventurer","floor":11,"gold_loss":0}],"is_beta":false,"boss_relics":[{"not_picked":["Snecko Eye","Coffee Dripper"],"picked":"Velvet Choker"}],"items_purged_floors":[5],"is_endless":false,"potions_floor_spawned":[2,7,11],"killed_by":"Shell Parasite","ascension_level":16}}