{"host":"Qube","time":1610593571,"event":{"mods":["AchievementEnabler","BaseMod","Colored Map","Colored Powertips","Minty Spire (QoL Compilation)","Quick Restart","Random Character Button","StSLib"],"gold_per_floor":[118,131,131,141,159,190,190,208,234,234,18,18,38,38,38,125,125,153,174,174,216,238,238,265,298,298,307,322,322,322],"floor_reached":29,"language":"ENG","playtime":1037,"items_purged":[],"score":498,"play_id":"518c9356-2206-404b-87ac-28a6e4a04c2e","local_time":"20210113190611","is_ascension_mode":true,"campfire_choices":[{"floor":7.0,"key":"REST"},{"floor":10.0,"key":"REST"},{"data":"Streamline","floor":12.0,"key":"SMITH"},{"floor":15.0,"key":"REST"},{"data":"White Noise","floor":23.0,"key":"SMITH"}],"circlet_count":0,"master_deck":["AscendersBane","Zap+1","Dualcast","Streamline+1","Conserve Battery","Conserve Battery","White Noise+1","Reboot","Cold Snap","Steam","Coolheaded","Electrodynamics","Auto Shields","Cold Snap+1","Coolheaded","Glacier","Seek","Decay"],"relics":["Cracked Core","StoneCalendar","HornCleat","CeramicFish","DataDisk","Pandora\u0027s Box","Centennial Puzzle","Kunai"],"acts_visited":["Exordium","TheCity"],"potions_floor_usage":[29],"damage_taken":[{"damage":7.0,"enemies":"Small Slimes","floor":1.0,"turns":3.0},{"damage":1.0,"enemies":"Cultist","floor":2.0,"turns":3.0},{"damage":12.0,"enemies":"Jaw Worm","floor":4.0,"turns":4.0},{"damage":7.0,"enemies":"Exordium Wildlife","floor":5.0,"turns":4.0},{"damage":33.0,"enemies":"Gremlin Nob","floor":6.0,"turns":4.0},{"damage":17.0,"enemies":"Exordium Thugs","floor":8.0,"turns":4.0},{"damage":1.0,"enemies":"Lots of Slimes","floor":13.0,"turns":5.0},{"damage":3.0,"enemies":"The Guardian","floor":16.0,"turns":8.0},{"damage":0.0,"enemies":"Chosen","floor":18.0,"turns":3.0},{"damage":0.0,"enemies":"3 Byrds","floor":19.0,"turns":2.0},{"damage":4.0,"enemies":"Centurion and Healer","floor":21.0,"turns":3.0},{"damage":7.0,"enemies":"Snake Plant","floor":22.0,"turns":6.0},{"damage":5.0,"enemies":"Sentry and Sphere","floor":24.0,"turns":5.0},{"damage":18.0,"enemies":"Slavers","floor":25.0,"turns":3.0},{"damage":0.0,"enemies":"3 Cultists","floor":28.0,"turns":3.0},{"damage":27,"enemies":"Gremlin Leader","floor":29,"turns":6}],"seed_played":"3239405351238699517","potions_obtained":[{"floor":4.0,"key":"DuplicationPotion"},{"floor":5.0,"key":"Block Potion"},{"floor":13.0,"key":"AttackPotion"},{"floor":16.0,"key":"SneckoOil"},{"floor":18.0,"key":"ColorlessPotion"},{"floor":19.0,"key":"Energy Potion"},{"floor":21.0,"key":"SpeedPotion"},{"floor":25.0,"key":"Energy Potion"}],"is_trial":false,"path_per_floor":["M","M","?","M","M","E","R","M","T","R","$","R","M","?","R","B",null,"M","M","?","M","M","R","M","E","T","?","M","E"],"character_chosen":"DEFECT","items_purchased":["DataDisk","Cold Snap","Steam"],"campfire_rested":3,"item_purchase_floors":[11,11,11],"current_hp_per_floor":[57,56,56,44,37,4,23,6,6,25,25,25,24,24,43,40,58,58,58,58,54,47,47,42,24,24,24,24,0,0],"gold":322,"neow_bonus":"ONE_RARE_RELIC","is_daily":false,"chose_seed":false,"campfire_upgraded":2,"win_rate":0.0,"timestamp":1610593571,"path_taken":["M","M","?","?","M","E","R","M","T","R","$","R","M","?","R","BOSS","M","M","?","M","?","R","?","E","T","?","M","E"],"items_purchased_type":["Relic","Card","Card"],"build_version":"2020-12-18","purchased_purges":0,"victory":false,"max_hp_per_floor":[64,64,64,64,64,64,64,64,64,64,64,64,64,64,64,64,64,64,64,64,64,64,64,64,64,64,64,64,64,64],"card_choices":[{"not_picked":["Turbo","Tempest"],"picked":"Streamline","floor":1.0},{"not_picked":["Streamline","Sweeping Beam"],"picked":"Conserve Battery","floor":2.0},{"not_picked":["Streamline","Rip and Tear"],"picked":"Conserve Battery","floor":4.0},{"not_picked":["Recycle","Leap"],"picked":"White Noise","floor":5.0},{"not_picked":["Static Discharge","Heatsinks","BootSequence"],"picked":"SKIP","floor":6.0},{"not_picked":["Doom and Gloom","BootSequence"],"picked":"Reboot","floor":8.0},{"not_picked":["Steam","Rebound"],"picked":"Coolheaded","floor":13.0},{"not_picked":["Core Surge","Biased Cognition"],"picked":"Electrodynamics","floor":16.0},{"not_picked":["Fusion","Gash+1"],"picked":"Auto Shields","floor":18.0},{"not_picked":["Stack","Conserve Battery"],"picked":"Cold Snap+1","floor":19.0},{"not_picked":["Cold Snap","Undo"],"picked":"Coolheaded","floor":21.0},{"not_picked":["Gash+1","Heatsinks"],"picked":"Glacier","floor":22.0},{"not_picked":["BootSequence","Gash"],"picked":"Seek","floor":24.0},{"not_picked":["Genetic Algorithm+1","Barrage","Steam Power"],"picked":"SKIP","floor":25.0},{"not_picked":["Doom and Gloom","Barrage","Auto Shields"],"picked":"SKIP","floor":28.0}],"player_experience":896132,"relics_obtained":[{"floor":6.0,"key":"HornCleat"},{"floor":9.0,"key":"CeramicFish"},{"floor":25.0,"key":"Centennial Puzzle"},{"floor":26.0,"key":"Kunai"}],"event_choices":[{"damage_healed":0.0,"max_hp_gain":0.0,"max_hp_loss":0.0,"gold_gain":0.0,"event_name":"Upgrade Shrine","player_choice":"Upgraded","floor":3.0,"gold_loss":0.0,"damage_taken":0.0,"cards_upgraded":["Zap"]},{"damage_healed":0.0,"max_hp_gain":0.0,"max_hp_loss":0.0,"gold_gain":0.0,"event_name":"Liars Game","player_choice":"Ignored","floor":14.0,"gold_loss":0.0,"damage_taken":0.0},{"damage_healed":0.0,"max_hp_gain":0.0,"max_hp_loss":0.0,"gold_gain":0.0,"event_name":"Match and Keep!","player_choice":"0 cards matched","floor":20.0,"gold_loss":0.0,"damage_taken":0.0,"cards_obtained":[]},{"damage_healed":0.0,"max_hp_gain":0.0,"max_hp_loss":0.0,"gold_gain":0.0,"event_name":"Forgotten Altar","player_choice":"Smashed Altar","floor":27.0,"gold_loss":0.0,"damage_taken":0.0,"cards_obtained":["Decay"]}],"is_beta":true,"boss_relics":[{"not_picked":["Snecko Eye","FrozenCore"],"picked":"Pandora\u0027s Box"}],"items_purged_floors":[],"is_endless":false,"potions_floor_spawned":[4,5,13,16,18,19,21,25],"killed_by":"Gremlin Leader","ascension_level":20}}