{"host":"pzgv5x4i9ftxktj0","time":1610662800,"event":{"mods":["BaseMod","Colored Map","Downfall","Googly Eyes","Highlight Path","Minty Spire (QoL Compilation)","Replay The Spire","StSLib","SuperFastMode"],"gold_per_floor":[99,99,99,161,161,161,161,190,40,51,51,51,51,71,90,191,191,191,210,224,244,11,21,21,21,50,77,136,92,17,17,51,168,168,168,207,270,298,232,242,242,242],"floor_reached":40,"language":"ENG","playtime":3656,"items_purged":["Amnesia"],"score":597,"play_id":"8ede559c-82e8-4589-94ab-801c8247221b","local_time":"20210114172000","is_ascension_mode":false,"campfire_choices":[{"floor":1,"key":"RECALL"},{"data":"Pot Of Greed","floor":9,"key":"SMITH"},{"data":"Pot Of Greed","floor":11,"key":"SMITH"},{"data":"hexamod:RainOfEmbers","floor":13,"key":"SMITH"},{"data":"hexamod:VolcanoVisage","floor":18,"key":"SMITH"},{"data":"Pot Of Greed","floor":30,"key":"SMITH"},{"data":"hexamod:GhostflameInferno","floor":35,"key":"SMITH"}],"circlet_count":0,"master_deck":["hexamod:Strike","hexamod:Strike","hexamod:Strike","hexamod:Defend","hexamod:Defend","hexamod:Defend","hexamod:Defend","hexamod:Sear","hexamod:Float","hexamod:RainOfEmbers+1","hexamod:HeatMetal","hexamod:ShieldOfDarkness","Pot Of Greed+1","Pot Of Greed+1","hexamod:Hexaguard","hexamod:EmpoweredFlame","hexamod:SoulSteal","hexamod:VolcanoVisage+1","hexamod:AdvancingGuard","hexamod:StepThrough","hexamod:HeatShield+1","hexamod:Hexaguard+1","hexamod:SkipABeat","Necronomicurse","hexamod:ChargedBarrage+1","Pot Of Greed+1","hexamod:PhantomFireball","hexamod:FastForward","hexamod:RadiantFlame","hexamod:RainOfEmbers","hexamod:AdvancingGuard","hexamod:GhostflameInferno+1","hexamod:Firestarter+1","hexamod:SecondSeal","hexamod:Hexaguard","hexamod:GhostOfSpireFuture","hexamod:ExtraCrispy","hexamod:ThermalTransfer","Pot Of Greed","hexamod:HeatMetal","Magnetism"],"relics":["hexamod:SpiritBrand","downfall:HeartsMalice","Pet Ghost","ReplayTheSpireMod:Ring of Exchange","Ring of Panic","Grinning Jar","Anchor","downfall:HeartBlessingGreen","downfall:HeartBlessingRed","TheAbacus","Medical Kit","Necronomicon","Replay:Bandana","Potion Belt","downfall:HeartBlessingBlue","Black Star","StoneCalendar","Membership Card","Toy Ornithopter"],"acts_visited":["Exordium","TheCity","TheBeyond"],"potions_floor_usage":[14,16,21,22,29,33,37,37,37],"damage_taken":[{"damage":0,"enemies":"2 Louse","floor":2,"turns":1},{"damage":0,"enemies":"Jaw Worm","floor":3,"turns":1},{"damage":0,"enemies":"Gremlin Nob","floor":8,"turns":1},{"damage":0,"enemies":"Small Slimes","floor":10,"turns":2},{"damage":0,"enemies":"Red Slaver","floor":14,"turns":2},{"damage":0,"enemies":"Blue Slaver","floor":15,"turns":2},{"damage":6,"enemies":"downfall:Ironclad","floor":16,"turns":3},{"damage":0,"enemies":"Spheric Guardian","floor":19,"turns":4},{"damage":1,"enemies":"Shell Parasite","floor":20,"turns":3},{"damage":0,"enemies":"Snake Plant","floor":21,"turns":3},{"damage":0,"enemies":"downfall:FleeingMerchant","floor":22,"turns":4},{"damage":9,"enemies":"Cultist and Chosen","floor":23,"turns":6},{"damage":0,"enemies":"Replay:Snechameleon","floor":26,"turns":3},{"damage":0,"enemies":"Centurion and Healer","floor":27,"turns":5},{"damage":0,"enemies":"Book of Stabbing","floor":28,"turns":3},{"damage":0,"enemies":"downfall:FleeingMerchant","floor":29,"turns":4},{"damage":3,"enemies":"Snake Plant","floor":32,"turns":3},{"damage":10,"enemies":"downfall:Watcher","floor":33,"turns":4},{"damage":0,"enemies":"Orb Walker","floor":36,"turns":2},{"damage":33,"enemies":"2 Orb Walkers","floor":37,"turns":5},{"damage":36,"enemies":"3 Shapes","floor":38,"turns":5},{"damage":0,"enemies":"downfall:FleeingMerchant","floor":39,"turns":1},{"damage":15,"enemies":"Writhing Mass","floor":40,"turns":6}],"seed_played":"-8609210018684755950","potions_obtained":[{"floor":4,"key":"ColorlessPotion"},{"floor":4,"key":"Languid Potion"},{"floor":8,"key":"Energy Potion"},{"floor":15,"key":"hexamod:DoubleChargePotion"},{"floor":16,"key":"PowerPotion"},{"floor":23,"key":"Explosive Potion"},{"floor":26,"key":"Adrenaline Potion"},{"floor":32,"key":"AttackPotion"},{"floor":33,"key":"Languid Potion"},{"floor":36,"key":"Strength Potion"},{"floor":37,"key":"champ:CounterPotion"}],"is_trial":false,"path_per_floor":["R","M","M","?","?","?","T","E","R","M","R","?","R","M","M","B",null,"R","M","M","M","$","M","T","?","E","M","E","$","R","?","M","B",null,"R","M","?","M","$","M"],"character_chosen":"THE_SPIRIT","items_purchased":["Medical Kit","hexamod:RainOfEmbers","Membership Card","Toy Ornithopter","hexamod:ExtraCrispy","hexamod:ThermalTransfer","hexamod:HeatMetal","Magnetism"],"campfire_rested":0,"item_purchase_floors":[22,29,39,39,39,39,39,39],"current_hp_per_floor":[70,70,70,42,42,42,42,42,42,42,42,42,42,42,42,36,70,70,70,69,69,69,60,60,44,44,44,44,44,54,54,51,41,80,80,80,47,11,11,0,0,0],"gold":242,"neow_bonus":"THREE_ENEMY_KILL","is_daily":false,"chose_seed":false,"campfire_upgraded":6,"win_rate":0.0,"timestamp":1610662800,"path_taken":["R","M","M","?","?","?","T","E","R","M","R","?","R","?","M","BOSS","R","M","M","M","$","M","T","?","E","M","E","$","R","?","M","BOSS","R","M","?","M","$","M"],"items_purchased_type":["Relic","Card","Relic","Relic","Card","Card","Card","Card"],"build_version":"2020-12-22","purchased_purges":1,"victory":false,"max_hp_per_floor":[70,70,70,70,70,70,70,70,70,70,70,70,70,70,70,70,70,70,70,70,70,70,70,70,70,70,70,70,70,80,80,80,80,80,80,80,80,80,80,80,80,80],"card_choices":[{"not_picked":["hexamod:DynamicBlow","hexamod:GhostflameBarrier"],"picked":"hexamod:RainOfEmbers","floor":2},{"not_picked":["hexamod:RainOfEmbers","hexamod:FastForward"],"picked":"hexamod:HeatMetal","floor":3},{"not_picked":["hexamod:BurningTouch","hexamod:FastForward"],"picked":"hexamod:ShieldOfDarkness","floor":4},{"not_picked":["hexamod:SoulSteal","hexamod:Haunt"],"picked":"hexamod:Hexaguard","floor":8},{"not_picked":["hexamod:GhostLash","hexamod:RainOfEmbers","hexamod:GhostOfSpirePast"],"picked":"SKIP","floor":10},{"not_picked":["hexamod:HeatShield","hexamod:SecondSeal"],"picked":"hexamod:EmpoweredFlame","floor":14},{"not_picked":["hexamod:GhostflameBarrier","hexamod:BurningTouch"],"picked":"hexamod:SoulSteal","floor":15},{"not_picked":["hexamod:EmpoweringStance","hexamod:WildfireWeapon"],"picked":"hexamod:VolcanoVisage","floor":16},{"not_picked":["hexamod:RainOfEmbers","hexamod:ThirdSeal"],"picked":"hexamod:AdvancingGuard","floor":19},{"not_picked":["hexamod:HeatMetal+1","hexamod:SecondSeal"],"picked":"hexamod:StepThrough","floor":20},{"not_picked":["hexamod:Haunt","hexamod:InspiringFlames"],"picked":"hexamod:HeatShield+1","floor":21},{"not_picked":["hexamod:InspiringFlames","hexamod:ShieldOfDarkness+1"],"picked":"hexamod:Hexaguard+1","floor":22},{"not_picked":["hexamod:ShieldOfDarkness","hexamod:BacktrackSmack+1"],"picked":"hexamod:SkipABeat","floor":23},{"not_picked":["hexamod:HeatShield","hexamod:SkipABeat"],"picked":"hexamod:ChargedBarrage+1","floor":26},{"not_picked":["hexamod:RecurringNightmare","hexamod:HauntingEcho"],"picked":"hexamod:PhantomFireball","floor":27},{"not_picked":["hexamod:HauntingEcho+1","hexamod:NightmareStrike"],"picked":"hexamod:FastForward","floor":28},{"not_picked":["hexamod:SwordOfDarkness","hexamod:InspiringFlames"],"picked":"hexamod:RadiantFlame","floor":29},{"not_picked":["hexamod:ThirdSeal","hexamod:GhostLash"],"picked":"hexamod:AdvancingGuard","floor":32},{"not_picked":["hexamod:ParanormalForm","hexamod:FifthSeal"],"picked":"hexamod:GhostflameInferno","floor":33},{"not_picked":["hexamod:Again","hexamod:GhostLash"],"picked":"hexamod:Firestarter+1","floor":36},{"not_picked":["hexamod:RadiantFlame","hexamod:GhostLash"],"picked":"hexamod:SecondSeal","floor":37},{"not_picked":["hexamod:RetreatToShadows+1","hexamod:EtherealExpedition+1"],"picked":"hexamod:Hexaguard","floor":38},{"not_picked":["hexamod:Again+1","hexamod:NightmareStrike"],"picked":"hexamod:GhostOfSpireFuture","floor":39}],"player_experience":366003,"relics_obtained":[{"floor":4,"key":"Pet Ghost"},{"floor":6,"key":"ReplayTheSpireMod:Ring of Exchange"},{"floor":6,"key":"Ring of Panic"},{"floor":7,"key":"Grinning Jar"},{"floor":8,"key":"Anchor"},{"floor":25,"key":"Necronomicon"},{"floor":26,"key":"Replay:Bandana"},{"floor":28,"key":"Potion Belt"},{"floor":37,"key":"StoneCalendar"}],"event_choices":[{"damage_healed":0,"gold_gain":0,"player_choice":"Got Potions","damage_taken":0,"max_hp_gain":0,"max_hp_loss":0,"event_name":"Lab","floor":12,"gold_loss":0},{"damage_healed":0,"gold_gain":0,"player_choice":"Fight","damage_taken":0,"max_hp_gain":0,"max_hp_loss":0,"event_name":"Mysterious Sphere","floor":37,"gold_loss":0}],"is_beta":false,"boss_relics":[{"not_picked":["Velvet Choker","Kintsugi"],"picked":"TheAbacus"},{"not_picked":["Empty Cage","ReplayTheSpireMod:CursedCoin"],"picked":"Black Star"}],"items_purged_floors":[22],"is_endless":false,"potions_floor_spawned":[8,15,16,20,23,26,32,33,36,37],"killed_by":"Writhing Mass","ascension_level":0}}