{"host":"8d3fefv2347kqkpz","time":1610656828,"event":{"mods":["100% Spire Juice","BaseMod","Better Vampires","Colored Map","Downfall","Minty Spire (QoL Compilation)","Quick Restart","Replay The Spire","StSLib","The Gatherer","Waifu the Spire"],"gold_per_floor":[99,109,120,295,445,460,483,498,498,4,4,4,22,35,45,147,147,72,83,94,108,108,120,168,168,202,221,240,90,106,125,139,238,238,238,253,265,23,23,36,36,36,54,39,39,39,39,39,58,58],"floor_reached":51,"language":"ZHS","playtime":3292,"items_purged":["Doubt"],"score":867,"play_id":"1fb9a3eb-cb51-468d-b74c-90b682ac5f19","local_time":"20210115044028","daily_mods":["SealedDeck","Vintage","Heirloom"],"is_ascension_mode":false,"campfire_choices":[{"floor":1,"key":"RECALL"},{"data":"Enlightenment","floor":12,"key":"SMITH"},{"data":"Guardian:SpikerProtocol","floor":29,"key":"SMITH"},{"floor":35,"key":"DIG"},{"data":"Guardian:SpikerProtocol","floor":42,"key":"SMITH"},{"data":"Replay:SS_forest_6","floor":47,"key":"SMITH"}],"circlet_count":0,"master_deck":["Guardian:RollAttack","Guardian:RollAttack","Guardian:SpikerProtocol+1","Guardian:EvasiveProtocol","Guardian:RollAttack","Guardian:Harden","Guardian:SpikerProtocol+1","Guardian:ShieldSpikes+1","Guardian:TimeBomb","Guardian:SpikerProtocol","Enlightenment+1","Guardian:ConstructionForm+1","Guardian:VentSteam","Guardian:Gem_Blue","Guardian:SpikerProtocol","Guardian:Harden","Guardian:TimeBomb+1","Replay:SS_hec_2","Replay:SS_hec_2","Replay:SS_forest_6+1"],"relics":["Guardian:ModeShifter","replay:Trail_Library","Replay:PocketPolymizer","Snack Pack","White Beast Statue","Onion Ring","Sundial","ReplayTheSpireMod:Lightbulb","Replay:Ringing Soul","ReplayTheSpireMod:TigerMarble","Blood Vial","Omamori","Velvet Choker","downfall:HeartBlessingRed","Bottled Flame","Mercury Hourglass","Juzu Bracelet","Mango","Bronze Scales","ReplayFunnel","Akabeko","Potion Belt","downfall:HeartBlessingGreen","downfall:HeartBlessingBlue","Blue Candle","Molten Egg 2","Replay:Baseball","Coffee Dripper","Orichalcum","ReplayTheSpireMod:Shallot","PreservedInsect","Guide Book","Regal Pillow","Chameleon Ring","Divine Protection","HornCleat"],"acts_visited":["Exordium","TheCity","TheBeyond"],"potions_floor_usage":[],"damage_taken":[{"damage":8,"enemies":"Cultist","floor":2,"turns":3},{"damage":0,"enemies":"Small Slimes","floor":3,"turns":3},{"damage":6,"enemies":"Jaw Worm","floor":6,"turns":4},{"damage":0,"enemies":"Lots of Slimes","floor":8,"turns":1},{"damage":0,"enemies":"downfall:FleeingMerchant","floor":10,"turns":4},{"damage":0,"enemies":"3 Louse","floor":13,"turns":1},{"damage":0,"enemies":"Large Slime","floor":14,"turns":3},{"damage":0,"enemies":"Gremlin Gang","floor":15,"turns":2},{"damage":15,"enemies":"downfall:Watcher","floor":16,"turns":6},{"damage":0,"enemies":"Chosen","floor":19,"turns":5},{"damage":0,"enemies":"Spheric Guardian","floor":20,"turns":5},{"damage":0,"enemies":"Cultist and Chosen","floor":21,"turns":4},{"damage":0,"enemies":"Snake Plant","floor":23,"turns":2},{"damage":25,"enemies":"Gremlin Leader","floor":26,"turns":6},{"damage":0,"enemies":"Centurion and Healer","floor":27,"turns":5},{"damage":11,"enemies":"Snecko","floor":28,"turns":4},{"damage":0,"enemies":"Sentry and Sphere","floor":30,"turns":3},{"damage":1,"enemies":"Snake Plant","floor":31,"turns":2},{"damage":0,"enemies":"Snecko","floor":32,"turns":5},{"damage":0,"enemies":"downfall:Ironclad","floor":33,"turns":6},{"damage":4,"enemies":"Orb Walker","floor":36,"turns":3},{"damage":0,"enemies":"3 Darklings","floor":37,"turns":2},{"damage":0,"enemies":"downfall:FleeingMerchant","floor":38,"turns":4},{"damage":0,"enemies":"Writhing Mass","floor":40,"turns":5},{"damage":7,"enemies":"Spire Growth","floor":43,"turns":6},{"damage":0,"enemies":"downfall:FleeingMerchant","floor":44,"turns":4},{"damage":0,"enemies":"Sphere and 2 Shapes","floor":49,"turns":3},{"damage":0,"enemies":"downfall:Silent","floor":50,"turns":9}],"seed_played":"-5584054620557369987","potions_obtained":[{"floor":6,"key":"Weak Potion"},{"floor":8,"key":"Weak Potion"},{"floor":10,"key":"BlessingOfTheForge"},{"floor":13,"key":"Adrenaline Potion"},{"floor":14,"key":"DuplicationPotion"},{"floor":28,"key":"hexamod:EctoCoolerPotion"},{"floor":30,"key":"SteroidPotion"},{"floor":31,"key":"EssenceOfSteel"},{"floor":40,"key":"Adrenaline Potion"}],"is_trial":true,"path_per_floor":["R_BF","M","M","?","?","M","T","M","?","$","?","R","M","M","M","B",null,"R_BF","M","M","M","?","M","T","?","E","M","M","R","M","M","M","B",null,"R_BF","M","M","$","?","M","T","R","M","$","?","?","R","?","M","B",null],"character_chosen":"GUARDIAN","items_purchased":["Guardian:SpikerProtocol","Replay:Ringing Soul","Enlightenment","Guardian:SpikerProtocol","Guide Book"],"campfire_rested":0,"item_purchase_floors":[10,10,10,38,38],"current_hp_per_floor":[80,72,72,72,72,66,66,66,41,44,44,44,44,44,46,40,86,86,86,86,86,89,103,103,106,84,86,77,90,92,93,95,102,125,125,121,123,128,128,128,128,131,124,129,122,122,122,122,124,126],"gold":58,"neow_bonus":"","is_daily":false,"chose_seed":false,"campfire_upgraded":4,"win_rate":0.0,"timestamp":1610656828,"path_taken":["R_BF","M","M","?","?","M","T","M","?","$","?","R","?","M","M","BOSS","R_BF","M","M","?","?","M","T","?","E","M","M","R","M","M","M","BOSS","R_BF","M","M","$","?","M","T","R","M","$","?","?","R","?","M","BOSS"],"items_purchased_type":["Card","Relic","Card","Card","Relic"],"build_version":"2020-12-22","purchased_purges":1,"victory":true,"max_hp_per_floor":[80,80,80,80,80,80,80,80,80,83,83,83,83,83,83,86,86,86,86,86,86,89,103,103,106,109,109,109,122,122,122,122,125,125,125,125,125,128,128,128,128,131,131,134,137,137,137,137,137,137],"card_choices":[{"not_picked":["Guardian:ShieldCharger","Guardian:Emergency"],"picked":"Guardian:TimeBomb","floor":10},{"not_picked":["Guardian:StasisField","Guardian:TimeSifter"],"picked":"Guardian:ConstructionForm","floor":16},{"not_picked":["Guardian:Repulse","Guardian:PrimingBeam"],"picked":"Guardian:VentSteam","floor":26},{"not_picked":["Guardian:Gem_Synthetic","Guardian:FierceBash+1"],"picked":"Guardian:RevengeProtocol","floor":33},{"not_picked":["Guardian:Suspension","Guardian:PrimingBeam+1","Guardian:TemporalShield+1"],"picked":"SKIP","floor":38},{"not_picked":["Guardian:DonusPower","Guardian:VentSteam"],"picked":"Guardian:TimeBomb+1","floor":44},{"not_picked":["expansioncontent:DefensiveStance","expansioncontent:FaceSlap+1"],"picked":"Replay:SS_hec_2","floor":45},{"not_picked":["expansioncontent:DarkVoid+1","expansioncontent:HyperBeam+1"],"picked":"Replay:SS_hec_2","floor":45},{"not_picked":["expansioncontent:Flail+1","expansioncontent:Collect"],"picked":"Replay:SS_forest_6","floor":45}],"player_experience":56121,"relics_obtained":[{"floor":2,"key":"Snack Pack"},{"floor":3,"key":"White Beast Statue"},{"floor":6,"key":"Onion Ring"},{"floor":8,"key":"Sundial"},{"floor":13,"key":"ReplayTheSpireMod:TigerMarble"},{"floor":14,"key":"Blood Vial"},{"floor":15,"key":"Omamori"},{"floor":19,"key":"Bottled Flame"},{"floor":20,"key":"Mercury Hourglass"},{"floor":21,"key":"Juzu Bracelet"},{"floor":23,"key":"Mango"},{"floor":24,"key":"Bronze Scales"},{"floor":26,"key":"ReplayFunnel"},{"floor":27,"key":"Akabeko"},{"floor":28,"key":"Potion Belt"},{"floor":30,"key":"Blue Candle"},{"floor":31,"key":"Molten Egg 2"},{"floor":32,"key":"Replay:Baseball"},{"floor":35,"key":"Orichalcum"},{"floor":36,"key":"ReplayTheSpireMod:Shallot"},{"floor":37,"key":"PreservedInsect"},{"floor":40,"key":"Regal Pillow"},{"floor":41,"key":"Chameleon Ring"},{"floor":43,"key":"Divine Protection"},{"floor":49,"key":"HornCleat"}],"event_choices":[{"damage_healed":0,"gold_gain":0,"player_choice":"Success","damage_taken":25,"relics_obtained":["ReplayTheSpireMod:Lightbulb"],"max_hp_gain":0,"max_hp_loss":0,"event_name":"Scrap Ooze","floor":9,"gold_loss":0},{"cards_removed":["Slimebound:Icky"],"damage_healed":0,"gold_gain":0,"player_choice":"Card Removal","damage_taken":0,"max_hp_gain":0,"max_hp_loss":0,"event_name":"The Cleric","floor":11,"gold_loss":0},{"cards_removed":["Guardian:PiercingHide"],"damage_healed":0,"gold_gain":0,"player_choice":"Elegance","damage_taken":0,"max_hp_gain":0,"max_hp_loss":0,"event_name":"Back to Basics","floor":25,"gold_loss":0},{"cards_removed":["Guardian:RevengeProtocol"],"damage_healed":0,"gold_gain":0,"player_choice":"Purged","damage_taken":0,"max_hp_gain":0,"max_hp_loss":0,"event_name":"Purifier","floor":46,"gold_loss":0},{"damage_healed":0,"gold_gain":0,"player_choice":"Ignored","damage_taken":0,"max_hp_gain":0,"max_hp_loss":0,"event_name":"Transmorgrifier","floor":48,"gold_loss":0}],"is_beta":false,"boss_relics":[{"not_picked":["Snecko Heart","Astrolabe"],"picked":"Velvet Choker"},{"not_picked":["Fusion Hammer","ReplayTheSpireMod:DimensionalGlitch"],"picked":"Coffee Dripper"}],"items_purged_floors":[10],"is_endless":false,"potions_floor_spawned":[6,8,10,13,14,15,16,19,20,21,23,26,27,28,30,31,32,33,36,37,38,40,43,44,49],"ascension_level":0}}