{"host":"njb27ds59h4j3ikk","time":1610650354,"event":{"mods":["AchievementEnabler","BaseMod","Better Altar","Better Match","Better Note","Better Sensory Stone","Better Skull","Better Third Choice","BetterRewards","Downfall","Hermit","Hubris","Minty Spire (QoL Compilation)","Permanent Neow","Quarter Circle Forward PUNCH!","Quick Restart","Rare Cards Sparkle","Replay The Spire","Shop Mod","StSLib","Trackpad","Transform Curses"],"gold_per_floor":[113,131,56,56,76,119,119,153,227,271,70,70,70,41,0,120,120,135,156,156,206,226,226,261,261,261,302,26,70,97,128,128,256,256,280,280,343,343,359,359,359,400,400,360,383,519,519,409,409,409,409,409,23,54,54],"floor_reached":56,"language":"ENG","playtime":2719,"items_purged":["Injury"],"score":1747,"play_id":"5e3585c7-bc02-470e-baef-ce7b316c3d2e","local_time":"20210114135234","is_ascension_mode":true,"campfire_choices":[{"data":"Aggregate","floor":7,"key":"SMITH"},{"data":"Meteor Strike","floor":23,"key":"SMITH"},{"floor":25,"key":"REST"},{"floor":40,"key":"RECALL"},{"data":"expansioncontent:StudyTheSpire","floor":52,"key":"SMITH"}],"circlet_count":0,"master_deck":["Strike_B","Strike_B+1","Strike_B","Strike_B","Defend_B","Defend_B+1","Defend_B+1","Defend_B","Zap","Dualcast","FTL","Replay:Sssssssssstrike+1","Ball Lightning","Self Repair","Stack","Conserve Battery","Time Bomb","Gash","Trip","Aggregate+1","Gash","Chaos+1","Barrage+1","ReplayGash","Replay:SS_hec_4","expansioncontent:Corrupt","Turbo","Reinforced Body+1","Loop","Loop","Meteor Strike+1","Enlightenment","Rainbow","ReplayTheSpireMod:System Scan","Static Discharge+1","Panic Button","FIFO Queue+1","Loop+1","Panic Button+1","hubris:PowerSurge","sneckomod:Bewildered","Beam Cell","Hologram+1","Fission","Conserve Battery+1","Static Discharge","Compile Driver","Turbo+1","BasicCrystalCard+1","Overencumbered","expansioncontent:StudyTheSpire+1","ReplayUltimateDefense","Turbo","Turbo","Ball Lightning","hubris:Compulsion","Hologram"],"relics":["Cracked Core","Runic Capacitor","Replay:Mystery Machine","Peace Pipe","Simple Rune","Tiny Chest","Golden Idol","Centennial Puzzle","hubris:SoftwareUpdate","Garlic","Oddly Smooth Stone","trackpad:IceCube","Nuclear Battery","Ring of Greed","Membership Card","MealTicket","Ring of Panic","Carrot","Replay:Ringing Soul","hubris:BundleOfHerbs","MerchantsRug","Guardian:PocketSentry","Bronze Scales","Replay:Multitool","Replay:Accelerometer","SacredBark","Guardian:GemstoneGun","StoneCalendar","Cables","Bottled Flame","Mercury Hourglass","trackpad:SneckoScepter","Blue Doll","hubris:EmptyBottle","War Paint","StrikeDummy","trackpad:FocusingLens"],"acts_visited":["Exordium","TheCity","TheBeyond","TheEnding"],"potions_floor_usage":[6,16,16,16,24,27,29,33,37,50,55,55,55,55,55,55,55,55],"damage_taken":[{"damage":5.0,"enemies":"Jaw Worm","floor":1.0,"turns":3.0},{"damage":0.0,"enemies":"Cultist","floor":2.0,"turns":2.0},{"damage":0,"enemies":"Small Slimes","floor":5,"turns":3},{"damage":22,"enemies":"Lagavulin","floor":6,"turns":4},{"damage":3,"enemies":"Gremlin Nob","floor":8,"turns":3},{"damage":38,"enemies":"Lagavulin","floor":10,"turns":6},{"damage":5,"enemies":"Slime Boss","floor":16,"turns":6},{"damage":6,"enemies":"Chosen","floor":18,"turns":4},{"damage":11,"enemies":"Shell Parasite","floor":19,"turns":6},{"damage":12,"enemies":"Cultist and Chosen","floor":22,"turns":5},{"damage":53,"enemies":"Slavers","floor":24,"turns":5},{"damage":13,"enemies":"Book of Stabbing","floor":27,"turns":4},{"damage":4,"enemies":"Slavers","floor":29,"turns":4},{"damage":3,"enemies":"Replay:Snechameleon","floor":31,"turns":3},{"damage":32,"enemies":"hubris:MusketHawk","floor":33,"turns":8},{"damage":0,"enemies":"3 Darklings","floor":35,"turns":4},{"damage":0,"enemies":"Mind Bloom Boss Battle","floor":37,"turns":4},{"damage":0,"enemies":"Orb Walker","floor":39,"turns":2},{"damage":87,"enemies":"Giant Head","floor":42,"turns":9},{"damage":14,"enemies":"3 Darklings","floor":45,"turns":3},{"damage":9,"enemies":"hubris:GrandSnecko","floor":50,"turns":12},{"damage":26,"enemies":"Shield and Spear","floor":54,"turns":6},{"damage":20,"enemies":"The Heart","floor":55,"turns":8}],"seed_played":"-678822746502639085","potions_obtained":[{"floor":5,"key":"Strength Potion"},{"floor":6,"key":"SteroidPotion"},{"floor":10,"key":"Toxic Potion"},{"floor":16,"key":"Elixir"},{"floor":27,"key":"Block Potion"},{"floor":29,"key":"Swift Potion"},{"floor":31,"key":"Languid Potion"},{"floor":33,"key":"EssenceOfSteel"},{"floor":39,"key":"SteroidPotion"},{"floor":42,"key":"Elixir"},{"floor":44,"key":"EssenceOfSteel"},{"floor":44,"key":"Ancient Potion"},{"floor":45,"key":"EssenceOfSteel"},{"floor":46,"key":"FairyPotion"}],"is_trial":false,"path_per_floor":["M","M","?","?","M","E","R","E","T","E","$","?","T","$","R","B",null,"M","M","?","?","M","R","E","R","T","E","$","E","T","E","R","B",null,"M","?","?","?","M","R","T","E","T","?","M","?","T","$","R","B",null,"R","$","E","B",null],"character_chosen":"DEFECT","items_purchased":["Runic Capacitor","Replay:Mystery Machine","FTL","Replay:Sssssssssstrike","Simple Rune","Tiny Chest","Ball Lightning","Self Repair","Stack","Lee\u0027s Waffle","Adrenaline Potion","BargainBundle","trackpad:IceCube","ReplayGash","Replay:SS_hec_4","expansioncontent:Corrupt","Turbo","Reinforced Body","Loop","Adrenaline Potion","EssenceOfSteel","Meteor Strike","MerchantsRug","Guardian:PocketSentry","Bronze Scales","Panic Button+1","hubris:PowerSurge","Blue Doll","ReplayUltimateDefense","hubris:EmptyBottle","EssenceOfSteel","War Paint","StrikeDummy","Turbo","Ball Lightning"],"campfire_rested":1,"item_purchase_floors":[0,0,0,0,0,0,0,0,0,11,11,14,14,14,14,14,14,14,14,14,14,14,28,28,28,28,28,48,48,53,53,53,53,53,53],"current_hp_per_floor":[70,70,70,70,75,60,60,57,57,26,82,82,82,82,88,88,88,82,78,78,78,66,66,13,39,39,29,47,46,46,53,83,61,103,106,106,109,109,112,112,112,35,35,35,31,34,34,52,89,87,124,124,127,111,98],"gold":54,"neow_bonus":"","is_daily":false,"chose_seed":false,"campfire_upgraded":3,"win_rate":0.0,"timestamp":1610650354,"path_taken":["M","M","?","?","M","E","R","E","T","E","$","?","?","?","R","BOSS","M","M","?","?","M","R","E","R","T","E","$","E","?","E","R","BOSS","M","?","?","?","M","R","?","E","T","?","?","?","?","$","R","BOSS","R","$","E","BOSS"],"items_purchased_type":["Relic","Relic","Card","Card","Relic","Relic","Card","Card","Card","Relic","Potion","Relic","Relic","Card","Card","Card","Card","Card","Card","Potion","Potion","Card","Relic","Relic","Relic","Card","Card","Relic","Card","Relic","Potion","Relic","Relic","Card","Card"],"build_version":"2020-12-22","purchased_purges":1,"victory":true,"max_hp_per_floor":[75,75,75,75,75,75,75,75,75,75,82,82,82,82,88,88,88,88,88,88,88,88,88,88,88,88,91,94,97,97,100,100,103,103,106,106,109,109,112,112,112,115,115,115,118,121,121,124,124,124,124,124,127,130,130],"card_choices":[{"not_picked":["Go for the Eyes","Fusion"],"picked":"Conserve Battery","floor":1.0},{"not_picked":["Gash","BasicCrystalCard"],"picked":"Time Bomb","floor":2},{"not_picked":["Go for the Eyes","Turbo"],"picked":"Gash","floor":3},{"not_picked":["Replay:SS_fish_2","PanicButton"],"picked":"Trip","floor":3},{"not_picked":["Coolheaded","Panic Button"],"picked":"Aggregate","floor":5},{"not_picked":["Skim","Beam Cell"],"picked":"Gash","floor":6},{"not_picked":["Gash","Reboot"],"picked":"Chaos","floor":8},{"not_picked":["Panic Button","Gash"],"picked":"Barrage","floor":10},{"not_picked":["hubris:SpecializedCircuitry","Biased Cognition"],"picked":"Rainbow","floor":16},{"not_picked":["Chill","Heatsinks"],"picked":"Glacier","floor":18},{"not_picked":["Steam Power","Leap"],"picked":"ReplayTheSpireMod:System Scan","floor":19},{"not_picked":["Go for the Eyes","BasicCrystalCard"],"picked":"Panic Button","floor":22},{"not_picked":["Double Energy","BasicCrystalCard"],"picked":"FIFO Queue+1","floor":24},{"not_picked":["Beam Cell","Skim"],"picked":"Loop+1","floor":27},{"not_picked":["Panic Button","Reinforced Body"],"picked":"Beam Cell","floor":29},{"not_picked":["Force Field","Panic Button"],"picked":"Hologram+1","floor":31},{"not_picked":["Biased Cognition","Reboot"],"picked":"Fission","floor":33},{"not_picked":["Chaos+1","ReplayTheSpireMod:System Scan+1"],"picked":"Conserve Battery+1","floor":35},{"not_picked":["Reinforced Body","Hologram+1"],"picked":"Static Discharge","floor":37},{"not_picked":["Conserve Battery","Turbo+1"],"picked":"Compile Driver","floor":39},{"not_picked":["Reboot","Compile Driver+1"],"picked":"Turbo+1","floor":42},{"not_picked":["Hologram+1","BootSequence"],"picked":"BasicCrystalCard+1","floor":45},{"not_picked":["expansioncontent:DashGenerateEvil","Apotheosis"],"picked":"expansioncontent:StudyTheSpire","floor":46},{"not_picked":["Chill+1","hubris:SpecializedCircuitry"],"picked":"Hologram","floor":54}],"player_experience":1245502,"relics_obtained":[{"floor":6,"key":"Potion Belt"},{"floor":8,"key":"Centennial Puzzle"},{"floor":9,"key":"hubris:SoftwareUpdate"},{"floor":10,"key":"Garlic"},{"floor":13,"key":"Oddly Smooth Stone"},{"floor":21,"key":"Ring of Greed"},{"floor":21,"key":"Membership Card"},{"floor":21,"key":"MealTicket"},{"floor":21,"key":"Ring of Panic"},{"floor":24,"key":"Carrot"},{"floor":26,"key":"Replay:Ringing Soul"},{"floor":27,"key":"hubris:BundleOfHerbs"},{"floor":29,"key":"Replay:Multitool"},{"floor":30,"key":"Omamori"},{"floor":31,"key":"Replay:Accelerometer"},{"floor":37,"key":"Guardian:GemstoneGun"},{"floor":38,"key":"StoneCalendar"},{"floor":42,"key":"Cables"},{"floor":43,"key":"Bottled Flame"},{"floor":46,"key":"Mercury Hourglass"},{"floor":47,"key":"trackpad:SneckoScepter"},{"floor":54,"key":"trackpad:FocusingLens"}],"event_choices":[{"damage_healed":0,"gold_gain":0,"player_choice":"1","damage_taken":0,"max_hp_gain":0,"max_hp_loss":0,"event_name":"betterMatch:BetterMatch","floor":3,"gold_loss":0,"cards_obtained":["betterMatch:CommonCard","betterMatch:ColorlessUncommonCard"]},{"damage_healed":0,"gold_gain":0,"player_choice":"Take Wound","damage_taken":0,"relics_obtained":["Golden Idol"],"max_hp_gain":0,"max_hp_loss":0,"event_name":"Golden Idol","floor":4,"gold_loss":0,"cards_obtained":["Injury"]},{"damage_healed":0,"gold_gain":0,"player_choice":"RENOUNCE","damage_taken":41,"max_hp_gain":0,"max_hp_loss":0,"event_name":"betterThird:BetterSerpent","floor":15,"gold_loss":41,"cards_obtained":["Enlightenment"]},{"cards_removed":["Chaos"],"damage_healed":0,"gold_gain":0,"player_choice":"Take \u0026 Give","damage_taken":0,"max_hp_gain":0,"max_hp_loss":0,"event_name":"betterNote:BetterNote","floor":20,"gold_loss":0,"cards_obtained":["Static Discharge"]},{"cards_removed":["Glacier"],"damage_healed":0,"gold_gain":0,"player_choice":"Removed Skill","damage_taken":0,"max_hp_gain":0,"max_hp_loss":0,"event_name":"Falling","floor":36,"gold_loss":0},{"damage_healed":0,"gold_gain":0,"player_choice":"Fight","damage_taken":0,"max_hp_gain":0,"max_hp_loss":0,"event_name":"MindBloom","floor":37,"gold_loss":0},{"damage_healed":0,"gold_gain":0,"player_choice":"Relic","damage_taken":0,"max_hp_gain":0,"max_hp_loss":0,"event_name":"Wheel of Change","floor":38,"gold_loss":0},{"damage_healed":0,"gold_gain":0,"player_choice":"Bought 3 Potions","damage_taken":0,"max_hp_gain":0,"max_hp_loss":0,"event_name":"The Woman in Blue","floor":44,"gold_loss":0},{"damage_healed":0,"gold_gain":0,"player_choice":"Random: Red","damage_taken":0,"max_hp_gain":0,"max_hp_loss":0,"event_name":"betterThird:BetterPortal","floor":46,"gold_loss":0}],"is_beta":false,"boss_relics":[{"not_picked":["hubris:TerracottaHorce","hubris:HollowSoul"],"picked":"Nuclear Battery"},{"not_picked":["ReplayTheSpireMod:DimensionalGlitch","Tiny House"],"picked":"SacredBark"}],"items_purged_floors":[53],"is_endless":false,"potions_floor_spawned":[5,6,10,16,27,29,31,33,39,42,45,54],"ascension_level":1}}