{"host":"ny1uxs7aco9qql8p","time":1610648595,"event":{"mods":["AchievementEnabler","Alarm Clock","BaseMod","Bestiary","Colored Map","Colored Powertips","DeckTracker","Filter the Spire","Highlight Path","Minty Spire (QoL Compilation)","Permanent Neow","Quick Restart","Rare Cards Sparkle","Relic Stats"],"gold_per_floor":[110,110,120,135,150,179,179,193,219,219,234,310,310,336,336,440,440,451,469,100,100,114,114,139,39,93,93,93],"floor_reached":27,"language":"ENG","playtime":2749,"items_purged":["Strike_G","Pain"],"score":281,"play_id":"7c754bf2-6caa-4e93-9bf7-a721b9678005","local_time":"20210114132315","is_ascension_mode":true,"campfire_choices":[{"data":"Prepared","floor":7.0,"key":"SMITH"},{"data":"Eviscerate","floor":10.0,"key":"SMITH"},{"floor":15.0,"key":"RECALL"},{"floor":23.0,"key":"REST"}],"circlet_count":0,"master_deck":["Strike_G","Strike_G","Strike_G","Strike_G","Defend_G","Defend_G","Defend_G","Defend_G","Defend_G","Survivor","Neutralize","Riddle With Holes","Eviscerate+1","Prepared+1","All Out Attack","Masterful Stab","Dagger Throw","Unload","Blade Dance","Blade Dance","Envenom","Infinite Blades+1","Finisher","Well Laid Plans","Predator","Choke","Dodge and Roll"],"relics":["Ring of the Snake","Strawberry","Gremlin Horn","Nunchaku","HoveringKite","PreservedInsect","WarpedTongs","Happy Flower","MealTicket"],"acts_visited":["Exordium","TheCity"],"potions_floor_usage":[24,24],"damage_taken":[{"damage":0.0,"enemies":"Jaw Worm","floor":1.0,"turns":3.0},{"damage":1.0,"enemies":"Cultist","floor":3.0,"turns":4.0},{"damage":0.0,"enemies":"Small Slimes","floor":4.0,"turns":3.0},{"damage":0.0,"enemies":"Exordium Wildlife","floor":5.0,"turns":3.0},{"damage":0.0,"enemies":"Gremlin Nob","floor":6.0,"turns":2.0},{"damage":1.0,"enemies":"Blue Slaver","floor":8.0,"turns":2.0},{"damage":1.0,"enemies":"Red Slaver","floor":11.0,"turns":2.0},{"damage":1.0,"enemies":"3 Sentries","floor":14.0,"turns":3.0},{"damage":16.0,"enemies":"Slime Boss","floor":16.0,"turns":5.0},{"damage":31.0,"enemies":"2 Thieves","floor":18.0,"turns":4.0},{"damage":16.0,"enemies":"Spheric Guardian","floor":19.0,"turns":4.0},{"damage":23.0,"enemies":"Cultist and Chosen","floor":22.0,"turns":4.0},{"damage":24,"enemies":"Slavers","floor":24,"turns":4},{"damage":6,"enemies":"Book of Stabbing","floor":27,"turns":2}],"seed_played":"-7808850854942792808","potions_obtained":[{"floor":2.0,"key":"GamblersBrew"},{"floor":2.0,"key":"CultistPotion"},{"floor":2.0,"key":"SteroidPotion"},{"floor":18.0,"key":"Fire Potion"},{"floor":19.0,"key":"Weak Potion"}],"is_trial":false,"path_per_floor":["M","?","M","M","M","E","R","M","T","R","M","?","T","E","R","B",null,"M","M","$","?","M","R","E","$","T","E"],"character_chosen":"THE_SILENT","items_purchased":["PreservedInsect","Well Laid Plans","Predator"],"campfire_rested":1,"item_purchase_floors":[20,20,20],"current_hp_per_floor":[70,70,69,69,69,76,76,75,75,75,74,74,74,73,73,57,77,46,30,30,30,7,30,6,6,6,0,0],"gold":93,"neow_bonus":"THREE_CARDS","is_daily":false,"chose_seed":false,"campfire_upgraded":2,"win_rate":0.0,"timestamp":1610648595,"path_taken":["M","?","M","M","?","E","R","?","T","R","M","?","?","E","R","BOSS","M","M","$","?","?","R","E","$","T","E"],"items_purchased_type":["Relic","Card","Card"],"build_version":"2020-12-22","purchased_purges":2,"victory":false,"max_hp_per_floor":[70,70,70,70,70,77,77,77,77,77,77,77,77,77,77,77,77,77,77,77,77,77,77,77,77,77,77,77],"relic_stats":{"Nunchaku":[7],"Gremlin Horn":[9,9],"Happy Flower":[0],"counters":[14,45],"HoveringKite":[8],"MealTicket":0,"PreservedInsect":79,"obtain_stats":[{"Nunchaku":14,"Gremlin Horn":13,"Happy Flower":24,"Strawberry":6,"HoveringKite":17,"MealTicket":26,"PreservedInsect":20,"Ring of the Snake":0,"WarpedTongs":21},{"Nunchaku":8,"Gremlin Horn":7,"Happy Flower":13,"Strawberry":5,"HoveringKite":9,"MealTicket":13,"PreservedInsect":11,"Ring of the Snake":0,"WarpedTongs":11},{"Nunchaku":22,"Gremlin Horn":19,"Happy Flower":43,"Strawberry":15,"HoveringKite":27,"MealTicket":43,"PreservedInsect":35,"Ring of the Snake":0,"WarpedTongs":35}],"Ring of the Snake":[28],"WarpedTongs":[10]},"card_choices":[{"not_picked":["PiercingWail","Dagger Spray"],"picked":"Riddle With Holes","floor":0.0},{"not_picked":["Dodge and Roll","Sucker Punch"],"picked":"Eviscerate","floor":1.0},{"not_picked":["Endless Agony","Quick Slash"],"picked":"Prepared","floor":3.0},{"not_picked":["Eviscerate","Prepared"],"picked":"All Out Attack","floor":4.0},{"not_picked":["Sucker Punch","Quick Slash"],"picked":"Masterful Stab","floor":5.0},{"not_picked":["Infinite Blades","Backflip"],"picked":"Dagger Throw","floor":6.0},{"not_picked":["Deflect","Flying Knee"],"picked":"Unload","floor":8.0},{"not_picked":["Deadly Poison","Dagger Spray"],"picked":"Blade Dance","floor":11.0},{"not_picked":["Deadly Poison","Bane"],"picked":"Blade Dance","floor":14.0},{"not_picked":["Glass Knife","Die Die Die"],"picked":"Envenom","floor":16.0},{"not_picked":["Slice","Bane"],"picked":"Infinite Blades+1","floor":18.0},{"not_picked":["Backstab","Infinite Blades"],"picked":"Finisher","floor":19.0},{"not_picked":["Backflip+1","Heel Hook"],"picked":"Choke","floor":22.0},{"not_picked":["Deadly Poison","Poisoned Stab"],"picked":"Dodge and Roll","floor":24}],"player_experience":193435,"relics_obtained":[{"floor":6.0,"key":"Strawberry"},{"floor":13.0,"key":"Gremlin Horn"},{"floor":14.0,"key":"Nunchaku"},{"floor":24,"key":"Happy Flower"},{"floor":26,"key":"MealTicket"}],"event_choices":[{"damage_healed":0.0,"max_hp_gain":0.0,"max_hp_loss":0.0,"gold_gain":0.0,"event_name":"Lab","player_choice":"Got Potions","floor":2.0,"gold_loss":0.0,"damage_taken":0.0},{"damage_healed":0.0,"max_hp_gain":0.0,"max_hp_loss":0.0,"gold_gain":76.0,"event_name":"Golden Wing","player_choice":"Gained Gold","floor":12.0,"gold_loss":0.0,"damage_taken":0.0},{"damage_healed":0.0,"max_hp_gain":0.0,"max_hp_loss":0.0,"gold_gain":0.0,"event_name":"Accursed Blacksmith","player_choice":"Rummage","floor":21.0,"gold_loss":0.0,"damage_taken":0.0,"relics_obtained":["WarpedTongs"],"cards_obtained":["Pain"]}],"is_beta":false,"boss_relics":[{"not_picked":["Calling Bell","Velvet Choker"],"picked":"HoveringKite"}],"items_purged_floors":[20,25],"is_endless":false,"potions_floor_spawned":[3,4,5,18,19],"killed_by":"Book of Stabbing","ascension_level":1}}