{"host":"xt797mi8yhee06c1","time":1610621916,"event":{"mods":["BaseMod","Bestiary","Koishi","Marisa£¨Ùöéë¡¡Øª×âÞÞ£©","Minty Spire (QoL Compilation)","Poor People Problems","Prisma Mod","Relic Filter","Shop Mod","Spicy Shops","StSLib","The Marked","The Servant 0.9.4","WarShipGirlsR/??á´Ò³R mod"],"gold_per_floor":[116,116,26,26,76,131,131,179,202,244,307,352,352,402,402,531,531,550,39,39,110,71,131,174,174,197,197,279,279,279,279],"floor_reached":30,"language":"KOR","playtime":2152,"items_purged":["Regret","Injury"],"score":378,"play_id":"d6dcdea7-6ebc-425a-9d0c-b308b8552a47","local_time":"20210114195836","is_ascension_mode":false,"campfire_choices":[{"data":"MillisecondPulsars","floor":7.0,"key":"SMITH"},{"floor":15.0,"key":"REST"},{"floor":25,"key":"RECALL"},{"data":"StarDustReverie","floor":29,"key":"SMITH"}],"circlet_count":0,"master_deck":["Strike_MRS","Strike_MRS","Defend_MRS","Defend_MRS","Defend_MRS","MasterSpark","UpSweep","Singularity","Acceleration","RefractionSpark","WitchOfGreed","OortCloud","MillisecondPulsars+1","AsteroidBelt","MysteriousBeam","PowerUp","ChargeUpSpray","Singularity","MysteriousBeam","MasterSpark","Flash of Steel","StarDustReverie","WitchOfGreed+1","Singularity","AlicesGift+1","IllusionStar","StarDustReverie+1","SporeBomb","FairyDestructionRay+1"],"relics":["BewitchedHakkero","Omamori","Mummified Hand","Oddly Smooth Stone","AmplifyWand","TungstenRod","Calipers","Letter Opener"],"acts_visited":["Exordium","TheCity"],"potions_floor_usage":[],"damage_taken":[{"damage":2.0,"enemies":"2 Louse","floor":1.0,"turns":4.0},{"damage":12.0,"enemies":"Cultist","floor":5.0,"turns":4.0},{"damage":30.0,"enemies":"3 Sentries","floor":6.0,"turns":11.0},{"damage":6.0,"enemies":"Small Slimes","floor":8.0,"turns":2.0},{"damage":1.0,"enemies":"Gremlin Gang","floor":10.0,"turns":4.0},{"damage":5.0,"enemies":"Lagavulin","floor":11.0,"turns":5.0},{"damage":8.0,"enemies":"3 Louse","floor":12.0,"turns":3.0},{"damage":15.0,"enemies":"Lots of Slimes","floor":14.0,"turns":5.0},{"damage":0.0,"enemies":"Slime Boss","floor":16.0,"turns":4.0},{"damage":9.0,"enemies":"2 Thieves","floor":18.0,"turns":4.0},{"damage":0.0,"enemies":"Spheric Guardian","floor":21.0,"turns":3.0},{"damage":32.0,"enemies":"Gremlin Leader","floor":23.0,"turns":5.0},{"damage":6,"enemies":"Cultist and Chosen","floor":24,"turns":5},{"damage":19,"enemies":"Slavers","floor":28,"turns":4},{"damage":33,"enemies":"Shelled Parasite and Fungi","floor":30,"turns":2}],"seed_played":"-2189828449763554130","potions_obtained":[{"floor":4.0,"key":"Regen Potion"},{"floor":4.0,"key":"Explosive Potion"},{"floor":4.0,"key":"Ancient Potion"},{"floor":5.0,"key":"Energy Potion"},{"floor":6.0,"key":"Fruit Juice"},{"floor":8.0,"key":"LiquidMemories"},{"floor":8.0,"key":"PowerPotion"},{"floor":11.0,"key":"DuplicationPotion"}],"is_trial":false,"path_per_floor":["M","?","$","?","M","E","R","M","T","M","E","M","?","M","R","B",null,"M","$","?","M","$","E","M","R","T","?","E","R","M"],"character_chosen":"MARISA","items_purchased":["WitchOfGreed","Singularity","TungstenRod","IllusionStar"],"campfire_rested":1,"item_purchase_floors":[3,19,19,22],"current_hp_per_floor":[73,73,73,73,61,51,51,45,45,44,39,31,31,16,40,40,80,71,71,90,90,90,58,52,52,52,52,33,33,0,0],"gold":279,"neow_bonus":"TRANSFORM_TWO_CARDS","is_daily":false,"chose_seed":false,"campfire_upgraded":2,"win_rate":0.0,"timestamp":1610621916,"path_taken":["M","?","$","?","M","E","R","?","T","M","E","M","?","?","R","BOSS","M","$","?","M","$","E","?","R","T","?","E","R","M"],"items_purchased_type":["Card","Card","Relic","Card"],"build_version":"2020-12-22","purchased_purges":2,"victory":false,"max_hp_per_floor":[75,75,75,75,75,80,80,80,80,80,80,80,80,80,80,80,80,80,80,90,90,90,90,90,90,90,90,90,90,90,90],"card_choices":[{"not_picked":["AsteroidBelt","DeepEcoloBomb"],"picked":"RefractionSpark","floor":1.0},{"not_picked":["DC","MysteriousBeam"],"picked":"OortCloud","floor":5.0},{"not_picked":["OrrerysSun","DoubleSpark"],"picked":"MillisecondPulsars","floor":6.0},{"not_picked":["GrandCross","DC"],"picked":"AsteroidBelt","floor":8.0},{"not_picked":["MachineGunSpark","Occultation"],"picked":"MysteriousBeam","floor":10.0},{"not_picked":["OneTimeOff","MilkyWay"],"picked":"PowerUp","floor":11.0},{"not_picked":["LuminesStrike","UnstableBomb"],"picked":"ChargeUpSpray","floor":12.0},{"not_picked":["ShootingEcho","WitchLeyline","GalacticHalo"],"picked":"SKIP","floor":14.0},{"not_picked":["CollectingQuirk","JA"],"picked":"StarDustReverie","floor":16.0},{"not_picked":["MysteriousBeam","UnstableBomb"],"picked":"WitchOfGreed+1","floor":18.0},{"not_picked":["DarkMatter","DeepEcoloBomb"],"picked":"AlicesGift+1","floor":21.0},{"not_picked":["SprinkleStarSeal","Orbital"],"picked":"StarDustReverie","floor":23.0},{"not_picked":["NonDirectionalLaser","UnstableBomb"],"picked":"SporeBomb","floor":24},{"not_picked":["Singularity+1","EarthLightRay+1"],"picked":"FairyDestructionRay+1","floor":28}],"player_experience":354975,"relics_obtained":[{"floor":6.0,"key":"Mummified Hand"},{"floor":9.0,"key":"Oddly Smooth Stone"},{"floor":11.0,"key":"AmplifyWand"},{"floor":23.0,"key":"Calipers"},{"floor":28,"key":"Letter Opener"}],"event_choices":[{"damage_healed":0.0,"max_hp_gain":0.0,"max_hp_loss":0.0,"gold_gain":0.0,"event_name":"Big Fish","player_choice":"Box","floor":2.0,"gold_loss":0.0,"damage_taken":0.0,"relics_obtained":["Omamori"],"cards_obtained":["Regret"]},{"damage_healed":0.0,"max_hp_gain":0.0,"max_hp_loss":0.0,"gold_gain":0.0,"event_name":"Lab","player_choice":"Got Potions","floor":4.0,"gold_loss":0.0,"damage_taken":0.0},{"damage_healed":0.0,"max_hp_gain":0.0,"max_hp_loss":0.0,"gold_gain":0.0,"event_name":"Match and Keep!","player_choice":"5 cards matched","floor":13.0,"gold_loss":0.0,"damage_taken":0.0,"cards_obtained":["Singularity","AbsoluteMagnitude","MysteriousBeam","MasterSpark","Flash of Steel"]},{"cards_removed":["AbsoluteMagnitude"],"damage_healed":9.0,"max_hp_gain":10.0,"max_hp_loss":0.0,"gold_gain":0.0,"event_name":"Bonfire Elementals","player_choice":"Offered Rare","floor":20.0,"gold_loss":0.0,"damage_taken":0.0},{"cards_removed":["Defend_MRS"],"damage_healed":0,"gold_gain":0,"player_choice":"Elegance","damage_taken":0,"max_hp_gain":0,"max_hp_loss":0,"event_name":"Back to Basics","floor":27,"gold_loss":0}],"is_beta":false,"boss_relics":[{"not_picked":["Astrolabe","Calling Bell"],"picked":"BewitchedHakkero"}],"items_purged_floors":[19,19],"is_endless":false,"potions_floor_spawned":[8,10,11,16,24,28],"killed_by":"Shelled Parasite and Fungi","ascension_level":0}}