{"host":"anox4050deqdcqoh","time":1610593079,"event":{"mods":["BaseMod","Colored Map","Highlight Path","Minty Spire (QoL Compilation)","Quick Restart","Rare Cards Sparkle","everything is the same but u backflip on backflip"],"gold_per_floor":[117,117,129,129,129,129,145,170,170,209,221,247,293,318,330,342,342],"floor_reached":16,"language":"ENG","playtime":544,"items_purged":[],"score":129,"play_id":"257dc193-addb-42e3-bc46-5ac7ea6072f3","local_time":"20210113215759","is_ascension_mode":true,"campfire_choices":[{"data":"Bash","floor":6,"key":"SMITH"},{"data":"Cleave","floor":11,"key":"SMITH"},{"floor":15,"key":"REST"}],"circlet_count":0,"master_deck":["Strike_R","Strike_R","Strike_R","Strike_R","Strike_R","Defend_R","Defend_R","Defend_R","Defend_R","Bash+1","Flame Barrier","Evolve","Cleave+1","Battle Trance","Dark Embrace","Uppercut"],"relics":["Burning Blood","MealTicket","Golden Idol","StrikeDummy","Smiling Mask","MawBank","InkBottle"],"acts_visited":["Exordium"],"potions_floor_usage":[10,10,14,16],"damage_taken":[{"damage":7,"enemies":"Small Slimes","floor":1,"turns":3},{"damage":3,"enemies":"2 Louse","floor":3,"turns":4},{"damage":6,"enemies":"Cultist","floor":7,"turns":3},{"damage":2,"enemies":"2 Fungi Beasts","floor":8,"turns":5},{"damage":16,"enemies":"Gremlin Nob","floor":10,"turns":3},{"damage":12,"enemies":"Blue Slaver","floor":12,"turns":4},{"damage":29,"enemies":"Lagavulin","floor":13,"turns":6},{"damage":10,"enemies":"Exordium Thugs","floor":14,"turns":4},{"damage":56,"enemies":"Hexaghost","floor":16,"turns":10}],"seed_played":"-404059989555887001","potions_obtained":[{"floor":1,"key":"Regen Potion"},{"floor":8,"key":"SkillPotion"},{"floor":12,"key":"Explosive Potion"},{"floor":14,"key":"Fire Potion"}],"is_trial":false,"path_per_floor":["M","$","M","?","?","R","M","M","T","E","R","M","E","M","R","B"],"character_chosen":"IRONCLAD","items_purchased":[],"campfire_rested":1,"item_purchase_floors":[],"current_hp_per_floor":[79,80,80,60,60,60,60,64,64,63,63,57,34,30,54,0,0],"gold":342,"neow_bonus":"RANDOM_COMMON_RELIC","is_daily":false,"chose_seed":false,"campfire_upgraded":2,"win_rate":0.0,"timestamp":1610593079,"path_taken":["M","$","M","?","?","R","M","M","T","E","R","M","E","M","R","BOSS"],"items_purchased_type":[],"build_version":"2020-12-22","purchased_purges":0,"victory":false,"max_hp_per_floor":[80,80,80,80,80,80,80,80,80,80,80,80,80,80,80,80,80],"card_choices":[{"not_picked":["Dark Embrace","Warcry","Body Slam"],"picked":"SKIP","floor":1},{"not_picked":["Perfected Strike","Combust"],"picked":"Thunderclap","floor":3},{"not_picked":["Anger","Ghostly Armor"],"picked":"Flame Barrier","floor":7},{"not_picked":["Sword Boomerang","Wild Strike"],"picked":"Evolve","floor":8},{"not_picked":["Pommel Strike","Perfected Strike"],"picked":"Cleave","floor":10},{"not_picked":["Burning Pact","Pommel Strike"],"picked":"Battle Trance","floor":12},{"not_picked":["Perfected Strike","Second Wind"],"picked":"Dark Embrace","floor":13},{"not_picked":["True Grit","Flame Barrier"],"picked":"Uppercut","floor":14}],"player_experience":327009,"relics_obtained":[{"floor":9,"key":"Smiling Mask"},{"floor":10,"key":"MawBank"},{"floor":13,"key":"InkBottle"}],"event_choices":[{"damage_healed":0,"gold_gain":0,"player_choice":"Take Damage","damage_taken":20,"relics_obtained":["Golden Idol"],"max_hp_gain":0,"max_hp_loss":0,"event_name":"Golden Idol","floor":4,"gold_loss":0},{"cards_removed":["Thunderclap"],"damage_healed":0,"gold_gain":0,"player_choice":"Gave Card","damage_taken":0,"relics_obtained":["StrikeDummy"],"max_hp_gain":0,"max_hp_loss":0,"event_name":"WeMeetAgain","floor":5,"gold_loss":0}],"is_beta":false,"boss_relics":[],"items_purged_floors":[],"is_endless":false,"potions_floor_spawned":[1,8,12,14],"killed_by":"Hexaghost","ascension_level":3}}