{"host":"n6lk97i3f9btdmiv","time":1610591150,"event":{"mods":["BaseMod","Better Note","Colored Map","Highlight Path","Minty Spire (QoL Compilation)","StSLib","The Senshi"],"gold_per_floor":[114,134,152,164,114,148,148,175,198,214,214,139,166,177,177,279,279,292,292,48,48,48],"floor_reached":21,"language":"ENG","playtime":3003,"items_purged":["theSenshi:SailorBlock","theSenshi:SailorKick"],"score":199,"play_id":"d16c9df4-2012-41ca-afbb-16b3340aac90","local_time":"20210113212550","is_ascension_mode":false,"campfire_choices":[{"data":"theSenshi:MoonHealingEscalation","floor":7,"key":"SMITH"},{"data":"theSenshi:KlutzyLuck","floor":15,"key":"SMITH"}],"circlet_count":0,"master_deck":["theSenshi:SailorKick","theSenshi:SailorKick","theSenshi:SailorBlock","theSenshi:SailorBlock","theSenshi:SailorBlock","theSenshi:RoseThrow","theSenshi:MoonPrismPowerMakeUp","theSenshi:MoonCrystalPowerMakeUp","theSenshi:MoonHealingEscalation+1","theSenshi:MoonCrystalPowerMakeUp","theSenshi:MoonlightKnight","theSenshi:KlutzyLuck+1","theSenshi:MoonCosmicPowerMakeUp","theSenshi:SilverMoonCrystalPowerKiss","theSenshi:MoonPunch"],"relics":["theSenshi:TransformationBroochRelic","theSenshi:HolyGrailRelic","theSenshi:RoseRelic","Bag of Marbles","Ornamental Fan","Black Star","theSenshi:ChokerRelic"],"acts_visited":["Exordium","TheCity"],"potions_floor_usage":[16,16],"damage_taken":[{"damage":0,"enemies":"2 Louse","floor":1,"turns":3},{"damage":3,"enemies":"Small Slimes","floor":2,"turns":4},{"damage":0,"enemies":"Jaw Worm","floor":3,"turns":6},{"damage":0,"enemies":"Large Slime","floor":4,"turns":8},{"damage":60,"enemies":"3 Sentries","floor":6,"turns":27},{"damage":38,"enemies":"Gremlin Nob","floor":8,"turns":7},{"damage":16,"enemies":"Lots of Slimes","floor":10,"turns":13},{"damage":39,"enemies":"3 Sentries","floor":13,"turns":18},{"damage":21,"enemies":"3 Louse","floor":14,"turns":8},{"damage":173,"enemies":"Slime Boss","floor":16,"turns":40},{"damage":27,"enemies":"3 Byrds","floor":18,"turns":15},{"damage":0,"enemies":"2 Thieves","floor":21,"turns":1}],"seed_played":"2297130338042529276","potions_obtained":[{"floor":1,"key":"FearPotion"},{"floor":4,"key":"AttackPotion"},{"floor":8,"key":"Weak Potion"},{"floor":13,"key":"SpeedPotion"},{"floor":16,"key":"FairyPotion"}],"is_trial":false,"path_per_floor":["M","M","M","M","?","E","R","E","T","M","?","$","E","M","R","B",null,"M","?","$","M"],"character_chosen":"THE_SENSHI","items_purchased":["theSenshi:ChokerRelic"],"campfire_rested":0,"item_purchase_floors":[20],"current_hp_per_floor":[82,79,79,82,82,62,62,54,54,82,64,64,82,82,82,9,82,82,82,82,82,82],"gold":48,"neow_bonus":"TEN_PERCENT_HP_BONUS","is_daily":false,"chose_seed":false,"campfire_upgraded":2,"win_rate":0.0,"timestamp":1610591150,"path_taken":["M","M","M","M","?","E","R","E","T","M","?","$","E","M","R","BOSS","M","?","$","M"],"items_purchased_type":["Relic"],"build_version":"2020-12-22","purchased_purges":2,"victory":false,"max_hp_per_floor":[82,82,82,82,82,82,82,82,82,82,82,82,82,82,82,82,82,82,82,82,82,82],"card_choices":[{"not_picked":["theSenshi:SailorPlanetPower","theSenshi:SailorMarsAssists","theSenshi:SailorChibiMoonAssists"],"picked":"SKIP","floor":1},{"not_picked":["theSenshi:MoonKick","theSenshi:MoonTiaraMagic"],"picked":"theSenshi:MoonCrystalPowerMakeUp","floor":2},{"not_picked":["theSenshi:TallSilhouette","theSenshi:SailorStarFighterAssists"],"picked":"theSenshi:MoonHealingEscalation","floor":3},{"not_picked":["theSenshi:GatheringStrength","theSenshi:TallSilhouette"],"picked":"theSenshi:MoonCrystalPowerMakeUp","floor":4},{"not_picked":["theSenshi:EncouragingSpeech","theSenshi:TallSilhouette","theSenshi:MoonTiaraMagic"],"picked":"SKIP","floor":6},{"not_picked":["theSenshi:MoonPrincessHalation","theSenshi:TuxedoMaskAssists"],"picked":"theSenshi:MoonlightKnight","floor":8},{"not_picked":["theSenshi:SailorStarMakerAssists","theSenshi:SailorVenusAssists","theSenshi:SailorMercuryAssists"],"picked":"SKIP","floor":10},{"not_picked":["theSenshi:GatheringStrength","theSenshi:VenusGlamour"],"picked":"theSenshi:KlutzyLuck","floor":13},{"not_picked":["theSenshi:SailorMercuryAssists","theSenshi:JupitersPower"],"picked":"theSenshi:MoonCosmicPowerMakeUp","floor":14},{"not_picked":["theSenshi:ChibiMoonsLove","theSenshi:LunaSensingAllies"],"picked":"theSenshi:SilverMoonCrystalPowerKiss","floor":16},{"not_picked":["theSenshi:SailorStarFighterAssists","theSenshi:SupersonicWaves+1"],"picked":"theSenshi:MoonPunch","floor":18}],"player_experience":436081,"relics_obtained":[{"floor":6,"key":"theSenshi:HolyGrailRelic"},{"floor":8,"key":"theSenshi:RoseRelic"},{"floor":13,"key":"Ornamental Fan"}],"event_choices":[{"cards_removed":["theSenshi:SailorKick"],"damage_healed":0,"gold_gain":0,"player_choice":"Card Removal","damage_taken":0,"max_hp_gain":0,"max_hp_loss":0,"event_name":"The Cleric","floor":5,"gold_loss":50},{"damage_healed":0,"gold_gain":0,"player_choice":"Success","damage_taken":18,"relics_obtained":["Bag of Marbles"],"max_hp_gain":0,"max_hp_loss":0,"event_name":"Scrap Ooze","floor":11,"gold_loss":0},{"damage_healed":0,"gold_gain":0,"player_choice":"Ignored","damage_taken":0,"max_hp_gain":0,"max_hp_loss":0,"event_name":"betterNote:BetterNote","floor":19,"gold_loss":0,"cards_obtained":["Flash of Steel"]}],"is_beta":false,"boss_relics":[{"not_picked":["Runic Dome","Pandora\u0027s Box"],"picked":"Black Star"}],"items_purged_floors":[12,20],"is_endless":false,"potions_floor_spawned":[1,4,8,13,16],"killed_by":"2 Thieves","ascension_level":0}}