{"host":"gzbnijtwtwcj06nn","time":1610657773,"event":{"mods":["AchievementEnabler","BaseMod","Better Note","Colored Map","Colored Powertips","Downfall","Highlight Path","Minty Spire (QoL Compilation)","Quick Restart","Rare Cards Sparkle","StSLib","SuperFastMode","The IronCluck","slay the spire mod where everything is the same but ironclad has a cowboy hat"],"gold_per_floor":[117,134,134,152,165,192,10,30,30,30,30,30,30,73,73,73,73],"floor_reached":16,"language":"ENG","playtime":2775,"items_purged":["Strike_R"],"score":182,"play_id":"f95ea26e-b77b-43fb-b170-d848a7ce18ed","local_time":"20210114215613","is_ascension_mode":true,"campfire_choices":[{"data":"Wild Strike","floor":11,"key":"SMITH"},{"data":"Shrug It Off","floor":15,"key":"SMITH"}],"circlet_count":0,"master_deck":["Strike_R","Strike_R","Defend_R","Defend_R","Defend_R","Defend_R","Bash","Flame Barrier+1","Armaments+1","Heavy Blade","Warcry","Cleave","Power Through+1","Wild Strike+1","Injury","Shrug It Off+1"],"relics":["Burning Blood","Dream Catcher","Membership Card","TungstenRod","Golden Idol","Pear"],"acts_visited":["Exordium"],"potions_floor_usage":[14,14],"damage_taken":[{"damage":7,"enemies":"Jaw Worm","floor":1,"turns":3},{"damage":1,"enemies":"Cultist","floor":2,"turns":5},{"damage":1,"enemies":"Small Slimes","floor":4,"turns":6},{"damage":19,"enemies":"3 Louse","floor":5,"turns":4},{"damage":32,"enemies":"Gremlin Nob","floor":6,"turns":4},{"damage":0,"enemies":"2 Fungi Beasts","floor":8,"turns":3},{"damage":0,"enemies":"3 Sentries","floor":14,"turns":4},{"damage":51,"enemies":"Hexaghost","floor":16,"turns":12}],"seed_played":"-5312533011836460949","potions_obtained":[{"floor":6,"key":"AttackPotion"},{"floor":8,"key":"Strength Potion"}],"is_trial":false,"path_per_floor":["M","M","?","M","M","E","$","M","T","?","R","?","?","E","R","B"],"character_chosen":"IRONCLAD","items_purchased":["Membership Card"],"campfire_rested":0,"item_purchase_floors":[7],"current_hp_per_floor":[71,76,76,80,67,41,41,47,47,47,47,32,32,48,48,0,0],"gold":73,"neow_bonus":"REMOVE_CARD","is_daily":false,"chose_seed":false,"campfire_upgraded":2,"win_rate":0.0,"timestamp":1610657773,"path_taken":["M","M","?","M","?","E","$","M","T","?","R","?","?","E","R","BOSS"],"items_purchased_type":["Relic"],"build_version":"2020-12-22","purchased_purges":1,"victory":false,"max_hp_per_floor":[80,80,80,80,80,80,80,80,80,80,80,80,80,90,90,90,90],"card_choices":[{"not_picked":["Headbutt","Sword Boomerang"],"picked":"Flame Barrier","floor":1},{"not_picked":["Infernal Blade","Clash"],"picked":"Armaments","floor":2},{"not_picked":["Flex","Second Wind"],"picked":"Heavy Blade","floor":4},{"not_picked":["Pummel","Combust"],"picked":"Warcry","floor":5},{"not_picked":["Entrench","Twin Strike"],"picked":"Cleave","floor":6},{"not_picked":["Flex","Rage"],"picked":"Power Through","floor":8},{"not_picked":["Battle Trance","Exhume"],"picked":"Shrug It Off","floor":14}],"player_experience":389654,"relics_obtained":[{"floor":6,"key":"Dream Catcher"},{"floor":9,"key":"TungstenRod"},{"floor":14,"key":"Pear"}],"event_choices":[{"damage_healed":0,"gold_gain":0,"player_choice":"Upgraded","damage_taken":0,"max_hp_gain":0,"max_hp_loss":0,"event_name":"Upgrade Shrine","floor":3,"gold_loss":0,"cards_upgraded":["Flame Barrier"]},{"damage_healed":0,"gold_gain":0,"cards_transformed":["Strike_R"],"player_choice":"Change","damage_taken":0,"max_hp_gain":0,"max_hp_loss":0,"event_name":"Living Wall","floor":10,"gold_loss":0,"cards_obtained":["Wild Strike"]},{"damage_healed":0,"gold_gain":0,"player_choice":"Entered Light","damage_taken":16,"max_hp_gain":0,"max_hp_loss":0,"event_name":"Shining Light","floor":12,"gold_loss":0,"cards_upgraded":["Armaments","Power Through"]},{"damage_healed":0,"gold_gain":0,"player_choice":"Take Wound","damage_taken":0,"relics_obtained":["Golden Idol"],"max_hp_gain":0,"max_hp_loss":0,"event_name":"Golden Idol","floor":13,"gold_loss":0,"cards_obtained":["Injury"]}],"is_beta":false,"boss_relics":[],"items_purged_floors":[7],"is_endless":false,"potions_floor_spawned":[6,8],"killed_by":"Hexaghost","ascension_level":7}}