{"host":"cjhtzh7tp54jdfyv","time":1610608005,"event":{"mods":["AchievementEnabler","BaseMod","Colored Map","Colored Powertips","Curses Come First","DeckTracker","Filter the Spire","Minty Spire (QoL Compilation)","RNG Fix","Relic Sorter","Relic Stats","StSLib","UnlockEverythingMod","ojb\u0027s Better Paths Mod","ojb\u0027s Info Mod"],"gold_per_floor":[112,130,55,72,84,84,119,119,119,144,154,189,89,117,117,196,196,210,210,85,98,98,98,131,131,131,160,160,179,196,228,228,303,303,319,319,169,59,69,100,100,100,100,112,129,129,149,166,166,166,166,166,166,166,200,200],"floor_reached":57,"language":"ENG","playtime":3827,"items_purged":["Defend_P","Strike_P","Strike_P","BattleHymn+1"],"score":3440,"play_id":"01d8c9fb-89c6-4dca-9fea-f22fe12bc535","local_time":"20210114020645","is_ascension_mode":true,"campfire_choices":[{"data":"Eruption","floor":6,"key":"SMITH"},{"data":"Adaptation","floor":15,"key":"SMITH"},{"data":"InnerPeace","floor":23,"key":"SMITH"},{"data":"InnerPeace","floor":25,"key":"SMITH"},{"data":"TalkToTheHand","floor":32,"key":"SMITH"},{"floor":41,"key":"RECALL"},{"floor":49,"key":"REST"},{"floor":53,"key":"REST"}],"circlet_count":0,"master_deck":["AscendersBane","Eruption+1","Vigilance+1","Crescendo+1","InnerPeace+1","InnerPeace+1","Adaptation+1","Scrawl+1","MentalFortress+1"],"relics":["Astrolabe","Kunai","Orichalcum","Ornamental Fan","Molten Egg 2","VioletLotus","Blood Vial","Toxic Egg 2","GoldenEye","SlaversCollar","Frozen Egg 2","Thread and Needle","Pen Nib"],"acts_visited":["Exordium","TheCity","TheBeyond","TheEnding"],"potions_floor_usage":[14,56],"damage_taken":[{"damage":0,"enemies":"Small Slimes","floor":1,"turns":2},{"damage":3,"enemies":"2 Louse","floor":2,"turns":2},{"damage":0,"enemies":"Cultist","floor":4,"turns":2},{"damage":5,"enemies":"Blue Slaver","floor":5,"turns":2},{"damage":3,"enemies":"Gremlin Nob","floor":7,"turns":3},{"damage":6,"enemies":"3 Sentries","floor":10,"turns":4},{"damage":5,"enemies":"Looter","floor":11,"turns":2},{"damage":0,"enemies":"Lagavulin","floor":12,"turns":4},{"damage":0,"enemies":"Gremlin Nob","floor":14,"turns":2},{"damage":0,"enemies":"Slime Boss","floor":16,"turns":6},{"damage":0,"enemies":"Spheric Guardian","floor":18,"turns":2},{"damage":14,"enemies":"2 Thieves","floor":21,"turns":2},{"damage":0,"enemies":"Gremlin Leader","floor":24,"turns":2},{"damage":0,"enemies":"Book of Stabbing","floor":27,"turns":1},{"damage":16,"enemies":"Snake Plant","floor":29,"turns":2},{"damage":0,"enemies":"3 Cultists","floor":30,"turns":2},{"damage":0,"enemies":"Gremlin Leader","floor":31,"turns":2},{"damage":0,"enemies":"Collector","floor":33,"turns":2},{"damage":16,"enemies":"3 Darklings","floor":35,"turns":3},{"damage":0,"enemies":"Orb Walker","floor":39,"turns":1},{"damage":0,"enemies":"Reptomancer","floor":40,"turns":1},{"damage":0,"enemies":"Jaw Worm Horde","floor":44,"turns":1},{"damage":0,"enemies":"Transient","floor":45,"turns":6},{"damage":0,"enemies":"Writhing Mass","floor":47,"turns":5},{"damage":0,"enemies":"Jaw Worm Horde","floor":48,"turns":1},{"damage":0,"enemies":"Time Eater","floor":50,"turns":12},{"damage":0,"enemies":"Donu and Deca","floor":51,"turns":1},{"damage":0,"enemies":"Shield and Spear","floor":55,"turns":1},{"damage":0,"enemies":"The Heart","floor":56,"turns":4}],"seed_played":"-6277862478272723702","potions_obtained":[{"floor":2,"key":"Block Potion"},{"floor":4,"key":"AttackPotion"},{"floor":10,"key":"FearPotion"},{"floor":14,"key":"Strength Potion"},{"floor":24,"key":"Ancient Potion"},{"floor":45,"key":"LiquidMemories"}],"is_trial":false,"path_per_floor":["M","M","$","M","M","R","E","?","T","E","M","E","$","E","R","B",null,"M","?","$","M","?","R","E","R","T","E","?","M","M","E","R","B",null,"M","?","$","?","M","E","R","?","T","M","M","?","M","M","R","B","B",null,"R","$","E","B",null],"character_chosen":"WATCHER","items_purchased":[],"campfire_rested":2,"item_purchase_floors":[],"current_hp_per_floor":[61,58,58,58,53,53,50,43,43,37,32,32,32,32,32,32,59,59,59,59,45,45,45,45,45,45,47,47,33,35,37,37,39,61,47,47,47,47,49,51,51,51,51,53,55,65,65,65,65,65,65,65,65,65,65,65],"gold":200,"neow_bonus":"BOSS_RELIC","is_daily":false,"chose_seed":false,"campfire_upgraded":5,"win_rate":0.0,"timestamp":1610608005,"path_taken":["M","?","$","M","?","R","E","?","T","E","M","E","$","E","R","BOSS","M","?","$","M","?","R","E","R","T","E","?","M","M","E","R","BOSS","M","?","$","?","M","E","R","?","T","?","M","?","?","M","R","BOSS","BOSS","R","$","E","BOSS"],"items_purchased_type":[],"build_version":"2020-12-22","purchased_purges":4,"victory":true,"max_hp_per_floor":[68,68,68,68,68,68,68,68,68,68,68,68,68,68,68,68,68,68,68,68,68,68,68,68,68,68,68,68,68,68,68,68,68,68,68,68,68,68,68,68,68,65,65,65,65,65,65,65,65,65,65,65,65,65,65,65],"relic_stats":{"Blood Vial":20,"counters":[29,80],"Ornamental Fan":[628],"Astrolabe":["FollowUp","Crescendo","BattleHymn"],"VioletLotus":[420],"Pen Nib":[10],"Kunai":[130],"Orichalcum":[54],"GoldenEye":[0],"obtain_stats":[{"Astrolabe":0,"Thread and Needle":43,"Pen Nib":55,"Orichalcum":7,"Frozen Egg 2":40,"GoldenEye":27,"Blood Vial":24,"SlaversCollar":34,"Ornamental Fan":12,"Molten Egg 2":14,"VioletLotus":17,"Kunai":31,"PureWater":0,"Toxic Egg 2":26},{"Astrolabe":0,"Thread and Needle":21,"Pen Nib":28,"Orichalcum":5,"Frozen Egg 2":21,"GoldenEye":14,"Blood Vial":13,"SlaversCollar":18,"Ornamental Fan":8,"Molten Egg 2":9,"VioletLotus":10,"Kunai":17,"PureWater":0,"Toxic Egg 2":13},{"Astrolabe":0,"Thread and Needle":49,"Pen Nib":76,"Orichalcum":11,"Frozen Egg 2":49,"GoldenEye":36,"Blood Vial":35,"SlaversCollar":44,"Ornamental Fan":21,"Molten Egg 2":23,"VioletLotus":29,"Kunai":42,"PureWater":0,"Toxic Egg 2":35}]},"card_choices":[{"not_picked":["Prostrate","Pray","SashWhip"],"picked":"SKIP","floor":1},{"not_picked":["FlyingSleeves","WaveOfTheHand"],"picked":"InnerPeace","floor":2},{"not_picked":["Halt","Wallop"],"picked":"FearNoEvil","floor":4},{"not_picked":["CutThroughFate","FollowUp","Prostrate"],"picked":"SKIP","floor":5},{"not_picked":["Worship","Conclude"],"picked":"TalkToTheHand","floor":7},{"not_picked":["JustLucky","CutThroughFate","SashWhip"],"picked":"SKIP","floor":10},{"not_picked":["FollowUp","Perseverance"],"picked":"InnerPeace","floor":11},{"not_picked":["Nirvana","FlyingSleeves"],"picked":"Adaptation","floor":12},{"not_picked":["ThirdEye","FlyingSleeves+1","BattleHymn"],"picked":"SKIP","floor":14},{"not_picked":["BowlingBash+1","Prostrate","WaveOfTheHand"],"picked":"SKIP","floor":18},{"not_picked":["Wallop+1","Crescendo","ThirdEye"],"picked":"SKIP","floor":21},{"not_picked":["Brilliance+1","Vengeance","WheelKick+1"],"picked":"SKIP","floor":24},{"not_picked":["Consecrate+1","CrushJoints+1","Halt+1"],"picked":"SKIP","floor":27},{"not_picked":["CutThroughFate+1","FlurryOfBlows+1","InnerPeace+1"],"picked":"SKIP","floor":29},{"not_picked":["FlyingSleeves+1","Protect+1","EmptyBody+1"],"picked":"SKIP","floor":30},{"not_picked":["WaveOfTheHand+1","Fasting2","Evaluate+1"],"picked":"SKIP","floor":31},{"not_picked":["WaveOfTheHand+1","Fasting2","Evaluate+1"],"picked":"SKIP","floor":31},{"not_picked":["Brilliance+1","SpiritShield+1"],"picked":"Scrawl+1","floor":33},{"not_picked":["Evaluate+1","WheelKick+1","BowlingBash+1"],"picked":"SKIP","floor":35},{"not_picked":["Indignation+1","Weave+1","SashWhip+1"],"picked":"SKIP","floor":39},{"not_picked":["Evaluate+1","Prostrate+1","Protect+1"],"picked":"SKIP","floor":40},{"not_picked":["ClearTheMind+1","TalkToTheHand+1"],"picked":"MentalFortress+1","floor":44},{"not_picked":["JustLucky+1","Perseverance+1","Crescendo+1"],"picked":"SKIP","floor":45},{"not_picked":["BowlingBash+1","EmptyBody+1","ThirdEye+1"],"picked":"SKIP","floor":47},{"not_picked":["ThirdEye+1","BowlingBash+1","CutThroughFate+1"],"picked":"SKIP","floor":48},{"not_picked":["ThirdEye+1","Adaptation+1","FlurryOfBlows+1"],"picked":"SKIP","floor":55}],"player_experience":4518199,"relics_obtained":[{"floor":7,"key":"Orichalcum"},{"floor":12,"key":"Ornamental Fan"},{"floor":14,"key":"Molten Egg 2"},{"floor":24,"key":"Blood Vial"},{"floor":26,"key":"Toxic Egg 2"},{"floor":27,"key":"GoldenEye"},{"floor":31,"key":"Kunai"},{"floor":40,"key":"Frozen Egg 2"},{"floor":43,"key":"Thread and Needle"},{"floor":55,"key":"Pen Nib"}],"event_choices":[{"cards_removed":["Strike_P"],"damage_healed":0,"gold_gain":0,"player_choice":"Card Removal","damage_taken":7,"max_hp_gain":0,"max_hp_loss":0,"event_name":"Golden Wing","floor":8,"gold_loss":0},{"cards_removed":["Strike_P"],"damage_healed":0,"gold_gain":0,"player_choice":"Elegance","damage_taken":0,"max_hp_gain":0,"max_hp_loss":0,"event_name":"Back to Basics","floor":19,"gold_loss":0},{"damage_healed":0,"gold_gain":0,"player_choice":"Ignored","damage_taken":0,"max_hp_gain":0,"max_hp_loss":0,"event_name":"Cursed Tome","floor":22,"gold_loss":0},{"damage_healed":0,"gold_gain":0,"player_choice":"Ignored","damage_taken":0,"max_hp_gain":0,"max_hp_loss":0,"event_name":"Ghosts","floor":28,"gold_loss":0},{"cards_removed":["FearNoEvil"],"damage_healed":0,"gold_gain":0,"player_choice":"Removed Attack","damage_taken":0,"max_hp_gain":0,"max_hp_loss":0,"event_name":"Falling","floor":36,"gold_loss":0},{"cards_removed":["FollowUp"],"damage_healed":0,"gold_gain":0,"player_choice":"Upgrade and Remove","damage_taken":0,"max_hp_gain":0,"max_hp_loss":0,"event_name":"Designer","floor":38,"gold_loss":110,"cards_upgraded":["Vigilance"]},{"damage_healed":0,"gold_gain":0,"player_choice":"Max HP","damage_taken":0,"max_hp_gain":0,"max_hp_loss":3,"event_name":"Winding Halls","floor":42,"gold_loss":0},{"cards_removed":["TalkToTheHand"],"damage_healed":10,"gold_gain":0,"player_choice":"Offered Uncommon","damage_taken":0,"max_hp_gain":0,"max_hp_loss":0,"event_name":"Bonfire Elementals","floor":46,"gold_loss":0}],"is_beta":false,"boss_relics":[{"not_picked":["Cursed Key","Velvet Choker"],"picked":"VioletLotus"},{"not_picked":["Runic Dome","Tiny House"],"picked":"SlaversCollar"}],"items_purged_floors":[3,13,20,37],"is_endless":false,"potions_floor_spawned":[2,4,7,10,14,18,24,29,33,44,45,47,55],"ascension_level":20}}