{"host":"xvhc8sga2tdal1wt","time":1610602554,"event":{"mods":["Act Like it!","Ascension Reborn","Aspiration","BaseMod","Better Match","Better Note","Better Skull","Better Third Choice","BetterRewards","Block Reminder","Conspire","Duelist Mod","Energized Spire","GungeonMod","Hallownest","Hubris","Infinite Spire","Luminous","Minty Spire (QoL Compilation)","Quick Restart","Replay The Spire","Robot Space Explorer","Shop Mod","StSLib","The Forsaken"],"gold_per_floor":[114,114,130,149,168,168,187,187,187,213,213,235,160,6,6,6,6],"floor_reached":16,"language":"ENG","playtime":790,"items_purged":[],"score":144,"play_id":"ef935ea5-27ef-4364-91b9-819b8af5e861","local_time":"20210114063554","is_ascension_mode":true,"campfire_choices":[{"floor":6.0,"key":"REST"}],"circlet_count":0,"master_deck":["theForsaken:TheForsaken_Strike","theForsaken:TheForsaken_Strike","theForsaken:TheForsaken_Strike","theForsaken:TheForsaken_Strike","theForsaken:TheForsaken_Defend","theForsaken:TheForsaken_Defend","theForsaken:TheForsaken_Defend","theForsaken:TheForsaken_Defend","theForsaken:Smite","theForsaken:Penitence","theForsaken:Eulogy","theForsaken:SpinAttack","theForsaken:BountifulSunlight","theForsaken:RainingSunlight","theForsaken:WardingHymn","theForsaken:ScorchingSunlight","theForsaken:Confusion","Hallownest:skillGreenpathMap"],"relics":["theForsaken:JudgementScales","hubris:FruitBowl","Pear","hubris:FunFungus","DemoMod:GundromedaStrain","Replay:Bandana","conspire:DeflatedDodgeball","Hallownest:DreamNailRelic","Juzu Bracelet"],"acts_visited":["Hallownest:Greenpath"],"potions_floor_usage":[16],"damage_taken":[{"damage":8.0,"enemies":"2_ Uuma","floor":1.0,"turns":7.0},{"damage":0.0,"enemies":"Hallownest:2_Baldur","floor":3.0,"turns":3.0},{"damage":2.0,"enemies":"Hallownest:monsterHuskGuard","floor":4.0,"turns":4.0},{"damage":7.0,"enemies":"Hallownest:monsterFoolEater","floor":5.0,"turns":3.0},{"damage":5.0,"enemies":"Hallownest:monsterAspidMother","floor":7.0,"turns":7.0},{"damage":17.0,"enemies":"Hallownest:1_Ooma_and_2_Uuma","floor":10.0,"turns":4.0},{"damage":1.0,"enemies":"Hallownest:Guard_and_Warrior","floor":12.0,"turns":4.0},{"damage":59,"enemies":"Hallownest:BossHornet","floor":16,"turns":5}],"seed_played":"-3471841852625396047","potions_obtained":[{"floor":5.0,"key":"LiquidBronze"},{"floor":10.0,"key":"Strength Potion"}],"is_trial":false,"path_per_floor":["M","$","M","M","M","R","M","$","T","M","?","M","?","$","R","B"],"character_chosen":"THE_FORSAKEN","items_purchased":["hubris:FruitBowl","Pear","hubris:FunFungus","DemoMod:GundromedaStrain","Replay:Bandana","Juzu Bracelet"],"campfire_rested":1,"item_purchase_floors":[2,2,2,2,8,14],"current_hp_per_floor":[67,8,10,10,5,30,43,33,33,17,17,25,25,25,40,0,0],"gold":6,"neow_bonus":"TEN_PERCENT_HP_BONUS","is_daily":false,"chose_seed":false,"campfire_upgraded":0,"win_rate":0.0,"timestamp":1610602554,"path_taken":["M","?","M","M","?","R","M","?","T","M","?","?","?","$","R","BOSS"],"items_purchased_type":["Relic","Relic","Relic","Relic","Relic","Relic"],"build_version":"2020-12-22","purchased_purges":0,"victory":false,"max_hp_per_floor":[71,86,86,86,86,86,86,86,86,86,86,86,86,86,101,101,101],"card_choices":[{"not_picked":["theForsaken:StoreUp","theForsaken:PowerUp"],"picked":"theForsaken:Eulogy","floor":1.0},{"not_picked":["theForsaken:HorrifyingStrike","theForsaken:RainingSunlight"],"picked":"theForsaken:SpinAttack","floor":3.0},{"not_picked":["theForsaken:Riposte","theForsaken:StoreUp"],"picked":"theForsaken:BountifulSunlight","floor":4.0},{"not_picked":["theForsaken:Eulogy","theForsaken:Devotion"],"picked":"theForsaken:RainingSunlight","floor":5.0},{"not_picked":["theForsaken:BottledPlague","theForsaken:InspiringBlow"],"picked":"theForsaken:WardingHymn","floor":7.0},{"not_picked":["theForsaken:PreciseStrike","theForsaken:QuickAttack"],"picked":"theForsaken:ScorchingSunlight","floor":10.0},{"not_picked":["theForsaken:InspiringBlow","theForsaken:HymnOfRest"],"picked":"theForsaken:Confusion","floor":12.0}],"player_experience":117950,"relics_obtained":[{"floor":9.0,"key":"conspire:DeflatedDodgeball"}],"event_choices":[],"is_beta":false,"boss_relics":[],"items_purged_floors":[],"is_endless":false,"potions_floor_spawned":[5,10],"killed_by":"Hallownest:BossHornet","ascension_level":0}}