{"host":"p9t7qd83igtcp2bh","time":1610616709,"event":{"mods":["2.2 Compatiblity","AchievementEnabler","BaseMod","Colored Map","Colored Powertips","Custom Start","DeckTracker","Keyboard Shortcuts","Minty Spire (QoL Compilation)","Permanent Neow","StSLib","SuperFastMode","everything is the same but u backflip on backflip"],"gold_per_floor":[119,194,211,211,211,211,116,116,164,164,0,0,15,35,35,109,109,127,52,52,76,36,36,46,46,46],"floor_reached":25,"language":"KOR","playtime":346,"items_purged":["Strike_B"],"score":365,"play_id":"9eb5af84-8419-4fb0-9d3e-ce14c93ff0f5","local_time":"20210114183149","is_ascension_mode":true,"campfire_choices":[{"data":"1","floor":6,"key":"LIFT"},{"data":"Streamline","floor":8,"key":"SMITH"},{"data":"2","floor":12,"key":"LIFT"},{"floor":15,"key":"REST"},{"data":"Body Slam","floor":23,"key":"SMITH"}],"circlet_count":0,"master_deck":["AscendersBane","Strike_B","Strike_B","Defend_B","Defend_B","Zap","Dualcast","Ball Lightning","Chaos","Defragment","Streamline+1","BowlingBash","Madness","Vault","Body Slam+1","Auto Shields","Self Repair","Cold Snap"],"relics":["Empty Cage","Girya","MealTicket","PrismaticShard","Velvet Choker","Potion Belt"],"acts_visited":["Exordium","TheCity"],"potions_floor_usage":[16,16,25],"damage_taken":[{"damage":5.0,"enemies":"Small Slimes","floor":1.0,"turns":3.0},{"damage":7,"enemies":"2 Louse","floor":3,"turns":2},{"damage":9,"enemies":"Jaw Worm","floor":13,"turns":3},{"damage":17,"enemies":"3 Louse","floor":14,"turns":3},{"damage":44,"enemies":"Slime Boss","floor":16,"turns":7},{"damage":43,"enemies":"Chosen","floor":18,"turns":4},{"damage":39,"enemies":"3 Byrds","floor":24,"turns":5},{"damage":16,"enemies":"Gremlin Leader","floor":25,"turns":2}],"seed_played":"-6922430526868933133","potions_obtained":[{"floor":3,"key":"Block Potion"},{"floor":14,"key":"Regen Potion"},{"floor":16,"key":"Energy Potion"},{"floor":24,"key":"PowerPotion"}],"is_trial":false,"path_per_floor":["M","?","M","?","?","R","$","R","T","?","$","R","M","M","R","B",null,"M","$","?","T","$","R","M","E"],"character_chosen":"DEFECT","items_purchased":["Defragment","Streamline","PrismaticShard","Self Repair"],"campfire_rested":1,"item_purchase_floors":[7,7,11,22],"current_hp_per_floor":[59,48,41,36,36,36,36,36,36,29,44,44,35,18,39,10,56,13,28,28,28,43,43,11,0,0],"gold":46,"neow_bonus":"BOSS_RELIC","is_daily":false,"chose_seed":false,"campfire_upgraded":2,"win_rate":0.0,"timestamp":1610616709,"path_taken":["M","?","M","?","?","R","$","R","T","?","$","R","?","M","R","BOSS","M","$","?","?","$","R","M","E"],"items_purchased_type":["Card","Card","Relic","Card"],"build_version":"2020-12-22","purchased_purges":1,"victory":false,"max_hp_per_floor":[71,71,71,71,71,71,71,71,71,71,71,71,71,71,71,71,71,71,71,71,71,71,71,71,71,71],"card_choices":[{"not_picked":["Stack","Go for the Eyes"],"picked":"Ball Lightning","floor":1.0},{"not_picked":["Melter","Hologram"],"picked":"Chaos","floor":3},{"not_picked":["ClearTheMind","Dodge and Roll"],"picked":"BowlingBash","floor":13},{"not_picked":["Hologram","White Noise"],"picked":"Madness","floor":14},{"not_picked":["Burst","Judgement"],"picked":"Vault","floor":16},{"not_picked":["Turbo","Finisher"],"picked":"Body Slam","floor":18},{"not_picked":["Madness","Flying Knee"],"picked":"Cold Snap","floor":24}],"player_experience":644523,"relics_obtained":[{"floor":9,"key":"MealTicket"},{"floor":21,"key":"Potion Belt"}],"event_choices":[{"damage_healed":0,"gold_gain":75,"player_choice":"Gather Gold","damage_taken":11,"max_hp_gain":0,"max_hp_loss":0,"event_name":"World of Goop","floor":2,"gold_loss":0},{"damage_healed":0,"gold_gain":0,"player_choice":"Success","damage_taken":5,"relics_obtained":["Girya"],"max_hp_gain":0,"max_hp_loss":0,"event_name":"Scrap Ooze","floor":4,"gold_loss":0},{"damage_healed":0,"gold_gain":0,"player_choice":"Ignored","damage_taken":0,"max_hp_gain":0,"max_hp_loss":0,"event_name":"Liars Game","floor":5,"gold_loss":0},{"cards_removed":["Defend_B"],"damage_healed":0,"gold_gain":0,"player_choice":"Card Removal","damage_taken":7,"max_hp_gain":0,"max_hp_loss":0,"event_name":"Golden Wing","floor":10,"gold_loss":0},{"damage_healed":0,"gold_gain":0,"player_choice":"Read","damage_taken":0,"max_hp_gain":0,"max_hp_loss":0,"event_name":"The Library","floor":20,"gold_loss":0,"cards_obtained":["Auto Shields"]}],"is_beta":false,"boss_relics":[{"not_picked":["Busted Crown","SacredBark"],"picked":"Velvet Choker"}],"items_purged_floors":[19],"is_endless":false,"potions_floor_spawned":[3,14,16,24],"killed_by":"Gremlin Leader","ascension_level":19}}