{"host":"s7l2a3wroivred6i","time":1610612886,"event":{"mods":["AchievementEnabler","BaseMod","Better Altar","Better Match","Better Note","Better Sensory Stone","Better Skull","Better Synergies","Better Third Choice","BetterRewards","Conspire","Downfall","GifTheSpireLib","Hubris","Infinite Spire","Minty Spire (QoL Compilation)","Replay The Spire","Retaliation","StSLib","Stuff the Spire","The Blue Laboratory"],"gold_per_floor":[116,126,0,0,12,12,46,46,96,113,113,113,124,140,140,237,237,253,8,28,28,38,64,64,64,111,111,111,124,140,140,140,244,244,256,256,85,85,85,110,110,145,168,184,204,219,233,247,247,247],"floor_reached":51,"language":"ENG","playtime":4280,"items_purged":["hubris:SharpeningStone"],"score":929,"play_id":"641cfc27-c272-4dba-ad32-f32e293a7443","local_time":"20210114032806","is_ascension_mode":false,"campfire_choices":[{"data":"Bash","floor":6,"key":"SMITH"},{"data":"Massacre","floor":8,"key":"SMITH"},{"floor":12,"key":"REST"},{"data":"ReplayTheSpireMod:Limb From Limb","floor":24,"key":"SMITH"},{"data":"Perfected Strike","floor":27,"key":"SMITH"},{"data":"infinitespire:Collect","floor":32,"key":"SMITH"},{"data":"Limit Break","floor":41,"key":"SMITH"},{"data":"hubris:EnhanceAbility","floor":49,"key":"SMITH"}],"circlet_count":0,"master_deck":["Wish+1","Strike_R","Strike_R","Strike_R","Strike_R","Strike_R","Defend_R","Defend_R","Defend_R","Defend_R","Bash+1","Thunderclap","Iron Wave","hubris:ReadiedAction","StuffTheSpire:Slingshot","Shrug It Off","Battle Trance","Run Through","Enlightenment","Massacre+1","Inflame","hubris:StunningStrike","Flex+1","Pommel Strike","Perfected Strike+1","Twin Strike","ReplayTheSpireMod:Limb From Limb+1","Sword Boomerang+1","Sword Boomerang+1","infinitespire:Collect+1","Limit Break+1","hubris:EnhanceAbility+1","Hemogenesis","Cleave+1","Armaments+1"],"relics":["Burning Blood"],"acts_visited":["Exordium","TheCity","TheBeyond"],"potions_floor_usage":[10,16,18,23],"damage_taken":[{"damage":1,"enemies":"Cultist","floor":1,"turns":4},{"damage":4,"enemies":"conspire:RoseBush","floor":2,"turns":5},{"damage":0,"enemies":"2 Louse","floor":5,"turns":2},{"damage":28,"enemies":"Lagavulin","floor":7,"turns":6},{"damage":10,"enemies":"Lots of Slimes","floor":10,"turns":2},{"damage":0,"enemies":"Looter","floor":13,"turns":4},{"damage":9,"enemies":"Blue Slaver","floor":14,"turns":4},{"damage":64,"enemies":"Hexaghost","floor":16,"turns":8},{"damage":20,"enemies":"3 Byrds","floor":18,"turns":7},{"damage":17,"enemies":"Chosen","floor":20,"turns":7},{"damage":15,"enemies":"conspire:HollyBat","floor":22,"turns":9},{"damage":44,"enemies":"Slavers","floor":23,"turns":9},{"damage":42,"enemies":"Snake Plant","floor":29,"turns":3},{"damage":61,"enemies":"Shelled Parasite and Fungi","floor":30,"turns":7},{"damage":68,"enemies":"hubris:MusketHawk","floor":33,"turns":9},{"damage":84,"enemies":"3 Darklings","floor":35,"turns":7},{"damage":163,"enemies":"Giant Head","floor":40,"turns":10},{"damage":156,"enemies":"Reptomancer","floor":42,"turns":6},{"damage":10,"enemies":"Orb Walker","floor":44,"turns":2},{"damage":64,"enemies":"Maw","floor":45,"turns":6},{"damage":15,"enemies":"4 Shapes","floor":46,"turns":6},{"damage":65,"enemies":"Jaw Worm Horde","floor":47,"turns":4},{"damage":37,"enemies":"3 Darklings","floor":48,"turns":3},{"damage":131,"enemies":"Time Eater","floor":50,"turns":9}],"seed_played":"-8304329391364190792","potions_obtained":[{"floor":7,"key":"blueLaboratory:ExaltedPotion"},{"floor":13,"key":"Dexterity Potion"},{"floor":14,"key":"Energy Potion"},{"floor":15,"key":"Slimebound:ThreeZeroPotion"},{"floor":16,"key":"CultistPotion"},{"floor":18,"key":"Languid Potion"},{"floor":20,"key":"Milkshake"},{"floor":28,"key":"FairyPotion"}],"is_trial":false,"path_per_floor":["M","M","?","$","M","R","E","R","T","M","?","R","M","M","R","B",null,"M","$","M","T","M","E","R","?","T","R","?","M","M","AVR","R","B",null,"M","$","$","?","?","E","R","E","T","M","M","M","M","M","R","B",null],"character_chosen":"IRONCLAD","items_purchased":["Thunderclap","Iron Wave","hubris:ReadiedAction","StuffTheSpire:Slingshot","Shrug It Off","Pommel Strike","Perfected Strike","expansioncontent:BronzeBeam","hubris:EnhanceAbility"],"campfire_rested":1,"item_purchase_floors":[0,0,0,0,0,19,19,19,37],"current_hp_per_floor":[71,73,79,79,85,85,63,63,63,59,59,84,86,83,83,25,86,72,72,61,61,52,14,86,86,86,86,86,86,86,86,86,24,86,86,86,86,86,86,86,86,86,86,86,81,72,86,86,86,86],"gold":247,"neow_bonus":"","is_daily":false,"chose_seed":false,"campfire_upgraded":7,"win_rate":0.0,"timestamp":1610612886,"path_taken":["M","M","?","$","M","R","E","R","T","M","?","R","M","?","R","BOSS","M","$","M","?","?","E","R","?","T","R","?","M","M","AVR","R","BOSS","M","?","$","?","?","E","R","E","T","M","M","M","M","M","R","BOSS"],"items_purchased_type":["Card","Card","Card","Card","Card","Card","Card","Card","Card"],"build_version":"2020-12-22","purchased_purges":1,"victory":true,"max_hp_per_floor":[80,80,86,86,86,86,86,86,86,86,86,86,86,86,86,86,86,86,86,86,86,86,86,86,86,86,86,86,86,86,86,86,86,86,86,86,86,86,86,86,86,86,86,86,86,86,86,86,86,86],"card_choices":[{"not_picked":["infinitespire:OneForAll","ReplayTheSpireMod:Stacked"],"picked":"Battle Trance","floor":1},{"not_picked":["DDmod:SpikedSkill","Anger"],"picked":"Run Through","floor":2},{"not_picked":["Evolve","Anger"],"picked":"hubris:SharpeningStone","floor":5},{"not_picked":["Evolve","StuffTheSpire:Slingshot"],"picked":"Massacre","floor":7},{"not_picked":["DDmod:SpikeInjectionSkill","Dark Embrace","Run Through"],"picked":"SKIP","floor":10},{"not_picked":["Anger","Reckless Charge","DDmod:ScaleUpSkill"],"picked":"SKIP","floor":13},{"not_picked":["Flex","DDmod:SpikedSkill"],"picked":"Inflame","floor":14},{"not_picked":["Impervious","Limit Break"],"picked":"hubris:StunningStrike","floor":16},{"not_picked":["StuffTheSpire:Incineration","Iron Wave+1"],"picked":"Flex+1","floor":18},{"not_picked":["Flex","StuffTheSpire:BloodClot"],"picked":"Twin Strike","floor":20},{"not_picked":["StuffTheSpire:Slingshot","Evolve","Clash"],"picked":"SKIP","floor":22},{"not_picked":["Offering","DDmod:CallousedSkill"],"picked":"ReplayTheSpireMod:Limb From Limb","floor":23},{"not_picked":["Wild Strike+1","Dual Wield"],"picked":"Sword Boomerang+1","floor":29},{"not_picked":["StuffTheSpire:Slingshot","Power Through"],"picked":"Sword Boomerang+1","floor":30},{"not_picked":["DDmod:AllInSkill","DDmod:RechargeSkill"],"picked":"Limit Break","floor":33},{"not_picked":["DDmod:SpikedSkill+1","Clash+1","Clothesline+1"],"picked":"SKIP","floor":35},{"not_picked":["Headbutt+1","DDmod:EasePowerCard+1","Power Through+1"],"picked":"SKIP","floor":40},{"not_picked":["StuffTheSpire:RockThrow+1","Rage+1","Carnage+1"],"picked":"SKIP","floor":42},{"not_picked":["infinitespire:OneForAll+1","Sever Soul"],"picked":"Hemogenesis","floor":44},{"not_picked":["Perfected Strike+1","ReplayTheSpireMod:LeadingStrike","Anger+1"],"picked":"SKIP","floor":45},{"not_picked":["Havoc","Dropkick+1"],"picked":"Cleave+1","floor":46},{"not_picked":["Pommel Strike","ReplayTheSpireMod:Strike From Hell","DDmod:EasePowerCard+1"],"picked":"SKIP","floor":47},{"not_picked":["Sword Boomerang+1","ReplayReversal"],"picked":"Armaments+1","floor":48}],"player_experience":349246,"relics_obtained":[],"event_choices":[{"damage_healed":0,"gold_gain":0,"player_choice":"RENOUNCE","damage_taken":126,"max_hp_gain":0,"max_hp_loss":0,"event_name":"betterThird:BetterSerpent","floor":3,"gold_loss":126,"cards_obtained":["Enlightenment"]},{"damage_healed":0,"gold_gain":0,"player_choice":"Ignored","damage_taken":0,"max_hp_gain":0,"max_hp_loss":0,"event_name":"WeMeetAgain","floor":11,"gold_loss":0},{"damage_healed":0,"gold_gain":0,"player_choice":"Relic","damage_taken":0,"max_hp_gain":0,"max_hp_loss":0,"event_name":"Wheel of Change","floor":25,"gold_loss":0},{"damage_healed":0,"gold_gain":0,"player_choice":"Got Potions","damage_taken":0,"max_hp_gain":0,"max_hp_loss":0,"event_name":"Lab","floor":28,"gold_loss":0},{"cards_removed":["expansioncontent:BronzeBeam"],"damage_healed":0,"gold_gain":0,"player_choice":"Removed Attack","damage_taken":0,"max_hp_gain":0,"max_hp_loss":0,"event_name":"Falling","floor":39,"gold_loss":0}],"is_beta":false,"boss_relics":[{"not_picked":["StuffTheSpire:RunicHypercube","Velvet Choker","hubris:GrandSneckoEye"]},{"not_picked":["Painkiller Herb","Sozu","Philosopher\u0027s Stone"]}],"items_purged_floors":[19],"is_endless":false,"potions_floor_spawned":[7,10,13,14,16,18,20,30,35,42,47],"ascension_level":0}}