{"host":"hcg1n1zeml53gytb","time":1610592804,"event":{"mods":["BaseMod","Better Third Choice","Colored Powertips","Displayed Cursed Tome","Hermit","Highlight Path","Minty Spire (QoL Compilation)","Quick Restart","Rare Cards Sparkle","Relic Stats","Replay The Spire","StSLib","The Cursed"],"gold_per_floor":[113,113,7,82,97,132,146,163,189,208,236,8,8,19,19,120,120,138,138,38,55,55,55,87,87,87,101,121,149,164,164,164,268,268,268,268],"floor_reached":35,"language":"ENG","playtime":1624,"items_purged":["Strike_R","Strike_R"],"score":518,"play_id":"661ba361-2280-40de-b93b-80763e32c306","local_time":"20210113205324","is_ascension_mode":true,"campfire_choices":[{"data":"Limit Break","floor":13.0,"key":"SMITH"},{"data":"Rupture","floor":15,"key":"SMITH"},{"data":"Barricade","floor":23,"key":"SMITH"},{"data":"Shockwave","floor":32,"key":"SMITH"}],"circlet_count":0,"master_deck":["Strike_R","Defend_R","Defend_R","Defend_R","Bash","Sword Boomerang","Twin Strike","Spot Weakness","Hemokinesis","Rupture+1","Thunderclap","Shrug It Off","Limit Break+1","Shockwave+1","ReplayTheSpireMod:Limb From Limb","Headbutt","Barricade+1","Body Slam+1","Flame Barrier","Reaper","Power Through+1","Shrug It Off","Berserk"],"relics":["Burning Blood","NeowsBlessing","Potion Belt","Replay:Wax Seal","MealTicket","Snecko Heart","ReplayFunnel","MutagenicStrength","Garlic","Pondfish Scales","betterThird:NestCultRelic","Replay:Drink Me"],"acts_visited":["Exordium","TheCity","TheBeyond"],"potions_floor_usage":[21,24,27,29,30,33],"damage_taken":[{"damage":0.0,"enemies":"Jaw Worm","floor":1.0,"turns":1.0},{"damage":0.0,"enemies":"Cultist","floor":5.0,"turns":1.0},{"damage":0.0,"enemies":"Gremlin Nob","floor":6.0,"turns":1.0},{"damage":0.0,"enemies":"Small Slimes","floor":7.0,"turns":3.0},{"damage":2.0,"enemies":"3 Louse","floor":8.0,"turns":3.0},{"damage":8.0,"enemies":"2 Fungi Beasts","floor":10.0,"turns":2.0},{"damage":43.0,"enemies":"Lagavulin","floor":11.0,"turns":5.0},{"damage":6,"enemies":"Exordium Thugs","floor":14,"turns":3},{"damage":53,"enemies":"Hexaghost","floor":16,"turns":6},{"damage":13,"enemies":"3 Byrds","floor":18,"turns":5},{"damage":6,"enemies":"Chosen","floor":21,"turns":2},{"damage":15,"enemies":"Gremlin Leader","floor":24,"turns":4},{"damage":0,"enemies":"Centurion and Healer","floor":27,"turns":3},{"damage":19,"enemies":"3 Cultists","floor":28,"turns":6},{"damage":9,"enemies":"Book of Stabbing","floor":29,"turns":4},{"damage":2,"enemies":"Snake Plant","floor":30,"turns":3},{"damage":63,"enemies":"Collector","floor":33,"turns":8},{"damage":9,"enemies":"3 Shapes","floor":35,"turns":3}],"seed_played":"1315892769871816781","potions_obtained":[{"floor":7.0,"key":"Strength Potion"},{"floor":8.0,"key":"Dexterity Potion"},{"floor":11.0,"key":"Elixir"},{"floor":14,"key":"Fire Potion"},{"floor":18,"key":"FearPotion"},{"floor":24,"key":"GamblersBrew"},{"floor":28,"key":"Explosive Potion"}],"is_trial":false,"path_per_floor":["M","?","$","?","M","E","M","M","T","M","E","$","R","M","R","B",null,"M","?","$","M","?","R","E","?","T","M","M","E","M","?","R","B",null,"M"],"character_chosen":"IRONCLAD","items_purchased":["Hemokinesis","Rupture","Shockwave","ReplayTheSpireMod:Limb From Limb"],"campfire_rested":0,"item_purchase_floors":[3,3,12,12],"current_hp_per_floor":[80,80,80,72,78,80,80,80,80,78,41,56,56,56,56,9,80,73,73,80,80,65,65,56,56,56,62,70,77,85,85,85,56,64,55,55],"gold":268,"neow_bonus":"THREE_ENEMY_KILL","is_daily":false,"chose_seed":false,"campfire_upgraded":4,"win_rate":0.0,"timestamp":1610592804,"path_taken":["M","?","?","?","?","E","M","M","T","M","E","$","R","M","R","BOSS","M","?","$","?","?","R","E","?","T","M","M","E","M","?","R","BOSS","M"],"items_purchased_type":["Card","Card","Card","Card"],"build_version":"2020-12-22","purchased_purges":2,"victory":false,"max_hp_per_floor":[80,80,80,80,80,80,80,80,80,80,80,80,80,80,80,80,80,80,80,80,80,85,85,85,85,85,85,85,85,85,85,85,85,64,64,64],"relic_stats":{"counters":[18,63],"MealTicket":22,"obtain_stats":[{"Potion Belt":6,"ReplayFunnel":24,"Pondfish Scales":29,"Snecko Heart":17,"NeowsBlessing":0,"MutagenicStrength":25,"MealTicket":11,"betterThird:NestCultRelic":31,"Garlic":26,"Replay:Wax Seal":9,"Replay:Drink Me":34,"Burning Blood":0},{"Potion Belt":3,"ReplayFunnel":12,"Pondfish Scales":15,"Snecko Heart":9,"NeowsBlessing":0,"MutagenicStrength":12,"MealTicket":7,"betterThird:NestCultRelic":16,"Garlic":12,"Replay:Wax Seal":5,"Replay:Drink Me":17,"Burning Blood":0},{"Potion Belt":3,"ReplayFunnel":36,"Pondfish Scales":49,"Snecko Heart":25,"NeowsBlessing":0,"MutagenicStrength":36,"MealTicket":16,"betterThird:NestCultRelic":52,"Garlic":36,"Replay:Wax Seal":9,"Replay:Drink Me":60,"Burning Blood":0}],"Burning Blood":81},"card_choices":[{"not_picked":["Run Through","ReplayTheSpireMod:Stacked"],"picked":"Sword Boomerang","floor":1.0},{"not_picked":["ReplayTheSpireMod:Limb From Limb","Twin Strike"],"picked":"Thunderclap","floor":5.0},{"not_picked":["Sever Soul","Clothesline","Flex"],"picked":"SKIP","floor":6.0},{"not_picked":["Armaments","Demonic Infusion","Warcry"],"picked":"SKIP","floor":7.0},{"not_picked":["Havoc","Infernal Blade","Sever Soul"],"picked":"SKIP","floor":8.0},{"not_picked":["Havoc","Iron Wave"],"picked":"Shrug It Off","floor":10.0},{"not_picked":["Evolve","Ghostly Armor"],"picked":"Limit Break","floor":11.0},{"not_picked":["Twin Strike","Spot Weakness"],"picked":"Headbutt","floor":14},{"not_picked":["Eclipse","Berserk"],"picked":"Barricade","floor":16},{"not_picked":["Cleave","Warcry","Perfected Strike"],"picked":"SKIP","floor":18},{"not_picked":["Armaments","Sentinel+1"],"picked":"Body Slam+1","floor":21},{"not_picked":["Inflame","Pummel"],"picked":"Flame Barrier","floor":24},{"not_picked":["Pummel","ReplayTheSpireMod:Corrosion Curse+1"],"picked":"Reaper","floor":27},{"not_picked":["Shrug It Off+1","Anger+1"],"picked":"Power Through+1","floor":28},{"not_picked":["Berserk","Replay:Many Hands","Run Through"],"picked":"SKIP","floor":29},{"not_picked":["Body Slam","True Grit"],"picked":"Shrug It Off","floor":30},{"not_picked":["Eclipse","Demon Form"],"picked":"Berserk","floor":33}],"player_experience":475148,"relics_obtained":[{"floor":6.0,"key":"Potion Belt"},{"floor":9.0,"key":"Replay:Wax Seal"},{"floor":11.0,"key":"MealTicket"},{"floor":24,"key":"ReplayFunnel"},{"floor":26,"key":"Garlic"},{"floor":29,"key":"Pondfish Scales"}],"event_choices":[{"damage_healed":0.0,"max_hp_gain":0.0,"max_hp_loss":0.0,"gold_gain":0.0,"event_name":"Match and Keep!","player_choice":"2 cards matched","floor":2.0,"gold_loss":0.0,"damage_taken":0.0,"cards_obtained":["Twin Strike","Spot Weakness"]},{"damage_healed":0.0,"max_hp_gain":0.0,"max_hp_loss":0.0,"gold_gain":75.0,"event_name":"FaceTrader","player_choice":"Touch","floor":4.0,"gold_loss":0.0,"damage_taken":8.0},{"damage_healed":0,"gold_gain":0,"player_choice":"Ignored","damage_taken":0,"max_hp_gain":0,"max_hp_loss":0,"event_name":"NoteForYourself","floor":19,"gold_loss":0},{"damage_healed":0,"gold_gain":0,"player_choice":"Shed Blood","damage_taken":20,"max_hp_gain":5,"max_hp_loss":0,"event_name":"Forgotten Altar","floor":22,"gold_loss":0},{"damage_healed":0,"gold_gain":0,"player_choice":"Inject Mutagens","damage_taken":0,"relics_obtained":["MutagenicStrength"],"max_hp_gain":0,"max_hp_loss":0,"event_name":"Drug Dealer","floor":25,"gold_loss":0},{"damage_healed":0,"gold_gain":0,"player_choice":"Madness","damage_taken":0,"relics_obtained":["betterThird:NestCultRelic"],"max_hp_gain":0,"max_hp_loss":0,"event_name":"betterThird:BetterNest","floor":31,"gold_loss":0}],"is_beta":false,"boss_relics":[{"not_picked":["Ooze Armor","Ectoplasm"],"picked":"Snecko Heart"},{"not_picked":["Electric Blood","Snecko Eye"],"picked":"Replay:Drink Me"}],"items_purged_floors":[12,20],"is_endless":false,"potions_floor_spawned":[7,8,11,14,18,24,28],"killed_by":"3 Shapes","ascension_level":4}}