{"host":"jgyoyy5iuhtvyvtg","time":1610593461,"event":{"mods":["2.2 Compatiblity","BaseMod","Challenge The Spire","Colored Map","Conspire","Dark Map","Downfall","Hermit","Highlight Path","Infinite Spire","Lobotomy","LobotomyExtend","Minty Spire (QoL Compilation)","Quick Restart","Replay The Spire","Spikes Relics","StSLib","The Construct","The Disciple","The Jungle","Yuri Mod"],"gold_per_floor":[112,122,145,155,10,10,44,44,44,44,56,56,56,9,9,87,87,99,99,99,112,165,196,209,227,281,281,556,569,569,27,27,103,103,119,176,189,53,73,73,110,110,110,110,164,164,164,180,180,185,185],"floor_reached":52,"language":"ENG","playtime":7037,"items_purged":["Regret","ReplayTheSpireMod:Doomed"],"score":1166,"play_id":"d2faba97-c8d0-4170-a4e4-36a5dfb3f91f","local_time":"20210113190421","is_ascension_mode":true,"campfire_choices":[{"data":"hermit:TakeAim","floor":6,"key":"SMITH"},{"data":"hermit:Quickdraw","floor":8,"key":"SMITH"},{"floor":10,"key":"REST"},{"data":"hermit:Combo","floor":13,"key":"SMITH"},{"floor":15,"key":"REST"},{"data":"infinitespire:Starlight","floor":27,"key":"SMITH"},{"data":"hermit:Snapshot","floor":30,"key":"SMITH"},{"data":"hermit:Headshot","floor":32,"key":"SMITH"},{"data":"hermit:BigShot","floor":40,"key":"SMITH"},{"data":"hermit:Dive","floor":42,"key":"SMITH"},{"data":"hermit:Dive","floor":46,"key":"SMITH"},{"floor":49,"key":"REST"}],"circlet_count":0,"master_deck":["AscendersBane","hermit:Strike_Hermit","hermit:Strike_Hermit","hermit:Strike_Hermit","hermit:Strike_Hermit+1","hermit:Defend_Hermit","hermit:Defend_Hermit","hermit:Defend_Hermit","hermit:Defend_Hermit","hermit:Snapshot+1","hermit:Covet","hermit:TrackingShot","hermit:TakeAim+1","hermit:GhostlyPresence","hermit:Quickdraw+1","hermit:Combo+1","hermit:Dive+1","hermit:Gambit+1","expansioncontent:GuardianWhirl","infinitespire:Starlight+1","hermit:Headshot+1","hermit:Snipe","hermit:WideOpen+1","hermit:FlashPowder+1","hermit:Enervate+1","hermit:Vantage+1","hermit:BlackWind+1","CurseOfTheBell","hermit:Dive+1","hermit:BigShot+1","hermit:EyeOfTheStorm+1","hermit:Scavenge","hermit:Dive+1","hexamod:Haunted","Pain","Madness","Madness","hermit:Deadeye"],"relics":["conspire:RunicOctahedron","LetterFromLob","RollingBoulder","ClockworkSouvenir","Golden Egg","Tiny Chest","hermit:BartenderGlass","Pen Nib","Gremlin Food","Nunchaku","Bag of Marbles","Juzu Bracelet","Replay:Grab Bag","CosmicIsotope","Cursed Key","Calling Bell","Bag of Preparation","infinitespire:BottledMercury","infinitespire:Golems Mask","infinitespire:Satchel","hexamod:BolsterEngine","infinitespire:WardingShard","Vajra"],"acts_visited":["Exordium","Exordium","TheBeyond"],"potions_floor_usage":[16,16,18,18,21,21,23,23,24,24,29,29,33,33,33,35,35,37,37,41,48,48,50,50],"damage_taken":[{"damage":5,"enemies":"Cultist","floor":1,"turns":5},{"damage":2,"enemies":"Jaw Worm","floor":2,"turns":3},{"damage":4,"enemies":"Small Slimes","floor":4,"turns":5},{"damage":34,"enemies":"3 Sentries","floor":7,"turns":12},{"damage":0,"enemies":"2 Fungi Beasts","floor":11,"turns":3},{"damage":21,"enemies":"Slime Boss","floor":16,"turns":13},{"damage":11,"enemies":"Shell Parasite","floor":18,"turns":8},{"damage":0,"enemies":"theJungle:Flameango_and_Byrd","floor":21,"turns":9},{"damage":33,"enemies":"Nightmare","floor":23,"turns":8},{"damage":4,"enemies":"theJungle:2_Snecko_Cultists","floor":24,"turns":4},{"damage":0,"enemies":"theJungle:Snecko_Cultist_And_Trap","floor":25,"turns":6},{"damage":9,"enemies":"theJungle:SlimyTreeVines","floor":29,"turns":8},{"damage":66,"enemies":"theJungle:TotemBoss","floor":33,"turns":11},{"damage":12,"enemies":"3 Darklings","floor":35,"turns":5},{"damage":0,"enemies":"3 Shapes","floor":37,"turns":5},{"damage":1,"enemies":"Sphere and 2 Shapes","floor":39,"turns":3},{"damage":21,"enemies":"Giant Head","floor":41,"turns":6},{"damage":2,"enemies":"Jaw Worm Horde","floor":48,"turns":3},{"damage":27,"enemies":"infinitespire:MassOfShapes","floor":50,"turns":4}],"seed_played":"780918519312811502","potions_obtained":[{"floor":2,"key":"Strength Potion"},{"floor":7,"key":"Guardian:BlockOnCardUsePotion"},{"floor":16,"key":"Block Potion"},{"floor":23,"key":"Guardian:BlockOnCardUsePotion"},{"floor":36,"key":"LifebloodPotion"},{"floor":41,"key":"AttackPotion"}],"is_trial":false,"path_per_floor":["M","M","T","M","$","R","E","R","T","R","M","M","R","$","R","B",null,"M","?","?","M","T","NM","M","M","T","R","?","M","R","$","R","B",null,"M","?","M","$","M","R","E","R","T","?","T","R","?","M","R","B",null,null],"character_chosen":"HERMIT","items_purchased":["ClockworkSouvenir","hermit:Dive","hermit:FlashPowder","Bag of Marbles","Juzu Bracelet","hermit:Enervate","hermit:Vantage","hermit:EyeOfTheStorm"],"campfire_rested":3,"item_purchase_floors":[5,14,31,31,31,31,31,38],"current_hp_per_floor":[59,57,57,53,53,53,19,19,19,40,40,40,40,40,61,40,63,52,52,52,67,67,34,40,50,50,50,50,62,62,62,62,11,56,59,59,71,71,70,70,64,64,64,64,64,64,55,53,71,44,44],"gold":185,"neow_bonus":"BOSS_RELIC","is_daily":false,"chose_seed":false,"campfire_upgraded":9,"win_rate":0.0,"timestamp":1610593461,"path_taken":["M","M","?","?","$","R","E","R","T","R","M","M","R","$","R","BOSS","M","?","?","?","?","NM","M","M","T","R","?","M","R","$","R","BOSS","M","?","M","$","M","R","E","R","T","?","?","R","?","M","R","BOSS"],"items_purchased_type":["Relic","Card","Card","Relic","Relic","Card","Card","Card"],"build_version":"2020-12-22","purchased_purges":2,"victory":true,"max_hp_per_floor":[71,71,71,71,71,71,71,71,71,71,71,71,71,71,71,71,71,71,71,71,71,71,71,71,71,71,71,71,71,71,71,71,71,71,71,71,71,71,71,71,71,71,71,71,71,71,71,71,71,71,71],"card_choices":[{"not_picked":["hermit:Glare","hermit:CalledShot"],"picked":"hermit:TrackingShot","floor":1},{"not_picked":["hermit:CalledShot","hermit:LowProfile"],"picked":"hermit:TakeAim","floor":2},{"not_picked":["hermit:FullyLoaded","hermit:Midnight"],"picked":"hermit:GhostlyPresence","floor":4},{"not_picked":["hermit:Roulette","hermit:Spite"],"picked":"hermit:Quickdraw","floor":7},{"not_picked":["hermit:CalledShot","hermit:PistolWhip"],"picked":"hermit:Combo","floor":11},{"not_picked":["hermit:Reprieve","hermit:EternalForm"],"picked":"hermit:Gambit","floor":16},{"not_picked":["hermit:Misfire","hermit:Feint","hermit:Desperado"],"picked":"SKIP","floor":18},{"not_picked":["hermit:Feint","hermit:Coalescence","hermit:Cheat"],"picked":"SKIP","floor":21},{"not_picked":["infinitespire:Collect","infinitespire:UltimateForm"],"picked":"infinitespire:Starlight","floor":23},{"not_picked":["hermit:BodyArmor+1","hermit:Dive"],"picked":"hermit:Headshot","floor":23},{"not_picked":["hermit:TrackingShot","hermit:PistolWhip"],"picked":"hermit:Snipe","floor":24},{"not_picked":["hermit:Desperado","hermit:TakeCover","hermit:Magnum"],"picked":"SKIP","floor":25},{"not_picked":["hermit:Horror","hermit:Ricochet"],"picked":"hermit:WideOpen+1","floor":29},{"not_picked":["hermit:OverwhelmingPower","hermit:Magnum"],"picked":"hermit:BlackWind","floor":33},{"not_picked":["hermit:Desperado","hermit:Combo"],"picked":"hermit:Dive","floor":35},{"not_picked":["hermit:Deadeye","hermit:Misfire+1"],"picked":"hermit:BigShot","floor":37},{"not_picked":["hermit:Misfire","hermit:Midnight"],"picked":"hermit:Scavenge","floor":39},{"not_picked":["hermit:FinalCanter","hermit:FullyLoaded"],"picked":"hermit:Dive","floor":41},{"not_picked":["hermit:HighCaliber","hermit:BodyArmor+1"],"picked":"hermit:Deadeye","floor":48}],"player_experience":3211167,"relics_obtained":[{"floor":1,"key":"LetterFromLob"},{"floor":3,"key":"RollingBoulder"},{"floor":7,"key":"Golden Egg"},{"floor":9,"key":"Tiny Chest"},{"floor":22,"key":"Pen Nib"},{"floor":23,"key":"Gremlin Food"},{"floor":26,"key":"Nunchaku"},{"floor":34,"key":"Bag of Preparation"},{"floor":34,"key":"infinitespire:BottledMercury"},{"floor":34,"key":"infinitespire:Golems Mask"},{"floor":36,"key":"infinitespire:Satchel"},{"floor":41,"key":"hexamod:BolsterEngine"},{"floor":43,"key":"infinitespire:WardingShard"},{"floor":45,"key":"Vajra"}],"event_choices":[{"damage_healed":0,"gold_gain":0,"player_choice":"1 cards matched","damage_taken":0,"max_hp_gain":0,"max_hp_loss":0,"event_name":"Match and Keep!","floor":20,"gold_loss":0,"cards_obtained":["expansioncontent:GuardianWhirl"]},{"damage_healed":0,"gold_gain":275,"player_choice":"Desecrate","damage_taken":0,"max_hp_gain":0,"max_hp_loss":0,"event_name":"Golden Shrine","floor":28,"gold_loss":0,"cards_obtained":["Regret"]},{"damage_healed":0,"gold_gain":0,"player_choice":"0 cards matched","damage_taken":0,"max_hp_gain":0,"max_hp_loss":0,"event_name":"Match and Keep!","floor":44,"gold_loss":0,"cards_obtained":[]},{"damage_healed":0,"gold_gain":0,"player_choice":"Embrace Madness","damage_taken":9,"max_hp_gain":0,"max_hp_loss":0,"event_name":"Winding Halls","floor":47,"gold_loss":0,"cards_obtained":["Madness","Madness"]}],"is_beta":false,"boss_relics":[{"not_picked":["Snecko Eye","Painkiller Herb"],"picked":"hermit:BartenderGlass"},{"not_picked":["hermit:DentedPlate","Sandwich"],"picked":"Replay:Grab Bag"},{"not_picked":["Fusion Hammer","conspire:SlowCooker"],"picked":"CosmicIsotope"},{"not_picked":["Velvet Choker","Replay:Bronze Core"],"picked":"Cursed Key"},{"not_picked":["Kintsugi","Pandora\u0027s Box"],"picked":"Calling Bell"}],"items_purged_floors":[31,38],"is_endless":false,"potions_floor_spawned":[2,7,11,16,23,24,25,29,41,48],"ascension_level":14}}