{"host":"g8a0qo0vjtg6u5wv","time":1610623952,"event":{"mods":["BaseMod","Colored Map","Custom Start","KOR Keyword Fix","Minty Spire (QoL Compilation)","StSLib","SuperFastMode"],"gold_per_floor":[111,121,26,26,45,45,75,93,117,132,132,149,179,190,190,289,289,308,308,328,344,344,344,142,142,142,162,162,180,52,66,66,169,169,180,197,214,226,29,29,46,58,58,58,76,76,76],"floor_reached":46,"language":"KOR","playtime":985,"items_purged":["Defend_P","Strike_P","Defend_P","Defend_P"],"score":619,"play_id":"6092ab3b-eddc-4f46-994c-ca9c5ec534ff","local_time":"20210114203232","is_ascension_mode":true,"campfire_choices":[{"data":"Eruption","floor":6.0,"key":"SMITH"},{"data":"ClearTheMind","floor":15.0,"key":"SMITH"},{"data":"Tantrum","floor":23.0,"key":"SMITH"},{"data":"Indignation","floor":28.0,"key":"SMITH"},{"data":"MentalFortress","floor":32.0,"key":"SMITH"},{"data":"TalkToTheHand","floor":40,"key":"SMITH"},{"floor":44,"key":"REST"}],"circlet_count":0,"master_deck":["Strike_P","Strike_P","Strike_P","Defend_P","Eruption+1","Vigilance","WheelKick","Tantrum+1","EmptyFist","Indignation+1","ClearTheMind+1","Swivel","Wallop","FlurryOfBlows","Ragnarok+1","Protect+1","EmptyFist","Ragnarok+1","TalkToTheHand+1","MentalFortress+1","Evaluate+1","TalkToTheHand+1","FlurryOfBlows+1","Adaptation+1"],"relics":["HolyWater","Smiling Mask","Happy Flower","Anchor","CultistMask","MealTicket","Velvet Choker","ClockworkSouvenir","Singing Bowl","Bottled Lightning","Orrery","Ornamental Fan"],"acts_visited":["Exordium","TheCity","TheBeyond"],"potions_floor_usage":[36,36],"damage_taken":[{"damage":0.0,"enemies":"Cultist","floor":1.0,"turns":2.0},{"damage":0.0,"enemies":"2 Louse","floor":2.0,"turns":2.0},{"damage":0.0,"enemies":"Small Slimes","floor":5.0,"turns":2.0},{"damage":20.0,"enemies":"3 Sentries","floor":7.0,"turns":5.0},{"damage":12.0,"enemies":"Exordium Thugs","floor":8.0,"turns":3.0},{"damage":1.0,"enemies":"Lots of Slimes","floor":10.0,"turns":3.0},{"damage":0.0,"enemies":"Large Slime","floor":12.0,"turns":2.0},{"damage":19.0,"enemies":"Lagavulin","floor":13.0,"turns":6.0},{"damage":0.0,"enemies":"3 Louse","floor":14.0,"turns":2.0},{"damage":9.0,"enemies":"The Guardian","floor":16.0,"turns":10.0},{"damage":12.0,"enemies":"Shell Parasite","floor":18.0,"turns":3.0},{"damage":3.0,"enemies":"Spheric Guardian","floor":20.0,"turns":3.0},{"damage":6.0,"enemies":"Snake Plant","floor":21.0,"turns":2.0},{"damage":0.0,"enemies":"Snecko","floor":27.0,"turns":2.0},{"damage":1.0,"enemies":"Cultist and Chosen","floor":29.0,"turns":3.0},{"damage":0.0,"enemies":"3 Cultists","floor":31.0,"turns":5.0},{"damage":39,"enemies":"Automaton","floor":33,"turns":7},{"damage":17,"enemies":"3 Shapes","floor":35,"turns":6},{"damage":0,"enemies":"3 Darklings","floor":36,"turns":2},{"damage":0,"enemies":"Jaw Worm Horde","floor":37,"turns":2},{"damage":52,"enemies":"Writhing Mass","floor":38,"turns":3},{"damage":3,"enemies":"Spire Growth","floor":41,"turns":3},{"damage":20,"enemies":"Sphere and 2 Shapes","floor":42,"turns":4},{"damage":29,"enemies":"Jaw Worm Horde","floor":45,"turns":3}],"seed_played":"1888247209465985129","potions_obtained":[{"floor":4.0,"key":"Energy Potion"},{"floor":4.0,"key":"Fire Potion"},{"floor":4.0,"key":"CultistPotion"},{"floor":10.0,"key":"Fire Potion"},{"floor":13.0,"key":"Block Potion"},{"floor":16.0,"key":"Swift Potion"},{"floor":21.0,"key":"Fire Potion"},{"floor":36,"key":"SpeedPotion"},{"floor":38,"key":"StancePotion"},{"floor":45,"key":"SmokeBomb"}],"is_trial":false,"path_per_floor":["M","M","$","?","M","R","E","M","T","M","?","M","E","M","R","B",null,"M","?","M","M","?","R","$","T","T","M","R","M","$","M","R","B",null,"M","M","M","M","$","R","M","M","T","R","M","?"],"character_chosen":"WATCHER","items_purchased":["EmptyFist","ClockworkSouvenir","MentalFortress","Orrery"],"campfire_rested":1,"item_purchase_floors":[3,24,30,39],"current_hp_per_floor":[65,65,65,65,65,65,45,33,33,32,32,32,13,13,13,4,55,43,43,40,34,34,34,49,49,49,51,51,50,65,67,67,30,66,51,53,53,3,24,24,21,3,3,30,3,0,0],"gold":76,"neow_bonus":"RANDOM_COMMON_RELIC","is_daily":false,"chose_seed":false,"campfire_upgraded":6,"win_rate":0.0,"timestamp":1610623952,"path_taken":["M","M","$","?","?","R","E","M","T","M","?","M","E","?","R","BOSS","M","?","M","?","?","R","$","?","T","M","R","M","$","M","R","BOSS","M","M","M","?","$","R","M","M","T","R","M","?"],"items_purchased_type":["Card","Relic","Card","Relic"],"build_version":"2020-12-22","purchased_purges":4,"victory":false,"max_hp_per_floor":[72,72,72,72,72,72,72,72,72,72,72,72,72,72,72,72,72,72,72,72,72,72,72,72,72,72,74,74,74,74,76,76,78,78,80,82,82,84,90,90,90,92,92,92,94,94,94],"card_choices":[{"not_picked":["FlyingSleeves","JustLucky"],"picked":"WheelKick","floor":1.0},{"not_picked":["CrushJoints","Protect"],"picked":"Tantrum","floor":2.0},{"not_picked":["SashWhip","Evaluate"],"picked":"Indignation","floor":5.0},{"not_picked":["Vengeance","Protect"],"picked":"ClearTheMind","floor":7.0},{"not_picked":["SashWhip","BowlingBash","ThirdEye"],"picked":"SKIP","floor":8.0},{"not_picked":["Wish","WindmillStrike"],"picked":"Swivel","floor":10.0},{"not_picked":["PathToVictory","CarveReality"],"picked":"Wallop","floor":12.0},{"not_picked":["CrushJoints","ClearTheMind"],"picked":"FlurryOfBlows","floor":13.0},{"not_picked":["CutThroughFate","Consecrate","ClearTheMind"],"picked":"SKIP","floor":14.0},{"not_picked":["ConjureBlade","DevaForm"],"picked":"Ragnarok","floor":16.0},{"not_picked":["Consecrate","FlyingSleeves","FollowUp"],"picked":"SKIP","floor":18.0},{"not_picked":["Tantrum","ClearTheMind"],"picked":"Protect+1","floor":20.0},{"not_picked":["Crescendo","Fasting2"],"picked":"EmptyFist","floor":21.0},{"not_picked":["CrushJoints+1","Wallop+1","PathToVictory"],"picked":"Singing Bowl","floor":27.0},{"not_picked":["BattleHymn+1","ClearTheMind"],"picked":"TalkToTheHand","floor":29.0},{"not_picked":["FollowUp","SandsOfTime","Crescendo"],"picked":"Singing Bowl","floor":31.0},{"not_picked":["Alpha","Ragnarok","Devotion"],"picked":"Singing Bowl","floor":33},{"not_picked":["ThirdEye","CutThroughFate+1","Crescendo+1"],"picked":"Singing Bowl","floor":35},{"not_picked":["Pray","WindmillStrike","Vengeance"],"picked":"Singing Bowl","floor":36},{"not_picked":["ThirdEye+1","Sanctity"],"picked":"Evaluate+1","floor":37},{"not_picked":["JustLucky+1","FlyingSleeves+1","Prostrate"],"picked":"Singing Bowl","floor":38},{"not_picked":["Crescendo","Wallop+1"],"picked":"TalkToTheHand+1","floor":39},{"not_picked":["Halt+1","Ragnarok","JustLucky"],"picked":"Singing Bowl","floor":39},{"not_picked":["FlyingSleeves","Protect+1","ClearTheMind+1"],"picked":"Singing Bowl","floor":39},{"not_picked":["WindmillStrike","Wireheading+1","ClearTheMind"],"picked":"Singing Bowl","floor":39},{"not_picked":["WheelKick","BowlingBash"],"picked":"FlurryOfBlows+1","floor":39},{"not_picked":["CutThroughFate","ReachHeaven"],"picked":"Adaptation+1","floor":41},{"not_picked":["FollowUp","DeusExMachina","Perseverance+1"],"picked":"Singing Bowl","floor":42},{"not_picked":["FlyingSleeves","ClearTheMind+1","PathToVictory"],"picked":"Singing Bowl","floor":45}],"player_experience":568245,"relics_obtained":[{"floor":7.0,"key":"Happy Flower"},{"floor":9.0,"key":"Anchor"},{"floor":13.0,"key":"MealTicket"},{"floor":25.0,"key":"Singing Bowl"},{"floor":26.0,"key":"Bottled Lightning"},{"floor":43,"key":"Ornamental Fan"}],"event_choices":[{"damage_healed":0.0,"max_hp_gain":0.0,"max_hp_loss":0.0,"gold_gain":0.0,"event_name":"Lab","player_choice":"Got Potions","floor":4.0,"gold_loss":0.0,"damage_taken":0.0},{"damage_healed":0.0,"max_hp_gain":0.0,"max_hp_loss":0.0,"gold_gain":0.0,"event_name":"FaceTrader","player_choice":"Trade","floor":11.0,"gold_loss":0.0,"damage_taken":0.0,"relics_obtained":["CultistMask"]},{"damage_healed":0.0,"max_hp_gain":0.0,"max_hp_loss":0.0,"gold_gain":0.0,"event_name":"Accursed Blacksmith","player_choice":"Forge","floor":19.0,"gold_loss":0.0,"damage_taken":0.0,"cards_upgraded":["Ragnarok"]},{"damage_healed":0.0,"max_hp_gain":0.0,"max_hp_loss":0.0,"gold_gain":0.0,"event_name":"Duplicator","player_choice":"Copied","floor":22.0,"gold_loss":0.0,"damage_taken":0.0,"cards_obtained":["Ragnarok"]}],"is_beta":false,"boss_relics":[{"not_picked":["Cursed Key","SlaversCollar"],"picked":"Velvet Choker"},{"not_picked":["SacredBark","Tiny House"],"picked":"HolyWater"}],"items_purged_floors":[3,24,30,39],"is_endless":false,"potions_floor_spawned":[5,10,13,16,21,29,31,33,36,38,41,45],"ascension_level":7}}