{"host":"lfenmk26zp2jf6vk","time":1610657753,"event":{"mods":["AchievementEnabler","Act Like it!","Arknights The Spire","Aspiration","Bard","BaseMod","Better Note","Better Third Choice","BetterRewards","CapriCore","ChefMod","Conjunction","Conspire","Dio Mod","Energized Spire","Gensokyo","GifTheSpireLib","Halation","Hubris","Jorbs\u0027s Wanderer Trilogy","Koishi","Lobotomy","LobotomyExtend","Luminous","Marisa????????","Marked Mod","Minty Spire (QoL Compilation)","Potionbrewer","Random Character Button","Reimu??????","Remilia??????","Replay The Spire","Spicy Shops","Spikes Relics","StSLib","Stuff the Spire","The Blue Laboratory","The Bug Knight","The Death Knight","The Dragon Tamer","The Elementalist","The Florist","The Gatherer","The Hierophant","The Immortal","The Mystic","The Necromancer","The Poker Player","The Runesmith","The Sage","The Spell Scribe","The Valiant","The Wild Card","TheArtist","TheBandit","TheSwordswoman","Thieving Mod","Yakumo Yukari mod","Yuri Mod","Yuyuko","vexMod"],"gold_per_floor":[116,116,116,128,51,51,79,79],"floor_reached":7,"language":"ENG","playtime":320,"items_purged":[],"score":49,"play_id":"3fd8be08-225e-48df-a29a-f0511a860df0","local_time":"20210114125553","is_ascension_mode":false,"campfire_choices":[{"data":"blazmod:BeTheBlade","floor":6,"key":"SMITH"}],"circlet_count":0,"master_deck":["blazmod:Strike","blazmod:Strike","blazmod:Strike","blazmod:Strike+1","blazmod:Defend","blazmod:Defend","blazmod:Defend","blazmod:Defend","blazmod:ButterflyEffect","blazmod:Kyokasuigetsu","blazmod:QuickBlade","blazmod:PhoenixPlume","blazmod:BeTheBlade+1"],"relics":["blazmod:Venustas","aspiration:Nostalgia","MiniHakkero","hubris:Towel","aspiration:Lifesprig"],"acts_visited":["Exordium"],"potions_floor_usage":[],"damage_taken":[{"damage":2,"enemies":"Jaw Worm","floor":1,"turns":5},{"damage":2,"enemies":"Small Slimes","floor":4,"turns":5},{"damage":33,"enemies":"3 Sentries","floor":7,"turns":8}],"seed_played":"5405087004480019306","potions_obtained":[{"floor":7,"key":"Swift Potion"}],"is_trial":false,"path_per_floor":["M","?","?","M","$","R","E"],"character_chosen":"THE_SWORDSWOMAN","items_purchased":["blazmod:BeTheBlade"],"campfire_rested":0,"item_purchase_floors":[5],"current_hp_per_floor":[38,38,38,36,36,36,3,3],"gold":79,"neow_bonus":"NOSTALGIA","is_daily":false,"chose_seed":false,"campfire_upgraded":1,"win_rate":0.0,"timestamp":1610657753,"path_taken":["M","?","?","M","$","R","E"],"items_purchased_type":["Card"],"build_version":"2020-12-22","purchased_purges":0,"victory":false,"max_hp_per_floor":[40,40,40,40,40,40,40,40],"card_choices":[{"not_picked":["blazmod:KatanaStrike","blazmod:StanceChange"],"picked":"blazmod:QuickBlade","floor":1},{"not_picked":["blazmod:KatanaStrike","blazmod:FortifiedVigor"],"picked":"blazmod:PhoenixPlume","floor":4}],"player_experience":251342,"relics_obtained":[{"floor":7,"key":"aspiration:Lifesprig"}],"event_choices":[],"is_beta":false,"boss_relics":[],"items_purged_floors":[],"is_endless":false,"potions_floor_spawned":[7],"killed_by":"3 Sentries","ascension_level":0}}