{"host":"Connor","time":1610605721,"event":{"mods":["Aspiration","BaseMod","Downfall","Hubris","Marisa????????","Minty Spire (QoL Compilation)","Replay The Spire","StSLib","The Cursed","The Jungle","The Servant 0.9.4"],"gold_per_floor":[117,117,167,16,16,16,42,42,42,55,55,90,108,138,138,239,239,252,265,24,43,43,68,108,108,188,188,63,114,133,133,133,239,239,265,319,319,328,328,328,73,73,149,192,192,254,254,303,303,333,333,333,44,69,69],"floor_reached":56,"language":"ENG","playtime":2117,"items_purged":[],"score":1722,"play_id":"084e21c6-3481-46f7-a157-7b7eb093725b","local_time":"20210113222841","is_ascension_mode":true,"campfire_choices":[{"data":"Swivel","floor":6,"key":"SMITH"},{"data":"Predator","floor":8,"key":"SMITH"},{"data":"Flying Knee","floor":11,"key":"SMITH"},{"data":"Strike_P","floor":15,"key":"PURGE"},{"floor":25,"key":"RECALL"},{"data":"Wish","floor":27,"key":"SMITH"},{"data":"Sanctity","floor":32,"key":"SMITH"},{"data":"expansioncontent:Chronoboost","floor":40,"key":"SMITH"},{"data":"Strike_P","floor":47,"key":"SMITH"},{"data":"Defend_P","floor":49,"key":"SMITH"},{"data":"Strike_P","floor":52,"key":"SMITH"}],"circlet_count":0,"master_deck":["Strike_P+3","Defend_P","Defend_P","Defend_P","Eruption+1","Vigilance+1","Swivel+1","Flying Knee+1","Predator+1","Blade Dance+1","FlyingSleeves+1","Sanctity+1","DevaForm+1","Fasting2+1","Prostrate+1","Wish+1","Pot Of Greed+1","Pot Of Greed+1","Prostrate+1","FlyingSleeves+1","Vault+1","Sanctity+1","Worship+1","expansioncontent:Chronoboost+1","expansioncontent:DecasProtection"],"relics":["PureWater","NeowsBlessing","Simple Rune","aspiration:ChemicalBlood","Omamori","GoldenEye","Mango","Coffee Dripper","Matryoshka","TeardropLocket","Quantum Egg","CeramicFish","Replay:Bottled Flurry","Grinning Jar","Replay:Grab Bag","ReplayTheSpireMod:DimensionalGlitch","Cursed Key","Calling Bell","Boot","InkBottle","Turnip","Mark of the Bloom","Mercury Hourglass","hubris:Towel","Vajra","aspiration:FrozenJewel","ReplayTheSpireMod:TigerMarble","FossilizedHelix","hubris:SlimyHat","hubris:TinFlute"],"acts_visited":[],"potions_floor_usage":[14,14,19,21,23,33,36,46,55,55,55,55],"damage_taken":[{"damage":0,"enemies":"Small Slimes","floor":1,"turns":1},{"damage":0,"enemies":"Lagavulin","floor":7,"turns":1},{"damage":0,"enemies":"Jaw Worm","floor":10,"turns":1},{"damage":9,"enemies":"3 Sentries","floor":12,"turns":3},{"damage":0,"enemies":"2 Louse","floor":13,"turns":2},{"damage":12,"enemies":"Lagavulin","floor":14,"turns":3},{"damage":16,"enemies":"The Guardian","floor":16,"turns":6},{"damage":0,"enemies":"Shell Parasite","floor":18,"turns":5},{"damage":13,"enemies":"2 Thieves","floor":19,"turns":5},{"damage":0,"enemies":"Snecko","floor":21,"turns":5},{"damage":17,"enemies":"Slavers","floor":23,"turns":6},{"damage":28,"enemies":"Chosen and Byrds","floor":24,"turns":7},{"damage":0,"enemies":"3 Cultists","floor":29,"turns":3},{"damage":0,"enemies":"Centurion and Healer","floor":30,"turns":3},{"damage":31,"enemies":"hubris:MusketHawk","floor":33,"turns":8},{"damage":0,"enemies":"Orb Walker","floor":35,"turns":3},{"damage":0,"enemies":"3 Darklings","floor":36,"turns":3},{"damage":0,"enemies":"Sphere and 2 Shapes","floor":44,"turns":4},{"damage":0,"enemies":"R_Hoarder","floor":46,"turns":3},{"damage":0,"enemies":"Maw","floor":48,"turns":5},{"damage":0,"enemies":"Awakened One","floor":50,"turns":5},{"damage":0,"enemies":"Shield and Spear","floor":54,"turns":4},{"damage":51,"enemies":"The Heart","floor":55,"turns":6}],"seed_played":"2627912799351002884","potions_obtained":[{"floor":7,"key":"FairyPotion"},{"floor":12,"key":"PowerPotion"},{"floor":18,"key":"PowerPotion"},{"floor":19,"key":"Venom Potion"},{"floor":30,"key":"hexamod:EctoCoolerPotion"},{"floor":36,"key":"Milkshake"},{"floor":46,"key":"champ:CounterPotion"}],"is_trial":false,"path_per_floor":["M","?","T","$","?","R","E","R","T","M","R","E","M","E","R","B",null,"M","M","$","M","?","E","M","R","T","R","$","M","M","$","R","B",null,"M","M","?","?","?","R","$","?","T","M","?","E","R","M","R","B",null,"R","$","E","B",null],"character_chosen":"WATCHER","items_purchased":["Simple Rune","Matryoshka","Grinning Jar","Mercury Hourglass","hubris:SlimyHat","expansioncontent:DecasProtection","ColorlessPotion"],"campfire_rested":0,"item_purchase_floors":[4,20,28,41,53,53,53],"current_hp_per_floor":[65,65,65,65,65,65,65,65,65,65,65,56,56,58,58,42,75,75,62,62,62,62,45,17,17,17,17,17,17,17,17,17,17,69,69,69,69,69,69,69,69,69,69,69,69,69,69,69,69,69,69,69,69,69,18],"gold":69,"neow_bonus":"THREE_ENEMY_KILL","is_daily":false,"chose_seed":false,"campfire_upgraded":9,"win_rate":0.0,"timestamp":1610605721,"path_taken":["M","?","?","?","?","R","E","R","T","M","R","E","M","E","R","BOSS","M","M","$","M","?","E","M","R","T","R","$","?","M","$","R","BOSS","M","M","?","?","?","R","$","?","T","M","?","E","R","?","R","BOSS","R","$","E","BOSS"],"items_purchased_type":["Relic","Relic","Relic","Relic","Relic","Card","Potion"],"build_version":"2020-12-18","purchased_purges":0,"victory":true,"max_hp_per_floor":[72,72,72,72,72,72,72,72,72,72,72,72,72,86,86,86,86,86,86,86,86,86,86,86,86,86,86,86,86,86,86,86,86,86,86,86,86,86,82,82,82,82,82,82,82,82,82,82,82,82,82,82,82,82,82],"card_choices":[{"not_picked":["Protect","Replay:AtTheReady"],"picked":"Swivel","floor":1},{"not_picked":["FearNoEvil","ThirdEye"],"picked":"FlyingSleeves","floor":7},{"not_picked":["Vengeance","FollowUp","ForeignInfluence"],"picked":"SKIP","floor":10},{"not_picked":["Replay:DivineShield","EmptyBody"],"picked":"Sanctity","floor":12},{"not_picked":["ClearTheMind","Protect","CarveReality"],"picked":"SKIP","floor":13},{"not_picked":["Replay:ManipulateFuture","Replay:AllIn"],"picked":"Evaluate","floor":14},{"not_picked":["Brilliance","Replay:AllIn"],"picked":"DevaForm","floor":16},{"not_picked":["FollowUp","ForeignInfluence+1"],"picked":"Fasting2+1","floor":18},{"not_picked":["CarveReality","PathToVictory","CrushJoints+1"],"picked":"SKIP","floor":19},{"not_picked":["EmptyBody+1","Collect"],"picked":"Prostrate+1","floor":21},{"not_picked":["Replay:AtTheReady","FollowUp"],"picked":"Wish","floor":23},{"not_picked":["Crescendo","Replay:Battleflow","Halt"],"picked":"SKIP","floor":24},{"not_picked":["FlyingSleeves","WreathOfFlame"],"picked":"Prostrate+1","floor":29},{"not_picked":["Weave","Replay:AtTheReady"],"picked":"FlyingSleeves+1","floor":30},{"not_picked":["Wish","DeusExMachina"],"picked":"Vault","floor":33},{"not_picked":["Replay:BluntJabs","Replay:AtTheReady+1"],"picked":"Sanctity","floor":35},{"not_picked":["Replay:AtTheReady","ForeignInfluence+1"],"picked":"Worship+1","floor":36},{"not_picked":["Replay:Parry","Crow Ritual"],"picked":"expansioncontent:Chronoboost","floor":38},{"not_picked":["Replay:ManipulateFuture+1","Tantrum+1","ForeignInfluence+1"],"picked":"SKIP","floor":44},{"not_picked":["Adaptation+1","JustLucky","WreathOfFlame+1"],"picked":"SKIP","floor":46},{"not_picked":["Replay:ManipulateFuture+1","Halt","InnerPeace"],"picked":"SKIP","floor":48},{"not_picked":["ForeignInfluence","EmptyFist","LessonLearned"],"picked":"SKIP","floor":54}],"player_experience":629410,"relics_obtained":[{"floor":7,"key":"aspiration:ChemicalBlood"},{"floor":9,"key":"Omamori"},{"floor":12,"key":"GoldenEye"},{"floor":14,"key":"Mango"},{"floor":23,"key":"Quantum Egg"},{"floor":26,"key":"CeramicFish"},{"floor":26,"key":"Replay:Bottled Flurry"},{"floor":34,"key":"Boot"},{"floor":34,"key":"InkBottle"},{"floor":34,"key":"Turnip"},{"floor":43,"key":"Vajra"},{"floor":43,"key":"aspiration:FrozenJewel"},{"floor":45,"key":"ReplayTheSpireMod:TigerMarble"},{"floor":46,"key":"FossilizedHelix"},{"floor":54,"key":"hubris:TinFlute"}],"event_choices":[{"damage_healed":0,"gold_gain":0,"player_choice":"Grow","damage_taken":0,"max_hp_gain":0,"max_hp_loss":0,"event_name":"Living Wall","floor":5,"gold_loss":0,"cards_upgraded":["Eruption"]},{"cards_removed":["Evaluate"],"damage_healed":0,"gold_gain":0,"player_choice":"Gave Card","damage_taken":0,"relics_obtained":["TeardropLocket"],"max_hp_gain":0,"max_hp_loss":0,"event_name":"WeMeetAgain","floor":22,"gold_loss":0},{"damage_healed":0,"gold_gain":0,"player_choice":"Upgrade","damage_taken":0,"relics_obtained":["Mark of the Bloom"],"max_hp_gain":0,"max_hp_loss":0,"event_name":"MindBloom","floor":37,"gold_loss":0,"cards_upgraded":["Strike_P","Defend_P","Defend_P","Defend_P","Vigilance","Blade Dance","FlyingSleeves","DevaForm","Pot Of Greed","Pot Of Greed","Vault","Sanctity"]},{"damage_healed":0,"gold_gain":0,"player_choice":"Memory 1","damage_taken":0,"max_hp_gain":0,"max_hp_loss":0,"event_name":"SensoryStone","floor":38,"gold_loss":0},{"damage_healed":0,"gold_gain":0,"player_choice":"Max HP","damage_taken":0,"max_hp_gain":0,"max_hp_loss":4,"event_name":"Winding Halls","floor":39,"gold_loss":0},{"damage_healed":0,"gold_gain":0,"player_choice":"Relic","damage_taken":0,"max_hp_gain":0,"max_hp_loss":0,"event_name":"Wheel of Change","floor":45,"gold_loss":0}],"is_beta":true,"boss_relics":[{"not_picked":["Pandora\u0027s Box","Ring of Chaos"],"picked":"Coffee Dripper"},{"not_picked":["Black Star","Fusion Hammer"],"picked":"Replay:Grab Bag"},{"not_picked":["Abe\u0027s Treasure","aspiration:FutureDiary"],"picked":"ReplayTheSpireMod:DimensionalGlitch"},{"not_picked":["Replay:Bronze Core","ReplayTheSpireMod:Onyx Gauntlets"],"picked":"Cursed Key"},{"not_picked":["VioletLotus","Kintsugi"],"picked":"Calling Bell"}],"items_purged_floors":[],"is_endless":false,"potions_floor_spawned":[7,12,18,19,24,30,36,46,48],"ascension_level":6}}