{"host":"szp1d6dso4pv7ddl","time":1610583778,"event":{"mods":["AchievementEnabler","Alarm Clock","BaseMod","Bestiary","Block Reminder","Colored Map","Colored Powertips","Curses Come First","Dark Map","Displayed Cursed Tome","Highlight Path","Minty Spire (QoL Compilation)","Permanent Neow","Quick Restart","Relic Sorter","Relic Stats","StSLib","Synergy Search"],"gold_per_floor":[14,28,28,47,60,104,104,104,131,144,9,9,9,28,28,123,123,144,0,0,0,20,20,20,20],"floor_reached":24,"language":"ENG","playtime":1246,"items_purged":[],"score":363,"play_id":"18fde662-78a5-4538-aed4-e6acc693b61e","local_time":"20210113162258","is_ascension_mode":true,"campfire_choices":[{"data":"Poisoned Stab","floor":8.0,"key":"SMITH"},{"floor":13.0,"key":"REST"},{"floor":15.0,"key":"REST"},{"floor":23,"key":"REST"}],"circlet_count":0,"master_deck":["AscendersBane","Strike_G","Strike_G","Strike_G","Strike_G","Defend_G","Defend_G","Defend_G","Defend_G","Survivor","Neutralize","Dagger Spray","Poisoned Stab+1","Injury","Poisoned Stab","Backflip","Backstab","Parasite","Footwork","Catalyst","Flying Knee","Dodge and Roll","Backflip","Dagger Throw","Burst","Dash","Catalyst","Blade Dance"],"relics":["Ring of the Snake","Golden Idol","Centennial Puzzle","Dream Catcher","Busted Crown"],"acts_visited":["Exordium","TheCity"],"potions_floor_usage":[16,24],"damage_taken":[{"damage":4.0,"enemies":"Cultist","floor":1.0,"turns":5.0},{"damage":1.0,"enemies":"Jaw Worm","floor":2.0,"turns":5.0},{"damage":2.0,"enemies":"2 Louse","floor":4.0,"turns":3.0},{"damage":0.0,"enemies":"2 Fungi Beasts","floor":5.0,"turns":3.0},{"damage":45.0,"enemies":"Lagavulin","floor":6.0,"turns":6.0},{"damage":6.0,"enemies":"3 Louse","floor":10.0,"turns":3.0},{"damage":0.0,"enemies":"Gremlin Gang","floor":14.0,"turns":4.0},{"damage":28,"enemies":"Hexaghost","floor":16,"turns":10},{"damage":26,"enemies":"Shell Parasite","floor":18,"turns":5},{"damage":13,"enemies":"2 Thieves","floor":22,"turns":5},{"damage":47,"enemies":"Slavers","floor":24,"turns":7}],"seed_played":"2542441016961886856","potions_obtained":[{"floor":5.0,"key":"Fruit Juice"},{"floor":6.0,"key":"Swift Potion"},{"floor":10.0,"key":"SteroidPotion"},{"floor":14.0,"key":"PowerPotion"},{"floor":22,"key":"Block Potion"}],"is_trial":false,"path_per_floor":["M","M","?","M","M","E","?","R","T","M","$","?","R","M","R","B",null,"M","?","?","$","M","R","E"],"character_chosen":"THE_SILENT","items_purchased":["Catalyst","Flying Knee"],"campfire_rested":3,"item_purchase_floors":[11,11],"current_hp_per_floor":[55,54,54,52,57,12,29,29,29,23,23,23,44,44,65,37,63,37,37,37,37,24,45,0,0],"gold":20,"neow_bonus":"REMOVE_TWO","is_daily":false,"chose_seed":false,"campfire_upgraded":1,"win_rate":0.0,"timestamp":1610583778,"path_taken":["M","?","?","M","M","E","?","R","T","M","$","?","R","M","R","BOSS","M","?","?","$","?","R","E"],"items_purchased_type":["Card","Card"],"build_version":"2020-12-22","purchased_purges":0,"victory":false,"max_hp_per_floor":[66,66,66,66,71,71,71,71,71,71,71,71,71,71,71,71,71,71,71,71,71,71,71,71,71],"relic_stats":{"Centennial Puzzle":[15],"Dream Catcher":3,"Busted Crown":6,"counters":[11,56],"Golden Idol":50,"obtain_stats":[{"Centennial Puzzle":6,"Dream Catcher":9,"Busted Crown":17,"Golden Idol":3,"Ring of the Snake":0},{"Centennial Puzzle":5,"Dream Catcher":5,"Busted Crown":8,"Golden Idol":2,"Ring of the Snake":0},{"Centennial Puzzle":22,"Dream Catcher":22,"Busted Crown":39,"Golden Idol":10,"Ring of the Snake":0}],"Ring of the Snake":[22]},"card_choices":[{"not_picked":["PiercingWail","Dodge and Roll"],"picked":"Dagger Spray","floor":1.0},{"not_picked":["PiercingWail","Expertise"],"picked":"Poisoned Stab","floor":2.0},{"not_picked":["PiercingWail","Flechettes"],"picked":"Poisoned Stab","floor":4.0},{"not_picked":["Dodge and Roll","Cloak And Dagger"],"picked":"Backflip","floor":5.0},{"not_picked":["Wraith Form v2","Envenom"],"picked":"Backstab","floor":6.0},{"not_picked":["Bane","Deflect"],"picked":"Footwork","floor":10.0},{"not_picked":["Deflect","PiercingWail"],"picked":"Dodge and Roll","floor":13.0},{"not_picked":["Deadly Poison","Quick Slash"],"picked":"Backflip","floor":14.0},{"not_picked":["Deflect","Quick Slash"],"picked":"Dagger Throw","floor":15.0},{"not_picked":["Grand Finale","Glass Knife"],"picked":"Burst","floor":16},{"not_picked":[],"picked":"Dash","floor":18},{"not_picked":[],"picked":"Blade Dance","floor":22}],"player_experience":1166536,"relics_obtained":[{"floor":6.0,"key":"Centennial Puzzle"},{"floor":9.0,"key":"Dream Catcher"}],"event_choices":[{"damage_healed":0.0,"max_hp_gain":0.0,"max_hp_loss":0.0,"gold_gain":0.0,"event_name":"Golden Idol","player_choice":"Take Wound","floor":3.0,"gold_loss":0.0,"damage_taken":0.0,"relics_obtained":["Golden Idol"],"cards_obtained":["Injury"]},{"damage_healed":17.0,"max_hp_gain":0.0,"max_hp_loss":0.0,"gold_gain":0.0,"event_name":"Mushrooms","player_choice":"Healed and dodged fight","floor":7.0,"gold_loss":0.0,"damage_taken":0.0,"cards_obtained":["Parasite"]},{"damage_healed":0.0,"max_hp_gain":0.0,"max_hp_loss":0.0,"gold_gain":0.0,"event_name":"Scrap Ooze","player_choice":"Fled","floor":12.0,"gold_loss":0.0,"damage_taken":0.0},{"damage_healed":0,"gold_gain":0,"player_choice":"Paid Fearfully","damage_taken":0,"max_hp_gain":0,"max_hp_loss":0,"event_name":"Masked Bandits","floor":19,"gold_loss":144},{"damage_healed":0,"gold_gain":0,"player_choice":"Copied","damage_taken":0,"max_hp_gain":0,"max_hp_loss":0,"event_name":"Duplicator","floor":20,"gold_loss":0,"cards_obtained":["Catalyst"]}],"is_beta":false,"boss_relics":[{"not_picked":["Empty Cage","SlaversCollar"],"picked":"Busted Crown"}],"items_purged_floors":[],"is_endless":false,"potions_floor_spawned":[5,6,10,14,22],"killed_by":"Slavers","ascension_level":17}}