{"host":"7c402rm0fqc13zvz","time":1610596925,"event":{"mods":["BaseMod","Marisa（F雨　魔理沙）","Minty Spire (QoL Compilation)","Reimu（博丽灵梦）","StSLib","The Administrix","Youmu（魂魄妖梦）","[功能]功能增强和修复MOD"],"gold_per_floor":[119,294,294,309,259,259,259,259,283,283,278,291,291,315,315,645,645,669,629,544,427,451,451,487,487,487,487,500,500,425,425,425,425,425],"floor_reached":33,"language":"ZHS","playtime":791,"items_purged":["Strike_B","Strike_B","Doubt","Regret","Defend_B","Strike_B","Strike_B","Defend_B","Defend_B","Secret Weapon","Injury"],"score":389,"play_id":"018a6099-bf52-4b00-839f-ea420fd85a85","local_time":"20210114120205","is_ascension_mode":true,"campfire_choices":[{"data":"Zap","floor":6.0,"key":"SMITH"},{"data":"Zap","floor":8.0,"key":"SMITH"},{"data":"Dualcast","floor":13.0,"key":"SMITH"},{"data":"Echo Form","floor":15.0,"key":"SMITH"},{"data":"Deep Breath","floor":23.0,"key":"SMITH"},{"data":"Finesse","floor":25,"key":"SMITH"},{"data":"Deep Breath","floor":29,"key":"SMITH"},{"data":"ZunPunch:ReiMu","floor":32,"key":"SMITH"}],"circlet_count":0,"master_deck":["Zap+1","Dualcast+1","Tempest","Self Repair","Deep Breath+1","Zap+1","Lockon","Deep Breath+1","Echo Form+1","Finesse+1","Capacitor","All For One","Electrodynamics","Skim+1","ZunPunch:ReiMu+1","Leap","BootSequence"],"relics":["Cracked Core","Potion Belt","FossilizedHelix","Sling","Juzu Bracelet","Golden Idol","Blue Candle","Medical Kit","Pen Nib","Orichalcum","Matryoshka","PureWhite:ReiMu","Smiling Mask","Tea:ReiMu","Mercury Hourglass","Nloth\u0027s Gift"],"acts_visited":["Exordium","TheCity"],"potions_floor_usage":[33],"damage_taken":[{"damage":1.0,"enemies":"Cultist","floor":1.0,"turns":3.0},{"damage":2.0,"enemies":"Small Slimes","floor":4.0,"turns":3.0},{"damage":0.0,"enemies":"Jaw Worm","floor":12.0,"turns":3.0},{"damage":16.0,"enemies":"3 Louse","floor":14.0,"turns":4.0},{"damage":0.0,"enemies":"Slime Boss","floor":16.0,"turns":5.0},{"damage":39.0,"enemies":"2 Thieves","floor":18.0,"turns":4.0},{"damage":0.0,"enemies":"Chosen","floor":22.0,"turns":3.0},{"damage":21,"enemies":"Slavers","floor":24,"turns":2},{"damage":0,"enemies":"Shelled Parasite and Fungi","floor":28,"turns":2},{"damage":30,"enemies":"Collector","floor":33,"turns":4}],"seed_played":"3376324405246599847","potions_obtained":[{"floor":12.0,"key":"SkillPotion"},{"floor":22.0,"key":"SkillPotion"},{"floor":28,"key":"EntropicBrew"}],"is_trial":false,"path_per_floor":["M","?","?","M","$","R","?","R","T","?","$","M","R","M","R","B",null,"M","?","?","?","M","R","E","R","T","?","M","R","?","?","R","B"],"character_chosen":"DEFECT","items_purchased":["Deep Breath","Potion Belt","Gash","FossilizedHelix","Sling","Secret Weapon","Finesse","Blue Candle","Capacitor","Medical Kit","Pen Nib"],"campfire_rested":0,"item_purchase_floors":[5,5,5,5,5,5,11,11,11,11,11],"current_hp_per_floor":[74,74,74,72,72,72,72,72,72,72,72,75,75,73,73,75,75,43,43,43,43,50,50,29,29,29,29,29,29,29,29,29,0,0],"gold":425,"neow_bonus":"TRANSFORM_CARD","is_daily":false,"chose_seed":false,"campfire_upgraded":8,"win_rate":0.0,"timestamp":1610596925,"path_taken":["M","?","?","M","?","R","?","R","T","?","$","M","R","M","R","BOSS","M","?","?","?","M","R","E","R","T","?","M","R","?","?","R","BOSS"],"items_purchased_type":["Card","Relic","Card","Relic","Relic","Card","Card","Relic","Card","Relic","Relic"],"build_version":"2020-12-22","purchased_purges":11,"victory":false,"max_hp_per_floor":[75,75,75,75,75,75,75,75,75,75,75,75,75,75,75,75,75,75,75,75,75,75,75,75,75,75,75,75,75,75,75,75,75,75],"card_choices":[{"not_picked":["Hologram","FTL","Cold Snap"],"picked":"SKIP","floor":1.0},{"not_picked":["Hologram","FTL","Cold Snap"],"picked":"SKIP","floor":1.0},{"not_picked":["Sweeping Beam","Hologram","Stack"],"picked":"Self Repair","floor":4.0},{"not_picked":["Capacitor","Auto Shields","Streamline","Aggregate"],"picked":"SKIP","floor":12.0},{"not_picked":["Compile Driver","Redo","Stack","Turbo"],"picked":"SKIP","floor":14.0},{"not_picked":["Hyperbeam","Amplify","Machine Learning"],"picked":"All For One","floor":16.0},{"not_picked":["Reboot","Echo Form","Creative AI"],"picked":"Electrodynamics","floor":16.0},{"not_picked":["Heatsinks","Defragment+1","Rebound"],"picked":"Skim+1","floor":18.0},{"not_picked":["Beam Cell","Coolheaded","Stack+1","Turbo"],"picked":"SKIP","floor":22.0},{"not_picked":["Amplify","Echo Form","Sunder"],"picked":"Leap","floor":24},{"not_picked":["Double Energy","Conserve Battery","Leap"],"picked":"BootSequence","floor":28}],"player_experience":63876,"relics_obtained":[{"floor":9.0,"key":"Juzu Bracelet"},{"floor":16.0,"key":"Orichalcum"},{"floor":24,"key":"Smiling Mask"},{"floor":26,"key":"Tea:ReiMu"},{"floor":26,"key":"Mercury Hourglass"}],"event_choices":[{"damage_healed":0.0,"max_hp_gain":0.0,"max_hp_loss":0.0,"gold_gain":175.0,"event_name":"Liars Game","player_choice":"AGREE","floor":2.0,"gold_loss":0.0,"damage_taken":0.0,"cards_obtained":["Doubt"]},{"damage_healed":0.0,"max_hp_gain":0.0,"max_hp_loss":0.0,"gold_gain":0.0,"event_name":"Big Fish","player_choice":"Box","floor":3.0,"gold_loss":0.0,"damage_taken":0.0,"relics_obtained":["Question Card"],"cards_obtained":["Regret"]},{"damage_healed":0.0,"max_hp_gain":0.0,"max_hp_loss":0.0,"gold_gain":0.0,"event_name":"Match and Keep!","player_choice":"4 cards matched","floor":7.0,"gold_loss":0.0,"damage_taken":0.0,"cards_obtained":["Zap","Lockon","Deep Breath","Echo Form"]},{"damage_healed":0.0,"max_hp_gain":0.0,"max_hp_loss":0.0,"gold_gain":0.0,"event_name":"Golden Idol","player_choice":"Take Wound","floor":10.0,"gold_loss":0.0,"damage_taken":0.0,"relics_obtained":["Golden Idol"],"cards_obtained":["Injury"]},{"damage_healed":0.0,"max_hp_gain":0.0,"max_hp_loss":0.0,"gold_gain":0.0,"event_name":"ZunEvent","player_choice":"交出神酒","floor":19.0,"relics_lost":["ZunR:ReiMu"],"gold_loss":0.0,"damage_taken":0.0,"cards_obtained":["ZunPunch:ReiMu"]},{"damage_healed":0.0,"max_hp_gain":0.0,"max_hp_loss":0.0,"gold_gain":0.0,"event_name":"Addict","player_choice":"Obtained Relic","floor":20.0,"gold_loss":85.0,"damage_taken":0.0,"relics_obtained":["Matryoshka"]},{"damage_healed":0.0,"max_hp_gain":0.0,"max_hp_loss":0.0,"gold_gain":0.0,"event_name":"WeMeetAgain","player_choice":"Paid Gold","floor":21.0,"gold_loss":117.0,"damage_taken":0.0,"relics_obtained":["PureWhite:ReiMu"]},{"damage_healed":0,"gold_gain":0,"player_choice":"Ignored","damage_taken":0,"max_hp_gain":0,"max_hp_loss":0,"event_name":"Vampires","floor":27,"gold_loss":0},{"cards_removed":["Gash"],"damage_healed":0,"gold_gain":0,"player_choice":"Gave Gold","damage_taken":0,"max_hp_gain":0,"max_hp_loss":0,"event_name":"Beggar","floor":30,"gold_loss":75},{"damage_healed":0,"gold_gain":0,"player_choice":"Traded Relic","damage_taken":0,"relics_obtained":["Nloth\u0027s Gift"],"max_hp_gain":0,"max_hp_loss":0,"event_name":"N\u0027loth","floor":31,"relics_lost":["Question Card"],"gold_loss":0}],"is_beta":false,"boss_relics":[{"not_picked":["Snecko Eye","Astrolabe","Empty Cage"]}],"items_purged_floors":[5,5,5,5,5,5,5,5,5,5,11],"is_endless":false,"potions_floor_spawned":[12,22,28],"killed_by":"Collector","ascension_level":4}}