{"host":"l84l8xigz5v5foa2","time":1610614272,"event":{"mods":["2.2 Compatiblity","AchievementEnabler","BaseMod","Better Note","Better Vampires","Card Filter","Colored Map","DeckTracker","Downfall","Gremlin Skip","Highlight Path","Keyboard Shortcuts","Minty Spire (QoL Compilation)","Permanent Neow","Quick Restart","Relic Filter","Relic Stats","StSLib","SuperFastMode","Transform Curses","Unknown Chances"],"gold_per_floor":[199,213,226,240,56,73,73,73,58,58,84,103,103,115,135,135,135,135],"floor_reached":16,"language":"ENG","playtime":597,"items_purged":["Guardian:Strike_Guardian"],"score":208,"play_id":"9b978b3b-da9f-485b-b1fc-e794c05b9e65","local_time":"20210114175112","is_ascension_mode":true,"campfire_choices":[{"data":"Guardian:TwinSlam","floor":1.0,"key":"SMITH"},{"data":"Guardian:CurlUp","floor":8.0,"key":"SMITH"},{"data":"Guardian:PolyBeam","floor":10.0,"key":"SMITH"},{"floor":13,"key":"REST"}],"circlet_count":0,"master_deck":["AscendersBane","Guardian:Strike_Guardian","Guardian:Strike_Guardian","Guardian:Strike_Guardian","Guardian:Defend_Guardian","Guardian:Defend_Guardian","Guardian:Defend_Guardian","Guardian:Defend_Guardian","Guardian:CurlUp+1","Guardian:TwinSlam+1","Guardian:ChargeUp","Guardian:PolyBeam+1","Guardian:Suspension","Guardian:PrismaticBarrier","Guardian:Gem_White","Guardian:MultiBeam"],"relics":["Guardian:ModeShifter","Singing Bowl","champ:DeflectingBracers"],"acts_visited":["Exordium"],"potions_floor_usage":[11,12,16,16],"damage_taken":[{"damage":7.0,"enemies":"Small Slimes","floor":2.0,"turns":5.0},{"damage":0.0,"enemies":"Jaw Worm","floor":3.0,"turns":4.0},{"damage":0.0,"enemies":"Cultist","floor":4.0,"turns":3.0},{"damage":0.0,"enemies":"downfall:FleeingMerchant","floor":5.0,"turns":4.0},{"damage":32.0,"enemies":"Gremlin Gang","floor":6.0,"turns":6.0},{"damage":0.0,"enemies":"downfall:FleeingMerchant","floor":9.0,"turns":4.0},{"damage":15,"enemies":"Gremlin Nob","floor":11,"turns":4},{"damage":8,"enemies":"Large Slime","floor":12,"turns":5},{"damage":0,"enemies":"2 Fungi Beasts","floor":14,"turns":3},{"damage":0,"enemies":"Lots of Slimes","floor":15,"turns":4},{"damage":25,"enemies":"downfall:Ironclad","floor":16,"turns":5}],"seed_played":"8900780593051801457","potions_obtained":[{"floor":4.0,"key":"FearPotion"},{"floor":6.0,"key":"CultistPotion"},{"floor":11,"key":"Fire Potion"},{"floor":14,"key":"Swift Potion"},{"floor":15,"key":"Strength Potion"}],"is_trial":false,"path_per_floor":["R","M","M","M","$","M","T","R","$","R","E","M","R","M","M","B"],"character_chosen":"GUARDIAN","items_purchased":["Guardian:Gem_Fragmented","Guardian:Suspension"],"campfire_rested":1,"item_purchase_floors":[5,5],"current_hp_per_floor":[65,58,58,58,58,26,26,26,26,26,11,3,24,24,24,0,0,0],"gold":135,"neow_bonus":"HUNDRED_GOLD","is_daily":false,"chose_seed":true,"campfire_upgraded":3,"win_rate":0.0,"timestamp":1610614272,"path_taken":["R","M","M","M","$","M","T","R","$","R","E","M","R","M","M","BOSS"],"items_purchased_type":["Card","Card"],"build_version":"2020-12-22","purchased_purges":1,"victory":false,"max_hp_per_floor":[72,72,72,72,72,72,72,72,72,72,72,72,72,72,72,72,72,72],"relic_stats":{"Singing Bowl":0,"counters":[11,47],"obtain_stats":[{"Singing Bowl":7,"Guardian:ModeShifter":0,"champ:DeflectingBracers":11},{"Singing Bowl":5,"Guardian:ModeShifter":0,"champ:DeflectingBracers":7},{"Singing Bowl":22,"Guardian:ModeShifter":0,"champ:DeflectingBracers":30}]},"card_choices":[{"not_picked":["Guardian:CrystalBeam","Guardian:Gem_Green"],"picked":"Guardian:ChargeUp","floor":2.0},{"not_picked":["Guardian:Reroute","Guardian:Gem_Cyan"],"picked":"Guardian:PolyBeam","floor":3.0},{"not_picked":["Guardian:TemporalStrike","Guardian:WalkerClaw","Guardian:HyperBeam_Guardian"],"picked":"SKIP","floor":4.0},{"not_picked":["Guardian:PiercingHide","Guardian:PrismaticBarrier"],"picked":"Guardian:Gem_Synthetic","floor":5.0},{"not_picked":["Guardian:Suspension","Guardian:Gem_Red","Guardian:Planning"],"picked":"SKIP","floor":6.0},{"not_picked":["Guardian:Gem_Green","Guardian:BronzeArmor"],"picked":"Guardian:Gem_Cyan","floor":9.0},{"not_picked":["Guardian:TemporalStrike","Guardian:Orbwalk"],"picked":"Guardian:Gem_Fragmented","floor":11},{"not_picked":["Guardian:Gem_Purple","Guardian:GuardianWhirl"],"picked":"Guardian:PrismaticBarrier","floor":12},{"not_picked":["Guardian:CrystalBeam","Guardian:BronzeArmor"],"picked":"Guardian:Gem_White","floor":14},{"not_picked":["Guardian:Gem_Purple","Guardian:BronzeArmor"],"picked":"Guardian:MultiBeam","floor":15}],"player_experience":3188838,"relics_obtained":[{"floor":7.0,"key":"Singing Bowl"},{"floor":11,"key":"champ:DeflectingBracers"}],"event_choices":[],"is_beta":false,"boss_relics":[],"items_purged_floors":[5],"is_endless":false,"potions_floor_spawned":[4,6,11,14,15],"killed_by":"downfall:Ironclad","ascension_level":20}}