{"host":"leop","time":1610623805,"event":{"mods":["ATMod(°¢èªMod)","Act Like it!","BaseMod","GifTheSpireLib","Minty Spire (QoL Compilation)","MostiFishMod","Shop Mod","Spicy Shops","StSLib","TestMod","Yakumo Yukari mod","[IsaacMod]ÒÔÈö¼âËþ","noobMod","¡¾¹¦ÄÜMod¡¿»ìãçÖ®»·ÐÞ¸´²¹¶¡","¡¾ÒÅÎï¿¨ÅÆ¡¿REMEMod"],"gold_per_floor":[113,133,151,158,175,217,217,257,257,264,305,348,376,420,420,599,599,646,694,694,747,792,834,834,890,915,963,1068,1068,1145,840,840,1031,1031,1090,1164,1239,1239,1320,1320,1404,1478,1546,1546,1656,1802,1870,896,896,973,1064,1064,1064,241,313,397],"floor_reached":57,"language":"ZHS","playtime":2917,"items_purged":["Strike_R","Strike_R","Strike_R","Strike_R+1","Bash+1","Defend_R","Defend_R"],"score":2811,"play_id":"cadd2d1e-8448-4033-bc29-de3331e31df6","local_time":"20210114193005","is_ascension_mode":true,"campfire_choices":[{"data":"Dark Embrace","floor":7.0,"key":"SMITH"},{"data":"Bloodletting","floor":15.0,"key":"SMITH"},{"data":"REME_Scribble","floor":29,"key":"SMITH"},{"data":"MostiFishMod:DarkDeal","floor":32,"key":"SMITH"},{"floor":40,"key":"RECALL"},{"data":"Apotheosis","floor":44,"key":"SMITH"},{"data":"Boundary_LightAndDark_purple","floor":49,"key":"SMITH"},{"data":"REME_ACTH","floor":53,"key":"SMITH"}],"circlet_count":0,"master_deck":["AscendersBane","Defend_R","Defend_R","AT_FalsePromise+1","AT_ShrugMaster","Dark Embrace+1","Bloodletting+1","REME_ACTH+1","Offering+1","Whirlwind","Exhume","Boundary_LightAndDark_purple+1","Corruption","Offering+1","Barricade+1","Second Wind+1","MostiFishMod:DarkDeal+1","Limit Break+1","REME_Scribble+1","Berserk+1","Berserk","Apotheosis+1","REME_Shoggoth+1","MostiFishMod:HellRitual+1"],"relics":["Burning Blood","ice","testmod-TestBox","DaveBox","REME_ComplimentaryCards","AT_ATBox","HushsDoor","testmod-AscensionHeart","Medical Kit","SalivaCoin","NeowsBlessing","SynthV:TestCard","testmod-CrystalShield","TheBible","testmod-HeartOfDaVinci","testmod-AssaultLearning","MealTicket","Toy Ornithopter","Boundary_crack","Transparent","BelialBook","testmod-Justice","Happy Flower","Ancient Tea Set","testmod-OneHitWonder","PrismaticShard","Coffee Dripper","GuppysHead","MoneyPower","HornCleat","TheBean","Pear","BrkXgEgg","AT_RedTearstoneRing","Shuriken","Runic Capacitor","AT_ChloranthyRing","Bag of Preparation","Bag of Marbles","TuHaoJin","Self Forming Clay"],"acts_visited":["Exordium","TheCity","TheBeyond","TheEnding"],"potions_floor_usage":[],"damage_taken":[{"damage":0.0,"enemies":"Jaw Worm","floor":1.0,"turns":1.0},{"damage":0.0,"enemies":"Small Slimes","floor":2.0,"turns":2.0},{"damage":0.0,"enemies":"Cultist","floor":3.0,"turns":1.0},{"damage":26.0,"enemies":"3 Louse","floor":5.0,"turns":4.0},{"damage":38.0,"enemies":"Lagavulin","floor":6.0,"turns":6.0},{"damage":7.0,"enemies":"3 Sentries","floor":8.0,"turns":7.0},{"damage":9.0,"enemies":"Lots of Slimes","floor":11.0,"turns":4.0},{"damage":9.0,"enemies":"Lagavulin","floor":12.0,"turns":4.0},{"damage":6.0,"enemies":"3 Sentries","floor":14.0,"turns":2.0},{"damage":29.0,"enemies":"Hexaghost","floor":16.0,"turns":9.0},{"damage":17.0,"enemies":"Spheric Guardian","floor":18.0,"turns":1.0},{"damage":23.0,"enemies":"Chosen","floor":19.0,"turns":2.0},{"damage":26.0,"enemies":"Centurion and Healer","floor":21.0,"turns":2.0},{"damage":22.0,"enemies":"Snake Plant","floor":22.0,"turns":1.0},{"damage":13,"enemies":"Gremlin Leader","floor":23,"turns":2},{"damage":19,"enemies":"Slavers","floor":25,"turns":1},{"damage":25,"enemies":"Shelled Parasite and Fungi","floor":27,"turns":2},{"damage":47,"enemies":"Book of Stabbing","floor":28,"turns":2},{"damage":36,"enemies":"REME_1_Revenger","floor":30,"turns":1},{"damage":43,"enemies":"Champ","floor":33,"turns":1},{"damage":31,"enemies":"3 Darklings","floor":35,"turns":1},{"damage":34,"enemies":"Mind Bloom Boss Battle","floor":36,"turns":1},{"damage":40,"enemies":"3 Shapes","floor":37,"turns":1},{"damage":41,"enemies":"Jaw Worm Horde","floor":39,"turns":1},{"damage":35,"enemies":"Nemesis","floor":41,"turns":1},{"damage":39,"enemies":"Maw","floor":42,"turns":1},{"damage":44,"enemies":"2 Orb Walkers","floor":45,"turns":1},{"damage":78,"enemies":"Giant Head","floor":46,"turns":2},{"damage":86,"enemies":"Time Eater","floor":50,"turns":2},{"damage":67,"enemies":"Awakened One","floor":51,"turns":2},{"damage":29,"enemies":"Shield and Spear","floor":55,"turns":1},{"damage":54,"enemies":"Delirium","floor":56,"turns":1}],"seed_played":"1925677466829675653","potions_obtained":[{"floor":1.0,"key":"SpeedPotion"},{"floor":8.0,"key":"SpeedPotion"},{"floor":18.0,"key":"BlessingOfTheForge"}],"is_trial":false,"path_per_floor":["M","M","M","?","M","E","R","E","T","?","M","E","?","E","R","B",null,"M","M","?","M","M","E","?","E","T","M","E","R","E","$","R","B",null,"M","?","M","?","M","R","E","M","T","R","?","E","T","$","R","B","B",null,"R","$","E","B",null],"character_chosen":"IRONCLAD","items_purchased":["Damocles","BelialBook","PrismaticShard","GuppysHead","BrkXgEgg","AT_RedTearstoneRing","Shuriken","Runic Capacitor","AT_ChloranthyRing","Bag of Preparation","Bag of Marbles","TuHaoJin"],"campfire_rested":0,"item_purchase_floors":[17,17,31,34,48,48,48,48,54,54,54,54],"current_hp_per_floor":[75,75,75,64,45,76,76,76,76,76,74,73,61,63,63,48,66,72,72,72,72,72,59,59,74,74,74,79,79,83,83,83,94,77,83,89,95,90,96,96,103,109,109,109,115,122,132,132,132,140,148,148,148,148,155,166],"gold":397,"neow_bonus":"THREE_ENEMY_KILL","is_daily":false,"chose_seed":false,"campfire_upgraded":7,"win_rate":0.0,"timestamp":1610623805,"path_taken":["M","M","M","?","M","E","R","E","T","?","?","E","?","E","R","BOSS","M","M","?","M","M","E","?","E","T","M","E","R","E","$","R","BOSS","M","?","M","?","M","R","E","M","T","R","?","E","?","$","R","BOSS","BOSS","R","$","E","BOSS"],"items_purchased_type":["Relic","Relic","Relic","Relic","Relic","Relic","Relic","Relic","Relic","Relic","Relic","Relic"],"build_version":"2020-12-18","purchased_purges":7,"victory":true,"max_hp_per_floor":[75,75,75,75,75,76,76,83,83,83,87,90,90,92,92,97,72,72,72,72,72,72,73,73,74,74,74,79,79,83,83,83,94,77,83,89,95,90,96,96,103,109,109,109,115,122,132,132,132,140,148,148,148,148,155,166],"card_choices":[{"not_picked":["Sever Soul","Infernal Blade"],"picked":"AT_ShrugMaster","floor":1.0},{"not_picked":["Flex","Spot Weakness","Clash","AT_BodySlamDance"],"picked":"Dark Embrace","floor":2.0},{"not_picked":["AT_BodySlamDance","Heavy Blade","Wild Strike","MostiFishMod:ChineseTea","True Grit"],"picked":"SKIP","floor":3.0},{"not_picked":["Infernal Blade","Feel No Pain","REME_FearOfPain","Rupture"],"picked":"Bloodletting","floor":5.0},{"not_picked":["Corruption","MostiFishMod:PerfectStrikeMKII","AT_Dispersion","Limit Break"],"picked":"REME_ACTH","floor":6.0},{"not_picked":["REME_Fury","MostiFishMod:RainCloud","REME_TheLastStrike","Reaper"],"picked":"Offering","floor":8.0},{"not_picked":["Shrug It Off","Thunderclap","AT_IchimonjiDouble","Metallicize"],"picked":"Whirlwind","floor":11.0},{"not_picked":["MostiFishMod:RacingGame","Impervious","MostiFishMod:OrdinaryWorld","MostiFishMod:HellRitual"],"picked":"Exhume","floor":12.0},{"not_picked":["Corruption","Demon Form","MostiFishMod:Chiaki","Bludgeon","MostiFishMod:404NotFound"],"picked":"SKIP","floor":14.0},{"not_picked":["Demon Form","MostiFishMod:Chiaki","Bludgeon","MostiFishMod:404NotFound"],"picked":"Corruption","floor":14.0},{"not_picked":["MostiFishMod:WingOfPhoenix","MostiFishMod:PerfectStrikeMKII","REME_Fury","MostiFishMod:KnuckleDown"],"picked":"Barricade","floor":16.0},{"not_picked":["Sword Boomerang","Clothesline","Rampage","Headbutt"],"picked":"Second Wind","floor":18.0},{"not_picked":["Dual Wield","Sword Boomerang","Perfected Strike","Twin Strike+1","Sever Soul"],"picked":"SKIP","floor":19.0},{"not_picked":["AT_BodySlamDance","Havoc","Cleave","Thunderclap","Headbutt"],"picked":"SKIP","floor":21.0},{"not_picked":["MostiFishMod:DarkDeal","Iron Wave","Clothesline","Armaments","Heavy Blade"],"picked":"SKIP","floor":22.0},{"not_picked":["Iron Wave","Clothesline","Armaments","Heavy Blade"],"picked":"MostiFishMod:DarkDeal","floor":22.0},{"not_picked":["MostiFishMod:OrdinaryWorld","MostiFishMod:PerfectStrikeMKII","Juggernaut","REME_TheLastStrike"],"picked":"Limit Break","floor":23},{"not_picked":["Barricade","MostiFishMod:PerfectStrikeMKII","MostiFishMod:CullingBlade","MostiFishMod:WingOfPhoenix","Bludgeon"],"picked":"SKIP","floor":25},{"not_picked":["Heavy Blade+1","Twin Strike","Rampage","Body Slam"],"picked":"REME_Scribble","floor":27},{"not_picked":["Bludgeon","MostiFishMod:FireWorks","MostiFishMod:UltimateDefense","Exhume","MostiFishMod:FireWorks"],"picked":"SKIP","floor":28},{"not_picked":["MostiFishMod:CullingBlade","MostiFishMod:OrdinaryWorld","Feed","MostiFishMod:FlyOverUtopia"],"picked":"Berserk","floor":30},{"not_picked":["MostiFishMod:LegendTransform","AT_HeatAcrobatics","Enlightenment","Leap","Dagger Throw"],"picked":"SKIP","floor":35},{"not_picked":["Compile Driver+1","Bane","AT_OneInchPunch+1","Slice","Bandage Up"],"picked":"SKIP","floor":37},{"not_picked":["AT_StudyProgram","Cleave","Halt","StateDuplicate_purple+1","Eviscerate"],"picked":"SKIP","floor":39},{"not_picked":["MostiFishMod:RainCloud","MostiFishMod:OrdinaryWorld","Demon Form","Juggernaut"],"picked":"Berserk","floor":41},{"not_picked":["WeekHit_purple","Escape Plan","CutThroughFate","Beam Cell"],"picked":"Apotheosis","floor":42},{"not_picked":["MostiFishMod:TemporaryOutbreak","MostiFishMod:HellRitual","MostiFishMod:404NotFound","Berserk","Berserk"],"picked":"SKIP","floor":46},{"not_picked":["Feed","Berserk","Offering","testmod-TaurusBlackCat+1"],"picked":"MostiFishMod:HellRitual","floor":55}],"player_experience":1062140,"relics_obtained":[{"floor":1.0,"key":"SynthV:TestCard"},{"floor":6.0,"key":"testmod-CrystalShield"},{"floor":8.0,"key":"TheBible"},{"floor":9.0,"key":"testmod-HeartOfDaVinci"},{"floor":12.0,"key":"MealTicket"},{"floor":14.0,"key":"Boundary_crack"},{"floor":23,"key":"testmod-Justice"},{"floor":25,"key":"Happy Flower"},{"floor":28,"key":"Ancient Tea Set"},{"floor":30,"key":"testmod-OneHitWonder"},{"floor":36,"key":"MoneyPower"},{"floor":43,"key":"HornCleat"},{"floor":46,"key":"TheBean"},{"floor":47,"key":"Pear"},{"floor":55,"key":"Self Forming Clay"}],"event_choices":[{"damage_healed":0.0,"max_hp_gain":0.0,"max_hp_loss":0.0,"gold_gain":0.0,"event_name":"Shining Light","player_choice":"Entered Light","floor":4.0,"gold_loss":0.0,"damage_taken":23.0,"cards_upgraded":["Bash","Strike_R"]},{"damage_healed":0.0,"max_hp_gain":0.0,"max_hp_loss":0.0,"gold_gain":0.0,"event_name":"Scrap Ooze","player_choice":"Success","floor":13.0,"gold_loss":0.0,"damage_taken":26.0,"relics_obtained":["Toy Ornithopter"]},{"damage_healed":0.0,"max_hp_gain":0.0,"max_hp_loss":0.0,"gold_gain":0.0,"event_name":"Vampires","player_choice":"Ignored","floor":20.0,"gold_loss":0.0,"damage_taken":0.0},{"cards_removed":["Strike_R"],"damage_healed":0,"gold_gain":0,"player_choice":"Elegance","damage_taken":0,"max_hp_gain":0,"max_hp_loss":0,"event_name":"Back to Basics","floor":24,"gold_loss":0},{"damage_healed":0,"gold_gain":0,"player_choice":"Fight","damage_taken":0,"max_hp_gain":0,"max_hp_loss":0,"event_name":"MindBloom","floor":36,"gold_loss":0},{"damage_healed":0,"gold_gain":0,"player_choice":"Max HP","damage_taken":0,"max_hp_gain":0,"max_hp_loss":5,"event_name":"Winding Halls","floor":38,"gold_loss":0},{"damage_healed":0,"gold_gain":0,"player_choice":"Fight","damage_taken":0,"max_hp_gain":0,"max_hp_loss":0,"event_name":"Mysterious Sphere","floor":45,"gold_loss":0}],"is_beta":true,"boss_relics":[{"not_picked":["REME_DuelDisc","Mark of Pain"],"picked":"Transparent"},{"not_picked":[]},{"not_picked":["RhineFirstAidKit","testmod-SaigiyounoYou"],"picked":"Coffee Dripper"},{"not_picked":[]}],"items_purged_floors":[17,31,31,34,48,48,54],"is_endless":false,"potions_floor_spawned":[1,8,11,12,18,22,25,27,30,33,37,42],"ascension_level":20}}