{"host":"5rw0nun05olx0r44","time":1610606531,"event":{"mods":["AchievementEnabler","BaseMod","Colored Map","Colored Powertips","Downfall","Highlight Path","Minty Spire (QoL Compilation)","Permanent Neow","Quick Restart","Shop Mod","StSLib"],"gold_per_floor":[365,379,393,406,75,105,123,135,135,146,207,63,63,77,77,175,175,191,106,0,14,14,46,71,71,71],"floor_reached":25,"language":"ENG","playtime":1710,"items_purged":["Injury"],"score":236,"play_id":"27ad1f66-8c0a-42d5-b925-ebb6a85eaa19","local_time":"20210114004211","is_ascension_mode":true,"campfire_choices":[{"floor":13.0,"key":"REST"},{"data":"Hologram","floor":15.0,"key":"SMITH"}],"circlet_count":0,"master_deck":["Strike_B","Strike_B","Strike_B","Strike_B","Defend_B","Defend_B","Defend_B","Defend_B","Zap","Dualcast","Leap","Glacier","Hologram+1","Barrage","Echo Form+1","CurseOfTheBell","Cold Snap","Chill+1","Barrage","Self Repair+1","Redo"],"relics":["Cracked Core","Frozen Egg 2","Happy Flower","Lantern","Calling Bell","Tiny Chest","White Beast Statue","Calipers","Orichalcum","Dream Catcher","Omamori"],"acts_visited":["Exordium","TheCity"],"potions_floor_usage":[23,23,23,25],"damage_taken":[{"damage":6.0,"enemies":"Jaw Worm","floor":1.0,"turns":3.0},{"damage":5.0,"enemies":"Small Slimes","floor":2.0,"turns":4.0},{"damage":1.0,"enemies":"2 Louse","floor":3.0,"turns":2.0},{"damage":4.0,"enemies":"Looter","floor":4.0,"turns":5.0},{"damage":6.0,"enemies":"Lagavulin","floor":6.0,"turns":10.0},{"damage":2.0,"enemies":"3 Louse","floor":7.0,"turns":3.0},{"damage":5.0,"enemies":"Large Slime","floor":8.0,"turns":5.0},{"damage":7.0,"enemies":"Gremlin Gang","floor":10.0,"turns":3.0},{"damage":5.0,"enemies":"Blue Slaver","floor":14.0,"turns":3.0},{"damage":17.0,"enemies":"The Guardian","floor":16.0,"turns":9.0},{"damage":16.0,"enemies":"Chosen","floor":18.0,"turns":6.0},{"damage":1.0,"enemies":"Spheric Guardian","floor":21.0,"turns":3.0},{"damage":15,"enemies":"Book of Stabbing","floor":23,"turns":8},{"damage":72,"enemies":"Slavers","floor":25,"turns":6}],"seed_played":"-4462776336368835840","potions_obtained":[{"floor":2.0,"key":"CultistPotion"},{"floor":3.0,"key":"SpeedPotion"},{"floor":8.0,"key":"SpeedPotion"},{"floor":16.0,"key":"SteroidPotion"},{"floor":18.0,"key":"DuplicationPotion"},{"floor":21.0,"key":"GamblersBrew"},{"floor":23,"key":"LiquidMemories"}],"is_trial":false,"path_per_floor":["M","M","M","M","$","E","M","M","T","M","?","$","R","M","R","B",null,"M","?","?","M","?","E","T","E"],"character_chosen":"DEFECT","items_purchased":["Frozen Egg 2","Lantern"],"campfire_rested":1,"item_purchase_floors":[5,12],"current_hp_per_floor":[69,64,63,59,59,53,51,46,46,39,39,39,61,56,56,39,75,59,59,59,58,58,63,63,0,0],"gold":71,"neow_bonus":"TWO_FIFTY_GOLD","is_daily":false,"chose_seed":false,"campfire_upgraded":1,"win_rate":0.0,"timestamp":1610606531,"path_taken":["M","M","M","M","$","E","M","M","T","M","?","$","R","M","R","BOSS","M","?","?","M","?","E","?","E"],"items_purchased_type":["Relic","Relic"],"build_version":"2020-12-22","purchased_purges":1,"victory":false,"max_hp_per_floor":[75,75,75,75,75,75,75,75,75,75,75,75,75,75,75,75,75,75,75,75,75,75,75,75,75,75],"card_choices":[{"not_picked":["Cold Snap","Aggregate"],"picked":"Doom and Gloom","floor":1.0},{"not_picked":["FTL","Ball Lightning"],"picked":"Leap","floor":2.0},{"not_picked":["Leap","Chaos"],"picked":"Glacier","floor":3.0},{"not_picked":["Reinforced Body","Ball Lightning","Beam Cell"],"picked":"SKIP","floor":4.0},{"not_picked":["Heatsinks+1","Go for the Eyes"],"picked":"Static Discharge+1","floor":6.0},{"not_picked":["Steam","Conserve Battery"],"picked":"Hologram","floor":7.0},{"not_picked":["Stack","Conserve Battery","Go for the Eyes"],"picked":"SKIP","floor":8.0},{"not_picked":["Steam","Conserve Battery"],"picked":"Barrage","floor":10.0},{"not_picked":["Hologram","Steam Power","Go for the Eyes"],"picked":"SKIP","floor":14.0},{"not_picked":["Core Surge","Machine Learning+1"],"picked":"Echo Form+1","floor":16.0},{"not_picked":["Steam","Leap"],"picked":"Cold Snap","floor":18.0},{"not_picked":["Stack+1","Hologram+1"],"picked":"Chill+1","floor":21.0},{"not_picked":["Sunder","Reinforced Body"],"picked":"Redo","floor":23}],"player_experience":97181,"relics_obtained":[{"floor":6.0,"key":"Happy Flower"},{"floor":17.0,"key":"Tiny Chest"},{"floor":17.0,"key":"White Beast Statue"},{"floor":17.0,"key":"Calipers"},{"floor":23,"key":"Dream Catcher"},{"floor":24,"key":"Omamori"}],"event_choices":[{"damage_healed":0.0,"max_hp_gain":0.0,"max_hp_loss":0.0,"gold_gain":61.0,"event_name":"Golden Wing","player_choice":"Gained Gold","floor":11.0,"gold_loss":0.0,"damage_taken":0.0},{"damage_healed":0.0,"max_hp_gain":0.0,"max_hp_loss":0.0,"gold_gain":0.0,"event_name":"Addict","player_choice":"Obtained Relic","floor":19.0,"gold_loss":85.0,"damage_taken":0.0,"relics_obtained":["Orichalcum"]},{"damage_healed":0.0,"max_hp_gain":0.0,"max_hp_loss":0.0,"gold_gain":0.0,"event_name":"Masked Bandits","player_choice":"Paid Fearfully","floor":20.0,"gold_loss":106.0,"damage_taken":0.0},{"damage_healed":0.0,"max_hp_gain":0.0,"max_hp_loss":0.0,"gold_gain":0.0,"cards_transformed":["Doom and Gloom","Static Discharge"],"event_name":"Drug Dealer","player_choice":"Became Test Subject","floor":22.0,"gold_loss":0.0,"damage_taken":0.0,"cards_obtained":["Barrage","Self Repair"]}],"is_beta":false,"boss_relics":[{"not_picked":["Ectoplasm","Runic Dome"],"picked":"Calling Bell"}],"items_purged_floors":[5],"is_endless":false,"potions_floor_spawned":[2,3,8,16,18,21,23],"killed_by":"Slavers","ascension_level":1}}