{"host":"mdbnki27vzqujy5q","time":1610613893,"event":{"mods":["BaseMod","Better Note","Better Skull","Colored Map","Colored Powertips","DeckTracker","Highlight Path","Minty Spire (QoL Compilation)","Quick Restart","Rare Cards Sparkle","StSLib"],"gold_per_floor":[118,118,133,133,308,346,346,386,386,404,404,404],"floor_reached":11,"language":"ENG","playtime":247,"items_purged":[],"score":122,"play_id":"5303be83-35f6-4fd5-b7f4-2393f91d19e0","local_time":"20210114004453","is_ascension_mode":true,"campfire_choices":[{"data":"Noxious Fumes","floor":7.0,"key":"SMITH"}],"circlet_count":0,"master_deck":["Strike_G","Strike_G","Strike_G","Strike_G","Strike_G","Defend_G","Defend_G","Defend_G","Defend_G","Defend_G","Survivor","Neutralize","Noxious Fumes+1","Doubt","Sucker Punch","Backstab","Deadly Poison"],"relics":["Ring of the Snake","NeowsBlessing","Oddly Smooth Stone","Golden Idol","Snake Skull","Darkstone Periapt"],"acts_visited":["Exordium"],"potions_floor_usage":[11,11],"damage_taken":[{"damage":0.0,"enemies":"Cultist","floor":1.0,"turns":1.0},{"damage":0.0,"enemies":"2 Louse","floor":3.0,"turns":1.0},{"damage":0.0,"enemies":"Gremlin Nob","floor":6.0,"turns":1.0},{"damage":16.0,"enemies":"Lagavulin","floor":8.0,"turns":7.0},{"damage":5.0,"enemies":"Jaw Worm","floor":10.0,"turns":3.0},{"damage":33,"enemies":"Gremlin Nob","floor":11,"turns":4}],"seed_played":"-6278102500105719786","potions_obtained":[{"floor":1.0,"key":"Swift Potion"},{"floor":6.0,"key":"Swift Potion"}],"is_trial":false,"path_per_floor":["M","T","M","?","?","E","R","E","T","M","E"],"character_chosen":"THE_SILENT","items_purchased":[],"campfire_rested":0,"item_purchase_floors":[],"current_hp_per_floor":[70,70,70,53,53,53,53,37,37,32,0,0],"gold":404,"neow_bonus":"THREE_ENEMY_KILL","is_daily":false,"chose_seed":false,"campfire_upgraded":1,"win_rate":0.0,"timestamp":1610613893,"path_taken":["M","?","M","?","?","E","R","E","T","M","E"],"items_purchased_type":[],"build_version":"2020-12-22","purchased_purges":0,"victory":false,"max_hp_per_floor":[70,70,70,70,70,70,70,70,70,70,70,70],"card_choices":[{"not_picked":["Finisher","Backflip"],"picked":"Noxious Fumes","floor":1.0},{"not_picked":["Choke","PiercingWail","Endless Agony"],"picked":"SKIP","floor":3.0},{"not_picked":["Dash","Caltrops"],"picked":"Sucker Punch","floor":6.0},{"not_picked":["Dagger Spray","Flying Knee"],"picked":"Backstab","floor":8.0},{"not_picked":["Quick Slash","Calculated Gamble"],"picked":"Deadly Poison","floor":10.0}],"player_experience":83967,"relics_obtained":[{"floor":2.0,"key":"Oddly Smooth Stone"},{"floor":6.0,"key":"Snake Skull"},{"floor":8.0,"key":"Darkstone Periapt"}],"event_choices":[{"damage_healed":0.0,"max_hp_gain":0.0,"max_hp_loss":0.0,"gold_gain":0.0,"event_name":"Golden Idol","player_choice":"Take Damage","floor":4.0,"gold_loss":0.0,"damage_taken":17.0,"relics_obtained":["Golden Idol"]},{"damage_healed":0.0,"max_hp_gain":0.0,"max_hp_loss":0.0,"gold_gain":175.0,"event_name":"Liars Game","player_choice":"AGREE","floor":5.0,"gold_loss":0.0,"damage_taken":0.0,"cards_obtained":["Doubt"]}],"is_beta":false,"boss_relics":[],"items_purged_floors":[],"is_endless":false,"potions_floor_spawned":[1,6],"killed_by":"Gremlin Nob","ascension_level":3}}