{"host":"a1u4jo6xlg3w0wsm","time":1610624608,"event":{"mods":["BaseMod","Better Third Choice","DeckTracker","Downfall","Hermit","Hubris","Minty Spire (QoL Compilation)","Rare Cards Sparkle","Replay The Spire","StSLib","The Cursed"],"gold_per_floor":[110,123,63,63,8,33,46,56,134,144,172,172,192,256,256,355,355,371,386,2,2,29,29,29,29],"floor_reached":24,"playtime":1154,"items_purged":["hermit:Strike_Hermit"],"score":302,"play_id":"dcd51bcc-c7b5-4ec5-ad25-30c295672f7e","local_time":"20210115004327","is_ascension_mode":true,"campfire_choices":[{"floor":12.0,"key":"REST"},{"floor":15.0,"key":"REST"},{"floor":23,"key":"REST"}],"circlet_count":0,"master_deck":["hermit:Strike_Hermit","hermit:Strike_Hermit","hermit:Defend_Hermit","hermit:Defend_Hermit","hermit:Defend_Hermit","hermit:Defend_Hermit","hermit:Snapshot","hermit:Covet","hermit:Grudge","hermit:Determination","hermit:Determination","hermit:Determination","hermit:Determination","hermit:Misfire","hermit:Manifest","hermit:EyeOfTheStorm","hermit:Grudge","hermit:Snipe","hermit:Snipe","hermit:BlackWind","hermit:Combo+1"],"relics":["hermit:Momento","NeowsBlessing","ReplayFunnel","Ornamental Fan","Lantern","hubris:FunFungus","Runic Pyramid","Shuriken","hubris:Icosahedron"],"acts_visited":["Exordium","TheCity"],"potions_floor_usage":[24],"damage_taken":[{"damage":0.0,"enemies":"Cultist","floor":1.0,"turns":1.0},{"damage":0.0,"enemies":"Jaw Worm","floor":2.0,"turns":1.0},{"damage":0.0,"enemies":"3 Sentries","floor":6.0,"turns":1.0},{"damage":0.0,"enemies":"Small Slimes","floor":7.0,"turns":2.0},{"damage":19.0,"enemies":"Exordium Thugs","floor":8.0,"turns":5.0},{"damage":9.0,"enemies":"3 Louse","floor":10.0,"turns":3.0},{"damage":32.0,"enemies":"Lagavulin","floor":11.0,"turns":6.0},{"damage":8.0,"enemies":"Large Slime","floor":13.0,"turns":5.0},{"damage":20.0,"enemies":"3 Sentries","floor":14.0,"turns":4.0},{"damage":14.0,"enemies":"Hexaghost","floor":16.0,"turns":8.0},{"damage":34,"enemies":"3 Byrds","floor":18,"turns":5},{"damage":23,"enemies":"Spheric Guardian","floor":19,"turns":4},{"damage":28,"enemies":"Gremlin Leader","floor":24,"turns":3}],"seed_played":"1299175462471094054","potions_obtained":[{"floor":2.0,"key":"LifebloodPotion"},{"floor":10.0,"key":"Milkshake"},{"floor":11.0,"key":"Swift Potion"},{"floor":13.0,"key":"AttackPotion"},{"floor":14.0,"key":"hermit:Tonic"},{"floor":16.0,"key":"FearPotion"},{"floor":19,"key":"SpeedPotion"}],"is_trial":false,"path_per_floor":["M","M","$","?","$","E","M","M","T","M","E","R","M","?","R","B",null,"M","M","$","?","T","R","E"],"character_chosen":"HERMIT","items_purchased":["hermit:Determination","hermit:Determination","Shuriken","Energy Potion"],"campfire_rested":3,"item_purchase_floors":[3,5,20,20],"current_hp_per_floor":[75,75,75,75,75,75,75,56,56,47,15,37,29,9,31,18,75,43,20,20,20,20,42,14,14],"gold":29,"neow_bonus":"THREE_ENEMY_KILL","is_daily":false,"chose_seed":false,"campfire_upgraded":0,"win_rate":0.0,"timestamp":1610624607,"path_taken":["M","?","$","?","$","E","M","M","T","M","E","R","?","?","R","BOSS","M","M","$","?","?","R","E"],"items_purchased_type":["Card","Card","Relic","Potion"],"build_version":"2020-12-13","purchased_purges":1,"victory":false,"max_hp_per_floor":[75,75,75,75,75,75,75,75,75,75,75,75,75,75,75,75,75,75,75,75,75,75,75,75,75],"card_choices":[{"not_picked":["hermit:Coalescence","hermit:CalledShot","hermit:BodyArmor"],"picked":"SKIP","floor":1.0},{"not_picked":["hermit:Headshot","hermit:Scavenge"],"picked":"hermit:Grudge","floor":2.0},{"not_picked":["hermit:Quickdraw","hermit:Magnum"],"picked":"hermit:Misfire","floor":6.0},{"not_picked":["hermit:PistolWhip","hermit:TrackingShot"],"picked":"hermit:Manifest","floor":7.0},{"not_picked":["hermit:HighCaliber","hermit:DeadMansHand"],"picked":"hermit:EyeOfTheStorm","floor":8.0},{"not_picked":["hermit:Vantage","hermit:TrackingShot"],"picked":"hermit:Grudge","floor":10.0},{"not_picked":["hermit:CalledShot","hermit:OverwhelmingPower"],"picked":"hermit:Snipe","floor":11.0},{"not_picked":["hermit:LoneWolf","hermit:HighCaliber","hermit:Midnight"],"picked":"SKIP","floor":13.0},{"not_picked":["hermit:LowProfile","hermit:ItchyTrigger"],"picked":"hermit:Snipe","floor":14.0},{"not_picked":["hermit:Gambit","hermit:OverwhelmingPower"],"picked":"hermit:BlackWind","floor":16.0},{"not_picked":["hermit:Shortfuse","hermit:WideOpen","hermit:FullyLoaded+1"],"picked":"SKIP","floor":18},{"not_picked":["hermit:Manifest","hermit:TrackingShot"],"picked":"hermit:Combo+1","floor":19}],"player_experience":329829,"relics_obtained":[{"floor":6.0,"key":"ReplayFunnel"},{"floor":9.0,"key":"Ornamental Fan"},{"floor":11.0,"key":"Lantern"},{"floor":14.0,"key":"hubris:FunFungus"}],"event_choices":[{"cards_removed":["hermit:Strike_Hermit"],"damage_healed":0.0,"max_hp_gain":0.0,"max_hp_loss":0.0,"gold_gain":0.0,"event_name":"Bonfire Elementals","player_choice":"Offered Basic","floor":4.0,"gold_loss":0.0,"damage_taken":0.0},{"damage_healed":0.0,"max_hp_gain":0.0,"max_hp_loss":0.0,"gold_gain":0.0,"event_name":"Dead Adventurer","player_choice":"Searched \u00271\u0027 times","floor":14.0,"gold_loss":0.0,"damage_taken":0.0}],"is_beta":false,"boss_relics":[{"not_picked":["Runic Dome","Replay:Wanted Poster"],"picked":"Runic Pyramid"}],"items_purged_floors":[20],"is_endless":false,"potions_floor_spawned":[2,10,11,13,14,16,19],"killed_by":"Gremlin Leader","ascension_level":4}}