{"host":"dlqyscxstsnu98l1","time":1610642055,"event":{"mods":["AchievementEnabler","BaseMod","Bestiary","Colored Map","Colored Powertips","Conspire","GifTheSpireLib","Highlight Path","Minty Spire (QoL Compilation)","Random Character Button","Replay The Spire","SacredBarkPlus","StSLib"],"gold_per_floor":[364,375,186,200,200,233,243,243,243,255,255,155,155,155,155,251,251,270,114,132,57,72,99,99,99],"floor_reached":24,"language":"ENG","playtime":1568,"items_purged":["Strike_P","Strike_P"],"score":279,"play_id":"6fb982d9-038e-40e3-a43c-0308f0cbb797","local_time":"20210114103415","is_ascension_mode":true,"campfire_choices":[{"floor":11,"key":"REST"},{"data":"Strike_P","floor":15,"key":"PURGE"}],"circlet_count":0,"master_deck":["Defend_P","Defend_P","Defend_P","Defend_P","Eruption","Vigilance","ReplayTheSpireMod:Faulty Equipment","ThirdEye","Fasting2+1","Replay:BluntJabs+1","ConjureBlade","WreathOfFlame"],"relics":["PureWater","Replay:Ringing Soul","Centennial Puzzle","Cursed Key","PreservedInsect","FossilizedHelix"],"acts_visited":["Exordium","TheCity"],"potions_floor_usage":[6,16,23,24],"damage_taken":[{"damage":1,"enemies":"Jaw Worm","floor":1,"turns":3},{"damage":9,"enemies":"Small Slimes","floor":2,"turns":6},{"damage":0,"enemies":"Cultist","floor":4,"turns":3},{"damage":45,"enemies":"3 Sentries","floor":6,"turns":7},{"damage":13,"enemies":"Exordium Wildlife","floor":7,"turns":3},{"damage":2,"enemies":"Looter","floor":10,"turns":5},{"damage":0,"enemies":"Slime Boss","floor":16,"turns":4},{"damage":12,"enemies":"Shell Parasite","floor":18,"turns":3},{"damage":30,"enemies":"3 Byrds","floor":20,"turns":7},{"damage":17,"enemies":"Centurion and Healer","floor":22,"turns":5},{"damage":12,"enemies":"Book of Stabbing","floor":23,"turns":4},{"damage":65,"enemies":"Cultist and Chosen","floor":24,"turns":11}],"seed_played":"4410586707758800829","potions_obtained":[{"floor":4,"key":"Adrenaline Potion"},{"floor":7,"key":"AttackPotion"},{"floor":8,"key":"Ambrosia"},{"floor":8,"key":"FairyPotion"},{"floor":16,"key":"SmokeBomb"},{"floor":18,"key":"FearPotion"},{"floor":23,"key":"Reflective Coating"}],"is_trial":false,"path_per_floor":["M","M","$","M","?","E","M","?","T","M","R","$","?","?","R_BF","B",null,"M","$","M","?","M","E","M"],"character_chosen":"WATCHER","items_purchased":["Fasting2","Replay:BluntJabs+1","PreservedInsect"],"campfire_rested":1,"item_purchase_floors":[3,3,19],"current_hp_per_floor":[71,62,62,62,67,25,12,12,12,10,34,34,31,31,31,31,80,71,71,41,41,24,12,0,0],"gold":99,"neow_bonus":"TWO_FIFTY_GOLD","is_daily":false,"chose_seed":false,"campfire_upgraded":0,"win_rate":0.0,"timestamp":1610642055,"path_taken":["M","M","$","M","?","E","M","?","T","?","R","$","?","?","R_BF","BOSS","M","$","?","?","M","E","M"],"items_purchased_type":["Card","Card","Relic"],"build_version":"2020-12-22","purchased_purges":2,"victory":false,"max_hp_per_floor":[72,72,72,72,77,80,80,80,80,80,80,80,80,80,80,80,80,83,83,83,83,83,83,83,83],"card_choices":[{"not_picked":["SashWhip","Consecrate","FollowUp"],"picked":"SKIP","floor":1},{"not_picked":["Wallop","EmptyFist"],"picked":"ThirdEye","floor":2},{"not_picked":["Replay:DivineShield","PathToVictory","Evaluate"],"picked":"SKIP","floor":4},{"not_picked":["SashWhip","Halt"],"picked":"ConjureBlade","floor":6},{"not_picked":["FollowUp","Protect","ForeignInfluence"],"picked":"SKIP","floor":7},{"not_picked":["Vengeance","PathToVictory","Protect"],"picked":"SKIP","floor":10},{"not_picked":["FollowUp+1","Study"],"picked":"WreathOfFlame","floor":18},{"not_picked":["Replay:BluntJabs+1","FlyingSleeves","Consecrate"],"picked":"SKIP","floor":20},{"not_picked":["Evaluate+1","FlyingSleeves+1","Replay:BluntJabs"],"picked":"SKIP","floor":22},{"not_picked":["Evaluate+1","FlyingSleeves","Swivel+1"],"picked":"SKIP","floor":23}],"player_experience":40197,"relics_obtained":[{"floor":6,"key":"Replay:Ringing Soul"},{"floor":23,"key":"FossilizedHelix"}],"event_choices":[{"damage_healed":0,"gold_gain":0,"player_choice":"Donut","damage_taken":0,"max_hp_gain":5,"max_hp_loss":0,"event_name":"Big Fish","floor":5,"gold_loss":0},{"damage_healed":0,"gold_gain":0,"player_choice":"Got Potions","damage_taken":0,"max_hp_gain":0,"max_hp_loss":0,"event_name":"Lab","floor":8,"gold_loss":0},{"damage_healed":0,"gold_gain":0,"player_choice":"Success","damage_taken":3,"relics_obtained":["Centennial Puzzle"],"max_hp_gain":0,"max_hp_loss":0,"event_name":"Scrap Ooze","floor":13,"gold_loss":0},{"damage_healed":0,"gold_gain":0,"player_choice":"Forge","damage_taken":0,"max_hp_gain":0,"max_hp_loss":0,"event_name":"Accursed Blacksmith","floor":14,"gold_loss":0,"cards_upgraded":["Fasting2"]},{"cards_removed":["Strike_P"],"damage_healed":0,"gold_gain":0,"player_choice":"Gave Gold","damage_taken":0,"max_hp_gain":0,"max_hp_loss":0,"event_name":"Beggar","floor":21,"gold_loss":75}],"is_beta":false,"boss_relics":[{"not_picked":["Honey Jar","Philosopher\u0027s Stone"],"picked":"Cursed Key"}],"items_purged_floors":[3,12],"is_endless":false,"potions_floor_spawned":[4,7,16,18,20,23],"killed_by":"Cultist and Chosen","ascension_level":1}}