{"host":"obplhmlw33xb91v8","time":1610641746,"event":{"mods":["BaseMod","Block Reminder","Curses Come First","Evolution","Minty Spire (QoL Compilation)","Quick Restart","Relic Stats","Spicy Shops","StSLib","Uncapped","Waifu the Spire","slay the spire mod where everything is the same but ironclad has a cowboy hat"],"gold_per_floor":[114,126,1,21,33,64,64,64,64,64,84,84,94,106,106,209,209,227,244,244,159,178,203,203,203,203],"floor_reached":25,"language":"ENG","playtime":1136,"items_purged":[],"score":295,"play_id":"448e1bf0-fb42-4e50-b3a2-78047e05d100","local_time":"20210114112906","is_ascension_mode":true,"campfire_choices":[{"floor":10,"key":"REST"},{"floor":12,"key":"REST"},{"floor":15,"key":"REST"},{"floor":24,"key":"REST"}],"circlet_count":0,"master_deck":["Ball Lightning","Ball Lightning","Ball Lightning","Zap","Dualcast","Beam Cell","Steam Power","Skim","Recycle","Recycle","Leap","Capacitor","Reboot","Pain","Ball Lightning","Leap","Conserve Battery"],"relics":["EVO:Axolotl","Pandora\u0027s Box","Du-Vu Doll","WarpedTongs","Cables","Nuclear Battery","Question Card","Girya"],"acts_visited":["Exordium","TheCity"],"potions_floor_usage":[16,16,22,23,23],"damage_taken":[{"damage":12,"enemies":"Jaw Worm","floor":1,"turns":2},{"damage":0,"enemies":"Cultist","floor":2,"turns":2},{"damage":6,"enemies":"2 Louse","floor":4,"turns":2},{"damage":9,"enemies":"2 Fungi Beasts","floor":5,"turns":3},{"damage":33,"enemies":"Lagavulin","floor":6,"turns":4},{"damage":16,"enemies":"Exordium Thugs","floor":11,"turns":2},{"damage":16,"enemies":"Looter","floor":13,"turns":2},{"damage":19,"enemies":"Exordium Wildlife","floor":14,"turns":3},{"damage":23,"enemies":"Slime Boss","floor":16,"turns":5},{"damage":23,"enemies":"3 Byrds","floor":18,"turns":3},{"damage":12,"enemies":"Spheric Guardian","floor":19,"turns":3},{"damage":28,"enemies":"Cultist and Chosen","floor":22,"turns":5},{"damage":13,"enemies":"Book of Stabbing","floor":23,"turns":4},{"damage":45,"enemies":"Slavers","floor":25,"turns":4}],"seed_played":"4405143084659552038","potions_obtained":[{"floor":1,"key":"Weak Potion"},{"floor":18,"key":"SneckoOil"},{"floor":22,"key":"Fruit Juice"}],"is_trial":false,"path_per_floor":["M","M","$","M","M","E","?","?","T","R","M","R","M","M","R","B",null,"M","M","?","?","M","E","R","E"],"character_chosen":"DEFECT","items_purchased":["FocusPotion","FocusPotion"],"campfire_rested":4,"item_purchase_floors":[3,3],"current_hp_per_floor":[63,63,63,57,48,15,15,15,15,37,21,43,27,8,30,7,75,52,40,40,40,17,4,28,0,0],"gold":203,"neow_bonus":"BOSS_RELIC","is_daily":false,"chose_seed":false,"campfire_upgraded":0,"win_rate":0.0,"timestamp":1610641746,"path_taken":["M","M","$","M","M","E","?","?","T","R","?","R","M","M","R","BOSS","M","M","?","?","M","E","R","E"],"items_purchased_type":["Potion","Potion"],"build_version":"2020-12-22","purchased_purges":0,"victory":false,"max_hp_per_floor":[75,75,75,75,75,75,75,75,75,75,75,75,75,75,75,75,75,75,75,75,75,80,80,80,80,80],"relic_stats":{"counters":[14,44],"Pandora\u0027s Box":["Beam Cell","Steam Power","Skim","Recycle","Recycle"],"Question Card":2,"obtain_stats":[{"Du-Vu Doll":6,"Girya":23,"Pandora\u0027s Box":0,"EVO:Axolotl":0,"Cracked Core":0,"Question Card":21,"WarpedTongs":8,"Cables":9,"Nuclear Battery":17},{"Du-Vu Doll":5,"Girya":13,"Pandora\u0027s Box":0,"EVO:Axolotl":0,"Cracked Core":0,"Question Card":11,"WarpedTongs":5,"Cables":5,"Nuclear Battery":9},{"Du-Vu Doll":13,"Girya":40,"Pandora\u0027s Box":0,"EVO:Axolotl":0,"Cracked Core":0,"Question Card":31,"WarpedTongs":13,"Cables":13,"Nuclear Battery":25}],"WarpedTongs":[31],"Cables":[32,19,0,0,13]},"card_choices":[{"not_picked":["Stack","Reprogram"],"picked":"Leap","floor":1},{"not_picked":["Beam Cell","Gash"],"picked":"Capacitor","floor":2},{"not_picked":["Gash","Ball Lightning"],"picked":"Reboot","floor":4},{"not_picked":["Stack","Barrage","Redo"],"picked":"SKIP","floor":5},{"not_picked":["Turbo","Coolheaded","Compile Driver"],"picked":"SKIP","floor":6},{"not_picked":["Cold Snap","Undo"],"picked":"Ball Lightning","floor":11},{"not_picked":["Aggregate","Rip and Tear","Beam Cell"],"picked":"SKIP","floor":13},{"not_picked":["Skim","Rip and Tear","Stack"],"picked":"SKIP","floor":14},{"not_picked":["Melter","Stack"],"picked":"Leap","floor":18},{"not_picked":["Gash","FTL","Undo+1"],"picked":"SKIP","floor":19},{"not_picked":["Gash","Blizzard","Loop","Turbo"],"picked":"SKIP","floor":22},{"not_picked":["Coolheaded","Gash","BootSequence+1"],"picked":"Conserve Battery","floor":23}],"player_experience":192483,"relics_obtained":[{"floor":6,"key":"Du-Vu Doll"},{"floor":9,"key":"Cables"},{"floor":23,"key":"Girya"}],"event_choices":[{"damage_healed":0,"gold_gain":0,"player_choice":"Ignored","damage_taken":0,"max_hp_gain":0,"max_hp_loss":0,"event_name":"Shining Light","floor":7,"gold_loss":0},{"damage_healed":0,"gold_gain":0,"player_choice":"Rummage","damage_taken":0,"relics_obtained":["WarpedTongs"],"max_hp_gain":0,"max_hp_loss":0,"event_name":"Accursed Blacksmith","floor":8,"gold_loss":0,"cards_obtained":["Pain"]},{"damage_healed":0,"gold_gain":0,"player_choice":"Ignored","damage_taken":0,"max_hp_gain":0,"max_hp_loss":0,"event_name":"Cursed Tome","floor":20,"gold_loss":0},{"damage_healed":0,"gold_gain":0,"player_choice":"Obtained Relic","damage_taken":0,"relics_obtained":["Question Card"],"max_hp_gain":0,"max_hp_loss":0,"event_name":"Addict","floor":21,"gold_loss":85}],"is_beta":false,"boss_relics":[{"not_picked":["Tiny House","Astrolabe"],"picked":"Nuclear Battery"}],"items_purged_floors":[],"is_endless":false,"potions_floor_spawned":[1,11,18,22],"killed_by":"Slavers","ascension_level":4}}