{"host":"p9t7qd83igtcp2bh","time":1610595561,"event":{"mods":["2.2 Compatiblity","AchievementEnabler","BaseMod","Colored Map","Colored Powertips","Custom Start","DeckTracker","Keyboard Shortcuts","Minty Spire (QoL Compilation)","Permanent Neow","StSLib","SuperFastMode","everything is the same but u backflip on backflip"],"gold_per_floor":[118,131,158,158,168,202,220,220,220],"floor_reached":8,"language":"KOR","playtime":286,"items_purged":[],"score":96,"play_id":"ce7b2799-59b9-44a5-9726-fa82ab1624be","local_time":"20210114123921","is_ascension_mode":true,"campfire_choices":[],"circlet_count":0,"master_deck":["AscendersBane","Strike_P","Strike_P","Strike_P","Strike_P","Defend_P","Defend_P","Defend_P","Eruption","Vigilance","Nirvana","ThirdEye","MentalFortress","WaveOfTheHand"],"relics":["Velvet Choker","Fusion Hammer","Ancient Tea Set","Art of War"],"acts_visited":["Exordium"],"potions_floor_usage":[7],"damage_taken":[{"damage":0,"enemies":"Cultist","floor":1,"turns":3},{"damage":0,"enemies":"Small Slimes","floor":2,"turns":3},{"damage":5,"enemies":"2 Louse","floor":5,"turns":3},{"damage":22,"enemies":"Lagavulin","floor":6,"turns":8},{"damage":33,"enemies":"Gremlin Gang","floor":7,"turns":9},{"damage":5,"enemies":"3 Sentries","floor":8,"turns":5}],"seed_played":"-4409516145155720767","potions_obtained":[{"floor":5,"key":"ColorlessPotion"}],"is_trial":false,"path_per_floor":["M","M","T","?","M","E","M","E"],"character_chosen":"WATCHER","items_purchased":[],"campfire_rested":0,"item_purchase_floors":[],"current_hp_per_floor":[65,65,65,65,60,38,5,0,0],"gold":220,"neow_bonus":"BOSS_RELIC","is_daily":false,"chose_seed":false,"campfire_upgraded":0,"win_rate":0.0,"timestamp":1610595561,"path_taken":["M","M","?","?","?","E","M","E"],"items_purchased_type":[],"build_version":"2020-12-22","purchased_purges":0,"victory":false,"max_hp_per_floor":[72,72,72,72,72,72,72,72,72],"card_choices":[{"not_picked":["FlyingSleeves","Wireheading"],"picked":"Nirvana","floor":1},{"not_picked":["BowlingBash","WaveOfTheHand"],"picked":"ThirdEye","floor":2},{"not_picked":["ThirdEye","Perseverance"],"picked":"MentalFortress","floor":5},{"not_picked":["ThirdEye","Pray"],"picked":"WaveOfTheHand","floor":6},{"not_picked":["Crescendo","SashWhip","Consecrate"],"picked":"SKIP","floor":7}],"player_experience":631621,"relics_obtained":[{"floor":3,"key":"Ancient Tea Set"},{"floor":6,"key":"Art of War"}],"event_choices":[{"cards_removed":["Defend_P"],"damage_healed":0,"gold_gain":0,"player_choice":"Purged","damage_taken":0,"max_hp_gain":0,"max_hp_loss":0,"event_name":"Purifier","floor":4,"gold_loss":0}],"is_beta":false,"boss_relics":[],"items_purged_floors":[],"is_endless":false,"potions_floor_spawned":[5],"killed_by":"3 Sentries","ascension_level":13}}