{"host":"1a3cjta80tad0aqj","time":1610633450,"event":{"mods":["2.2 Compatiblity","AchievementEnabler","BaseMod","Colored Map","DeckTracker","KOR Keyword Fix","Keyboard Shortcuts","Minty Spire (QoL Compilation)","Permanent Neow","Quick Restart","Random Character Button","StSLib","SuperFastMode","everything is the same but u backflip on backflip"],"gold_per_floor":[112,112,112,131,56,56,99,118,118,18,38,38,74,74,74,74,74],"floor_reached":16,"language":"KOR","playtime":445,"items_purged":["Defend_P","Strike_P"],"score":162,"play_id":"73773b77-371d-4d15-9c83-9416a57a2f2a","local_time":"20210114231050","is_ascension_mode":true,"campfire_choices":[{"data":"Eruption","floor":6,"key":"SMITH"},{"floor":12,"key":"REST"},{"floor":15,"key":"REST"}],"circlet_count":0,"master_deck":["AscendersBane","Strike_P","Strike_P","Strike_P","Defend_P","Defend_P","Defend_P","Eruption+1","Vigilance","ReachHeaven","ClearTheMind","Injury","Halt","EmptyFist","SpiritShield","Decay"],"relics":["PureWater","Golden Idol","Bag of Marbles","Centennial Puzzle","Mummified Hand","Blue Candle"],"acts_visited":["Exordium"],"potions_floor_usage":[13,16],"damage_taken":[{"damage":7,"enemies":"Jaw Worm","floor":1,"turns":3},{"damage":0,"enemies":"2 Louse","floor":4,"turns":1},{"damage":22,"enemies":"Lagavulin","floor":7,"turns":6},{"damage":0,"enemies":"Cultist","floor":8,"turns":3},{"damage":8,"enemies":"Blue Slaver","floor":11,"turns":3},{"damage":10,"enemies":"3 Sentries","floor":13,"turns":5},{"damage":60,"enemies":"The Guardian","floor":16,"turns":8}],"seed_played":"6095420966773652589","potions_obtained":[{"floor":1,"key":"Fire Potion"},{"floor":11,"key":"DistilledChaos"}],"is_trial":false,"path_per_floor":["M","?","?","M","$","R","E","M","T","$","M","R","E","?","R","B"],"character_chosen":"WATCHER","items_purchased":[],"campfire_rested":2,"item_purchase_floors":[],"current_hp_per_floor":[58,58,55,55,55,55,33,33,33,33,25,46,36,36,57,0,0],"gold":74,"neow_bonus":"THREE_CARDS","is_daily":false,"chose_seed":false,"campfire_upgraded":1,"win_rate":0.0,"timestamp":1610633450,"path_taken":["M","?","?","M","$","R","E","M","T","$","M","R","E","?","R","BOSS"],"items_purchased_type":[],"build_version":"2020-12-22","purchased_purges":2,"victory":false,"max_hp_per_floor":[72,72,72,72,72,72,72,72,72,72,72,72,72,72,72,72,72],"card_choices":[{"not_picked":["FollowUp","FlyingSleeves"],"picked":"ReachHeaven","floor":0},{"not_picked":["JustLucky","Wallop"],"picked":"ClearTheMind","floor":1},{"not_picked":["FlyingSleeves","Wireheading","CrushJoints"],"picked":"SKIP","floor":4},{"not_picked":["CrushJoints","Crescendo","ReachHeaven"],"picked":"SKIP","floor":7},{"not_picked":["PathToVictory","FlurryOfBlows"],"picked":"Halt","floor":8},{"not_picked":["Sanctity","ForeignInfluence"],"picked":"EmptyFist","floor":11},{"not_picked":["BowlingBash","InnerPeace"],"picked":"SpiritShield","floor":13}],"player_experience":633173,"relics_obtained":[{"floor":7,"key":"Centennial Puzzle"},{"floor":9,"key":"Mummified Hand"},{"floor":13,"key":"Blue Candle"}],"event_choices":[{"damage_healed":0,"gold_gain":0,"player_choice":"Take Wound","damage_taken":0,"relics_obtained":["Golden Idol"],"max_hp_gain":0,"max_hp_loss":0,"event_name":"Golden Idol","floor":2,"gold_loss":0,"cards_obtained":["Injury"]},{"damage_healed":0,"gold_gain":0,"player_choice":"Success","damage_taken":3,"relics_obtained":["Bag of Marbles"],"max_hp_gain":0,"max_hp_loss":0,"event_name":"Scrap Ooze","floor":3,"gold_loss":0},{"damage_healed":0,"gold_gain":0,"player_choice":"Cursed","damage_taken":0,"max_hp_gain":0,"max_hp_loss":0,"event_name":"Wheel of Change","floor":14,"gold_loss":0,"cards_obtained":["Decay"]}],"is_beta":false,"boss_relics":[],"items_purged_floors":[5,10],"is_endless":false,"potions_floor_spawned":[1,11],"killed_by":"The Guardian","ascension_level":10}}