{"host":"8anlmvy5ylhozj27","time":1610666165,"event":{"mods":["2.2 Compatiblity","Act Like it!","Aspiration","BaseMod","Best Route Mod","Better Match","Better Note","Better Sensory Stone","Better Skull","Better Third Choice","BetterRewards","Block Reminder","Colored Map","Colored Powertips","Conspire","Curses Come First","Duelist Mod","Energized Spire","GifTheSpireLib","Gold Saver","Halation","Hermit","Highlight Path","Hubris","Infinite Spire","Ironclad Rager","Minty Spire (QoL Compilation)","Permanent Neow","Quick Restart","Rare Cards Sparkle","Replay The Spire","Robot Space Explorer","Spicy Shops","StSLib","Stuff the Spire","The Bladedancer","The Blue Laboratory","The Disciple","The Exalted","The Necromancer","The Sage","Transform Curses","Wandering Minibosses","vexMod"],"gold_per_floor":[115,135,135,135,210,210,240,252,252,279,295,313,313,313,313,410,410,420,420,432,432,227,227,327,327,351,366,366,399,399,425,425,528,528,538,638,638,657,657,657,657],"floor_reached":40,"language":"FRA","playtime":1775,"items_purged":["Normality"],"score":280,"play_id":"c760438b-9a88-41a6-b6e5-cd78f1bc2310","local_time":"20210115001605","is_ascension_mode":false,"campfire_choices":[{"data":"ReplayTheSpireMod:Limb From Limb","floor":6,"key":"SMITH"},{"data":"Flame Barrier","floor":13,"key":"SMITH"},{"data":"Infernal Blade","floor":15,"key":"SMITH"},{"data":"Impervious","floor":23,"key":"SMITH"},{"data":"Bludgeon","floor":25,"key":"SMITH"},{"data":"Berserk","floor":28,"key":"SMITH"},{"data":"Infernal Blade","floor":32,"key":"SMITH"}],"circlet_count":0,"master_deck":["Strike_R","Strike_R","Strike_R","Strike_R","Defend_R","Defend_R+1","Defend_R","Defend_R","Bash","ReplayTheSpireMod:Limb From Limb+1","Body Slam","Clash","Shrug It Off+1","Flame Barrier+1","Infernal Blade+1","Uppercut+1","Impervious+1","ReplayTheSpireMod:Limb From Limb","Bludgeon+1","Berserk+1","Infernal Blade+1","Impervious","Infernal Blade+1"],"relics":["Burning Blood","hubris:Towel","Ring of Panic","ReplayTheSpireMod:Ring of Collecting","Replay:Rubber Ducky","ReplayTheSpireMod:Ring of Addiction","SacredBark","White Beast Statue","StuffTheSpire:Rhapsscallions","hubris:IronBody","Bromod:ArcaneGrace","infinitespire:Beetle Shell","ReplayTheSpireMod:CursedCoin","hubris:Reverence","aspiration:Nostalgia","Iron Core","Ring of Peace","War Paint","StuffTheSpire:Experiment12","Juzu Bracelet","aspiration:FutureDiary","hubris:Icosahedron"],"acts_visited":["Exordium","TheCity","TheBeyond"],"potions_floor_usage":[7,10,12,16,20,29,40,40],"damage_taken":[{"damage":2,"enemies":"Small Slimes","floor":1,"turns":4},{"damage":6,"enemies":"Jaw Worm","floor":2,"turns":4},{"damage":29,"enemies":"3 Sentries","floor":7,"turns":8},{"damage":0,"enemies":"2 Louse","floor":8,"turns":2},{"damage":28,"enemies":"Gremlin Nob","floor":10,"turns":4},{"damage":0,"enemies":"2 Fungi Beasts","floor":11,"turns":4},{"damage":0,"enemies":"Large Slime","floor":12,"turns":3},{"damage":27,"enemies":"The Guardian","floor":16,"turns":10},{"damage":0,"enemies":"Spheric Guardian","floor":18,"turns":3},{"damage":0,"enemies":"Shell Parasite","floor":20,"turns":2},{"damage":0,"enemies":"Snake Plant","floor":27,"turns":3},{"damage":9,"enemies":"Gremlin Leader","floor":29,"turns":5},{"damage":11,"enemies":"Slavers","floor":31,"turns":7},{"damage":30,"enemies":"hubris:MusketHawk","floor":33,"turns":10},{"damage":0,"enemies":"Orb Walker","floor":35,"turns":3},{"damage":50,"enemies":"3 Darklings","floor":38,"turns":11},{"damage":60,"enemies":"Donu and Deca","floor":40,"turns":7}],"seed_played":"-7711706695233250053","potions_obtained":[{"floor":1,"key":"BloodPotion"},{"floor":8,"key":"Swift Potion"},{"floor":9,"key":"Dexterity Potion"},{"floor":9,"key":"PowerPotion"},{"floor":10,"key":"Dexterity Potion"},{"floor":12,"key":"SkillPotion"},{"floor":16,"key":"blueLaboratory:BottleOfRum"},{"floor":20,"key":"blueLaboratory:AbyssPotion"},{"floor":29,"key":"blueLaboratory:TrueEctoplasm"},{"floor":31,"key":"Swift Potion"}],"is_trial":true,"path_per_floor":["M","M","?","?","?","R","E","M","T","E","M","M","R","?","R","B",null,"M","WH","M","WH","$","R","WH","R","T","M","R","E","?","E","R","B",null,"M","WH","?","M","?","B"],"character_chosen":"IRONCLAD","items_purchased":["ReplayTheSpireMod:CursedCoin","hubris:Reverence","aspiration:Nostalgia"],"campfire_rested":0,"item_purchase_floors":[22,22,22],"current_hp_per_floor":[80,80,80,80,69,69,62,68,72,50,56,62,62,62,62,41,82,82,82,80,88,88,88,86,86,86,84,84,81,81,79,79,59,82,82,80,80,54,54,0,0],"gold":657,"neow_bonus":"HUNDRED_GOLD","is_daily":false,"chose_seed":false,"campfire_upgraded":7,"win_rate":0.0,"timestamp":1610666165,"path_taken":["M","M","?","?","?","R","E","M","T","E","M","M","R","?","R","BOSS","M","WH","M","WH","$","R","WH","R","T","M","R","E","?","E","R","BOSS","M","WH","?","M","?","BOSS"],"items_purchased_type":["Relic","Relic","Relic"],"build_version":"2020-12-22","purchased_purges":1,"victory":false,"max_hp_per_floor":[80,80,80,80,80,80,80,80,84,84,84,84,84,84,84,82,82,82,82,80,88,88,88,86,86,86,84,84,84,84,84,84,82,82,82,80,80,80,78,78,78],"card_choices":[{"not_picked":["Replay:Undeath\u0027s Touch","Fire Breathing"],"picked":"ReplayTheSpireMod:Limb From Limb","floor":1},{"not_picked":["ReplayTheSpireMod:Corrosion Curse","StuffTheSpire:Slingshot"],"picked":"Body Slam","floor":2},{"not_picked":["Warcry","StuffTheSpire:RockThrow","Replay:Undeath\u0027s Touch"],"picked":"SKIP","floor":7},{"not_picked":["Thunderclap","Wild Strike"],"picked":"Clash","floor":8},{"not_picked":["Defy Death","Blood for Blood"],"picked":"Shrug It Off","floor":10},{"not_picked":["Clothesline","StuffTheSpire:Incineration"],"picked":"Flame Barrier","floor":11},{"not_picked":["Dual Wield","Flex"],"picked":"Infernal Blade","floor":12},{"not_picked":["Limit Break","Barricade"],"picked":"Impervious","floor":16},{"not_picked":["Pummel+1","StuffTheSpire:Incineration"],"picked":"ReplayTheSpireMod:Limb From Limb","floor":18},{"not_picked":["StuffTheSpire:Incineration","Rage"],"picked":"Bludgeon","floor":20},{"not_picked":["Heavy Blade","Warcry+1"],"picked":"Berserk","floor":27},{"not_picked":["hubris:SharpeningStone","Sword Boomerang"],"picked":"Infernal Blade","floor":29},{"not_picked":["StuffTheSpire:Slingshot","Turbo","Fire Breathing"],"picked":"SKIP","floor":31},{"not_picked":["Limit Break","Eclipse"],"picked":"Impervious","floor":33},{"not_picked":["Thunderclap+1","Pummel+1","ReplayTheSpireMod:Strike From Hell"],"picked":"SKIP","floor":35},{"not_picked":["Headbutt","Run Through"],"picked":"Infernal Blade+1","floor":38}],"player_experience":170818,"relics_obtained":[{"floor":4,"key":"Ring of Panic"},{"floor":4,"key":"ReplayTheSpireMod:Ring of Collecting"},{"floor":7,"key":"Replay:Rubber Ducky"},{"floor":9,"key":"ReplayTheSpireMod:Ring of Addiction"},{"floor":9,"key":"SacredBark"},{"floor":9,"key":"White Beast Statue"},{"floor":9,"key":"StuffTheSpire:Rhapsscallions"},{"floor":10,"key":"hubris:IronBody"},{"floor":26,"key":"Ring of Peace"},{"floor":26,"key":"War Paint"},{"floor":29,"key":"StuffTheSpire:Experiment12"},{"floor":31,"key":"Juzu Bracelet"}],"event_choices":[{"damage_healed":0,"gold_gain":75,"player_choice":"Gold","damage_taken":11,"max_hp_gain":0,"max_hp_loss":0,"event_name":"betterThird:BetterGoop","floor":5,"gold_loss":0},{"cards_removed":["Berserk"],"damage_healed":0,"gold_gain":0,"player_choice":"Give","damage_taken":0,"max_hp_gain":0,"max_hp_loss":0,"event_name":"betterNote:BetterNote","floor":30,"gold_loss":0,"cards_obtained":["RobotSpaceExplorer:MiniLasers"]},{"damage_healed":0,"gold_gain":0,"player_choice":"Portal","damage_taken":0,"max_hp_gain":0,"max_hp_loss":0,"event_name":"betterThird:BetterPortal","floor":39,"gold_loss":0}],"is_beta":false,"boss_relics":[{"not_picked":["energizedSpire:SpiderWeb","Ooze Armor"],"picked":"Bromod:ArcaneGrace"},{"not_picked":["Calling Bell","conspire:SpecialSausage"],"picked":"aspiration:FutureDiary"}],"items_purged_floors":[22],"is_endless":false,"potions_floor_spawned":[1,8,10,11,12,16,18,20,27,29,31,33,35,38],"killed_by":"Donu and Deca","ascension_level":0}}