{"host":"00tqcjwpycel7e54","time":1610622875,"event":{"mods":["ATMod(阿瑾Mod)","Act Like it!","BaseMod","Colored Powertips","Decade(王小明)","Hermit","Highlight Path","Hubris","Luminous","Marisa（F雨　魔理沙）","Minty Spire (QoL Compilation)","Reimu（博丽灵梦）","Remilia（蕾米莉亚）","Robot Space Explorer","SOS（斯巴达之子）","Shop Mod","Spicy Shops","StSLib","The Administrix","The Animator","The Bug Knight","The Construct","The Cursed","The Gatherer","The Hierophant","The Mystic","The Runesmith","The Servant 0.9.4","WarShipGirlsR/战舰少女R mod","Youmu（魂魄妖梦）","Yuyuko","vexMod","【遗物卡牌】REMEMod"],"gold_per_floor":[112,62,62,72,90,122,122,122,174,185,185,31,47,76,76,177,177,194,204,223,223,223],"floor_reached":21,"language":"ZHS","playtime":2077,"items_purged":[],"score":191,"play_id":"72b268f7-23e6-4524-aac9-8ee55f373d1e","local_time":"20210114191435","is_ascension_mode":false,"campfire_choices":[{"data":"DoubleWheelOfPain","floor":8,"key":"SMITH"},{"data":"AsuraSword","floor":15,"key":"SMITH"}],"circlet_count":0,"master_deck":["Strike_YM","Strike_YM","Strike_YM","Defend_YM","Defend_YM","Defend_YM","Defend_YM","SlashOfPresentWorld","WheelOfPainOfLivingAndDead","CherryBlossomFlashing","CrescentMoonSlash","FastingOfTheYoungPreta+1","DoubleWheelOfPain+1","SpiritCuttingSword","Pain","AsuraSword+1","HeavenGodSword","HeartExcerptSlash","PhosphoricSlash","SlashOfDelusionalInnerEye"],"relics":["HalfPhantom","AT_ATBox","REME_ComplimentaryCards","NeowsBlessing","Regal Pillow","Toy Ornithopter","WarpedTongs","PreservedInsect","hubris:DeckOfHolding","Runesmith:UraniumAnvil"],"acts_visited":["Exordium","TheCity"],"potions_floor_usage":[6,14,16,16],"damage_taken":[{"damage":0,"enemies":"Small Slimes","floor":1,"turns":1},{"damage":0,"enemies":"Jaw Worm","floor":4,"turns":1},{"damage":0,"enemies":"Cultist","floor":5,"turns":1},{"damage":15,"enemies":"3 Sentries","floor":6,"turns":10},{"damage":7,"enemies":"Blue Slaver","floor":10,"turns":4},{"damage":9,"enemies":"3 Louse","floor":13,"turns":3},{"damage":8,"enemies":"Gremlin Nob","floor":14,"turns":3},{"damage":20,"enemies":"The Guardian","floor":16,"turns":12},{"damage":30,"enemies":"3 Byrds","floor":18,"turns":7},{"damage":6,"enemies":"Snake Plant","floor":19,"turns":4},{"damage":13,"enemies":"Centurion and Healer","floor":20,"turns":3},{"damage":34,"enemies":"Cultist and Chosen","floor":21,"turns":6}],"seed_played":"7197528253881337982","potions_obtained":[{"floor":1,"key":"ColorlessPotion"},{"floor":3,"key":"FearPotion"},{"floor":3,"key":"SpeedPotion"},{"floor":3,"key":"Dexterity Potion"},{"floor":10,"key":"DistilledChaos"},{"floor":14,"key":"FearPotion"},{"floor":20,"key":"EssenceOfSteel"}],"is_trial":false,"path_per_floor":["M","?","?","M","M","E","?","R","T","M","?","$","M","E","R","B",null,"M","M","M","M"],"character_chosen":"YOUMU","items_purchased":["PreservedInsect"],"campfire_rested":0,"item_purchase_floors":[12],"current_hp_per_floor":[75,75,75,75,75,60,60,60,60,53,53,53,44,41,41,31,75,45,39,26,0,0],"gold":223,"neow_bonus":"THREE_ENEMY_KILL","is_daily":false,"chose_seed":false,"campfire_upgraded":2,"win_rate":0.0,"timestamp":1610622875,"path_taken":["M","?","?","?","M","E","?","R","T","M","?","$","M","E","R","BOSS","M","?","M","M"],"items_purchased_type":["Relic"],"build_version":"2020-12-22","purchased_purges":0,"victory":false,"max_hp_per_floor":[75,75,75,75,75,75,75,75,75,75,75,75,75,75,75,75,75,75,75,75,75,75],"card_choices":[{"not_picked":["PreachingAvici","LifeCuttingSword"],"picked":"CherryBlossomFlashing","floor":1},{"not_picked":["PretaSword","HumanRealmSword"],"picked":"CrescentMoonSlash","floor":4},{"not_picked":["ObsessionWithThePresentWorld","SwordExtraction"],"picked":"FastingOfTheYoungPreta","floor":5},{"not_picked":["PreachingAvici","DispleasureOfTheSevenHakus"],"picked":"DoubleWheelOfPain","floor":6},{"not_picked":["DispleasureOfTheSevenHakus","LowerRealmReflectionSlash"],"picked":"SpiritCuttingSword","floor":10},{"not_picked":["DispleasureOfTheSevenHakus","ObsessionSword","SwordOfBindingDesires"],"picked":"SKIP","floor":13},{"not_picked":["LowerRealmReflectionSlash","TwoHundredYojanaInOneSlash"],"picked":"AsuraSword","floor":14},{"not_picked":["FastingOfTheYoungPreta","SuddenDivineSeveringOfKarmicWind"],"picked":"HeavenGodSword","floor":16},{"not_picked":["CrescentMoonSlash","SpiritCuttingSword"],"picked":"HeartExcerptSlash","floor":18},{"not_picked":["GhostSword","LifeCuttingSword"],"picked":"PhosphoricSlash","floor":19},{"not_picked":["ConstancyOfTheConventionalTruth","DoubleWheelOfPain"],"picked":"SlashOfDelusionalInnerEye","floor":20}],"player_experience":713855,"relics_obtained":[{"floor":6,"key":"Regal Pillow"},{"floor":9,"key":"Toy Ornithopter"},{"floor":14,"key":"hubris:DeckOfHolding"}],"event_choices":[{"cards_removed":["Strike_YM"],"damage_healed":0,"gold_gain":0,"player_choice":"Card Removal","damage_taken":0,"max_hp_gain":0,"max_hp_loss":0,"event_name":"The Cleric","floor":2,"gold_loss":50},{"damage_healed":0,"gold_gain":0,"player_choice":"Got Potions","damage_taken":0,"max_hp_gain":0,"max_hp_loss":0,"event_name":"Lab","floor":3,"gold_loss":0},{"damage_healed":0,"gold_gain":0,"player_choice":"Grow","damage_taken":0,"max_hp_gain":0,"max_hp_loss":0,"event_name":"Living Wall","floor":7,"gold_loss":0,"cards_upgraded":["FastingOfTheYoungPreta"]},{"damage_healed":0,"gold_gain":0,"player_choice":"Rummage","damage_taken":0,"relics_obtained":["WarpedTongs"],"max_hp_gain":0,"max_hp_loss":0,"event_name":"Accursed Blacksmith","floor":11,"gold_loss":0,"cards_obtained":["Pain"]}],"is_beta":false,"boss_relics":[{"not_picked":["vexMod:ImprovementManual","Busted Crown"],"picked":"Runesmith:UraniumAnvil"}],"items_purged_floors":[],"is_endless":false,"potions_floor_spawned":[1,10,14,20],"killed_by":"Cultist and Chosen","ascension_level":0}}