{"host":"ygfasg9u7olr7skw","time":1610634578,"event":{"mods":["AchievementEnabler","BaseMod","Better Note","Better Vampires","Colored Powertips","Minty Spire (QoL Compilation)","Replay The Spire","Spicy Shops","StSLib","The IronCluck"],"gold_per_floor":[113,124,138,149,168,168,183,33,33,33,33,65,65,95,95,115,115,213,213,224,239,249,249,249],"floor_reached":23,"language":"ENG","playtime":1357,"items_purged":["Strike_B"],"score":236,"play_id":"ac23b1a4-95f5-4905-90c4-0e7db25265f8","local_time":"20210114092938","is_ascension_mode":true,"campfire_choices":[{"data":"Zap","floor":6,"key":"SMITH"},{"floor":15,"key":"REST"},{"floor":17,"key":"REST"}],"circlet_count":0,"master_deck":["Strike_B","Strike_B","Strike_B","Defend_B","Defend_B+1","Defend_B","Defend_B","Zap+1","Dualcast+1","Ball Lightning","Capacitor","Static Discharge","Thunder Strike","Ball Lightning","Redo+1"],"relics":["Cracked Core","Gremlin Food","Ornamental Fan","Pet Ghost","Replay:Accelerometer","Question Card","Inserter"],"acts_visited":["Exordium","TheCity"],"potions_floor_usage":[14,14],"damage_taken":[{"damage":1,"enemies":"Cultist","floor":1,"turns":3},{"damage":2,"enemies":"Jaw Worm","floor":2,"turns":3},{"damage":1,"enemies":"2 Louse","floor":3,"turns":2},{"damage":0,"enemies":"Exordium Wildlife","floor":4,"turns":3},{"damage":2,"enemies":"2 Fungi Beasts","floor":5,"turns":3},{"damage":1,"enemies":"Exordium Thugs","floor":7,"turns":3},{"damage":15,"enemies":"Lagavulin","floor":12,"turns":5},{"damage":5,"enemies":"Gremlin Nob","floor":14,"turns":4},{"damage":11,"enemies":"Lots of Slimes","floor":16,"turns":3},{"damage":2,"enemies":"The Guardian","floor":18,"turns":10},{"damage":36,"enemies":"Shell Parasite","floor":20,"turns":3},{"damage":10,"enemies":"3 Byrds","floor":21,"turns":4},{"damage":32,"enemies":"Centurion and Healer","floor":22,"turns":7},{"damage":4,"enemies":"Cultist and Chosen","floor":23,"turns":1}],"seed_played":"2552799820400547741","potions_obtained":[{"floor":5,"key":"Block Potion"},{"floor":12,"key":"Energy Potion"},{"floor":14,"key":"Dexterity Potion"},{"floor":16,"key":"PotionOfCapacity"},{"floor":21,"key":"Strength Potion"}],"is_trial":false,"path_per_floor":["M","M","M","M","M","R","M","$","PTL","PTL","T","E","T","E","R","M","R","B",null,"M","M","M","M"],"character_chosen":"DEFECT","items_purchased":["Gremlin Food"],"campfire_rested":2,"item_purchase_floors":[8],"current_hp_per_floor":[81,79,78,78,76,76,75,75,75,75,75,60,60,55,79,68,82,80,82,46,36,4,0,0],"gold":249,"neow_bonus":"TEN_PERCENT_HP_BONUS","is_daily":false,"chose_seed":false,"campfire_upgraded":1,"win_rate":0.0,"timestamp":1610634578,"path_taken":["M","?","M","?","M","R","M","?","PTL","PTL","T","E","?","E","R","M","R","BOSS","M","?","M","M"],"items_purchased_type":["Relic"],"build_version":"2020-12-22","purchased_purges":1,"victory":false,"max_hp_per_floor":[82,82,82,82,82,82,82,82,82,82,82,82,82,82,82,82,82,82,82,82,82,82,82,82],"card_choices":[{"not_picked":["Leap","BasicCrystalCard","Conserve Battery"],"picked":"SKIP","floor":1},{"not_picked":["Sweeping Beam","Static Discharge"],"picked":"Ball Lightning","floor":2},{"not_picked":["BootSequence","Go for the Eyes","Panic Button"],"picked":"SKIP","floor":3},{"not_picked":["Rebound","Turbo","Force Field"],"picked":"SKIP","floor":4},{"not_picked":["Echo Form","Conserve Battery","Doom and Gloom"],"picked":"SKIP","floor":5},{"not_picked":["Fusion","Hologram"],"picked":"Capacitor","floor":7},{"not_picked":["Beam Cell","Seek","Stack"],"picked":"SKIP","floor":12},{"not_picked":["Sweeping Beam","Steam","ReplaySort"],"picked":"SKIP","floor":14},{"not_picked":["Blizzard","Redo","Gash"],"picked":"Static Discharge","floor":16},{"not_picked":["Machine Learning","Core Surge","Mirror Shield"],"picked":"Thunder Strike","floor":18},{"not_picked":["Hologram","BootSequence","Steam"],"picked":"Ball Lightning","floor":20},{"not_picked":["Reinforced Body+1","Conserve Battery","Go for the Eyes","Steam"],"picked":"SKIP","floor":21},{"not_picked":["Turbo","FTL","Reboot"],"picked":"Redo+1","floor":22}],"player_experience":280005,"relics_obtained":[{"floor":11,"key":"Ornamental Fan"},{"floor":12,"key":"Pet Ghost"},{"floor":13,"key":"Replay:Accelerometer"},{"floor":14,"key":"Question Card"}],"event_choices":[],"is_beta":false,"boss_relics":[{"not_picked":["Tiny House","Astrolabe"],"picked":"Inserter"}],"items_purged_floors":[8],"is_endless":false,"potions_floor_spawned":[5,12,14,16,21],"killed_by":"Cultist and Chosen","ascension_level":3}}