{"host":"konjmgczbcns2r3g","time":1610602588,"event":{"mods":["AchievementEnabler","BaseMod","Chen","Colored Powertips","Hermit","Infinite Spire","Koishi","Marisa????????","Minty Spire (QoL Compilation)","Replay The Spire","StSLib","The Cursed","The Gatherer","The Necromancer","The Servant 0.9.4"],"gold_per_floor":[118,131,141,155,165,165,165],"floor_reached":6,"language":"ENG","playtime":746,"items_purged":[],"score":42,"play_id":"10d1f96e-4422-4cfb-b209-daf50ad6a27a","local_time":"20210114003628","is_ascension_mode":true,"campfire_choices":[],"circlet_count":0,"master_deck":["Koishi:BasicStrike","Koishi:BasicStrike","Koishi:BasicStrike","Koishi:BasicStrike","Koishi:BasicDefend","Koishi:BasicDefend","Koishi:BasicDefend","Koishi:BasicDefend","Koishi:Provoke","Koishi:HauntingSlash","Koishi:DreadfulBlow","Koishi:JumpScare","Koishi:PhantomBarrier","Koishi:ImGoingToCallYouNow","Koishi:DanmakuParanoia"],"relics":["Koishi:ImaginaryFriend"],"acts_visited":["Exordium"],"potions_floor_usage":[6],"damage_taken":[{"damage":2,"enemies":"Small Slimes","floor":1,"turns":5},{"damage":0,"enemies":"2 Louse","floor":2,"turns":4},{"damage":1,"enemies":"Cultist","floor":3,"turns":3},{"damage":10,"enemies":"Lots of Slimes","floor":4,"turns":7},{"damage":13,"enemies":"2 Fungi Beasts","floor":5,"turns":5},{"damage":106,"enemies":"Lagavulin","floor":6,"turns":22}],"seed_played":"-6009586970880249374","potions_obtained":[{"floor":3,"key":"FairyPotion"},{"floor":5,"key":"Reflective Coating"}],"is_trial":false,"path_per_floor":["M","M","M","M","M","E"],"character_chosen":"KOISHI","items_purchased":[],"campfire_rested":0,"item_purchase_floors":[],"current_hp_per_floor":[65,66,66,63,63,0,0],"gold":165,"neow_bonus":"TEN_PERCENT_HP_BONUS","is_daily":false,"chose_seed":false,"campfire_upgraded":0,"win_rate":0.0,"timestamp":1610602588,"path_taken":["M","M","M","M","M","E"],"items_purchased_type":[],"build_version":"2020-12-22","purchased_purges":0,"victory":false,"max_hp_per_floor":[66,66,66,66,66,66,66],"card_choices":[{"not_picked":["Koishi:Prune","Koishi:ParalyzingFear"],"picked":"Koishi:DreadfulBlow","floor":1},{"not_picked":["Koishi:RacingHeart","Koishi:PredatoryInstincts"],"picked":"Koishi:JumpScare","floor":2},{"not_picked":["Koishi:FreudianInstinct","Koishi:RorschachInDanmaku"],"picked":"Koishi:PhantomBarrier","floor":3},{"not_picked":["Koishi:StingingMind","Koishi:ParalyzingFear"],"picked":"Koishi:ImGoingToCallYouNow","floor":4},{"not_picked":["Koishi:ReflexRadar","Koishi:DreadfulBlow"],"picked":"Koishi:DanmakuParanoia","floor":5}],"player_experience":332011,"relics_obtained":[],"event_choices":[],"is_beta":false,"boss_relics":[],"items_purged_floors":[],"is_endless":false,"potions_floor_spawned":[3,5],"killed_by":"Lagavulin","ascension_level":1}}