{"host":"a331l7x7bue2m35h","time":1610647325,"event":{"mods":["BaseMod","Lobotomy","Minty Spire (QoL Compilation)","Replay The Spire","StSLib","The Cursed"],"gold_per_floor":[118,128,144,164,177,177,177],"floor_reached":6,"language":"KOR","playtime":298,"items_purged":[],"score":42,"play_id":"48fbb601-f564-4f8a-a076-1048388cf714","local_time":"20210115030205","is_ascension_mode":true,"campfire_choices":[],"circlet_count":0,"master_deck":["Strike_B","Strike_B","Strike_B","Strike_B","Defend_B","Defend_B","Defend_B","Defend_B","Zap","Dualcast","RedShoes","Skim","OldLady","Double Energy","CrumblingArmor","ReplayGash","Murderer","Conserve Battery","Scorched","Streamline"],"relics":["Cracked Core","CogitoBucket"],"acts_visited":["Exordium"],"potions_floor_usage":[],"damage_taken":[{"damage":1,"enemies":"Cultist","floor":1,"turns":3},{"damage":18,"enemies":"Jaw Worm","floor":2,"turns":3},{"damage":1,"enemies":"Small Slimes","floor":3,"turns":3},{"damage":10,"enemies":"Blue Slaver","floor":4,"turns":4},{"damage":20,"enemies":"3 Louse","floor":5,"turns":4},{"damage":28,"enemies":"3 Sentries","floor":6,"turns":3}],"seed_played":"1893601293427278420","potions_obtained":[{"floor":1,"key":"FocusPotion"},{"floor":4,"key":"FocusPotion"},{"floor":5,"key":"Strength Potion"}],"is_trial":false,"path_per_floor":["M","M","M","M","M","E"],"character_chosen":"DEFECT","items_purchased":[],"campfire_rested":0,"item_purchase_floors":[],"current_hp_per_floor":[74,56,55,45,25,0,0],"gold":177,"neow_bonus":"","is_daily":false,"chose_seed":false,"campfire_upgraded":0,"win_rate":0.0,"timestamp":1610647325,"path_taken":["M","M","M","M","?","E"],"items_purchased_type":[],"build_version":"2020-12-22","purchased_purges":0,"victory":false,"max_hp_per_floor":[75,75,75,75,75,75,75],"card_choices":[{"not_picked":["OldLady","MHz"],"picked":"RedShoes","floor":1},{"not_picked":["Doom and Gloom","Crystallizer"],"picked":"Skim","floor":1},{"not_picked":["QueenBee","WallGazer"],"picked":"OldLady","floor":2},{"not_picked":["Leap","ReplaySort"],"picked":"Double Energy","floor":2},{"not_picked":["CherryBlossoms","Scorched"],"picked":"CrumblingArmor","floor":3},{"not_picked":["Sweeping Beam","ReplayTheSpireMod:Repulse"],"picked":"ReplayGash","floor":3},{"not_picked":["SnowQueen","MeatLantern"],"picked":"Murderer","floor":4},{"not_picked":["Thunder Strike","Doom and Gloom"],"picked":"Conserve Battery","floor":4},{"not_picked":["FairyFestival","QueenBee"],"picked":"Scorched","floor":5},{"not_picked":["Go for the Eyes","Beam Cell"],"picked":"Streamline","floor":5}],"player_experience":162786,"relics_obtained":[],"event_choices":[],"is_beta":false,"boss_relics":[],"items_purged_floors":[],"is_endless":false,"potions_floor_spawned":[1,4,5],"killed_by":"3 Sentries","ascension_level":1}}