{"host":"51fyd6gkml7xavq8","time":1610597333,"event":{"mods":["BaseMod","BetterRewards","Colored Map","Energized Spire","Infinite Spire","Minty Spire (QoL Compilation)","Replay The Spire","Shop Mod","Spicy Shops","StSLib","The Blue Laboratory","[IsaacMod]????"],"gold_per_floor":[114,129,144,159,32,62,77,92,117,170,185,185,110,125,125,225,225,225,225],"floor_reached":18,"language":"ENG","playtime":1163,"items_purged":["Tactician"],"score":216,"play_id":"8296a6b6-e0eb-4758-9a97-c40a1eaaedc7","local_time":"20210114010853","daily_mods":["Insanity","Uncertain Future","Binary"],"is_ascension_mode":false,"campfire_choices":[{"floor":12,"key":"REST"},{"floor":15,"key":"REST"}],"circlet_count":0,"master_deck":["Backstab","Blade Dance","All Out Attack","Infinite Blades","Deadly Poison","Skewer","Dodge and Roll","Flechettes+1","Replay:Poison Smokescreen","Slice","Sucker Punch","Acrobatics","Expertise","Catalyst","Backflip","Crippling Poison","Catalyst","ReplayTheSpireMod:Scrap Shanks","Cloak And Dagger","Heel Hook","Dagger Spray","Quick Slash","Acrobatics","Quick Slash","Backflip","Crippling Poison","Acrobatics","Underhanded Strike","PiercingWail","Replay:Poison Smokescreen","Poisoned Stab","Hidden Blade","Draining Mist","Bane","Slice","Prepared","Hidden Blade","ReplayTheSpireMod:Exploit Weakness","Outmaneuver","Toxin Wave","Eviscerate","Poisoned Stab","Choke+1","Quick Slash","Noxious Fumes","Eviscerate","Bane","Accuracy","Slice","Poisoned Stab","ReplayTheSpireMod:Necrosis"],"relics":["Ring of the Snake","HushsDoor","MaYiHuaBei","MerchantsRug","Turnip","BelialBook","Gremlin Food","Gremlin Horn","ChampionBelt"],"acts_visited":["Exordium","TheCity"],"potions_floor_usage":[16],"damage_taken":[{"damage":0.0,"enemies":"Cultist","floor":1.0,"turns":3.0},{"damage":4.0,"enemies":"2 Louse","floor":2.0,"turns":2.0},{"damage":4.0,"enemies":"Small Slimes","floor":3.0,"turns":2.0},{"damage":7.0,"enemies":"Blue Slaver","floor":4.0,"turns":3.0},{"damage":12.0,"enemies":"Gremlin Nob","floor":6.0,"turns":3.0},{"damage":7.0,"enemies":"3 Louse","floor":7.0,"turns":2.0},{"damage":8.0,"enemies":"Gremlin Gang","floor":8.0,"turns":4.0},{"damage":0,"enemies":"Red Slaver","floor":11,"turns":1},{"damage":7,"enemies":"Blue Slaver","floor":14,"turns":2},{"damage":41,"enemies":"Fading Forest","floor":16,"turns":11},{"damage":18,"enemies":"Gremlin Leader","floor":18,"turns":4}],"seed_played":"-4891952413640654339","potions_obtained":[{"floor":1.0,"key":"PowerPotion"},{"floor":3.0,"key":"blueLaboratory:EnvenomedCoating"},{"floor":8.0,"key":"blueLaboratory:NullPotion"},{"floor":16,"key":"blueLaboratory:ExaltedPotion"}],"is_trial":false,"path_per_floor":["M","M","M","M","$","E","M","M","T","?","M","R","$","M","R","B",null,"M"],"character_chosen":"THE_SILENT","items_purchased":["MerchantsRug","Turnip"],"campfire_rested":2,"item_purchase_floors":[5,5],"current_hp_per_floor":[70,66,62,55,55,43,36,28,28,11,11,32,32,25,46,21,58,40,40],"gold":225,"neow_bonus":"","is_daily":true,"chose_seed":false,"campfire_upgraded":0,"win_rate":0.0,"timestamp":1610597333,"path_taken":["M","M","M","?","?","E","M","M","T","?","M","R","$","M","R","BOSS","M"],"items_purchased_type":["Relic","Relic"],"build_version":"2020-12-22","purchased_purges":1,"victory":false,"max_hp_per_floor":[70,70,70,70,70,70,70,70,70,70,70,70,70,70,70,70,70,70,70],"card_choices":[{"not_picked":["Bane","Dagger Spray"],"picked":"SKIP","floor":1.0},{"not_picked":["Hidden Blade","Blade Dance"],"picked":"SKIP","floor":2.0},{"not_picked":["Dagger Throw","Caltrops"],"picked":"SKIP","floor":3.0},{"not_picked":["Quick Slash","Prepared"],"picked":"SKIP","floor":4.0},{"not_picked":["Prepared"],"picked":"Poisoned Stab","floor":6.0},{"not_picked":["Expertise","Endless Agony"],"picked":"SKIP","floor":7.0},{"not_picked":["Prepared","Finisher"],"picked":"SKIP","floor":8.0},{"not_picked":["ReplayTheSpireMod:Shiv Toss","Glass Knife"],"picked":"SKIP","floor":11},{"not_picked":["ReplayTheSpireMod:The Works","Cloak And Dagger"],"picked":"SKIP","floor":14},{"not_picked":["Adrenaline"],"picked":"ReplayTheSpireMod:Necrosis","floor":16}],"player_experience":498165,"relics_obtained":[{"floor":6.0,"key":"BelialBook"},{"floor":9.0,"key":"Gremlin Food"},{"floor":10.0,"key":"Gremlin Horn"}],"event_choices":[],"is_beta":false,"boss_relics":[{"not_picked":["energizedSpire:StickyHand","Runic Pyramid"],"picked":"ChampionBelt"},{"not_picked":[]}],"items_purged_floors":[13],"is_endless":false,"potions_floor_spawned":[1,3,8,16],"killed_by":"Gremlin Leader","ascension_level":20}}