{"host":"ekyl8r8j8fco3zlk","time":1610616345,"event":{"mods":["ATMod(阿瑾Mod)","Act Like it!","Arknights The Spire","BaseMod","CapriCore","Decade(王小明)","Friendly Minions","Gensokyo","Hallownest","Lobotomy","LobotomyExtend","Marisa（F雨　魔理沙）","Minty Spire (QoL Compilation)","READ ME - Guardian Mod","Rare Cards Sparkle","Reimu（博丽灵梦）","StSLib","The Alterego","The Bug Knight","The Immortal","The Jungle","Waifu the Spire","WarShipGirlsR/战舰少女R mod","【遗物卡牌】REMEMod"],"gold_per_floor":[115,127,144,109,109,127,127,159,159,178,178,206,206,224,224,327,327,327,51,51,51,51,78,78,105,130,130,130,141,21,33,33,135,135,146,116,166,166,179,211,211,211,211,211,211,227,246,273,273,273,273],"floor_reached":52,"language":"ZHS","playtime":2398,"items_purged":["Dazed"],"score":879,"play_id":"527bc2b2-01d0-4ace-a618-6b4b76c5b683","local_time":"20210114172545","is_ascension_mode":false,"campfire_choices":[{"data":"GoldRush","floor":7,"key":"SMITH"},{"data":"SpringWay:ReiMu","floor":11,"key":"SMITH"},{"data":"Revelation:ReiMu","floor":13,"key":"SMITH"},{"floor":15,"key":"REST"},{"data":"Meditation:ReiMu","floor":24,"key":"SMITH"},{"data":"Amulet:ReiMu","floor":27,"key":"SMITH"},{"data":"NB:ReiMu","floor":28,"key":"SMITH"},{"data":"Gathering:ReiMu","floor":32,"key":"SMITH"},{"data":"Authority:ReiMu","floor":42,"key":"SMITH"},{"data":"AT_CaressingTears","floor":45,"key":"SMITH"},{"data":"REME_Flogging","floor":49,"key":"SMITH"}],"circlet_count":0,"master_deck":["Strike_Lin:ReiMu","Strike_Lin:ReiMu","Strike_Lin:ReiMu","Defend_Lin:ReiMu","Defend_Lin:ReiMu","Defend_Lin:ReiMu","Defend_Lin:ReiMu","NB:ReiMu+1","Stagnation:ReiMu","GoldRush+1","AT_CaressingTears+1","Meditation:ReiMu+1","SpringWay:ReiMu+1","LearningPray:ReiMu","UpKicking:ReiMu","SubcavityFantasy:ReiMu+1","Revelation:ReiMu+1","Intuition:ReiMu","Amulet:ReiMu+1","AT_EmpoweredMortalDraw","BlastKick2:ReiMu+1","SafetyPray:ReiMu+1","GoldRush+1","SpreadBorder2:ReiMu+1","Gathering:ReiMu+1","AlertArray:ReiMu+1","WonderfulDomain:ReiMu+1","PrayRite:ReiMu+1","TightArray:ReiMu+1","Authority:ReiMu+1","Dreaming:ReiMu","MountainWay:ReiMu+1","SubcavityInstant:ReiMu+1","Enchanting:ReiMu+1","FantasyBorder:ReiMu+1","REME_Flogging+1"],"relics":["FlyPower:ReiMu","AT_ATBox","REME_ComplimentaryCards","LetterFromLob","HollowMod:StagPassRelic","WingedGreaves","Pocketwatch","AT_MortalBlade","MagicBullet_r","Gaze_r","Bow_fan:ReiMu","alterego_mod:FleetingLove","Oddly Smooth Stone","Centennial Puzzle","Blood Vial","REME_LowDesire","Orichalcum","Bag of Marbles","Gambling Chip","Toxic Egg 2","Tea:ReiMu","Regal Pillow"],"acts_visited":["Exordium","TheCity","TheBeyond"],"potions_floor_usage":[8,48,50],"damage_taken":[{"damage":5,"enemies":"Small Slimes","floor":1,"turns":4},{"damage":0,"enemies":"Jaw Worm","floor":2,"turns":4},{"damage":4,"enemies":"Cultist","floor":3,"turns":4},{"damage":8,"enemies":"Exordium Thugs","floor":6,"turns":6},{"damage":12,"enemies":"3 Sentries","floor":8,"turns":5},{"damage":0,"enemies":"2 Fungi Beasts","floor":10,"turns":3},{"damage":24,"enemies":"Gremlin Nob","floor":12,"turns":5},{"damage":0,"enemies":"Large Slime","floor":14,"turns":4},{"damage":12,"enemies":"Slime Boss","floor":16,"turns":7},{"damage":0,"enemies":"2 Thieves","floor":18,"turns":1},{"damage":0,"enemies":"HollowMod:Nosk","floor":23,"turns":4},{"damage":1,"enemies":"Book of Stabbing","floor":25,"turns":3},{"damage":0,"enemies":"2 Thieves","floor":29,"turns":2},{"damage":0,"enemies":"Snake Plant","floor":31,"turns":2},{"damage":0,"enemies":"Champ","floor":33,"turns":10},{"damage":8,"enemies":"Orb Walker","floor":35,"turns":1},{"damage":0,"enemies":"Mind Bloom Boss Battle","floor":37,"turns":4},{"damage":2,"enemies":"3 Shapes","floor":39,"turns":3},{"damage":1,"enemies":"Reptomancer","floor":40,"turns":5},{"damage":0,"enemies":"Jaw Worm Horde","floor":46,"turns":2},{"damage":0,"enemies":"4 Shapes","floor":47,"turns":3},{"damage":0,"enemies":"HollowMod:StalkingDevout","floor":48,"turns":4},{"damage":36,"enemies":"Time Eater","floor":50,"turns":9}],"seed_played":"2328737725826889025","potions_obtained":[{"floor":3,"key":"LiquidBronze"},{"floor":6,"key":"ZuzhouPotion:ReiMu"},{"floor":8,"key":"Dexterity Potion"},{"floor":16,"key":"Swift Potion"},{"floor":25,"key":"MagicPotion:ReiMu"},{"floor":39,"key":"Explosive Potion"}],"is_trial":false,"path_per_floor":["M","M","M","?","?","M","R","E","T","M","R","E","R","M","R","B",null,"M","$","?","?","?","E","R","E","T","R","R","M","$","M","R","B",null,"M","?","?","?","M","E","?","R","T","?","R","M","M","E","R","B",null,null],"character_chosen":"REIMU","items_purchased":["Bow_fan:ReiMu","BlastKick2:ReiMu","SafetyPray:ReiMu","AlertArray:ReiMu"],"campfire_rested":1,"item_purchase_floors":[19,19,19,30],"current_hp_per_floor":[60,60,56,65,65,57,57,51,51,51,51,27,27,27,46,37,65,65,65,65,65,65,65,65,64,64,64,64,65,65,65,65,65,65,59,59,61,61,61,62,62,62,62,62,62,64,65,65,65,31,31],"gold":273,"neow_bonus":"REMOVE_CARD","is_daily":false,"chose_seed":false,"campfire_upgraded":10,"win_rate":0.0,"timestamp":1610616345,"path_taken":["M","M","M","?","?","M","R","E","T","M","R","E","R","M","R","BOSS","M","$","?","?","?","E","R","E","T","R","R","M","$","?","R","BOSS","M","?","?","?","?","E","?","R","T","?","R","M","M","E","R","BOSS"],"items_purchased_type":["Relic","Card","Card","Card"],"build_version":"2020-12-22","purchased_purges":1,"victory":true,"max_hp_per_floor":[65,65,65,65,65,65,65,65,65,65,65,65,65,65,65,65,65,65,65,65,65,65,65,65,65,65,65,65,65,65,65,65,65,65,65,65,65,65,65,65,65,65,65,65,65,65,65,65,65,65,65],"card_choices":[{"not_picked":["FantasyBorder:ReiMu","SubcavityInstant:ReiMu"],"picked":"Meditation:ReiMu","floor":1},{"not_picked":["PassingAway:ReiMu","Meditation:ReiMu"],"picked":"SpringWay:ReiMu","floor":2},{"not_picked":["OrbThrow:ReiMu","DoubleButterfly:ReiMu"],"picked":"LearningPray:ReiMu","floor":3},{"not_picked":["UniversalSpiritual:ReiMu","EmergencyTakeOff:ReiMu"],"picked":"UpKicking:ReiMu","floor":6},{"not_picked":["SpringWay:ReiMu","Amulet:ReiMu"],"picked":"SubcavityFantasy:ReiMu","floor":8},{"not_picked":["OrbThrow:ReiMu","DoubleButterfly:ReiMu"],"picked":"Revelation:ReiMu","floor":10},{"not_picked":["Dreaming2:ReiMu","FantasyBorder:ReiMu"],"picked":"Intuition:ReiMu","floor":12},{"not_picked":["Meditation:ReiMu","AirStrike:ReiMu"],"picked":"Amulet:ReiMu","floor":14},{"not_picked":["HakureiPhantom:ReiMu","YinYang:ReiMu"],"picked":"KamiRite:ReiMu","floor":16},{"not_picked":["DoubleButterfly:ReiMu","SpiritualOutbreak2:ReiMu"],"picked":"SpreadBorder2:ReiMu+1","floor":23},{"not_picked":["Amulet:ReiMu","SubcavityInstant:ReiMu","RunawayExorcism:ReiMu"],"picked":"SKIP","floor":25},{"not_picked":["SpiritualOutbreak2:ReiMu","WonderfulDomain:ReiMu"],"picked":"Gathering:ReiMu","floor":29},{"not_picked":["FantasyBorder:ReiMu","SafetyPray:ReiMu+1"],"picked":"WonderfulDomain:ReiMu+1","floor":31},{"not_picked":["Free:ReiMu","HakureiPhantom:ReiMu"],"picked":"PrayRite:ReiMu","floor":33},{"not_picked":["SafetyPray:ReiMu","Meditation:ReiMu+1","AT_FalsePromise"],"picked":"TightArray:ReiMu+1","floor":35},{"not_picked":[],"picked":"Authority:ReiMu","floor":36},{"not_picked":["PassingAway:ReiMu+1","InherentArray:ReiMu","AT_EmpoweredMortalDraw"],"picked":"Dreaming:ReiMu","floor":37},{"not_picked":["TakeOff:ReiMu","SpringWay:ReiMu+1","Chrysalis"],"picked":"MountainWay:ReiMu+1","floor":39},{"not_picked":["YinYangSign:ReiMu","SafetyPray:ReiMu+1","Sadistic Nature"],"picked":"SubcavityInstant:ReiMu+1","floor":40},{"not_picked":["FantasyMoon:ReiMu+1","OrbThrow:ReiMu+1","REME_TwoStrings+1"],"picked":"Enchanting:ReiMu+1","floor":46},{"not_picked":["ManaGlint:ReiMu","SubcavityInstant:ReiMu+1","REME_EyeOfCthun"],"picked":"FantasyBorder:ReiMu+1","floor":47},{"not_picked":["RainPray2:ReiMu+1","KyokaiOfKami:ReiMu","Conquer:ReiMu"],"picked":"REME_Flogging","floor":48}],"player_experience":694459,"relics_obtained":[{"floor":1,"key":"LetterFromLob"},{"floor":8,"key":"HollowMod:StagPassRelic"},{"floor":9,"key":"WingedGreaves"},{"floor":12,"key":"Pocketwatch"},{"floor":23,"key":"Oddly Smooth Stone"},{"floor":25,"key":"Centennial Puzzle"},{"floor":26,"key":"Blood Vial"},{"floor":34,"key":"Orichalcum"},{"floor":34,"key":"Bag of Marbles"},{"floor":37,"key":"Gambling Chip"},{"floor":40,"key":"Toxic Egg 2"},{"floor":43,"key":"Tea:ReiMu"},{"floor":48,"key":"Regal Pillow"}],"event_choices":[{"damage_healed":16,"gold_gain":0,"player_choice":"Healed","damage_taken":0,"max_hp_gain":0,"max_hp_loss":0,"event_name":"The Cleric","floor":4,"gold_loss":35},{"damage_healed":0,"gold_gain":0,"player_choice":"Choice 1","damage_taken":0,"relics_obtained":["alterego_mod:FleetingLove"],"max_hp_gain":0,"max_hp_loss":0,"event_name":"爱的神圣花园","floor":20,"gold_loss":0},{"damage_healed":0,"gold_gain":0,"player_choice":"Ignored","damage_taken":0,"max_hp_gain":0,"max_hp_loss":0,"event_name":"Cursed Tome","floor":21,"gold_loss":0},{"damage_healed":0,"gold_gain":0,"player_choice":"Copied","damage_taken":0,"max_hp_gain":0,"max_hp_loss":0,"event_name":"Duplicator","floor":22,"gold_loss":0,"cards_obtained":["GoldRush"]},{"damage_healed":0,"gold_gain":0,"player_choice":"Fight","damage_taken":0,"max_hp_gain":0,"max_hp_loss":0,"event_name":"MindBloom","floor":37,"gold_loss":0},{"damage_healed":0,"gold_gain":0,"player_choice":"Got Potions","damage_taken":0,"max_hp_gain":0,"max_hp_loss":0,"event_name":"Lab","floor":38,"gold_loss":0},{"damage_healed":0,"gold_gain":0,"player_choice":"Ignored","damage_taken":0,"max_hp_gain":0,"max_hp_loss":0,"event_name":"Tomb of Lord Red Mask","floor":41,"gold_loss":0},{"damage_healed":0,"gold_gain":0,"player_choice":"Upgraded","damage_taken":0,"max_hp_gain":0,"max_hp_loss":0,"event_name":"Upgrade Shrine","floor":44,"gold_loss":0,"cards_upgraded":["PrayRite:ReiMu"]}],"is_beta":false,"boss_relics":[{"not_picked":["CrownOfHeavens:ReiMu","Calling Bell"],"picked":"AT_MortalBlade"},{"not_picked":["RedLine:ReiMu","Runic Dome"],"picked":"REME_LowDesire"}],"items_purged_floors":[30],"is_endless":false,"potions_floor_spawned":[3,6,8,16,18,25,29,33,39,46,47],"ascension_level":0}}