{"host":"0cm5wy4nhuju7tij","time":1610600336,"event":{"mods":["100% Spire Juice","2.2 Compatiblity","AchievementEnabler","Aspiration","BaseMod","Better Third Choice","BetterRewards","CCEM","CapriCore","Chen","Colored Powertips","Curses Come First","Custom Start","Displayed Cursed Tome","Downfall","Energized Spire","Evolution","Filter the Spire","Fireblade Mod","Highlight Path","Jess\u0027s Bottle","Minty Spire (QoL Compilation)","Onozuka Komachi Mod","Permanent Neow","Relic Stats","Shop Mod","Spicy Shops","StSLib","The Caster","The Cursed","The Fake Hero","The Juggle","The Sage","TheFirefly","thorton"],"gold_per_floor":[115,128,147,157,173,173,208,208,208,218,218,249,249,275,275,378,378,391,16,29,40,40,40,54,85,85,16,16,16,16,16,16,16,16],"floor_reached":33,"language":"ENG","playtime":1971,"items_purged":["Strike_G"],"score":299,"play_id":"0e21bd96-0b63-4b7f-b30f-407eda4183c3","local_time":"20210113235856","is_ascension_mode":true,"campfire_choices":[{"floor":6,"key":"REST"},{"data":"Bouncing Flask","floor":8,"key":"SMITH"},{"floor":11,"key":"REST"},{"floor":15,"key":"REST"},{"floor":23,"key":"REST"},{"data":"Infinite Blades","floor":28,"key":"SMITH"},{"floor":30,"key":"REST"},{"data":"Caltrops","floor":32,"key":"SMITH"}],"circlet_count":0,"master_deck":["Strike_G+1","Strike_G","Strike_G","Defend_G","Defend_G","Defend_G","Defend_G","Defend_G","Survivor","Neutralize+1","Predator","Quick Slash","Bouncing Flask+1","Cloak And Dagger","Terror","Prepared","Footwork","Deadly Poison","Footwork","After Image","PiercingWail","Caltrops+1","Dodge and Roll","Bane","Infinite Blades+1","Prepared+1","Reflex","Noxious Fumes","Infinite Blades","Cloak And Dagger"],"relics":["Ring of the Snake","EVO:Axolotl","Bag of Marbles","CCEMRelics:FryingPan","Happy Flower","Whetstone","GremlinMask","aspiration:HatOfInfinitePower","HoveringKite","CCEMRelics:FestiveHat","Matryoshka","PrismaticShard"],"acts_visited":["Exordium","TheCity"],"potions_floor_usage":[16,25],"damage_taken":[{"damage":1,"enemies":"2 Louse","floor":1,"turns":3},{"damage":0,"enemies":"Cultist","floor":2,"turns":2},{"damage":2,"enemies":"Small Slimes","floor":3,"turns":3},{"damage":13,"enemies":"2 Fungi Beasts","floor":4,"turns":4},{"damage":23,"enemies":"Exordium Thugs","floor":5,"turns":4},{"damage":21,"enemies":"3 Sentries","floor":7,"turns":8},{"damage":4,"enemies":"Exordium Wildlife","floor":10,"turns":3},{"damage":3,"enemies":"Lagavulin","floor":12,"turns":6},{"damage":26,"enemies":"Gremlin Nob","floor":14,"turns":4},{"damage":29,"enemies":"Slime Boss","floor":16,"turns":12},{"damage":6,"enemies":"Spheric Guardian","floor":18,"turns":4},{"damage":9,"enemies":"2 Thieves","floor":20,"turns":4},{"damage":18,"enemies":"Shelled Parasite and Fungi","floor":21,"turns":6},{"damage":17,"enemies":"Sentry and Sphere","floor":24,"turns":6},{"damage":10,"enemies":"Book of Stabbing","floor":25,"turns":6},{"damage":44,"enemies":"Collector","floor":33,"turns":11}],"seed_played":"2879330109233024491","potions_obtained":[{"floor":1,"key":"Energy Potion"},{"floor":3,"key":"Slimebound:ThreeZeroPotion"},{"floor":14,"key":"Explosive Potion"},{"floor":16,"key":"SkillPotion"},{"floor":25,"key":"champ:CounterPotion"}],"is_trial":false,"path_per_floor":["M","M","M","M","M","R","E","R","T","M","R","E","?","E","R","B",null,"M","$","M","M","$","R","M","E","T","$","R","?","R","?","R","B"],"character_chosen":"THE_SILENT","items_purchased":["Caltrops","Dodge and Roll","Bane","Block Potion","Infinite Blades"],"campfire_rested":5,"item_purchase_floors":[19,19,19,19,27],"current_hp_per_floor":[69,69,67,54,31,52,31,31,31,27,48,45,45,19,40,11,70,64,64,55,37,37,58,41,31,31,31,31,23,44,44,44,0,0],"gold":16,"neow_bonus":"RANDOM_COMMON_RELIC","is_daily":false,"chose_seed":false,"campfire_upgraded":3,"win_rate":0.0,"timestamp":1610600336,"path_taken":["M","M","M","M","M","R","E","R","T","M","R","E","?","E","R","BOSS","M","?","M","M","$","R","M","E","T","$","R","?","R","?","R","BOSS"],"items_purchased_type":["Card","Card","Card","Potion","Card"],"build_version":"2020-12-22","purchased_purges":1,"victory":false,"max_hp_per_floor":[70,70,70,70,70,70,70,70,70,70,70,70,70,70,70,70,70,70,70,70,70,70,70,70,70,70,70,70,70,70,70,70,70,70],"relic_stats":{"Happy Flower":[20],"counters":[16,86],"HoveringKite":[12],"Whetstone":["Neutralize","Strike_G"],"obtain_stats":[{"Matryoshka":26,"Happy Flower":9,"CCEMRelics:FestiveHat":25,"CCEMRelics:FryingPan":7,"HoveringKite":17,"GremlinMask":13,"Bag of Marbles":0,"EVO:Axolotl":0,"Whetstone":12,"aspiration:HatOfInfinitePower":14,"PrismaticShard":29,"Ring of the Snake":0},{"Matryoshka":15,"Happy Flower":6,"CCEMRelics:FestiveHat":15,"CCEMRelics:FryingPan":6,"HoveringKite":10,"GremlinMask":8,"Bag of Marbles":0,"EVO:Axolotl":0,"Whetstone":8,"aspiration:HatOfInfinitePower":9,"PrismaticShard":15,"Ring of the Snake":0},{"Matryoshka":75,"Happy Flower":24,"CCEMRelics:FestiveHat":75,"CCEMRelics:FryingPan":24,"HoveringKite":49,"GremlinMask":33,"Bag of Marbles":0,"EVO:Axolotl":0,"Whetstone":33,"aspiration:HatOfInfinitePower":37,"PrismaticShard":75,"Ring of the Snake":0}],"Ring of the Snake":[32]},"card_choices":[{"not_picked":["Well Laid Plans","Outmaneuver"],"picked":"Predator","floor":1},{"not_picked":["Finisher","Underhanded Strike"],"picked":"Quick Slash","floor":2},{"not_picked":["Deadly Poison","Heel Hook"],"picked":"Bouncing Flask","floor":3},{"not_picked":["Dash","Quick Slash"],"picked":"Cloak And Dagger","floor":4},{"not_picked":["Prepared","Predator"],"picked":"Terror","floor":5},{"not_picked":["Deflect","Outmaneuver"],"picked":"Prepared","floor":7},{"not_picked":["Malaise","Acrobatics"],"picked":"Footwork","floor":10},{"not_picked":["Slice","Prepared"],"picked":"Deadly Poison","floor":12},{"not_picked":["Distraction","Choke"],"picked":"Footwork","floor":14},{"not_picked":["Unload","Storm of Steel"],"picked":"After Image","floor":16},{"not_picked":["Slice","Prepared"],"picked":"PiercingWail","floor":18},{"not_picked":["Reflex","Bane+1"],"picked":"Infinite Blades","floor":20},{"not_picked":["Quick Slash","Outmaneuver+1"],"picked":"Prepared+1","floor":21},{"not_picked":["Acrobatics","Phantasmal Killer"],"picked":"Reflex","floor":24},{"not_picked":["Bane+1","Terror+1"],"picked":"Noxious Fumes","floor":25},{"not_picked":["Dagger Throw","Acrobatics+1"],"picked":"Cloak And Dagger","floor":29}],"player_experience":249357,"relics_obtained":[{"floor":7,"key":"CCEMRelics:FryingPan"},{"floor":9,"key":"Happy Flower"},{"floor":12,"key":"Whetstone"},{"floor":14,"key":"aspiration:HatOfInfinitePower"},{"floor":25,"key":"CCEMRelics:FestiveHat"},{"floor":26,"key":"Matryoshka"},{"floor":29,"key":"PrismaticShard"}],"event_choices":[{"damage_healed":0,"gold_gain":0,"player_choice":"Trade","damage_taken":0,"relics_obtained":["GremlinMask"],"max_hp_gain":0,"max_hp_loss":0,"event_name":"FaceTrader","floor":13,"gold_loss":0},{"cards_removed":["Strike_G"],"damage_healed":0,"gold_gain":0,"player_choice":"Elegance","damage_taken":0,"max_hp_gain":0,"max_hp_loss":0,"event_name":"betterThird:BetterWriting","floor":31,"gold_loss":0}],"is_beta":false,"boss_relics":[{"not_picked":["energizedSpire:OgreHead","Pandora\u0027s Box"],"picked":"HoveringKite"}],"items_purged_floors":[19],"is_endless":false,"potions_floor_spawned":[1,3,14,16,25],"killed_by":"Collector","ascension_level":1}}