{"host":"v79nb9qnzs8cga96","time":1610624325,"event":{"mods":["Aspiration","BaseMod","Better Note","Block Reminder","GifTheSpireLib","Marked Mod","Minty Spire (QoL Compilation)","Quarter Circle Forward PUNCH!","SacredBarkPlus","Small Relic Pack","StSLib","Stuff the Spire"],"gold_per_floor":[116,116,133,133,98,132,132,152,152,177,194,207,232,62,62,62,62],"floor_reached":16,"language":"ENG","playtime":888,"items_purged":[],"score":126,"play_id":"e38267c3-5717-4fe4-9c1b-ce709ef77ce9","local_time":"20210114133845","is_ascension_mode":true,"campfire_choices":[{"floor":7,"key":"REST"},{"floor":15,"key":"REST"}],"circlet_count":0,"master_deck":["Strike_P","Strike_P","Strike_P","Strike_P","Defend_P","Defend_P","Defend_P","Defend_P","Eruption","Vigilance","MarkedMod:FirstStrike","FlyingSleeves","MarkedMod:Acupuncture","Halt+1","FlyingSleeves"],"relics":["PureWater","aspiration:Nostalgia","Ring of the Snake","relicPack:DSword","Toxic Egg 2","qcfpunch:White_Boots","qcfpunch:Army_Boots","StuffTheSpire:Gunfinga","Membership Card"],"acts_visited":["Exordium"],"potions_floor_usage":[10],"damage_taken":[{"damage":0,"enemies":"2 Louse","floor":1,"turns":4},{"damage":0,"enemies":"Jaw Worm","floor":3,"turns":2},{"damage":8,"enemies":"Lagavulin","floor":6,"turns":6},{"damage":0,"enemies":"Cultist","floor":8,"turns":3},{"damage":17,"enemies":"3 Sentries","floor":10,"turns":4},{"damage":15,"enemies":"Exordium Thugs","floor":11,"turns":4},{"damage":4,"enemies":"Large Slime","floor":12,"turns":4},{"damage":8,"enemies":"Lagavulin","floor":13,"turns":6},{"damage":52,"enemies":"Slime Boss","floor":16,"turns":3}],"seed_played":"2343358180744463711","potions_obtained":[{"floor":6,"key":"ColorlessPotion"},{"floor":13,"key":"Explosive Potion"}],"is_trial":false,"path_per_floor":["M","?","M","?","?","E","R","M","T","E","M","M","E","$","R","B"],"character_chosen":"WATCHER","items_purchased":["Membership Card","FlyingSleeves"],"campfire_rested":2,"item_purchase_floors":[14,14],"current_hp_per_floor":[72,37,37,37,55,47,68,68,68,51,36,32,24,24,45,0,0],"gold":62,"neow_bonus":"NOSTALGIA","is_daily":false,"chose_seed":false,"campfire_upgraded":0,"win_rate":0.0,"timestamp":1610624325,"path_taken":["M","?","M","?","?","E","R","M","T","E","M","?","E","?","R","BOSS"],"items_purchased_type":["Relic","Card"],"build_version":"2020-12-22","purchased_purges":0,"victory":false,"max_hp_per_floor":[72,72,72,72,72,72,72,72,72,72,72,72,72,72,72,72,72],"card_choices":[{"not_picked":["Evaluate","Adaptation","EmptyFist"],"picked":"SKIP","floor":1},{"not_picked":["FollowUp","Meditate"],"picked":"MarkedMod:FirstStrike","floor":3},{"not_picked":["FlyingSleeves","CrushJoints","FlurryOfBlows"],"picked":"SKIP","floor":6},{"not_picked":["CutThroughFate","BowlingBash","JustLucky"],"picked":"SKIP","floor":8},{"not_picked":["Sanctity+1","EmptyFist","Worship+1"],"picked":"SKIP","floor":10},{"not_picked":["Devotion","Protect+1"],"picked":"FlyingSleeves","floor":11},{"not_picked":["Consecrate","EmptyFist"],"picked":"MarkedMod:Acupuncture","floor":12},{"not_picked":["ClearTheMind+1","MentalFortress"],"picked":"Halt+1","floor":13}],"player_experience":332093,"relics_obtained":[{"floor":6,"key":"Toxic Egg 2"},{"floor":9,"key":"qcfpunch:White_Boots"},{"floor":10,"key":"qcfpunch:Army_Boots"},{"floor":13,"key":"StuffTheSpire:Gunfinga"}],"event_choices":[{"damage_healed":0,"gold_gain":0,"player_choice":"Ignored","damage_taken":0,"max_hp_gain":0,"max_hp_loss":0,"event_name":"Golden Wing","floor":4,"gold_loss":0},{"damage_healed":18,"gold_gain":0,"player_choice":"Healed","damage_taken":0,"max_hp_gain":0,"max_hp_loss":0,"event_name":"The Cleric","floor":5,"gold_loss":35}],"is_beta":false,"boss_relics":[],"items_purged_floors":[],"is_endless":false,"potions_floor_spawned":[6,13],"killed_by":"Slime Boss","ascension_level":1}}