{"host":"7tvb1em0d2fx72q7","time":1610602027,"event":{"mods":["BaseMod","Challenge The Spire","Minty Spire (QoL Compilation)","StSLib","everything is the same but u backflip on backflip"],"gold_per_floor":[116,129,129,35,52,87,87,116,166,185,217,217,197,215,215,294,294,306,306,306,67,67,96,96,122,122,122,140,158,170,95,95,170,170,181,181,2,18,36,36,36],"floor_reached":40,"language":"ENG","playtime":6392,"items_purged":["Setup","Backstab"],"score":938,"play_id":"549a1ab5-6452-40b3-8ced-e42a90c140eb","local_time":"20210114002707","is_ascension_mode":true,"campfire_choices":[{"data":"Riddle With Holes","floor":7.0,"key":"SMITH"},{"data":"Footwork","floor":12.0,"key":"SMITH"},{"data":"Neutralize","floor":15,"key":"SMITH"},{"data":"Night Terror","floor":24,"key":"SMITH"},{"data":"RitualDagger","floor":27,"key":"SMITH"},{"data":"Bullet Time","floor":32,"key":"SMITH"}],"circlet_count":0,"master_deck":["AscendersBane","Survivor","Neutralize+1","Footwork+1","Flechettes+1","Riddle With Holes+1","Cloak And Dagger","All Out Attack","Deflect","Escape Plan","Backflip","Escape Plan","Storm of Steel","PiercingWail","Night Terror+1","Dagger Throw","Tools of the Trade","Tools of the Trade","Heel Hook+1","Bullet Time+1","Dagger Spray","RitualDagger+1","Footwork+1","Caltrops","Infinite Blades","Backflip","Phantasmal Killer","PiercingWail","Caltrops","Footwork","Terror"],"relics":["Black Star","Meat on the Bone","Akabeko","Vajra","Matryoshka","Lantern","Omamori","Nunchaku","Happy Flower","Blood Vial","Pandora\u0027s Box","Bronze Scales","DollysMirror","Gremlin Horn","Letter Opener","Orichalcum","Whetstone","Pantograph","Bottled Flame","Snecko Eye","WarpedTongs"],"acts_visited":["Exordium","TheCity","TheBeyond"],"potions_floor_usage":[23,23,23,23,23,25,33,33,40],"damage_taken":[{"damage":3.0,"enemies":"Jaw Worm","floor":1.0,"turns":7.0},{"damage":1.0,"enemies":"2 Louse","floor":2.0,"turns":7.0},{"damage":0.0,"enemies":"Cultist","floor":5.0,"turns":5.0},{"damage":21.0,"enemies":"Gremlin Nob","floor":6.0,"turns":4.0},{"damage":0.0,"enemies":"3 Sentries","floor":8.0,"turns":6.0},{"damage":13.0,"enemies":"Exordium Wildlife","floor":10.0,"turns":4.0},{"damage":9.0,"enemies":"Lagavulin","floor":11.0,"turns":4.0},{"damage":0,"enemies":"Large Slime","floor":14,"turns":7},{"damage":26,"enemies":"Hexaghost","floor":16,"turns":13},{"damage":6,"enemies":"3 Byrds","floor":18,"turns":4},{"damage":23,"enemies":"Book of Stabbing","floor":23,"turns":5},{"damage":3,"enemies":"Gremlin Leader","floor":25,"turns":8},{"damage":4,"enemies":"Spheric Guardian","floor":28,"turns":4},{"damage":5,"enemies":"Cultist and Chosen","floor":29,"turns":5},{"damage":0,"enemies":"Snake Plant","floor":30,"turns":2},{"damage":65,"enemies":"Automaton","floor":33,"turns":9},{"damage":11,"enemies":"3 Darklings","floor":35,"turns":5},{"damage":3,"enemies":"3 Shapes","floor":38,"turns":6},{"damage":10,"enemies":"Writhing Mass","floor":39,"turns":5},{"damage":45,"enemies":"Giant Head","floor":40,"turns":5}],"seed_played":"-3311996728105465675","potions_obtained":[{"floor":1.0,"key":"Fire Potion"},{"floor":6.0,"key":"SpeedPotion"},{"floor":8.0,"key":"GhostInAJar"},{"floor":13.0,"key":"EntropicBrew"},{"floor":25,"key":"SkillPotion"},{"floor":28,"key":"Regen Potion"},{"floor":38,"key":"PowerPotion"},{"floor":39,"key":"Ancient Potion"}],"is_trial":false,"path_per_floor":["M","M","?","$","M","E","R","E","T","M","E","R","?","M","R","B",null,"M","?","?","$","?","E","R","E","T","R","M","M","M","?","R","B",null,"M","?","$","M","M","E"],"character_chosen":"THE_SILENT","items_purchased":["Riddle With Holes","Cloak And Dagger","DollysMirror","Caltrops"],"campfire_rested":0,"item_purchase_floors":[4,4,21,37],"current_hp_per_floor":[56,55,44,44,44,35,35,35,35,34,37,37,37,39,39,27,56,52,46,46,46,46,37,37,36,36,36,34,43,45,45,45,18,54,45,45,45,44,36,0,0],"gold":36,"neow_bonus":"BOSS_RELIC","is_daily":false,"chose_seed":false,"campfire_upgraded":6,"win_rate":0.0,"timestamp":1610602027,"path_taken":["M","M","?","?","?","E","R","E","T","M","E","R","?","?","R","BOSS","M","?","?","$","?","E","R","E","T","R","M","M","M","?","R","BOSS","M","?","$","M","M","E"],"items_purchased_type":["Card","Card","Relic","Card"],"build_version":"2020-12-22","purchased_purges":2,"victory":false,"max_hp_per_floor":[66,66,66,66,66,66,66,66,66,66,66,66,66,66,66,66,66,66,66,66,66,66,66,66,66,66,66,66,66,66,66,66,66,66,66,66,66,66,66,66,66],"card_choices":[{"not_picked":["Concentrate","Cloak And Dagger"],"picked":"Footwork","floor":1.0},{"not_picked":["Underhanded Strike","Escape Plan"],"picked":"Flechettes","floor":2.0},{"not_picked":["Quick Slash","Acrobatics"],"picked":"Backstab","floor":5.0},{"not_picked":["Sucker Punch","Terror"],"picked":"All Out Attack","floor":6.0},{"not_picked":["Poisoned Stab","Dash"],"picked":"Deflect","floor":8.0},{"not_picked":["Quick Slash","Predator"],"picked":"Escape Plan","floor":10.0},{"not_picked":["Slice","Grand Finale"],"picked":"Backflip","floor":11.0},{"not_picked":["Underhanded Strike","Dash"],"picked":"Escape Plan","floor":14},{"not_picked":["Tools of the Trade","Night Terror"],"picked":"Storm of Steel","floor":16},{"not_picked":["Dagger Spray","Bane","Prepared"],"picked":"SKIP","floor":18},{"not_picked":["Dagger Spray","Backflip"],"picked":"Caltrops","floor":23},{"not_picked":["Slice","Masterful Stab","Catalyst"],"picked":"SKIP","floor":25},{"not_picked":["Dagger Throw","Flying Knee","Bane"],"picked":"SKIP","floor":28},{"not_picked":["Dodge and Roll","Slice"],"picked":"Infinite Blades","floor":29},{"not_picked":["Dagger Throw","Slice+1"],"picked":"Backflip","floor":30},{"not_picked":["Glass Knife","After Image"],"picked":"Phantasmal Killer","floor":33},{"not_picked":["Slice","Backflip"],"picked":"PiercingWail","floor":35},{"not_picked":["Dagger Spray","Bouncing Flask"],"picked":"Footwork","floor":38},{"not_picked":["Deflect","Bane"],"picked":"Terror","floor":39}],"player_experience":1909099,"relics_obtained":[{"floor":6.0,"key":"Akabeko"},{"floor":6.0,"key":"Vajra"},{"floor":8.0,"key":"Matryoshka"},{"floor":8.0,"key":"Lantern"},{"floor":9.0,"key":"Omamori"},{"floor":9.0,"key":"Nunchaku"},{"floor":11.0,"key":"Happy Flower"},{"floor":11.0,"key":"Blood Vial"},{"floor":23,"key":"Gremlin Horn"},{"floor":23,"key":"Letter Opener"},{"floor":25,"key":"Orichalcum"},{"floor":25,"key":"Whetstone"},{"floor":26,"key":"Pantograph"},{"floor":26,"key":"Bottled Flame"}],"event_choices":[{"damage_healed":0.0,"max_hp_gain":0.0,"max_hp_loss":0.0,"gold_gain":0.0,"event_name":"Scrap Ooze","player_choice":"Success","floor":3.0,"gold_loss":0.0,"damage_taken":11.0,"relics_obtained":["Meat on the Bone"]},{"damage_healed":0.0,"max_hp_gain":0.0,"max_hp_loss":0.0,"gold_gain":0.0,"event_name":"The Woman in Blue","player_choice":"Bought 1 Potion","floor":13.0,"gold_loss":0.0,"damage_taken":0.0},{"damage_healed":0,"gold_gain":0,"player_choice":"Joined the Cult","damage_taken":6,"max_hp_gain":0,"max_hp_loss":0,"event_name":"Nest","floor":19,"gold_loss":0,"cards_obtained":["RitualDagger"]},{"damage_healed":0,"gold_gain":0,"player_choice":"Opened","damage_taken":0,"relics_obtained":["Bronze Scales"],"max_hp_gain":0,"max_hp_loss":0,"event_name":"The Mausoleum","floor":20,"gold_loss":0,"cards_obtained":["Writhe"]},{"damage_healed":0,"gold_gain":0,"player_choice":"Ignored","damage_taken":0,"max_hp_gain":0,"max_hp_loss":0,"event_name":"Vampires","floor":22,"gold_loss":0},{"cards_removed":["Outmaneuver"],"damage_healed":0,"gold_gain":0,"player_choice":"Gave Gold","damage_taken":0,"max_hp_gain":0,"max_hp_loss":0,"event_name":"Beggar","floor":31,"gold_loss":75},{"damage_healed":0,"gold_gain":0,"player_choice":"Rummage","damage_taken":0,"relics_obtained":["WarpedTongs"],"max_hp_gain":0,"max_hp_loss":0,"event_name":"Accursed Blacksmith","floor":36,"gold_loss":0,"cards_obtained":["Pain"]}],"is_beta":false,"boss_relics":[{"not_picked":["Coffee Dripper","Busted Crown"],"picked":"Pandora\u0027s Box"},{"not_picked":["Calling Bell","Sozu"],"picked":"Snecko Eye"}],"items_purged_floors":[21,37],"is_endless":false,"potions_floor_spawned":[1,6,8,16,25,28,38,39],"killed_by":"Giant Head","ascension_level":20}}