{"host":"gquo1rsrdiuo0hhv","time":1610623383,"event":{"mods":["Act Like it!","BaseMod","Colored Powertips","Minty Spire (QoL Compilation)","StSLib"],"gold_per_floor":[119,137,312,312,312,312,337,337,337,160,192,192,192,192,192,288,288,307,232,68,82,82,82,82],"floor_reached":23,"language":"ENG","playtime":923,"items_purged":["Regret"],"score":203,"play_id":"6e3bf071-e6f3-4f41-ab4b-785fe35c9be1","local_time":"20210114182303","is_ascension_mode":true,"campfire_choices":[{"data":"Vigilance","floor":6,"key":"SMITH"},{"floor":8,"key":"REST"},{"floor":12,"key":"REST"},{"data":"PathToVictory","floor":15,"key":"SMITH"}],"circlet_count":0,"master_deck":["Strike_P","Strike_P","Strike_P","Defend_P+1","Defend_P+1","Defend_P","Eruption","Vigilance+1","Consecrate","CutThroughFate","WaveOfTheHand","ThirdEye","PathToVictory+1","Establishment","ThirdEye+1","LessonLearned+1","Protect","Writhe"],"relics":["PureWater","Pen Nib","Yang","Damaru","Molten Egg 2","Empty Cage","Potion Belt"],"acts_visited":["Exordium","TheCity"],"potions_floor_usage":[7,11,11,16],"damage_taken":[{"damage":0,"enemies":"2 Louse","floor":1,"turns":3},{"damage":4,"enemies":"Small Slimes","floor":2,"turns":3},{"damage":52,"enemies":"Gremlin Nob","floor":7,"turns":5},{"damage":1,"enemies":"Lagavulin","floor":11,"turns":9},{"damage":33,"enemies":"Slime Boss","floor":16,"turns":10},{"damage":9,"enemies":"Chosen","floor":18,"turns":7},{"damage":18,"enemies":"Shell Parasite","floor":21,"turns":9},{"damage":46,"enemies":"Slavers","floor":23,"turns":3}],"seed_played":"-4825641440893079665","potions_obtained":[{"floor":2,"key":"Strength Potion"},{"floor":7,"key":"DistilledChaos"},{"floor":11,"key":"PowerPotion"}],"is_trial":false,"path_per_floor":["M","M","?","?","?","R","E","R","T","$","E","R","T","?","R","B",null,"M","?","$","M","?","E"],"character_chosen":"WATCHER","items_purchased":["ThirdEye","PowerPotion","LessonLearned+1"],"campfire_rested":2,"item_purchase_floors":[10,10,20],"current_hp_per_floor":[72,68,68,68,54,54,2,23,23,23,22,43,43,61,61,28,69,60,60,60,42,42,0,0],"gold":82,"neow_bonus":"REMOVE_CARD","is_daily":false,"chose_seed":false,"campfire_upgraded":2,"win_rate":0.0,"timestamp":1610623383,"path_taken":["M","M","?","?","?","R","E","R","T","$","E","R","?","?","R","BOSS","M","?","$","M","?","E"],"items_purchased_type":["Card","Potion","Card"],"build_version":"2020-12-22","purchased_purges":1,"victory":false,"max_hp_per_floor":[72,72,72,72,72,72,72,72,72,72,72,72,72,72,72,72,69,69,69,69,69,69,69,69],"card_choices":[{"not_picked":["FlurryOfBlows","Protect"],"picked":"Consecrate","floor":1},{"not_picked":["FlurryOfBlows","Omniscience"],"picked":"CutThroughFate","floor":2},{"not_picked":["EmptyFist","Conclude"],"picked":"WaveOfTheHand","floor":7},{"not_picked":["FlurryOfBlows","Nirvana"],"picked":"PathToVictory","floor":11},{"not_picked":["ConjureBlade","Alpha"],"picked":"Establishment","floor":16},{"not_picked":["SashWhip+1","Prostrate"],"picked":"ThirdEye+1","floor":18},{"not_picked":["FollowUp+1","Wireheading+1"],"picked":"Protect","floor":21}],"player_experience":385152,"relics_obtained":[{"floor":7,"key":"Yang"},{"floor":11,"key":"Damaru"},{"floor":13,"key":"Molten Egg 2"}],"event_choices":[{"damage_healed":0,"gold_gain":175,"player_choice":"AGREE","damage_taken":0,"max_hp_gain":0,"max_hp_loss":0,"event_name":"Liars Game","floor":3,"gold_loss":0,"cards_obtained":["Doubt"]},{"damage_healed":0,"gold_gain":0,"player_choice":"Box","damage_taken":0,"relics_obtained":["Pen Nib"],"max_hp_gain":0,"max_hp_loss":0,"event_name":"Big Fish","floor":4,"gold_loss":0,"cards_obtained":["Regret"]},{"damage_healed":0,"gold_gain":0,"player_choice":"Entered Light","damage_taken":14,"max_hp_gain":0,"max_hp_loss":0,"event_name":"Shining Light","floor":5,"gold_loss":0,"cards_upgraded":["Defend_P","Defend_P"]},{"damage_healed":18,"gold_gain":0,"player_choice":"Healed and dodged fight","damage_taken":0,"max_hp_gain":0,"max_hp_loss":0,"event_name":"Mushrooms","floor":14,"gold_loss":0,"cards_obtained":["Parasite"]},{"cards_removed":["Defend_P"],"damage_healed":0,"gold_gain":0,"player_choice":"Gave Gold","damage_taken":0,"max_hp_gain":0,"max_hp_loss":0,"event_name":"Beggar","floor":19,"gold_loss":75},{"damage_healed":0,"gold_gain":0,"player_choice":"Opened","damage_taken":0,"relics_obtained":["Potion Belt"],"max_hp_gain":0,"max_hp_loss":0,"event_name":"The Mausoleum","floor":22,"gold_loss":0,"cards_obtained":["Writhe"]}],"is_beta":false,"boss_relics":[{"not_picked":["Philosopher\u0027s Stone","Astrolabe"],"picked":"Empty Cage"}],"items_purged_floors":[10],"is_endless":false,"potions_floor_spawned":[2,7,11],"killed_by":"Slavers","ascension_level":1}}