{"host":"Connor","time":1610641636,"event":{"mods":["Aspiration","BaseMod","Downfall","Hubris","Marisa????????","Minty Spire (QoL Compilation)","Replay The Spire","StSLib","The Cursed","The Jungle","The Servant 0.9.4"],"gold_per_floor":[118,166,184,203,221,254,254,254,254],"floor_reached":8,"language":"ENG","playtime":362,"items_purged":[],"score":113,"play_id":"aa6e6853-0c0b-46a1-a9fa-b0acc5d1c8f1","local_time":"20210114082716","is_ascension_mode":true,"campfire_choices":[{"data":"Pommel Strike","floor":7,"key":"SMITH"}],"circlet_count":0,"master_deck":["AscendersBane","DevaForm+1","Strike_R","Strike_R","Strike_R","Strike_R","Strike_R","Defend_R","Defend_R","Defend_R","Defend_R","Bash","Warcry","Pommel Strike+1","Seeing Red","Hemogenesis","hubris:ReadiedAction","Pommel Strike"],"relics":["Burning Blood","Replay:Wax Seal","Kunai","Magic Flower"],"acts_visited":["Exordium"],"potions_floor_usage":[5,6,8],"damage_taken":[{"damage":14,"enemies":"Jaw Worm","floor":1,"turns":4},{"damage":5,"enemies":"2 Louse","floor":3,"turns":5},{"damage":2,"enemies":"Cultist","floor":4,"turns":4},{"damage":2,"enemies":"3 Louse","floor":5,"turns":4},{"damage":31,"enemies":"Replay:BlueRogue","floor":6,"turns":5},{"damage":45,"enemies":"3 Sentries","floor":8,"turns":11}],"seed_played":"-7142032797207300752","potions_obtained":[{"floor":2,"key":"champ:CounterPotion"},{"floor":4,"key":"Fire Potion"},{"floor":5,"key":"Adrenaline Potion"}],"is_trial":false,"path_per_floor":["M","?","M","M","M","E","R","E"],"character_chosen":"IRONCLAD","items_purchased":[],"campfire_rested":0,"item_purchase_floors":[],"current_hp_per_floor":[60,36,37,41,50,34,34,0,0],"gold":254,"neow_bonus":"RANDOM_COMMON_RELIC","is_daily":false,"chose_seed":false,"campfire_upgraded":1,"win_rate":0.0,"timestamp":1610641636,"path_taken":["M","?","M","M","M","E","R","E"],"items_purchased_type":[],"build_version":"2020-12-18","purchased_purges":0,"victory":false,"max_hp_per_floor":[75,75,75,75,75,75,75,75,75],"card_choices":[{"not_picked":["Wild Strike","Dropkick"],"picked":"Warcry","floor":1},{"not_picked":["Cleave","Replay:Undeath\u0027s Touch"],"picked":"Pommel Strike","floor":2},{"not_picked":["hubris:ReadiedAction","Pommel Strike"],"picked":"Seeing Red","floor":3},{"not_picked":["Clash","Headbutt"],"picked":"Hemogenesis","floor":4},{"not_picked":["Searing Blow","Thunderclap"],"picked":"hubris:ReadiedAction","floor":5},{"not_picked":["Body Slam","Berserk"],"picked":"Pommel Strike","floor":6}],"player_experience":633644,"relics_obtained":[{"floor":2,"key":"Kunai"},{"floor":6,"key":"Magic Flower"}],"event_choices":[],"is_beta":true,"boss_relics":[],"items_purged_floors":[],"is_endless":false,"potions_floor_spawned":[4,5],"killed_by":"3 Sentries","ascension_level":19}}