{"host":"ELF","time":1610661553,"event":{"mods":["BaseMod","Minty Spire (QoL Compilation)"],"gold_per_floor":[114,124,199,44,44,44,73,73,73,111,111,61,104,104,104,210,210,235,244,289,313,331,331,366,366,366,390,390,423,10,52,52,163,163,186,486,185,214,273,273,299,317,317,317,339,388,412,432,432,432,432,432,2,38,38,38],"floor_reached":55,"language":"ENG","playtime":3398,"items_purged":["Strike_P","Defend_P"],"score":1338,"play_id":"260fe2cb-8e9d-4397-bb17-e1984d890d5c","local_time":"20210114155913","is_ascension_mode":true,"campfire_choices":[{"floor":6.0,"key":"REST"},{"floor":8.0,"key":"REST"},{"data":"Protect","floor":11.0,"key":"SMITH"},{"data":"EmptyFist","floor":15.0,"key":"SMITH"},{"data":"Ghostly","floor":23.0,"key":"SMITH"},{"data":"Ghostly","floor":25.0,"key":"SMITH"},{"data":"Ghostly","floor":28.0,"key":"SMITH"},{"data":"Adaptation","floor":32.0,"key":"SMITH"},{"floor":40.0,"key":"RECALL"},{"data":"1","floor":44,"key":"LIFT"},{"floor":49,"key":"REST"},{"data":"2","floor":52,"key":"LIFT"}],"circlet_count":0,"master_deck":["AscendersBane","Eruption+1","Vigilance+1","DeceiveReality+1","FearNoEvil+1","Meditate+1","EmptyFist+1","Protect+1","Tantrum+1","BowlingBash+1","Consecrate+1","Ragnarok+1","WaveOfTheHand+1","RitualDagger+1","Ghostly+1","Ghostly+1","Ghostly+1","Ghostly","Ghostly","EmptyBody+1","Sanctity","Adaptation+1","CrushJoints+1","SignatureMove+1","FlurryOfBlows+1","MasterReality","FlurryOfBlows+1","LikeWater","Wallop+1","Dark Shackles","Jack Of All Trades","WreathOfFlame+1","ClearTheMind+1","Omniscience","WaveOfTheHand"],"relics":["Astrolabe","Vajra","Molten Egg 2","Kunai","CeramicFish","Centennial Puzzle","Philosopher\u0027s Stone","Orichalcum","Ice Cream","The Courier","White Beast Statue","Mercury Hourglass","Singing Bowl","SacredBark","Toolbox","Bag of Marbles","GoldenEye","Girya","StoneCalendar","Incense Burner","Bottled Tornado"],"acts_visited":["Exordium","TheCity","TheBeyond","TheEnding"],"potions_floor_usage":[46,50,55],"damage_taken":[{"damage":2.0,"enemies":"Jaw Worm","floor":1.0,"turns":3.0},{"damage":5.0,"enemies":"Small Slimes","floor":2.0,"turns":3.0},{"damage":3.0,"enemies":"Gremlin Nob","floor":7.0,"turns":3.0},{"damage":10.0,"enemies":"3 Sentries","floor":10.0,"turns":6.0},{"damage":5.0,"enemies":"Gremlin Nob","floor":13.0,"turns":3.0},{"damage":7.0,"enemies":"The Guardian","floor":16.0,"turns":9.0},{"damage":9.0,"enemies":"Chosen","floor":18.0,"turns":3.0},{"damage":1.0,"enemies":"Shell Parasite","floor":21.0,"turns":5.0},{"damage":0.0,"enemies":"Gremlin Leader","floor":24.0,"turns":5.0},{"damage":0.0,"enemies":"Centurion and Healer","floor":27.0,"turns":3.0},{"damage":0.0,"enemies":"Book of Stabbing","floor":29.0,"turns":4.0},{"damage":0.0,"enemies":"Slavers","floor":31.0,"turns":4.0},{"damage":2.0,"enemies":"Champ","floor":33.0,"turns":5.0},{"damage":0.0,"enemies":"3 Shapes","floor":35.0,"turns":4.0},{"damage":9.0,"enemies":"3 Darklings","floor":38.0,"turns":3.0},{"damage":0.0,"enemies":"Mind Bloom Boss Battle","floor":39.0,"turns":5.0},{"damage":2.0,"enemies":"Giant Head","floor":41.0,"turns":5.0},{"damage":0,"enemies":"Spire Growth","floor":45,"turns":3},{"damage":0,"enemies":"2 Orb Walkers","floor":46,"turns":6},{"damage":24,"enemies":"Maw","floor":47,"turns":5},{"damage":0,"enemies":"3 Darklings","floor":48,"turns":2},{"damage":22,"enemies":"Awakened One","floor":50,"turns":13},{"damage":0,"enemies":"Shield and Spear","floor":54,"turns":7},{"damage":44,"enemies":"The Heart","floor":55,"turns":9}],"seed_played":"-1808657629708484352","potions_obtained":[{"floor":1.0,"key":"Dexterity Potion"},{"floor":7.0,"key":"EssenceOfSteel"},{"floor":10.0,"key":"Energy Potion"},{"floor":21.0,"key":"Weak Potion"},{"floor":29.0,"key":"AttackPotion"},{"floor":31.0,"key":"Fruit Juice"},{"floor":35.0,"key":"Dexterity Potion"},{"floor":41.0,"key":"Strength Potion"},{"floor":45,"key":"SkillPotion"},{"floor":46,"key":"SteroidPotion"},{"floor":47,"key":"Weak Potion"},{"floor":54,"key":"PowerPotion"}],"is_trial":false,"path_per_floor":["M","M","?","$","?","R","E","R","T","E","R","?","E","?","R","B",null,"M","?","?","M","?","R","E","R","T","M","R","E","$","E","R","B",null,"M","?","$","M","?","R","E","?","T","R","M","?","M","M","R","B",null,"R","$","E","B"],"character_chosen":"WATCHER","items_purchased":["Vajra","White Beast Statue","Mercury Hourglass","Toolbox","Bag of Marbles","Omniscience","Incense Burner"],"campfire_rested":3,"item_purchase_floors":[4,30,30,37,37,53,53],"current_hp_per_floor":[63,58,47,47,33,54,51,72,72,62,62,62,57,62,62,55,72,63,57,38,37,37,37,37,37,37,37,37,37,37,37,37,35,47,47,47,47,38,38,38,38,30,30,30,30,32,8,10,26,4,43,43,43,43,0,0],"gold":38,"neow_bonus":"BOSS_RELIC","is_daily":false,"chose_seed":false,"campfire_upgraded":6,"win_rate":0.0,"timestamp":1610661553,"path_taken":["M","M","?","$","?","R","E","R","T","E","R","?","E","?","R","BOSS","M","?","?","M","?","R","E","R","T","M","R","E","$","E","R","BOSS","BOSS","M","?","?","M","?","R","E","?","T","R","M","?","M","M","R","BOSS","R","$","E","BOSS"],"items_purchased_type":["Relic","Relic","Relic","Relic","Relic","Card","Relic"],"build_version":"2020-12-18","purchased_purges":2,"victory":false,"max_hp_per_floor":[72,72,72,72,72,72,72,72,72,72,72,72,72,77,77,77,77,77,77,38,38,38,38,38,38,38,38,38,38,38,38,38,38,48,48,48,48,48,48,48,50,52,52,52,52,54,54,56,56,56,56,56,56,56,56,56],"card_choices":[{"not_picked":["ForeignInfluence","SandsOfTime"],"picked":"EmptyFist","floor":1.0},{"not_picked":["ThirdEye","CrushJoints"],"picked":"Protect","floor":2.0},{"not_picked":["Sanctity","FlyingSleeves+1"],"picked":"Tantrum+1","floor":7.0},{"not_picked":["FlyingSleeves+1","Fasting2"],"picked":"BowlingBash+1","floor":10.0},{"not_picked":["EmptyMind","Wish"],"picked":"Consecrate+1","floor":13.0},{"not_picked":["Scrawl","Blasphemy"],"picked":"Ragnarok+1","floor":16.0},{"not_picked":["FlurryOfBlows+1","CrushJoints+1"],"picked":"WaveOfTheHand+1","floor":18.0},{"not_picked":["Prostrate","Crescendo"],"picked":"EmptyBody+1","floor":21.0},{"not_picked":["Weave+1","ConjureBlade"],"picked":"CrushJoints+1","floor":24.0},{"not_picked":["Study+1","Tantrum+1"],"picked":"SignatureMove+1","floor":27.0},{"not_picked":["EmptyMind","SandsOfTime+1","Pray"],"picked":"SKIP","floor":29.0},{"not_picked":["Indignation","Perseverance+1"],"picked":"FlurryOfBlows+1","floor":31.0},{"not_picked":["Judgement","Wish"],"picked":"MasterReality","floor":33.0},{"not_picked":["PathToVictory+1","CrushJoints+1"],"picked":"FlurryOfBlows+1","floor":35.0},{"not_picked":["FollowUp+1","Crescendo"],"picked":"LikeWater","floor":38.0},{"not_picked":["FollowUp+1","Halt"],"picked":"Wallop+1","floor":39.0},{"not_picked":["Halt+1","JustLucky+1","Crescendo"],"picked":"Singing Bowl","floor":41.0},{"not_picked":["Deep Breath","PanicButton","Magnetism"],"picked":"Singing Bowl","floor":42.0},{"not_picked":["Blind","Bandage Up"],"picked":"Dark Shackles","floor":42.0},{"not_picked":["HandOfGreed+1","Enlightenment"],"picked":"Jack Of All Trades","floor":42.0},{"not_picked":["FlyingSleeves+1","BowlingBash+1"],"picked":"WreathOfFlame+1","floor":45},{"not_picked":["JustLucky+1","Vengeance+1","BowlingBash+1"],"picked":"Singing Bowl","floor":46},{"not_picked":["CrushJoints+1","Halt"],"picked":"ClearTheMind+1","floor":47},{"not_picked":["ConjureBlade","Prostrate","FlyingSleeves+1"],"picked":"Singing Bowl","floor":48},{"not_picked":["Tantrum+1","Crescendo+1"],"picked":"WaveOfTheHand","floor":54}],"player_experience":3214249,"relics_obtained":[{"floor":7.0,"key":"Molten Egg 2"},{"floor":9.0,"key":"Kunai"},{"floor":10.0,"key":"CeramicFish"},{"floor":13.0,"key":"Centennial Puzzle"},{"floor":24.0,"key":"Orichalcum"},{"floor":26.0,"key":"Ice Cream"},{"floor":29.0,"key":"The Courier"},{"floor":31.0,"key":"Singing Bowl"},{"floor":39.0,"key":"GoldenEye"},{"floor":41.0,"key":"Girya"},{"floor":46,"key":"StoneCalendar"},{"floor":54,"key":"Bottled Tornado"}],"event_choices":[{"damage_healed":0.0,"max_hp_gain":0.0,"max_hp_loss":0.0,"gold_gain":75.0,"event_name":"World of Goop","player_choice":"Gather Gold","floor":3.0,"gold_loss":0.0,"damage_taken":11.0},{"damage_healed":0.0,"max_hp_gain":0.0,"max_hp_loss":0.0,"gold_gain":0.0,"event_name":"Shining Light","player_choice":"Entered Light","floor":5.0,"gold_loss":0.0,"damage_taken":14.0,"cards_upgraded":["Eruption","Vigilance"]},{"cards_removed":["Defend_P"],"damage_healed":0.0,"max_hp_gain":0.0,"max_hp_loss":0.0,"gold_gain":0.0,"event_name":"The Cleric","player_choice":"Card Removal","floor":12.0,"gold_loss":50.0,"damage_taken":0.0},{"damage_healed":0.0,"max_hp_gain":5.0,"max_hp_loss":0.0,"gold_gain":0.0,"event_name":"Big Fish","player_choice":"Donut","floor":14.0,"gold_loss":0.0,"damage_taken":0.0},{"damage_healed":0.0,"max_hp_gain":0.0,"max_hp_loss":0.0,"gold_gain":0.0,"event_name":"Nest","player_choice":"Joined the Cult","floor":19.0,"gold_loss":0.0,"damage_taken":6.0,"cards_obtained":["RitualDagger"]},{"damage_healed":0.0,"max_hp_gain":0.0,"max_hp_loss":39.0,"gold_gain":0.0,"event_name":"Ghosts","player_choice":"Became a Ghost","floor":20.0,"gold_loss":0.0,"damage_taken":0.0,"cards_obtained":["Ghostly","Ghostly","Ghostly","Ghostly","Ghostly"]},{"damage_healed":0.0,"max_hp_gain":0.0,"max_hp_loss":0.0,"gold_gain":0.0,"cards_transformed":["Strike_P","Strike_P"],"event_name":"Drug Dealer","player_choice":"Became Test Subject","floor":22.0,"gold_loss":0.0,"damage_taken":0.0,"cards_obtained":["Sanctity","Adaptation"]},{"damage_healed":0.0,"max_hp_gain":0.0,"max_hp_loss":0.0,"gold_gain":300.0,"event_name":"Wheel of Change","player_choice":"Gold","floor":36.0,"gold_loss":0.0,"damage_taken":0.0},{"damage_healed":0.0,"max_hp_gain":0.0,"max_hp_loss":0.0,"gold_gain":0.0,"event_name":"MindBloom","player_choice":"Fight","floor":39.0,"gold_loss":0.0,"damage_taken":0.0},{"damage_healed":0.0,"max_hp_gain":0.0,"max_hp_loss":0.0,"gold_gain":0.0,"event_name":"SensoryStone","player_choice":"Memory 3","floor":42.0,"gold_loss":0.0,"damage_taken":10.0},{"damage_healed":0,"gold_gain":0,"player_choice":"Fight","damage_taken":0,"max_hp_gain":0,"max_hp_loss":0,"event_name":"Mysterious Sphere","floor":46,"gold_loss":0}],"is_beta":true,"boss_relics":[{"not_picked":["Runic Dome","Pandora\u0027s Box"],"picked":"Philosopher\u0027s Stone"},{"not_picked":["Busted Crown","Tiny House"],"picked":"SacredBark"}],"items_purged_floors":[37,53],"is_endless":false,"potions_floor_spawned":[1,7,10,21,24,29,31,33,35,38,39,41,45,46,47,48,54],"killed_by":"The Heart","ascension_level":11}}