{"host":"utcbn1j9ebmpc40m","time":1610663263,"event":{"mods":["BaseMod","Better Altar","Better Match","GifTheSpireLib","Minty Spire (QoL Compilation)","Poor People Problems","StSLib","SuperFastMode","The IronCluck","The Servant 0.9.4"],"gold_per_floor":[115,44,119,119,44,44,44,44,44,57,67,97,97,97,97,192,192,211,211,221,320,22,22,22],"floor_reached":23,"language":"ENG","playtime":431,"items_purged":["Defend_R"],"score":263,"play_id":"c8a1ab2f-c402-495a-bd08-7243e1bbe79b","local_time":"20210114172743","is_ascension_mode":true,"campfire_choices":[{"floor":6,"key":"REST"},{"data":"Rage","floor":8,"key":"SMITH"},{"floor":15,"key":"REST"}],"circlet_count":0,"master_deck":["AscendersBane","Strike_R","Strike_R+1","Strike_R+1","Strike_R","Defend_R","Defend_R","Bash","Infernal Blade","Rage+1","Anger","Battle Trance","Reaper","Metallicize","Armaments+1"],"relics":["Burning Blood","Ice Cream","White Beast Statue","Empty Cage","Red Skull","Anchor"],"acts_visited":["Exordium","TheCity"],"potions_floor_usage":[16,16,20,23],"damage_taken":[{"damage":8,"enemies":"Jaw Worm","floor":1,"turns":4},{"damage":0,"enemies":"2 Louse","floor":10,"turns":2},{"damage":0,"enemies":"Small Slimes","floor":11,"turns":1},{"damage":75,"enemies":"Hexaghost","floor":16,"turns":10},{"damage":22,"enemies":"Spheric Guardian","floor":18,"turns":5},{"damage":20,"enemies":"Chosen","floor":20,"turns":7},{"damage":58,"enemies":"Gremlin Leader","floor":23,"turns":6}],"seed_played":"-8137833172063290599","potions_obtained":[{"floor":10,"key":"AttackPotion"},{"floor":11,"key":"SkillPotion"},{"floor":16,"key":"SkillPotion"},{"floor":18,"key":"Ancient Potion"},{"floor":20,"key":"LiquidBronze"}],"is_trial":false,"path_per_floor":["M","$","?","?","$","R","$","R","T","M","M","?","?","$","R","B",null,"M","?","M","?","$","E"],"character_chosen":"IRONCLAD","items_purchased":["Rage","Red Skull","Anchor"],"campfire_rested":2,"item_purchase_floors":[2,22,22],"current_hp_per_floor":[49,49,38,38,38,62,62,62,62,68,74,74,58,58,80,11,63,47,47,37,37,37,0,0],"gold":22,"neow_bonus":"ONE_RARE_RELIC","is_daily":false,"chose_seed":false,"campfire_upgraded":1,"win_rate":0.0,"timestamp":1610663263,"path_taken":["M","$","?","?","$","R","$","R","T","M","?","?","?","?","R","BOSS","M","?","M","?","$","E"],"items_purchased_type":["Card","Relic","Relic"],"build_version":"2020-12-22","purchased_purges":1,"victory":false,"max_hp_per_floor":[80,80,80,80,80,80,80,80,80,80,80,80,80,80,80,80,80,80,80,80,80,80,80,80],"card_choices":[{"not_picked":["Havoc","Sword Boomerang"],"picked":"Infernal Blade","floor":1},{"not_picked":["Burning Pact","Heavy Blade"],"picked":"Anger","floor":10},{"not_picked":["Pommel Strike","Sword Boomerang"],"picked":"Battle Trance","floor":11},{"not_picked":["Offering","Berserk"],"picked":"Reaper","floor":16},{"not_picked":["Armaments","Clothesline"],"picked":"Metallicize","floor":18},{"not_picked":["Reckless Charge","True Grit"],"picked":"Armaments+1","floor":20}],"player_experience":484680,"relics_obtained":[{"floor":9,"key":"White Beast Statue"}],"event_choices":[{"damage_healed":0,"gold_gain":75,"player_choice":"Gather Gold","damage_taken":11,"max_hp_gain":0,"max_hp_loss":0,"event_name":"World of Goop","floor":3,"gold_loss":0},{"damage_healed":0,"gold_gain":0,"player_choice":"Ignored","damage_taken":0,"max_hp_gain":0,"max_hp_loss":0,"event_name":"Golden Wing","floor":4,"gold_loss":0},{"damage_healed":0,"gold_gain":30,"player_choice":"Searched \u00272\u0027 times","damage_taken":0,"max_hp_gain":0,"max_hp_loss":0,"event_name":"Dead Adventurer","floor":12,"gold_loss":0},{"damage_healed":0,"gold_gain":0,"player_choice":"Entered Light","damage_taken":16,"max_hp_gain":0,"max_hp_loss":0,"event_name":"Shining Light","floor":13,"gold_loss":0,"cards_upgraded":["Strike_R","Strike_R"]},{"damage_healed":0,"gold_gain":0,"player_choice":"Ignored","damage_taken":0,"max_hp_gain":0,"max_hp_loss":0,"event_name":"Beggar","floor":19,"gold_loss":0},{"damage_healed":0,"gold_gain":99,"player_choice":"Stole From Cult","damage_taken":0,"max_hp_gain":0,"max_hp_loss":0,"event_name":"Nest","floor":21,"gold_loss":0}],"is_beta":false,"boss_relics":[{"not_picked":["Fusion Hammer","Runic Cube"],"picked":"Empty Cage"}],"items_purged_floors":[5],"is_endless":false,"potions_floor_spawned":[10,11,16,18,20],"killed_by":"Gremlin Leader","ascension_level":10}}