{"host":"1a3cjta80tad0aqj","time":1610610818,"event":{"mods":["2.2 Compatiblity","AchievementEnabler","BaseMod","Colored Map","DeckTracker","KOR Keyword Fix","Keyboard Shortcuts","Minty Spire (QoL Compilation)","Permanent Neow","Quick Restart","Random Character Button","StSLib","SuperFastMode","everything is the same but u backflip on backflip"],"gold_per_floor":[113,123,198,100,113,113,139,139,165,179,192,226,226,243,243,344,344,364,374,139,3,15,47,47,75,75,0,0,0,25,25,25,124,124,142,154,154,154,167,211,28,28,28,78,104,138,12,27,27,27],"floor_reached":51,"language":"KOR","playtime":2048,"items_purged":["Defend_P","Defend_P","Strike_P","Strike_P","Strike_P"],"score":1210,"play_id":"2822802b-e076-4770-8012-91f835b82c2a","local_time":"20210114165338","is_ascension_mode":true,"campfire_choices":[{"data":"Eruption","floor":6.0,"key":"SMITH"},{"data":"ClearTheMind","floor":8.0,"key":"SMITH"},{"data":"Tantrum","floor":15.0,"key":"SMITH"},{"floor":24.0,"key":"REST"},{"floor":28.0,"key":"REST"},{"data":"Blasphemy","floor":32.0,"key":"SMITH"},{"data":"Vault","floor":42,"key":"SMITH"},{"data":"Wallop","floor":49,"key":"SMITH"}],"circlet_count":0,"master_deck":["Defend_P+1","Defend_P+1","Eruption+1","Vigilance","FlurryOfBlows","ClearTheMind+1","CutThroughFate","Tantrum+1","EmptyBody","EmptyFist","Blasphemy+1","BowlingBash+1","MentalFortress","Adaptation+1","ReachHeaven+1","Vault+1","SashWhip","FollowUp+1","Wallop+1","Halt","FearNoEvil"],"relics":["PureWater","Ancient Tea Set","Pen Nib","War Paint","Orichalcum","Thread and Needle","Philosopher\u0027s Stone","Membership Card","Juzu Bracelet","Gambling Chip","HornCleat","Torii","Yang","VioletLotus","CeramicFish","Shuriken","GoldenEye","Ginger","Ornamental Fan"],"acts_visited":["Exordium","TheCity","TheBeyond"],"potions_floor_usage":[40,44,50],"damage_taken":[{"damage":0.0,"enemies":"2 Louse","floor":1.0,"turns":1.0},{"damage":2.0,"enemies":"Jaw Worm","floor":2.0,"turns":5.0},{"damage":0.0,"enemies":"Cultist","floor":5.0,"turns":2.0},{"damage":2.0,"enemies":"3 Sentries","floor":7.0,"turns":7.0},{"damage":0.0,"enemies":"Lots of Slimes","floor":10.0,"turns":2.0},{"damage":3.0,"enemies":"Looter","floor":11.0,"turns":2.0},{"damage":0.0,"enemies":"Lagavulin","floor":12.0,"turns":3.0},{"damage":5.0,"enemies":"Gremlin Gang","floor":14.0,"turns":4.0},{"damage":20.0,"enemies":"Slime Boss","floor":16.0,"turns":7.0},{"damage":0.0,"enemies":"Chosen","floor":18.0,"turns":3.0},{"damage":0.0,"enemies":"2 Thieves","floor":19.0,"turns":2.0},{"damage":21.0,"enemies":"Snake Plant","floor":22.0,"turns":5.0},{"damage":14.0,"enemies":"Gremlin Leader","floor":23.0,"turns":2.0},{"damage":12.0,"enemies":"Book of Stabbing","floor":25.0,"turns":4.0},{"damage":0.0,"enemies":"Gremlin Leader","floor":30.0,"turns":2.0},{"damage":1.0,"enemies":"Automaton","floor":33.0,"turns":5.0},{"damage":1.0,"enemies":"Orb Walker","floor":35.0,"turns":2.0},{"damage":0.0,"enemies":"3 Darklings","floor":36.0,"turns":3.0},{"damage":0.0,"enemies":"Spire Growth","floor":39.0,"turns":3.0},{"damage":0,"enemies":"Nemesis","floor":40,"turns":4},{"damage":0,"enemies":"Mind Bloom Boss Battle","floor":44,"turns":2},{"damage":0,"enemies":"Sphere and 2 Shapes","floor":45,"turns":4},{"damage":0,"enemies":"Reptomancer","floor":46,"turns":3},{"damage":0,"enemies":"3 Darklings","floor":48,"turns":3},{"damage":19,"enemies":"Time Eater","floor":50,"turns":4}],"seed_played":"-5117135336338167271","potions_obtained":[{"floor":2.0,"key":"EssenceOfSteel"},{"floor":7.0,"key":"BlessingOfTheForge"},{"floor":22.0,"key":"Block Potion"},{"floor":23.0,"key":"FearPotion"},{"floor":30.0,"key":"Swift Potion"},{"floor":31.0,"key":"Fire Potion"},{"floor":31.0,"key":"Block Potion"},{"floor":40,"key":"Strength Potion"},{"floor":44,"key":"Fire Potion"},{"floor":48,"key":"Block Potion"}],"is_trial":false,"path_per_floor":["M","M","?","$","M","R","E","R","T","M","M","E","?","M","R","B",null,"M","M","$","$","M","E","R","E","T","$","R","?","E","?","R","B",null,"M","M","?","?","M","E","$","R","T","?","M","E","$","M","R","B",null],"character_chosen":"WATCHER","items_purchased":["ClearTheMind","Membership Card","MentalFortress","Juzu Bracelet","Shuriken","Swift Potion","Wallop","FearPotion","FearNoEvil"],"campfire_rested":2,"item_purchase_floors":[4,20,20,21,41,41,41,47,47],"current_hp_per_floor":[72,70,59,59,59,59,57,57,57,57,54,54,54,49,49,29,61,61,61,61,61,40,26,47,35,35,35,56,56,56,56,56,55,68,67,67,67,67,67,67,67,67,67,67,67,67,67,67,67,48],"gold":27,"neow_bonus":"RANDOM_COMMON_RELIC","is_daily":false,"chose_seed":false,"campfire_upgraded":6,"win_rate":0.0,"timestamp":1610610818,"path_taken":["M","M","?","$","M","R","E","R","T","M","M","E","?","M","R","BOSS","M","M","?","$","M","E","R","E","T","$","R","?","E","?","R","BOSS","M","M","?","?","M","E","$","R","T","?","M","E","$","M","R","BOSS"],"items_purchased_type":["Card","Relic","Card","Relic","Relic","Potion","Card","Potion","Card"],"build_version":"2020-12-22","purchased_purges":5,"victory":true,"max_hp_per_floor":[72,72,72,72,72,72,72,72,72,72,72,72,72,72,72,72,72,72,72,72,72,72,72,72,72,72,72,72,72,72,72,72,72,72,72,72,72,68,68,68,68,68,68,68,68,68,68,68,68,68],"card_choices":[{"not_picked":["Consecrate","BattleHymn"],"picked":"FlurryOfBlows","floor":1.0},{"not_picked":["Evaluate","JustLucky","PathToVictory"],"picked":"SKIP","floor":2.0},{"not_picked":["SignatureMove","Worship"],"picked":"CutThroughFate","floor":5.0},{"not_picked":["WheelKick","SpiritShield"],"picked":"Tantrum","floor":7.0},{"not_picked":["ClearTheMind","CrushJoints","Conclude"],"picked":"SKIP","floor":10.0},{"not_picked":["Evaluate","CrushJoints"],"picked":"EmptyBody","floor":11.0},{"not_picked":["Weave","Perseverance","Protect"],"picked":"SKIP","floor":12.0},{"not_picked":["FlyingSleeves","BattleHymn"],"picked":"EmptyFist","floor":14.0},{"not_picked":["Judgement","Establishment"],"picked":"Blasphemy","floor":16.0},{"not_picked":["EmptyFist","DeceiveReality","SignatureMove"],"picked":"SKIP","floor":18.0},{"not_picked":["Prostrate+1","EmptyFist"],"picked":"BowlingBash+1","floor":19.0},{"not_picked":["FlyingSleeves","ForeignInfluence"],"picked":"Adaptation+1","floor":22.0},{"not_picked":["Wish","Nirvana","Wireheading+1"],"picked":"SKIP","floor":23.0},{"not_picked":["JustLucky","Prostrate"],"picked":"ReachHeaven+1","floor":25.0},{"not_picked":["Protect","Tantrum","JustLucky"],"picked":"SKIP","floor":30.0},{"not_picked":["Blasphemy","SpiritShield"],"picked":"Vault","floor":33.0},{"not_picked":["Collect","Study+1","Consecrate+1"],"picked":"SKIP","floor":35.0},{"not_picked":["Protect+1","SignatureMove"],"picked":"SashWhip","floor":36.0},{"not_picked":["WindmillStrike","ClearTheMind+1","ForeignInfluence"],"picked":"SKIP","floor":39.0},{"not_picked":["WindmillStrike","ClearTheMind+1","ForeignInfluence"],"picked":"SKIP","floor":39.0},{"not_picked":["CutThroughFate","Protect"],"picked":"FollowUp+1","floor":40},{"not_picked":["DeceiveReality+1","Prostrate+1"],"picked":"Halt","floor":45},{"not_picked":["Perseverance","Wallop","CarveReality"],"picked":"SKIP","floor":46},{"not_picked":["CrushJoints","InnerPeace","Fasting2+1"],"picked":"SKIP","floor":48}],"player_experience":313785,"relics_obtained":[{"floor":7.0,"key":"Pen Nib"},{"floor":9.0,"key":"War Paint"},{"floor":12.0,"key":"Orichalcum"},{"floor":13.0,"key":"Thread and Needle"},{"floor":23.0,"key":"Gambling Chip"},{"floor":25.0,"key":"HornCleat"},{"floor":26.0,"key":"Torii"},{"floor":30.0,"key":"Yang"},{"floor":40,"key":"CeramicFish"},{"floor":43,"key":"GoldenEye"},{"floor":44,"key":"Ginger"},{"floor":46,"key":"Ornamental Fan"}],"event_choices":[{"damage_healed":0.0,"max_hp_gain":0.0,"max_hp_loss":0.0,"gold_gain":75.0,"event_name":"World of Goop","player_choice":"Gather Gold","floor":3.0,"gold_loss":0.0,"damage_taken":11.0},{"damage_healed":0.0,"max_hp_gain":0.0,"max_hp_loss":0.0,"gold_gain":0.0,"event_name":"Wheel of Change","player_choice":"Relic","floor":13.0,"gold_loss":0.0,"damage_taken":0.0},{"cards_removed":["Strike_P"],"damage_healed":0.0,"max_hp_gain":0.0,"max_hp_loss":0.0,"gold_gain":0.0,"event_name":"Back to Basics","player_choice":"Elegance","floor":29.0,"gold_loss":0.0,"damage_taken":0.0},{"damage_healed":0.0,"max_hp_gain":0.0,"max_hp_loss":0.0,"gold_gain":0.0,"event_name":"Lab","player_choice":"Got Potions","floor":31.0,"gold_loss":0.0,"damage_taken":0.0},{"damage_healed":0.0,"max_hp_gain":0.0,"max_hp_loss":0.0,"gold_gain":0.0,"event_name":"Tomb of Lord Red Mask","player_choice":"Ignored","floor":37.0,"gold_loss":0.0,"damage_taken":0.0},{"damage_healed":0.0,"max_hp_gain":0.0,"max_hp_loss":4.0,"gold_gain":0.0,"event_name":"Winding Halls","player_choice":"Max HP","floor":38.0,"gold_loss":0.0,"damage_taken":0.0},{"damage_healed":0,"gold_gain":0,"player_choice":"Fight","damage_taken":0,"max_hp_gain":0,"max_hp_loss":0,"event_name":"MindBloom","floor":44,"gold_loss":0}],"is_beta":false,"boss_relics":[{"not_picked":["SlaversCollar","Snecko Eye"],"picked":"Philosopher\u0027s Stone"},{"not_picked":["Astrolabe","Empty Cage"],"picked":"VioletLotus"}],"items_purged_floors":[4,20,21,27,47],"is_endless":false,"potions_floor_spawned":[2,7,22,23,30,33,40,44,48],"ascension_level":5}}