{"host":"4rvakrj1idbgia3f","time":1610600112,"event":{"mods":["BaseMod","Colored Map","Colored Powertips","DeckTracker","Highlight Path","Minty Spire (QoL Compilation)","Random Character Button","StSLib"],"gold_per_floor":[110,110,110,129,129,129,158,169,169,202,214,236,248,273,285,375,387,416,151,151,163,179,179,179,179,179],"floor_reached":25,"language":"JPN","playtime":745,"items_purged":["Strike_G"],"score":472,"play_id":"a0753b5e-4d00-4600-921f-9c231cee12e9","local_time":"20210114135512","is_ascension_mode":true,"campfire_choices":[{"data":"Poisoned Stab","floor":6.0,"key":"SMITH"},{"data":"Quick Slash","floor":11.0,"key":"SMITH"},{"data":"Predator","floor":13.0,"key":"SMITH"},{"data":"Dash","floor":15.0,"key":"SMITH"},{"floor":23,"key":"REST"}],"circlet_count":0,"master_deck":["AscendersBane","Strike_G+1","Strike_G+1","Defend_G+1","Defend_G+1","Defend_G+1","Survivor","Neutralize","Poisoned Stab+1","Quick Slash+1","Predator+1","Corpse Explosion","Dash+1","Bullet Time","Flechettes+1","Bouncing Flask+1","Burst+1","Footwork","Poisoned Stab","Venomology","Backflip","Deadly Poison","Acrobatics+1","Backflip+1","PiercingWail"],"relics":["Ring of the Snake","NeowsBlessing","Blue Candle","Lantern","Mercury Hourglass","MawBank","Astrolabe","Orrery","Blood Vial"],"acts_visited":["Exordium","TheCity"],"potions_floor_usage":[22,25,25,25],"damage_taken":[{"damage":0.0,"enemies":"Jaw Worm","floor":1.0,"turns":1.0},{"damage":0.0,"enemies":"Small Slimes","floor":4.0,"turns":1.0},{"damage":0.0,"enemies":"3 Sentries","floor":7.0,"turns":1.0},{"damage":0.0,"enemies":"Cultist","floor":8.0,"turns":2.0},{"damage":21.0,"enemies":"Gremlin Nob","floor":10.0,"turns":4.0},{"damage":1.0,"enemies":"Lots of Slimes","floor":12.0,"turns":2.0},{"damage":0.0,"enemies":"Looter","floor":14.0,"turns":3.0},{"damage":15.0,"enemies":"Hexaghost","floor":16.0,"turns":9.0},{"damage":29,"enemies":"Shell Parasite","floor":18,"turns":4},{"damage":6,"enemies":"2 Thieves","floor":21,"turns":3},{"damage":21,"enemies":"Snake Plant","floor":22,"turns":5},{"damage":37,"enemies":"Gremlin Leader","floor":25,"turns":4}],"seed_played":"-8977032156170977013","potions_obtained":[{"floor":4.0,"key":"CunningPotion"},{"floor":10.0,"key":"Fire Potion"},{"floor":12.0,"key":"SkillPotion"},{"floor":16.0,"key":"SteroidPotion"},{"floor":18,"key":"Weak Potion"},{"floor":22,"key":"Dexterity Potion"}],"is_trial":false,"path_per_floor":["M","?","?","M","?","R","E","M","T","E","R","M","R","M","R","B",null,"M","$","T","M","M","R","?","E"],"character_chosen":"THE_SILENT","items_purchased":["Footwork","Orrery"],"campfire_rested":1,"item_purchase_floors":[19,19],"current_hp_per_floor":[59,59,52,52,52,52,52,52,52,31,31,30,30,30,30,15,53,24,24,24,20,1,20,20,0,0],"gold":179,"neow_bonus":"THREE_ENEMY_KILL","is_daily":false,"chose_seed":false,"campfire_upgraded":4,"win_rate":0.0,"timestamp":1610600112,"path_taken":["M","?","?","M","?","R","E","?","T","E","R","M","R","M","R","BOSS","M","$","?","M","?","R","?","E"],"items_purchased_type":["Card","Relic"],"build_version":"2020-12-22","purchased_purges":1,"victory":false,"max_hp_per_floor":[66,66,66,66,66,66,66,66,66,66,66,66,66,66,66,66,66,66,66,66,66,66,66,66,66,66],"card_choices":[{"not_picked":["Dagger Throw","Backflip"],"picked":"Poisoned Stab","floor":1.0},{"not_picked":["Escape Plan","Heel Hook"],"picked":"Quick Slash","floor":4.0},{"not_picked":["Cloak And Dagger","Flechettes"],"picked":"Predator","floor":7.0},{"not_picked":["Eviscerate","Footwork"],"picked":"Corpse Explosion","floor":8.0},{"not_picked":["Endless Agony","Tactician","Prepared"],"picked":"SKIP","floor":10.0},{"not_picked":["Bane","Deflect","Cloak And Dagger"],"picked":"SKIP","floor":12.0},{"not_picked":["Dagger Spray","Deflect"],"picked":"Dash","floor":14.0},{"not_picked":["Burst","Wraith Form v2"],"picked":"Bullet Time","floor":16.0},{"not_picked":["Dagger Spray","Dagger Throw","Outmaneuver"],"picked":"SKIP","floor":18},{"not_picked":["Cloak And Dagger","Slice"],"picked":"Poisoned Stab","floor":19},{"not_picked":["Prepared","Flying Knee"],"picked":"Venomology","floor":19},{"not_picked":["Cloak And Dagger","Deadly Poison"],"picked":"Backflip","floor":19},{"not_picked":["Quick Slash","Prepared"],"picked":"Deadly Poison","floor":19},{"not_picked":["Expertise","Outmaneuver"],"picked":"Acrobatics+1","floor":19},{"not_picked":["Infinite Blades+1","Tactician+1"],"picked":"Backflip+1","floor":21},{"not_picked":["All Out Attack","Prepared"],"picked":"PiercingWail","floor":22}],"player_experience":2023962,"relics_obtained":[{"floor":7.0,"key":"Lantern"},{"floor":9.0,"key":"Mercury Hourglass"},{"floor":10.0,"key":"MawBank"},{"floor":20,"key":"Blood Vial"}],"event_choices":[{"damage_healed":0.0,"max_hp_gain":0.0,"max_hp_loss":0.0,"gold_gain":0.0,"event_name":"Liars Game","player_choice":"Ignored","floor":2.0,"gold_loss":0.0,"damage_taken":0.0},{"cards_removed":["Defend_G"],"damage_healed":0.0,"max_hp_gain":0.0,"max_hp_loss":0.0,"gold_gain":0.0,"event_name":"Golden Wing","player_choice":"Card Removal","floor":3.0,"gold_loss":0.0,"damage_taken":7.0},{"damage_healed":0.0,"max_hp_gain":0.0,"max_hp_loss":0.0,"gold_gain":0.0,"event_name":"WeMeetAgain","player_choice":"Gave Potion","floor":5.0,"gold_loss":0.0,"damage_taken":0.0,"relics_obtained":["Blue Candle"]},{"damage_healed":0,"gold_gain":0,"player_choice":"Simplicity","damage_taken":0,"max_hp_gain":0,"max_hp_loss":0,"event_name":"Back to Basics","floor":24,"gold_loss":0,"cards_upgraded":["Strike_G","Strike_G","Defend_G","Defend_G","Defend_G"]}],"is_beta":false,"boss_relics":[{"not_picked":["Busted Crown","SacredBark"],"picked":"Astrolabe"}],"items_purged_floors":[19],"is_endless":false,"potions_floor_spawned":[4,10,12,16,18,22],"killed_by":"Gremlin Leader","ascension_level":20}}