{"host":"ELF","time":1610666216,"event":{"mods":["BaseMod","Minty Spire (QoL Compilation)"],"gold_per_floor":[310,330,605,318,330,330,347,347,347,361,301,315,315,334,334,334,334],"floor_reached":16,"language":"ENG","playtime":899,"items_purged":["Regret"],"score":188,"play_id":"05e15688-771e-473b-a130-7b871210538b","local_time":"20210114171656","is_ascension_mode":true,"campfire_choices":[{"floor":6,"key":"REST"},{"floor":8,"key":"REST"},{"floor":13,"key":"REST"},{"floor":15,"key":"REST"}],"circlet_count":0,"master_deck":["AscendersBane","Strike_G","Strike_G","Strike_G","Strike_G","Strike_G","Defend_G","Defend_G","Defend_G","Defend_G","Defend_G","Survivor","Neutralize","Footwork","Prepared","Tactician","Prepared","Dagger Throw","Skewer","Reflex","Underhanded Strike"],"relics":["Ring of the Snake","Old Coin","Membership Card","Potion Belt","Pantograph"],"acts_visited":["Exordium"],"potions_floor_usage":[16,16],"damage_taken":[{"damage":24,"enemies":"Small Slimes","floor":1,"turns":5},{"damage":0,"enemies":"Cultist","floor":2,"turns":4},{"damage":0,"enemies":"2 Louse","floor":5,"turns":4},{"damage":28,"enemies":"Large Slime","floor":7,"turns":12},{"damage":4,"enemies":"2 Fungi Beasts","floor":10,"turns":5},{"damage":1,"enemies":"Looter","floor":11,"turns":5},{"damage":6,"enemies":"Blue Slaver","floor":12,"turns":6},{"damage":5,"enemies":"Exordium Wildlife","floor":14,"turns":4},{"damage":68,"enemies":"Slime Boss","floor":16,"turns":13}],"seed_played":"-8378964851130214600","potions_obtained":[{"floor":2,"key":"PowerPotion"},{"floor":12,"key":"SteroidPotion"},{"floor":14,"key":"Swift Potion"}],"is_trial":false,"path_per_floor":["M","M","?","$","M","R","M","R","T","M","M","M","R","M","R","B"],"character_chosen":"THE_SILENT","items_purchased":["Membership Card","Potion Belt"],"campfire_rested":4,"item_purchase_floors":[4,4],"current_hp_per_floor":[35,35,35,35,35,54,26,45,45,41,40,34,53,48,66,0,0],"gold":334,"neow_bonus":"ONE_RARE_RELIC","is_daily":false,"chose_seed":false,"campfire_upgraded":0,"win_rate":0.0,"timestamp":1610666216,"path_taken":["M","M","?","$","M","R","M","R","T","?","M","M","R","M","R","BOSS"],"items_purchased_type":["Relic","Relic"],"build_version":"2020-12-18","purchased_purges":1,"victory":false,"max_hp_per_floor":[66,66,66,66,66,66,66,66,66,66,66,66,66,66,66,66,66],"card_choices":[{"not_picked":["PiercingWail","Heel Hook"],"picked":"Footwork","floor":1},{"not_picked":["Reflex","Underhanded Strike"],"picked":"Prepared","floor":2},{"not_picked":["Underhanded Strike","Blur"],"picked":"Tactician","floor":5},{"not_picked":["Tactician","Quick Slash"],"picked":"Prepared","floor":7},{"not_picked":["Leg Sweep","Noxious Fumes"],"picked":"Dagger Throw","floor":10},{"not_picked":["Riddle With Holes","Flying Knee"],"picked":"Skewer","floor":11},{"not_picked":["Prepared","Slice"],"picked":"Reflex","floor":12},{"not_picked":["Riddle With Holes","Masterful Stab"],"picked":"Underhanded Strike","floor":14}],"player_experience":3218844,"relics_obtained":[{"floor":9,"key":"Pantograph"}],"event_choices":[{"damage_healed":0,"gold_gain":275,"player_choice":"Desecrate","damage_taken":0,"max_hp_gain":0,"max_hp_loss":0,"event_name":"Golden Shrine","floor":3,"gold_loss":0,"cards_obtained":["Regret"]}],"is_beta":true,"boss_relics":[],"items_purged_floors":[4],"is_endless":false,"potions_floor_spawned":[2,12,14],"killed_by":"Slime Boss","ascension_level":20}}