{"host":"kabf61oc9jgfwufg","time":1610646105,"event":{"mods":["AchievementEnabler","Act Like it!","Aspiration","BaseMod","Conspire","Energized Spire","GifTheSpireLib","GungeonMod","Halation","HexUI Lib","Hubris","Infinite Spire","Minty Spire (QoL Compilation)","Quick Restart","Rare Cards Sparkle","Replay The Spire","Shop Mod","StSLib"],"gold_per_floor":[118,68,45,64,64,64,80,80,133,133,166,189,210,228,228,358,358,371,375,375],"floor_reached":19,"language":"ENG","playtime":689,"items_purged":[],"score":177,"play_id":"dd64af23-a248-46ee-8aa6-46d60ad6c48c","local_time":"20210114174145","is_ascension_mode":true,"campfire_choices":[{"data":"Eruption","floor":6.0,"key":"SMITH"},{"data":"Halt","floor":8.0,"key":"SMITH"},{"data":"Crescendo","floor":15.0,"key":"SMITH"}],"circlet_count":0,"master_deck":["Strike_P","Defend_P","Defend_P","Defend_P","Eruption+1","Vigilance","WreathOfFlame","FollowUp","Halt+1","Evaluate","EmptyFist","Evaluate","Crescendo+1","DevaForm","Replay:AllIn+1","Brilliance+1","Replay:BluntJabs+1","FlurryOfBlows"],"relics":["PureWater","halation:RedSoulGem","Omamori","Golden Idol","Shuriken","Astrolabe"],"acts_visited":["Exordium","TheCity"],"potions_floor_usage":[16,16,19,19],"damage_taken":[{"damage":7.0,"enemies":"Jaw Worm","floor":1.0,"turns":3.0},{"damage":0.0,"enemies":"Small Slimes","floor":4.0,"turns":4.0},{"damage":0.0,"enemies":"Cultist","floor":7.0,"turns":3.0},{"damage":3.0,"enemies":"Lagavulin","floor":11.0,"turns":7.0},{"damage":17.0,"enemies":"2 Fungi Beasts","floor":12.0,"turns":2.0},{"damage":18.0,"enemies":"Exordium Thugs","floor":13.0,"turns":5.0},{"damage":0.0,"enemies":"3 Louse","floor":14.0,"turns":3.0},{"damage":22,"enemies":"The Guardian","floor":16,"turns":11},{"damage":39,"enemies":"Spheric Guardian","floor":18,"turns":4},{"damage":21,"enemies":"conspire:MimicChest","floor":19,"turns":4}],"seed_played":"6874368421063287774","potions_obtained":[{"floor":1.0,"key":"Fire Potion"},{"floor":4.0,"key":"Languid Potion"},{"floor":13.0,"key":"Dexterity Potion"},{"floor":16,"key":"LifebloodPotion"},{"floor":18,"key":"PowerPotion"}],"is_trial":false,"path_per_floor":["M","?","$","M","?","R","M","R","T","?","E","M","M","M","R","B",null,"M","?"],"character_chosen":"WATCHER","items_purchased":["Halt"],"campfire_rested":0,"item_purchase_floors":[3],"current_hp_per_floor":[65,65,65,65,65,65,65,65,65,65,62,45,27,27,27,5,72,33,12,12],"gold":375,"neow_bonus":"THREE_CARDS","is_daily":false,"chose_seed":false,"campfire_upgraded":3,"win_rate":0.0,"timestamp":1610646105,"path_taken":["M","?","$","M","?","R","?","R","T","?","E","M","M","M","R","BOSS","M","?"],"items_purchased_type":["Card"],"build_version":"2020-12-22","purchased_purges":0,"victory":false,"max_hp_per_floor":[72,72,72,72,72,72,72,72,72,72,72,72,72,72,72,72,72,72,72,72],"card_choices":[{"not_picked":["BowlingBash","Protect"],"picked":"WreathOfFlame","floor":0.0},{"not_picked":["WindmillStrike","Indignation"],"picked":"FollowUp","floor":1.0},{"not_picked":["ForeignInfluence","EmptyFist"],"picked":"Evaluate","floor":4.0},{"not_picked":["ThirdEye","Worship","Replay:Vibes"],"picked":"SKIP","floor":7.0},{"not_picked":["Replay:DivineShield","Study"],"picked":"EmptyFist","floor":11.0},{"not_picked":["SignatureMove","InnerPeace"],"picked":"Evaluate","floor":12.0},{"not_picked":["EmptyFist","Vengeance"],"picked":"Crescendo","floor":13.0},{"not_picked":["Conclude","Protect","Pray"],"picked":"SKIP","floor":14.0},{"not_picked":["Blasphemy","Brilliance"],"picked":"DevaForm","floor":16},{"not_picked":["EmptyBody","InnerPeace"],"picked":"FlurryOfBlows","floor":18}],"player_experience":101017,"relics_obtained":[{"floor":9.0,"key":"Omamori"},{"floor":11.0,"key":"Shuriken"}],"event_choices":[{"cards_removed":["Strike_P"],"damage_healed":0.0,"max_hp_gain":0.0,"max_hp_loss":0.0,"gold_gain":0.0,"event_name":"The Cleric","player_choice":"Card Removal","floor":2.0,"gold_loss":50.0,"damage_taken":0.0},{"damage_healed":0.0,"max_hp_gain":0.0,"max_hp_loss":0.0,"gold_gain":0.0,"event_name":"Golden Idol","player_choice":"Take Wound","floor":10.0,"gold_loss":0.0,"damage_taken":0.0,"relics_obtained":["Golden Idol"],"cards_obtained":["Injury"]}],"is_beta":false,"boss_relics":[{"not_picked":["aspiration:RandomNobGenerator","Philosopher\u0027s Stone"],"picked":"Astrolabe"}],"items_purged_floors":[],"is_endless":false,"potions_floor_spawned":[1,4,13,16,18],"killed_by":"conspire:MimicChest","ascension_level":1}}