{"host":"qswkx8hggytna0kc","time":1610602347,"event":{"mods":["Aspiration","BaseMod","BetterRewards","Colored Map","Colored Powertips","Highlight Path","Hubris","Mimic Mod","Minty Spire (QoL Compilation)","MostiFishMod","Quick Restart","Replay The Spire","StSLib","SuperFastMode"],"gold_per_floor":[109,121,121,134,134,134,169,169,202,219,219,231,231,270,270,409,409,452,489,167,167,206,257,314,375,375,430,471,523,584,623,623,769,769,802,841,961,1060,1060,1122,1159,1159,1159,1224,1299,1359,1402,1447,1447,1503,1503],"floor_reached":50,"language":"ZHS","playtime":5623,"items_purged":["Strike_G"],"score":1425,"play_id":"aa6aa085-22f6-456f-a267-ce7c2bc2892e","local_time":"20210114133227","is_ascension_mode":true,"campfire_choices":[{"data":"Neutralize","floor":6,"key":"SMITH"},{"data":"Accuracy","floor":8,"key":"SMITH"},{"data":"Prepared","floor":13,"key":"SMITH"},{"data":"Acrobatics","floor":15,"key":"SMITH"},{"data":"Tactician","floor":32,"key":"SMITH"},{"data":"Prepared","floor":42,"key":"SMITH"},{"data":"hubris:SlightOfHand","floor":49,"key":"SMITH"}],"circlet_count":0,"master_deck":["Strike_G","Strike_G+1","Strike_G","Strike_G","Defend_G","Defend_G","Defend_G","Defend_G+1","Defend_G","Survivor","Neutralize+1","Hidden Blade+1","Underhanded Strike","Quick Slash","Doubt","Accuracy+1","Prepared+1","Acrobatics+1","Escape Plan","Tools of the Trade","Accuracy+1","hubris:Sniper+1","Concentrate+1","Dagger Throw+1","Concentrate+1","Tactician+1","Slice+1","Blade Dance+1","Reflex","Underhanded Strike+1","Hidden Blade","Pot Of Greed","Pot Of Greed","Pot Of Greed","Reflex","MostiFishMod:Wind","Prepared+1","ReplayTheSpireMod:Scrap Shanks","Hidden Blade","Pot Of Greed","Prepared+1","Blade Dance+1","Underhanded Strike+1","Tactician+1","ReplayTheSpireMod:Scrap Shanks","Hidden Blade+1","A Thousand Cuts+1","Slice","hubris:SlightOfHand+1","hubris:SlightOfHand+1","MostiFishMod:LethalBlade+1"],"relics":["Ring of the Snake","DaveBox","Transparent","NeowsBlessing","SynthV:TestCard","ReplayTheSpireMod:Ring of Collecting","Counterbalance","PreservedInsect","ReplayTheSpireMod:Ring of Addiction","hubris:EmptyBottle","Chameleon Ring","Replay:Bandana","Ring of Hypnosis","RhineFirstAidKit","ReplayTheSpireMod:Ninjato","Replay:Bottled Snecko","Vajra","ReplayTheSpireMod:Ring of Exchange","Replay:Bottled Eggs","Prayer Wheel","Red Mask","Grinning Jar","GuanYuAspect","hubris:Icosahedron","Snake Skull","Ring of Fangs","Golden Egg","ReplayFunnel","ReplayTheSpireMod:TigerMarble"],"acts_visited":["Exordium","TheCity","TheBeyond"],"potions_floor_usage":[50,50,50,50],"damage_taken":[{"damage":7,"enemies":"Cultist","floor":1,"turns":1},{"damage":7,"enemies":"2 Louse","floor":2,"turns":1},{"damage":7,"enemies":"Small Slimes","floor":4,"turns":1},{"damage":30,"enemies":"Lagavulin","floor":7,"turns":4},{"damage":28,"enemies":"Red Slaver","floor":9,"turns":4},{"damage":14,"enemies":"Red Slaver","floor":10,"turns":2},{"damage":21,"enemies":"Large Slime","floor":12,"turns":3},{"damage":24,"enemies":"Blue Slaver","floor":14,"turns":4},{"damage":36,"enemies":"Hexaghost","floor":16,"turns":6},{"damage":18,"enemies":"Shell Parasite","floor":18,"turns":3},{"damage":30,"enemies":"2 Thieves","floor":19,"turns":3},{"damage":18,"enemies":"Snake Plant","floor":22,"turns":3},{"damage":12,"enemies":"Book of Stabbing","floor":23,"turns":2},{"damage":18,"enemies":"Centurion and Healer","floor":24,"turns":3},{"damage":12,"enemies":"Slavers","floor":25,"turns":2},{"damage":12,"enemies":"Replay:Snechameleon","floor":27,"turns":2},{"damage":10,"enemies":"Sentry and Sphere","floor":28,"turns":2},{"damage":10,"enemies":"Masked Bandits","floor":29,"turns":2},{"damage":5,"enemies":"Book of Stabbing","floor":30,"turns":1},{"damage":5,"enemies":"Snake Plant","floor":31,"turns":1},{"damage":10,"enemies":"Collector","floor":33,"turns":2},{"damage":2,"enemies":"Orb Walker","floor":35,"turns":1},{"damage":9,"enemies":"3 Shapes","floor":36,"turns":1},{"damage":6,"enemies":"Transient","floor":37,"turns":3},{"damage":4,"enemies":"Writhing Mass","floor":38,"turns":2},{"damage":18,"enemies":"R_Hoarder","floor":40,"turns":3},{"damage":2,"enemies":"Jaw Worm Horde","floor":41,"turns":1},{"damage":11,"enemies":"Sphere and 2 Shapes","floor":44,"turns":2},{"damage":2,"enemies":"Reptomancer","floor":45,"turns":1},{"damage":8,"enemies":"Writhing Mass","floor":46,"turns":2},{"damage":14,"enemies":"4 Shapes","floor":47,"turns":2},{"damage":1,"enemies":"Nemesis","floor":48,"turns":1},{"damage":18,"enemies":"hubris:GrandSnecko","floor":50,"turns":2}],"seed_played":"-3384743201551924017","potions_obtained":[{"floor":7,"key":"Poison Potion"},{"floor":9,"key":"DuplicationPotion"},{"floor":9,"key":"Explosive Potion"}],"is_trial":false,"path_per_floor":["M","M","?","M","?","R","E","R","MIM","M","?","M","R","MIM","R","B",null,"M","M","$","?","M","E","M","E","T","E","M","?","E","M","R","B",null,"M","M","M","M","?","E","M","R","T","M","E","M","M","E","R","B"],"character_chosen":"THE_SILENT","items_purchased":["ReplayTheSpireMod:Ninjato"],"campfire_rested":0,"item_purchase_floors":[20],"current_hp_per_floor":[70,70,70,70,70,70,70,70,70,70,56,70,68,68,68,66,66,66,64,64,64,62,62,62,60,60,60,58,58,58,56,56,56,27,27,27,25,25,25,19,23,23,21,21,21,19,19,19,17,0,0],"gold":1503,"neow_bonus":"THREE_ENEMY_KILL","is_daily":false,"chose_seed":false,"campfire_upgraded":7,"win_rate":0.0,"timestamp":1610602347,"path_taken":["M","M","?","M","?","R","E","R","MIM","?","?","M","R","?","R","BOSS","M","M","$","?","M","E","M","E","T","E","M","?","E","M","R","BOSS","M","M","M","M","?","E","M","R","T","M","E","M","M","E","R","BOSS"],"items_purchased_type":["Relic"],"build_version":"2020-12-22","purchased_purges":1,"victory":false,"max_hp_per_floor":[70,70,70,70,70,70,70,70,70,70,70,70,68,68,68,66,66,66,64,64,64,62,62,62,60,60,60,58,58,58,56,56,56,27,27,27,25,25,25,23,23,23,21,21,21,19,19,19,17,17,17],"card_choices":[{"not_picked":["Dodge and Roll","Blade Dance"],"picked":"Hidden Blade","floor":1},{"not_picked":["Slice","Tactician","Eviscerate","Accuracy"],"picked":"Underhanded Strike","floor":2},{"not_picked":["Dodge and Roll","Backflip","Hidden Blade","After Image"],"picked":"Quick Slash","floor":4},{"not_picked":["Cloak And Dagger","PiercingWail","Bane","Deadly Poison"],"picked":"Accuracy","floor":7},{"not_picked":["Hidden Blade","MostiFishMod:PerfectParry","Sucker Punch","Envenom"],"picked":"Prepared","floor":9},{"not_picked":["Cloak And Dagger","PiercingWail","Outmaneuver","Hidden Blade"],"picked":"Acrobatics","floor":10},{"not_picked":["Bane","Deadly Poison","Poisoned Stab","Setup","Caltrops"],"picked":"SKIP","floor":12},{"not_picked":["Caltrops","ReplayTheSpireMod:Tripwire","Flying Knee","Deadly Poison"],"picked":"Escape Plan","floor":14},{"not_picked":["MostiFishMod:SpreadingSpore","Replay:Bag of Tricks","After Image","Die Die Die"],"picked":"Tools of the Trade","floor":16},{"not_picked":["Acrobatics","Choke+1","MostiFishMod:PerfectParry","Flying Knee"],"picked":"Accuracy+1","floor":18},{"not_picked":["PiercingWail","Reflex+1","Acrobatics","Slice+1"],"picked":"hubris:Sniper+1","floor":19},{"not_picked":["MostiFishMod:PoisonShield","MostiFishMod:PreservedThorns","MostiFishMod:SpreadingSpore","Prepared"],"picked":"Dagger Throw+1","floor":22},{"not_picked":["Setup","Dagger Throw","Atom Bomb","Skewer"],"picked":"Concentrate","floor":23},{"not_picked":["Fluid Movement+1","Dodge and Roll","Outmaneuver","Expertise"],"picked":"Tactician","floor":24},{"not_picked":["Predator+1","Quick Slash","Dagger Spray+1","Toxin Wave"],"picked":"Slice+1","floor":25},{"not_picked":["Caltrops","Setup+1","ReplayTheSpireMod:Shiv Toss","Dagger Throw"],"picked":"Blade Dance+1","floor":27},{"not_picked":["Dagger Throw","Sneak Up","hubris:SlightOfHand+1","Deflect"],"picked":"Reflex","floor":28},{"not_picked":["Bane","PiercingWail","Grand Finale","Dodge and Roll"],"picked":"Underhanded Strike+1","floor":28},{"not_picked":["Bane","Acrobatics","Blade Dance","Deflect"],"picked":"Hidden Blade","floor":29},{"not_picked":["Dagger Spray","Backflip","All Out Attack","Choke","hubris:Counter"],"picked":"SKIP","floor":30},{"not_picked":["Cloak And Dagger+1","Dagger Throw","Outmaneuver","Blur+1"],"picked":"Reflex","floor":31},{"not_picked":["Sneak Up+1","Noxious Fumes","Draining Mist","Poisoned Stab","Predator"],"picked":"SKIP","floor":31},{"not_picked":["Malaise","MostiFishMod:ShivMaster","Doppelganger","Atom Bomb"],"picked":"MostiFishMod:Wind","floor":33},{"not_picked":["Bane+1","ReplayTheSpireMod:Shiv Toss","Eviscerate","All Out Attack"],"picked":"Prepared+1","floor":35},{"not_picked":["Poisoned Stab","Flying Knee","Replay:Poison Smokescreen+1","ReplayTheSpireMod:Exploit Weakness+1"],"picked":"ReplayTheSpireMod:Scrap Shanks","floor":35},{"not_picked":["Dagger Spray","MostiFishMod:PerfectParry+1","Bouncing Flask+1","Cloak And Dagger"],"picked":"Hidden Blade","floor":36},{"not_picked":["Blade Dance","Dodge and Roll","MostiFishMod:VineMother","Bouncing Flask"],"picked":"Prepared","floor":36},{"not_picked":["Caltrops","ReplayTheSpireMod:Shiv Toss+1","Slice+1","MostiFishMod:PoisonShield"],"picked":"Blade Dance+1","floor":37},{"not_picked":["PiercingWail+1","Poisoned Stab+1","Terror","Draining Mist"],"picked":"Underhanded Strike+1","floor":37},{"not_picked":["Deadly Poison","Quick Slash+1","MostiFishMod:Opportunism","Distraction+1"],"picked":"Tactician+1","floor":38},{"not_picked":["Outmaneuver+1","Backstab+1","Replay:Poison Smokescreen+1","Backflip+1"],"picked":"ReplayTheSpireMod:Scrap Shanks","floor":38},{"not_picked":["Poisoned Stab","Dagger Throw+1","Riddle With Holes","MostiFishMod:ThornCasing+1"],"picked":"Hidden Blade+1","floor":40},{"not_picked":["Footwork+1","ReplayTheSpireMod:Scrap Shanks","Bane","Hidden Blade","Outmaneuver"],"picked":"SKIP","floor":41},{"not_picked":["Deadly Poison+1","Flying Knee+1","Caltrops","Cloak And Dagger+1","Blur"],"picked":"SKIP","floor":41},{"not_picked":["Backstab","Dagger Throw+1","Replay:Poison Smokescreen","Riddle With Holes+1"],"picked":"A Thousand Cuts","floor":44},{"not_picked":["MostiFishMod:PerfectParry+1","Fluid Movement","PiercingWail+1","ReplayTheSpireMod:The Works","Outmaneuver+1"],"picked":"SKIP","floor":44},{"not_picked":["Bane","Hidden Blade","ReplayTheSpireMod:Necrosis","Cloak And Dagger"],"picked":"Slice","floor":45},{"not_picked":["Sneak Up","Deflect+1","Dagger Throw","Infinite Blades"],"picked":"hubris:SlightOfHand+1","floor":46},{"not_picked":["MostiFishMod:ThornCasing+1","Deflect","PiercingWail+1","Hidden Blade+1"],"picked":"hubris:SlightOfHand","floor":46},{"not_picked":["Backflip+1","Dagger Spray","Flying Knee+1","Heel Hook","Dash+1"],"picked":"SKIP","floor":47},{"not_picked":["Skewer","Dodge and Roll+1","Masterful Stab","MostiFishMod:InvigoratingSolution+1","MostiFishMod:PerfectParry+1"],"picked":"SKIP","floor":47},{"not_picked":["Acrobatics+1","Footwork","ReplayTheSpireMod:Speed Training","Poisoned Stab"],"picked":"MostiFishMod:LethalBlade","floor":48}],"player_experience":292751,"relics_obtained":[{"floor":1,"key":"SynthV:TestCard"},{"floor":5,"key":"ReplayTheSpireMod:Ring of Collecting"},{"floor":7,"key":"Counterbalance"},{"floor":9,"key":"PreservedInsect"},{"floor":9,"key":"ReplayTheSpireMod:Ring of Addiction"},{"floor":9,"key":"hubris:EmptyBottle"},{"floor":9,"key":"Chameleon Ring"},{"floor":14,"key":"Replay:Bandana"},{"floor":14,"key":"Ring of Hypnosis"},{"floor":23,"key":"Replay:Bottled Snecko"},{"floor":25,"key":"Vajra"},{"floor":26,"key":"ReplayTheSpireMod:Ring of Exchange"},{"floor":26,"key":"Replay:Bottled Eggs"},{"floor":27,"key":"Prayer Wheel"},{"floor":29,"key":"Red Mask"},{"floor":30,"key":"Grinning Jar"},{"floor":40,"key":"Snake Skull"},{"floor":43,"key":"Ring of Fangs"},{"floor":43,"key":"Golden Egg"},{"floor":45,"key":"ReplayFunnel"},{"floor":48,"key":"ReplayTheSpireMod:TigerMarble"}],"event_choices":[{"damage_healed":0,"gold_gain":0,"player_choice":"Entered Light","damage_taken":14,"max_hp_gain":0,"max_hp_loss":0,"event_name":"Shining Light","floor":11,"gold_loss":0,"cards_upgraded":["Defend_G","Strike_G"]},{"damage_healed":0,"gold_gain":0,"player_choice":"Read","damage_taken":0,"max_hp_gain":0,"max_hp_loss":0,"event_name":"The Library","floor":21,"gold_loss":0,"cards_obtained":["Concentrate"]},{"damage_healed":0,"gold_gain":0,"player_choice":"Fought Bandits","damage_taken":0,"max_hp_gain":0,"max_hp_loss":0,"event_name":"Masked Bandits","floor":29,"gold_loss":0}],"is_beta":false,"boss_relics":[{"not_picked":["Runic Pyramid","aspiration:RunicSpoon"],"picked":"RhineFirstAidKit"},{"not_picked":["hubris:GrandSneckoEye","Chemical X"],"picked":"GuanYuAspect"}],"items_purged_floors":[20],"is_endless":false,"potions_floor_spawned":[7,10,12,16,23,25,27,29,30,35,40,44,47,48],"killed_by":"hubris:GrandSnecko","ascension_level":8}}