{"host":"kdt6w7ix8lwe69i9","time":1610630173,"event":{"mods":["100% Spire Juice","Bartender","BaseMod","ChefMod","Downfall","Evolution","Fiend Mod","Jorbs\u0027s Wanderer Trilogy","Minty Spire (QoL Compilation)","Reimu（博丽灵梦）","Robot Space Explorer","Shade Mod","StSLib","The Caster","The Cursed","The Disciple","The Dragon Tamer","The Druid","The Fake Hero","The Forsaken","The Gatherer","The Marked","TheBandit","TheSwordswoman"],"gold_per_floor":[112,122,197,197,197,197,207,205,257,17,27,50,50,60,60,140,140,151,426,69,19,29,29,39,55,55,65,78,105,121,153,153,253,253,273,273,273,325,325,325,356,368,391,401,434,434,466,479,479,476,476,476,9,36,33,33],"floor_reached":55,"language":"ENG","playtime":36034,"items_purged":["Regret"],"score":970,"play_id":"cecc7e62-c288-49f5-a9f5-782d1d055bf0","local_time":"20210114081613","is_ascension_mode":false,"campfire_choices":[{"data":"chefmod:OldCookbook","floor":6,"key":"SMITH"},{"floor":13,"key":"RECALL"},{"data":"chefmod:FrozenTuna","floor":15,"key":"SMITH"},{"data":"Apotheosis","floor":23,"key":"SMITH"},{"data":"chefmod:QuickThaw","floor":32,"key":"SMITH"},{"data":"chefmod:DimSum","floor":40,"key":"SMITH"},{"data":"chefmod:Fillet","floor":46,"key":"SMITH"},{"data":"chefmod:TodaysSpecial","floor":49,"key":"SMITH"},{"data":"chefmod:BleedOut","floor":52,"key":"SMITH"}],"circlet_count":0,"master_deck":["chefmod:FryPan","chefmod:QuickThaw+1","chefmod:TodaysSpecial+1","chefmod:RisingDough","chefmod:OldCookbook+1","chefmod:KnifeFlurry","chefmod:SliceAndDice","chefmod:FrozenTuna+1","chefmod:Fillet","chefmod:FireUp","chefmod:BaoBuns","chefmod:RaidPantry","CurseOfTheBell","chefmod:FireUp","Apotheosis+1","chefmod:Fillet+1","chefmod:FreezeSolid","chefmod:BleedOut","chefmod:BleedOut+1","chefmod:NoSoupForYou+1","chefmod:OldCookbook+1","chefmod:FireUp+1","chefmod:BleedOut+1","chefmod:SliceAndDice+1","chefmod:Fillet+1","chefmod:RaidPantry","chefmod:Granita","chefmod:DimSum+1","chefmod:CuttingBoard","chefmod:NewMenu","chefmod:Tenderizer+1","chefmod:Granita","chefmod:TodaysSpecial","chefmod:Fillet+1","chefmod:Gelato+1","chefmod:ColdSteel+1","Parasite","chefmod:CayenneCloud+1","chefmod:FreezerBurn+1","chefmod:Fillet+1","chefmod:Fillet+1","chefmod:SushiPlatter"],"relics":["chefmod:TrustyPot","EVO:Axolotl","YidongShenshe:ReiMu","Protect_Vest","Anchor","HornCleat","Calling Bell","Guardian:PocketSentry","Blue Candle","Choco_Feather","theForsaken:Lifeblossom","Molten Egg 2","Juzu Bracelet","Red Mask","Pandora\u0027s Box","Toy Ornithopter","CaptainsWheel","theForsaken:HumbleEgg","Ancient Tea Set","Mastiff:ReiMu","Orichalcum","Pear","Strawberry","Oddly Smooth Stone"],"acts_visited":["Exordium","TheCity","TheBeyond","TheEnding"],"potions_floor_usage":[7,16,29,30,33,38,50,55,55],"damage_taken":[{"damage":0,"enemies":"2 Louse","floor":1,"turns":2},{"damage":0,"enemies":"Cultist","floor":2,"turns":3},{"damage":14,"enemies":"Lagavulin","floor":7,"turns":7},{"damage":0,"enemies":"Jaw Worm","floor":8,"turns":2},{"damage":0,"enemies":"Gremlin Gang","floor":11,"turns":1},{"damage":0,"enemies":"Lots of Slimes","floor":14,"turns":1},{"damage":39,"enemies":"The Guardian","floor":16,"turns":11},{"damage":0,"enemies":"Shell Parasite","floor":18,"turns":1},{"damage":0,"enemies":"Chosen","floor":22,"turns":3},{"damage":1,"enemies":"Gremlin Leader","floor":24,"turns":5},{"damage":5,"enemies":"Snake Plant","floor":25,"turns":4},{"damage":15,"enemies":"Chosen and Byrds","floor":27,"turns":6},{"damage":2,"enemies":"3 Cultists","floor":28,"turns":3},{"damage":2,"enemies":"Book of Stabbing","floor":29,"turns":5},{"damage":2,"enemies":"Centurion and Healer","floor":30,"turns":5},{"damage":2,"enemies":"Masked Bandits","floor":31,"turns":2},{"damage":15,"enemies":"Champ","floor":33,"turns":12},{"damage":15,"enemies":"3 Darklings","floor":35,"turns":4},{"damage":20,"enemies":"2 Orb Walkers","floor":38,"turns":5},{"damage":1,"enemies":"Giant Head","floor":41,"turns":7},{"damage":0,"enemies":"3 Shapes","floor":42,"turns":3},{"damage":0,"enemies":"Writhing Mass","floor":44,"turns":5},{"damage":1,"enemies":"Nemesis","floor":45,"turns":7},{"damage":1,"enemies":"Giant Head","floor":47,"turns":6},{"damage":0,"enemies":"Sphere and 2 Shapes","floor":48,"turns":3},{"damage":36,"enemies":"Time Eater","floor":50,"turns":12},{"damage":29,"enemies":"Shield and Spear","floor":54,"turns":8},{"damage":102,"enemies":"The Heart","floor":55,"turns":8}],"seed_played":"7051138017199031934","potions_obtained":[{"floor":2,"key":"EssenceOfSteel"},{"floor":11,"key":"Weak Potion"},{"floor":14,"key":"FairyPotion"},{"floor":22,"key":"FearPotion"},{"floor":28,"key":"champ:CounterPotion"},{"floor":29,"key":"SkillPotion"},{"floor":31,"key":"EssenceOfSteel"},{"floor":38,"key":"EssenceOfSteel"},{"floor":44,"key":"DistilledChaos"},{"floor":54,"key":"champ:CounterPotion"}],"is_trial":false,"path_per_floor":["M","M","?","?","?","R","E","M","T","$","M","T","R","M","R","B",null,"M","?","$","?","M","R","E","M","T","M","M","E","M","?","R","B",null,"M","?","?","?","?","R","E","M","T","M","E","R","E","M","R","B",null,"R","$","E","B"],"character_chosen":"THE_CHEF","items_purchased":["HornCleat","Apotheosis","chefmod:Fillet","chefmod:FreezeSolid","chefmod:BleedOut","Pear","Strawberry"],"campfire_rested":0,"item_purchase_floors":[10,20,20,20,20,53,53],"current_hp_per_floor":[69,69,58,58,58,58,44,44,44,44,44,44,44,44,44,5,69,69,69,69,69,69,69,68,65,65,54,57,61,65,66,66,54,69,56,56,56,47,47,47,52,57,57,63,68,68,69,69,69,34,69,69,86,59,0,0],"gold":33,"neow_bonus":"TRANSFORM_TWO_CARDS","is_daily":false,"chose_seed":false,"campfire_upgraded":8,"win_rate":0.0,"timestamp":1610630173,"path_taken":["M","M","?","?","?","R","E","M","T","$","M","?","R","M","R","BOSS","M","?","?","?","M","R","E","M","T","?","M","E","M","?","R","BOSS","M","?","?","?","?","R","E","M","T","M","E","R","E","M","R","BOSS","R","$","E","BOSS"],"items_purchased_type":["Relic","Card","Card","Card","Card","Relic","Relic"],"build_version":"2020-12-22","purchased_purges":1,"victory":false,"max_hp_per_floor":[69,69,69,69,69,69,69,69,69,69,69,69,69,69,69,69,69,69,69,69,69,69,69,69,69,69,69,69,69,69,69,69,69,69,69,69,69,69,69,69,69,69,69,69,69,69,69,69,69,69,69,69,86,86,86,86],"card_choices":[{"not_picked":["chefmod:Chop","chefmod:Gelato"],"picked":"chefmod:KnifeFlurry","floor":1},{"not_picked":["chefmod:Gelato","chefmod:MonsterBait"],"picked":"chefmod:SliceAndDice","floor":2},{"not_picked":["chefmod:Defrost","chefmod:ZaruSoba"],"picked":"chefmod:FrozenTuna","floor":7},{"not_picked":["chefmod:SaveForLater","chefmod:Chop"],"picked":"chefmod:Fillet","floor":8},{"not_picked":["chefmod:Flambe","chefmod:Ratatouille"],"picked":"chefmod:FireUp","floor":11},{"not_picked":["chefmod:FryPan","chefmod:Escargot"],"picked":"chefmod:BaoBuns","floor":14},{"not_picked":["chefmod:BananaSplit","chefmod:Tenderizer"],"picked":"chefmod:RaidPantry","floor":16},{"not_picked":["chefmod:Gelato","chefmod:DinoKale"],"picked":"chefmod:FireUp","floor":18},{"not_picked":["chefmod:Defrost","chefmod:Gelato+1"],"picked":"chefmod:BleedOut","floor":22},{"not_picked":["chefmod:TonkotsuRamen","chefmod:FullCourseMeal"],"picked":"chefmod:NoSoupForYou+1","floor":24},{"not_picked":["chefmod:IcePick","chefmod:DinoKale"],"picked":"chefmod:OldCookbook+1","floor":25},{"not_picked":["chefmod:Sorbet+1","chefmod:Defrost"],"picked":"chefmod:FireUp+1","floor":27},{"not_picked":["chefmod:Defrost","chefmod:Flambe+1"],"picked":"chefmod:BleedOut+1","floor":28},{"not_picked":["chefmod:Defrost+1","chefmod:BaoBuns+1"],"picked":"chefmod:Bruschetta","floor":29},{"not_picked":["chefmod:Defrost+1","chefmod:Omelette+1"],"picked":"chefmod:SliceAndDice+1","floor":30},{"not_picked":["chefmod:IceCreamCone+1","chefmod:Sorbet"],"picked":"chefmod:Fillet+1","floor":31},{"not_picked":["chefmod:TwoForOne","chefmod:DeepFreeze"],"picked":"chefmod:RaidPantry","floor":33},{"not_picked":["chefmod:Escargot+1","chefmod:TonkotsuRamen"],"picked":"chefmod:Granita","floor":35},{"not_picked":["chefmod:Gelato","chefmod:FireUp+1"],"picked":"chefmod:Fillet+1","floor":38},{"not_picked":["chefmod:TastyDistraction","chefmod:Flambe+1"],"picked":"chefmod:Gelato+1","floor":41},{"not_picked":["chefmod:BleedOut+1","chefmod:FullBurn+1"],"picked":"chefmod:ColdSteel+1","floor":42},{"not_picked":["chefmod:Granita+1","chefmod:NewMenu"],"picked":"chefmod:CayenneCloud+1","floor":44},{"not_picked":["chefmod:ZaruSoba+1","chefmod:HotSoup+1"],"picked":"chefmod:FreezerBurn+1","floor":45},{"not_picked":["chefmod:Gelato+1","chefmod:HotSoup+1"],"picked":"chefmod:Fillet+1","floor":47},{"not_picked":["chefmod:Defrost+1","chefmod:BananaSplit"],"picked":"chefmod:Fillet+1","floor":48},{"not_picked":["chefmod:Granita+1","chefmod:SliceAndDice+1"],"picked":"chefmod:SushiPlatter","floor":54}],"player_experience":1787871,"relics_obtained":[{"floor":7,"key":"Protect_Vest"},{"floor":9,"key":"Anchor"},{"floor":17,"key":"Guardian:PocketSentry"},{"floor":17,"key":"Blue Candle"},{"floor":17,"key":"Choco_Feather"},{"floor":24,"key":"theForsaken:Lifeblossom"},{"floor":26,"key":"Molten Egg 2"},{"floor":29,"key":"Juzu Bracelet"},{"floor":31,"key":"Red Mask"},{"floor":38,"key":"CaptainsWheel"},{"floor":41,"key":"theForsaken:HumbleEgg"},{"floor":43,"key":"Ancient Tea Set"},{"floor":45,"key":"Mastiff:ReiMu"},{"floor":47,"key":"Orichalcum"},{"floor":54,"key":"Oddly Smooth Stone"}],"event_choices":[{"damage_healed":0,"gold_gain":75,"player_choice":"Gather Gold","damage_taken":11,"max_hp_gain":0,"max_hp_loss":0,"event_name":"World of Goop","floor":3,"gold_loss":0},{"damage_healed":0,"gold_gain":0,"player_choice":"Take Tiny Shrine away","damage_taken":0,"relics_obtained":["YidongShenshe:ReiMu"],"max_hp_gain":0,"max_hp_loss":0,"event_name":"yidonshenshe","floor":5,"gold_loss":0,"cards_obtained":["Poor:ReiMu"]},{"damage_healed":0,"gold_gain":275,"player_choice":"Desecrate","damage_taken":0,"max_hp_gain":0,"max_hp_loss":0,"event_name":"Golden Shrine","floor":19,"gold_loss":0,"cards_obtained":["Regret"]},{"damage_healed":0,"gold_gain":0,"player_choice":"Bet on Murderer","damage_taken":0,"max_hp_gain":0,"max_hp_loss":0,"event_name":"The Joust","floor":21,"gold_loss":50},{"damage_healed":0,"gold_gain":0,"player_choice":"Fought Bandits","damage_taken":0,"max_hp_gain":0,"max_hp_loss":0,"event_name":"Masked Bandits","floor":31,"gold_loss":0},{"damage_healed":0,"gold_gain":0,"player_choice":"Copied","damage_taken":0,"max_hp_gain":0,"max_hp_loss":0,"event_name":"Duplicator","floor":36,"gold_loss":0,"cards_obtained":["chefmod:TodaysSpecial"]},{"cards_removed":["chefmod:Bruschetta"],"damage_healed":0,"gold_gain":0,"player_choice":"Gave Card","damage_taken":0,"relics_obtained":["Toy Ornithopter"],"max_hp_gain":0,"max_hp_loss":0,"event_name":"WeMeetAgain","floor":37,"gold_loss":0},{"damage_healed":0,"gold_gain":0,"player_choice":"Fight","damage_taken":0,"max_hp_gain":0,"max_hp_loss":0,"event_name":"Mysterious Sphere","floor":38,"gold_loss":0}],"is_beta":false,"boss_relics":[{"not_picked":["chefmod:PepperMill","Fiend:Scarf"],"picked":"Calling Bell"},{"not_picked":["Black Star","Fusion Hammer"],"picked":"Pandora\u0027s Box"}],"items_purged_floors":[53],"is_endless":false,"potions_floor_spawned":[2,11,14,22,28,29,31,38,44,45,54],"killed_by":"The Heart","ascension_level":0}}