{"host":"eu5wvbbtjeiar27l","time":1610623571,"event":{"mods":["Astrologer","BaseMod","Colored Powertips","Conspire","Energized Spire","Hubris","Infinite Spire","Mad Scientist","Melee Mod","Minty Spire (QoL Compilation)","Potionbrewer","Rare Cards Sparkle","StSLib","The Construct","The Factory","The Jungle","The Runesmith","The Valiant","Treasure Hunter","themimic","vexMod"],"gold_per_floor":[66,66,41,41,58,84,84,84,84,104,137,137,137,149,149,245,245,264,276,191,207,64,64,64,64],"floor_reached":24,"language":"ENG","playtime":1414,"items_purged":[],"score":229,"play_id":"4c8206e9-3f3e-4706-a428-5a56c7115d82","local_time":"20210114112611","is_ascension_mode":false,"campfire_choices":[{"data":"Decimate","floor":7,"key":"SMITH"},{"data":"Decimate","floor":13,"key":"SMITH"},{"data":"infinitespire:Collect","floor":15,"key":"SMITH"},{"data":"GracefulSiphon","floor":23,"key":"SMITH"}],"circlet_count":0,"master_deck":["Strike_Valiant","Strike_Valiant","Strike_Valiant","Strike_Valiant","Defend_Valiant","Defend_Valiant","Defend_Valiant","Defend_Valiant","BlindingLight","MinorHealing","MinorHealing","SeekAnswers","infinitespire:Collect+1","InsightfulPrayer","Decimate+1","TH:ArmorSpikes","UnyieldingZeal","Decimate+1","Radiance","Salvation","Decimate+1","GracefulSiphon+1","GracefulSiphon+1"],"relics":["Cross Pendant","NeowsBlessing","Weakening Incense","construct:FoamFinger","Regal Pillow","construct:WeddingRing","MealTicket","vexMod:PaidLearning"],"acts_visited":["Exordium","TheCity"],"potions_floor_usage":[11,16,24,24,24],"damage_taken":[{"damage":0,"enemies":"Jaw Worm","floor":1,"turns":1},{"damage":3,"enemies":"2 Louse","floor":5,"turns":2},{"damage":0,"enemies":"3 Sentries","floor":6,"turns":1},{"damage":0,"enemies":"Small Slimes","floor":10,"turns":2},{"damage":8,"enemies":"Gremlin Nob","floor":11,"turns":3},{"damage":7,"enemies":"Blue Slaver","floor":14,"turns":3},{"damage":84,"enemies":"Hexaghost","floor":16,"turns":16},{"damage":7,"enemies":"conspire:FuzzyDice","floor":18,"turns":6},{"damage":32,"enemies":"2 Thieves","floor":19,"turns":4},{"damage":24,"enemies":"3 Cultists","floor":21,"turns":5},{"damage":120,"enemies":"Book of Stabbing","floor":24,"turns":8}],"seed_played":"-7652906354995706860","potions_obtained":[{"floor":5,"key":"potionbrewer:ToxicPotion"},{"floor":10,"key":"AttackPotion"},{"floor":16,"key":"SkillPotion"},{"floor":18,"key":"Explosive Potion"},{"floor":19,"key":"SpeedPotion"}],"is_trial":false,"path_per_floor":["M","?","?","?","M","E","R","?","T","M","E","?","R","M","R","B",null,"M","M","?","M","$","R","E"],"character_chosen":"TheValiant","items_purchased":["vexMod:PaidLearning"],"campfire_rested":0,"item_purchase_floors":[22],"current_hp_per_floor":[100,74,74,67,64,72,72,72,72,78,70,70,70,71,71,3,100,93,73,73,61,76,76,0,0],"gold":64,"neow_bonus":"THREE_ENEMY_KILL","is_daily":false,"chose_seed":false,"campfire_upgraded":4,"win_rate":0.0,"timestamp":1610623571,"path_taken":["M","?","?","?","M","E","R","?","T","M","E","?","R","M","R","BOSS","M","M","?","M","$","R","E"],"items_purchased_type":["Relic"],"build_version":"2020-12-22","purchased_purges":0,"victory":false,"max_hp_per_floor":[100,100,100,100,100,100,100,100,100,100,100,100,100,100,100,100,100,100,100,100,100,100,100,100,100],"card_choices":[{"not_picked":["DivineFavor","GracefulSiphon"],"picked":"SeekAnswers","floor":1},{"not_picked":["infinitespire:DeathsTouch","infinitespire:Starlight"],"picked":"infinitespire:Collect","floor":2},{"not_picked":["ReduceToNothing","GracefulSiphon"],"picked":"InsightfulPrayer","floor":5},{"not_picked":["TempoMaster","CombatDance"],"picked":"Decimate","floor":6},{"not_picked":["TH:CursedSword","TH:BikiniMail"],"picked":"SKIP","floor":6},{"not_picked":["TH:CopperCoins"],"picked":"TH:ArmorSpikes","floor":9},{"not_picked":["EmpoweringForce","AbandonReason"],"picked":"UnyieldingZeal","floor":10},{"not_picked":["TH:TreasureMap","TH:PixieDust"],"picked":"SKIP","floor":11},{"not_picked":["FuriousSmite","HolyStorm","Uprising"],"picked":"SKIP","floor":11},{"not_picked":["Ensoul","Desperation"],"picked":"Radiance","floor":14},{"not_picked":["AlmightySmite","PeacefulStance"],"picked":"Salvation","floor":16},{"not_picked":["DelvingPrayer","ReduceToNothing"],"picked":"Decimate","floor":18},{"not_picked":["EmpoweringForce+1","MightBracer"],"picked":"GracefulSiphon","floor":19},{"not_picked":["MightBracer","ItsSmitingTime+1"],"picked":"GracefulSiphon","floor":21}],"player_experience":155869,"relics_obtained":[{"floor":6,"key":"Weakening Incense"},{"floor":9,"key":"construct:FoamFinger"},{"floor":11,"key":"Regal Pillow"}],"event_choices":[{"cards_removed":["Strike_Valiant"],"damage_healed":0,"gold_gain":0,"player_choice":"Card Removal","damage_taken":7,"max_hp_gain":0,"max_hp_loss":0,"event_name":"Golden Wing","floor":4,"gold_loss":0},{"damage_healed":0,"gold_gain":0,"player_choice":"Ignored","damage_taken":0,"max_hp_gain":0,"max_hp_loss":0,"event_name":"Liars Game","floor":8,"gold_loss":0},{"damage_healed":0,"gold_gain":0,"player_choice":"Obtained Relic","damage_taken":0,"relics_obtained":["MealTicket"],"max_hp_gain":0,"max_hp_loss":0,"event_name":"Addict","floor":20,"gold_loss":85}],"is_beta":false,"boss_relics":[{"not_picked":["Blade Of Legend","hubris:GrandSneckoEye"],"picked":"construct:WeddingRing"}],"items_purged_floors":[],"is_endless":false,"potions_floor_spawned":[5,10,16,18,19],"killed_by":"Book of Stabbing","ascension_level":0}}