{"host":"0t7ytk9pge2ncgeb","time":1610602216,"event":{"mods":["2.2 Compatiblity","Act Like it!","Aspiration","BaseMod","BetterRewards","Conspire","Downfall","Googly Eyes","Hubris","Infinite Spire","Minty Spire (QoL Compilation)","Relic Stats","Replay The Spire","Shop Mod","Spicy Shops","StSLib","slay the spire mod where everything is the same but ironclad has a cowboy hat"],"gold_per_floor":[17,33,47,47,61,61,91,91,114,114,131,150,180,180,180,283,283,303,303,303,321,334,334,347,347,395,395,395],"floor_reached":27,"language":"ENG","playtime":2713,"items_purged":[],"score":225,"play_id":"f2cd6fa2-d8b6-48d5-ab43-583ea52d4712","local_time":"20210114003016","is_ascension_mode":false,"campfire_choices":[{"data":"A Thousand Cuts","floor":6.0,"key":"SMITH"},{"floor":10.0,"key":"REST"},{"floor":15.0,"key":"REST"},{"floor":23.0,"key":"REST"}],"circlet_count":0,"master_deck":["Strike_G","Strike_G","Strike_G","Strike_G","Strike_G","Defend_G","Defend_G","Defend_G","Defend_G","Defend_G","Neutralize","A Thousand Cuts+1","Sucker Punch","Finisher","Prepared","Fluid Movement","Dagger Throw","Blur","Prepared","hubris:Sniper","m_Survivalism","conspire:DoublingDagger","Deflect","Underhanded Strike","Accuracy"],"relics":["Ring of the Snake","Centennial Puzzle","The Specimen","Happy Flower","Oddly Smooth Stone","conspire:SlowCooker","conspire:Boomerang","hubris:ToyBattleship"],"acts_visited":["Exordium","TheCity"],"potions_floor_usage":[27,27],"damage_taken":[{"damage":1.0,"enemies":"Cultist","floor":1.0,"turns":4.0},{"damage":1.0,"enemies":"conspire:RoseBush","floor":2.0,"turns":4.0},{"damage":3.0,"enemies":"Jaw Worm","floor":3.0,"turns":3.0},{"damage":0.0,"enemies":"2 Fungi Beasts","floor":5.0,"turns":4.0},{"damage":28.0,"enemies":"Gremlin Nob","floor":7.0,"turns":5.0},{"damage":14.0,"enemies":"Exordium Wildlife","floor":11.0,"turns":5.0},{"damage":8.0,"enemies":"Red Slaver","floor":12.0,"turns":4.0},{"damage":4.0,"enemies":"3 Sentries","floor":13.0,"turns":4.0},{"damage":4.0,"enemies":"The Guardian","floor":16.0,"turns":14.0},{"damage":9.0,"enemies":"Shell Parasite","floor":18.0,"turns":7.0},{"damage":29.0,"enemies":"Spheric Guardian","floor":21.0,"turns":6.0},{"damage":24.0,"enemies":"Snake Plant","floor":22.0,"turns":8.0},{"damage":27.0,"enemies":"conspire:HollyBat","floor":24.0,"turns":6.0},{"damage":15,"enemies":"Slavers","floor":27,"turns":1}],"seed_played":"-7681128409953235787","potions_obtained":[{"floor":2.0,"key":"FearPotion"},{"floor":11.0,"key":"SkillPotion"},{"floor":13.0,"key":"SmokeBomb"},{"floor":16.0,"key":"sneckomod:MuddlingPotion"},{"floor":18.0,"key":"BlessingOfTheForge"}],"is_trial":false,"path_per_floor":["M","M","M","$","M","R","E","?","T","R","M","M","E","?","R","B",null,"M","?","T","M","M","R","M","AVR","T","E"],"character_chosen":"THE_SILENT","items_purchased":[],"campfire_rested":3,"item_purchase_floors":[],"current_hp_per_floor":[69,68,65,65,65,65,37,25,25,46,32,24,20,20,41,37,70,61,70,70,41,17,38,11,11,11,0,0],"gold":395,"neow_bonus":"THREE_RARE_CARDS","is_daily":false,"chose_seed":false,"campfire_upgraded":1,"win_rate":0.0,"timestamp":1610602216,"path_taken":["M","M","M","?","M","R","E","?","T","R","M","M","E","?","R","BOSS","M","?","?","M","M","R","?","AVR","T","E"],"items_purchased_type":[],"build_version":"2020-12-22","purchased_purges":0,"victory":false,"max_hp_per_floor":[70,70,70,70,70,70,70,70,70,70,70,70,70,70,70,70,70,70,70,70,70,70,70,70,70,70,70,70],"relic_stats":{"Centennial Puzzle":[24],"Happy Flower":[18],"counters":[14,75],"obtain_stats":[{"Centennial Puzzle":7,"The Specimen":8,"Happy Flower":9,"Oddly Smooth Stone":13,"conspire:SlowCooker":17,"conspire:Boomerang":20,"hubris:ToyBattleship":26,"Ring of the Snake":0},{"Centennial Puzzle":5,"The Specimen":5,"Happy Flower":5,"Oddly Smooth Stone":8,"conspire:SlowCooker":9,"conspire:Boomerang":10,"hubris:ToyBattleship":13,"Ring of the Snake":0},{"Centennial Puzzle":20,"The Specimen":20,"Happy Flower":20,"Oddly Smooth Stone":33,"conspire:SlowCooker":47,"conspire:Boomerang":54,"hubris:ToyBattleship":74,"Ring of the Snake":0}],"Ring of the Snake":[28]},"card_choices":[{"not_picked":["Corpse Explosion","Storm of Steel"],"picked":"A Thousand Cuts","floor":0.0},{"not_picked":["Deadly Poison","Concentrate"],"picked":"Sucker Punch","floor":1.0},{"not_picked":["Reflex","Tactician"],"picked":"Finisher","floor":2.0},{"not_picked":["Toxin Wave","Deflect"],"picked":"Prepared","floor":3.0},{"not_picked":["Deflect","Backflip"],"picked":"Fluid Movement","floor":5.0},{"not_picked":["PiercingWail","Deadly Poison"],"picked":"Dagger Throw","floor":7.0},{"not_picked":["Dagger Throw","Sucker Punch"],"picked":"Blur","floor":11.0},{"not_picked":["Dagger Spray","Masterful Stab"],"picked":"Prepared","floor":12.0},{"not_picked":["Slice","Catalyst"],"picked":"hubris:Sniper","floor":13.0},{"not_picked":["Dagger Throw","Deflect"],"picked":"conspire:DoublingDagger","floor":18.0},{"not_picked":["Bouncing Flask","ReplayTheSpireMod:Necrosis"],"picked":"Deflect","floor":21.0},{"not_picked":["Hidden Blade+1","Heel Hook"],"picked":"Underhanded Strike","floor":22.0},{"not_picked":["Concentrate","Bane+1"],"picked":"Accuracy","floor":24.0}],"player_experience":307945,"relics_obtained":[{"floor":7.0,"key":"Centennial Puzzle"},{"floor":9.0,"key":"Happy Flower"},{"floor":13.0,"key":"Oddly Smooth Stone"},{"floor":20.0,"key":"conspire:Boomerang"},{"floor":26,"key":"hubris:ToyBattleship"}],"event_choices":[{"damage_healed":0.0,"max_hp_gain":0.0,"max_hp_loss":0.0,"gold_gain":0.0,"event_name":"Scrap Ooze","player_choice":"Success","floor":8.0,"gold_loss":0.0,"damage_taken":12.0,"relics_obtained":["The Specimen"]},{"damage_healed":23.0,"max_hp_gain":0.0,"max_hp_loss":0.0,"gold_gain":0.0,"event_name":"The Library","player_choice":"Heal","floor":19.0,"gold_loss":0.0,"damage_taken":0.0}],"is_beta":false,"boss_relics":[{"not_picked":["Philosopher\u0027s Stone","Empty Cage"],"picked":"conspire:SlowCooker"}],"items_purged_floors":[],"is_endless":false,"potions_floor_spawned":[2,11,13,16,18,22],"killed_by":"Slavers","ascension_level":0}}