{"host":"swphzoo6hmc78epl","time":1610604222,"event":{"mods":["BaseMod","Highlight Path","Minty Spire (QoL Compilation)","Quick Restart"],"gold_per_floor":[114,130,3,18,18,48,48,59,114,14,25,36,211,211,211,310,310,327,338,349,363,363,363,363],"floor_reached":23,"language":"ENG","playtime":1137,"items_purged":["Strike_B","Regret"],"score":205,"play_id":"47d3fd2a-df0a-4f77-b70b-9a3b7c546831","local_time":"20210114010342","is_ascension_mode":true,"campfire_choices":[{"data":"Hologram","floor":7,"key":"SMITH"},{"data":"Streamline","floor":15,"key":"SMITH"}],"circlet_count":0,"master_deck":["Strike_B","Strike_B","Strike_B","Defend_B","Defend_B","Defend_B","Defend_B","Zap","Dualcast","Rebound","Streamline+1","Hologram+1","Sweeping Beam","Reinforced Body","Static Discharge","Hello World","Electrodynamics","Conserve Battery","Cold Snap+1","Melter"],"relics":["Sozu","White Beast Statue","Akabeko","Philosopher\u0027s Stone"],"acts_visited":["Exordium","TheCity"],"potions_floor_usage":[],"damage_taken":[{"damage":0,"enemies":"Cultist","floor":1,"turns":3},{"damage":0,"enemies":"Small Slimes","floor":2,"turns":3},{"damage":4,"enemies":"2 Louse","floor":4,"turns":2},{"damage":28,"enemies":"Lagavulin","floor":6,"turns":8},{"damage":2,"enemies":"Lots of Slimes","floor":8,"turns":3},{"damage":2,"enemies":"Blue Slaver","floor":11,"turns":2},{"damage":0,"enemies":"3 Louse","floor":12,"turns":3},{"damage":4,"enemies":"Slime Boss","floor":16,"turns":8},{"damage":6,"enemies":"Spheric Guardian","floor":18,"turns":3},{"damage":11,"enemies":"Shell Parasite","floor":19,"turns":6},{"damage":17,"enemies":"Snake Plant","floor":20,"turns":4},{"damage":20,"enemies":"Centurion and Healer","floor":21,"turns":5},{"damage":12,"enemies":"Book of Stabbing","floor":23,"turns":2}],"seed_played":"1941003148303367884","potions_obtained":[],"is_trial":false,"path_per_floor":["M","M","$","M","?","E","R","M","T","$","M","M","?","?","R","B",null,"M","M","M","M","?","E"],"character_chosen":"DEFECT","items_purchased":["Hologram"],"campfire_rested":0,"item_purchase_floors":[3],"current_hp_per_floor":[75,75,75,71,71,43,43,41,41,41,39,39,39,39,39,35,75,69,58,41,21,21,9,9],"gold":363,"neow_bonus":"BOSS_RELIC","is_daily":false,"chose_seed":false,"campfire_upgraded":2,"win_rate":0.0,"timestamp":1610604222,"path_taken":["M","M","?","M","?","E","R","M","T","$","M","M","?","?","R","BOSS","M","M","?","M","?","E"],"items_purchased_type":["Card"],"build_version":"2020-12-22","purchased_purges":2,"victory":false,"max_hp_per_floor":[75,75,75,75,75,75,75,75,75,75,75,75,75,75,75,75,75,75,75,75,75,75,75,75],"card_choices":[{"not_picked":["Static Discharge","Steam"],"picked":"Rebound","floor":1},{"not_picked":["Steam","Barrage"],"picked":"Streamline","floor":2},{"not_picked":["Glacier","Reboot"],"picked":"Sweeping Beam","floor":4},{"not_picked":["Recycle","Auto Shields"],"picked":"Reinforced Body","floor":6},{"not_picked":["Steam","Turbo"],"picked":"Static Discharge","floor":8},{"not_picked":["Stack","Redo"],"picked":"Hello World","floor":11},{"not_picked":["Redo","Scrape","Leap"],"picked":"SKIP","floor":12},{"not_picked":["Multi-Cast","Buffer"],"picked":"Electrodynamics","floor":16},{"not_picked":["Rebound","Streamline"],"picked":"Conserve Battery","floor":18},{"not_picked":["Leap","Consume","Darkness"],"picked":"SKIP","floor":19},{"not_picked":["Darkness","Turbo"],"picked":"Cold Snap+1","floor":20},{"not_picked":["Compile Driver","Tempest"],"picked":"Melter","floor":21}],"player_experience":768539,"relics_obtained":[{"floor":6,"key":"Akabeko"}],"event_choices":[{"damage_healed":0,"gold_gain":0,"player_choice":"Box","damage_taken":0,"relics_obtained":["White Beast Statue"],"max_hp_gain":0,"max_hp_loss":0,"event_name":"Big Fish","floor":5,"gold_loss":0,"cards_obtained":["Regret"]},{"damage_healed":0,"gold_gain":175,"player_choice":"AGREE","damage_taken":0,"max_hp_gain":0,"max_hp_loss":0,"event_name":"Liars Game","floor":13,"gold_loss":0,"cards_obtained":["Doubt"]},{"cards_removed":["Doubt"],"damage_healed":0,"gold_gain":0,"player_choice":"Purged","damage_taken":0,"max_hp_gain":0,"max_hp_loss":0,"event_name":"Purifier","floor":14,"gold_loss":0},{"damage_healed":0,"gold_gain":0,"player_choice":"Ignored","damage_taken":0,"max_hp_gain":0,"max_hp_loss":0,"event_name":"Vampires","floor":22,"gold_loss":0}],"is_beta":false,"boss_relics":[{"not_picked":["Busted Crown","Runic Pyramid"],"picked":"Philosopher\u0027s Stone"}],"items_purged_floors":[3,10],"is_endless":false,"potions_floor_spawned":[1,4,6,8,11,12,16,18,19,20,21],"killed_by":"Book of Stabbing","ascension_level":1}}