{"host":"hbwa3kjetxrogfq8","time":1610582984,"event":{"mods":["AchievementEnabler","BaseMod","Block Reminder","Colored Map","Colored Powertips","Dark Map","Highlight Path","Minty Spire (QoL Compilation)","Rare Cards Sparkle","Relic Stats","StSLib","Synergy Search"],"gold_per_floor":[117,117,130,148,148,148,181,181,208,208,226,240,257,270,270,373,373,373,373,373,373,22,22,22,22,22,22,22,22,22,22,22,22,22,22,22,22,22,22,22,22],"floor_reached":40,"language":"ENG","playtime":1782,"items_purged":[],"score":593,"play_id":"586fc13b-522a-4ac5-9999-0ff8a9486269","local_time":"20210114010944","is_ascension_mode":true,"campfire_choices":[{"data":"Clothesline","floor":6,"key":"SMITH"},{"data":"Bash","floor":8,"key":"SMITH"},{"floor":10,"key":"REST"},{"floor":15,"key":"REST"},{"floor":23,"key":"REST"},{"floor":25,"key":"REST"},{"data":"Berserk","floor":30,"key":"SMITH"},{"floor":32,"key":"REST"}],"circlet_count":0,"master_deck":["Strike_R","Strike_R","Strike_R","Strike_R","Strike_R","Defend_R","Defend_R","Defend_R","Defend_R","Bash+1","Inflame","Clothesline+1","Carnage","Shrug It Off","Burning Pact","Pommel Strike","Evolve","Entrench","Berserk+1","Spot Weakness","Heavy Blade","Barricade","Spot Weakness","Shrug It Off","Reaper","Metallicize","J.A.X.","Power Through+1","Fire Breathing+1","Wild Strike","Cleave+1","Seeing Red","Immolate","Wild Strike","Writhe"],"relics":["Black Blood","NeowsBlessing","Dream Catcher","Red Skull","Strawberry","Boot","Ectoplasm","Enchiridion","Eternal Feather","Vajra"],"acts_visited":["Exordium","TheCity","TheBeyond"],"potions_floor_usage":[16,16,18,20,31,40],"damage_taken":[{"damage":0.0,"enemies":"Jaw Worm","floor":1.0,"turns":1.0},{"damage":0.0,"enemies":"Small Slimes","floor":3.0,"turns":1.0},{"damage":0,"enemies":"Cultist","floor":4,"turns":1},{"damage":55,"enemies":"3 Sentries","floor":7,"turns":8},{"damage":11,"enemies":"Blue Slaver","floor":11,"turns":4},{"damage":18,"enemies":"Large Slime","floor":12,"turns":6},{"damage":13,"enemies":"3 Louse","floor":13,"turns":3},{"damage":3,"enemies":"Blue Slaver","floor":14,"turns":2},{"damage":56,"enemies":"Slime Boss","floor":16,"turns":10},{"damage":36,"enemies":"Spheric Guardian","floor":18,"turns":4},{"damage":9,"enemies":"Chosen","floor":20,"turns":4},{"damage":22,"enemies":"Snecko","floor":28,"turns":7},{"damage":39,"enemies":"Snake Plant","floor":29,"turns":5},{"damage":74,"enemies":"Gremlin Leader","floor":31,"turns":8},{"damage":39,"enemies":"Champ","floor":33,"turns":12},{"damage":35,"enemies":"3 Shapes","floor":35,"turns":3},{"damage":23,"enemies":"Orb Walker","floor":38,"turns":3},{"damage":80,"enemies":"Nemesis","floor":40,"turns":5}],"seed_played":"-549513273171182292","potions_obtained":[{"floor":4,"key":"BloodPotion"},{"floor":7,"key":"Strength Potion"},{"floor":11,"key":"ElixirPotion"},{"floor":16,"key":"AttackPotion"},{"floor":20,"key":"Fruit Juice"},{"floor":28,"key":"PowerPotion"},{"floor":33,"key":"PowerPotion"},{"floor":35,"key":"Ancient Potion"}],"is_trial":false,"path_per_floor":["M","?","M","M","?","R","E","R","T","R","M","M","M","M","R","B",null,"M","?","M","?","$","R","?","R","T","$","M","M","R","E","R","B",null,"M","?","?","M","?","E"],"character_chosen":"IRONCLAD","items_purchased":["Barricade","Spot Weakness","Shrug It Off","Reaper"],"campfire_rested":5,"item_purchase_floors":[22,22,22,22],"current_hp_per_floor":[78,60,66,72,72,72,30,30,30,56,51,39,32,35,61,28,72,42,42,44,28,28,55,55,82,82,82,76,43,61,16,61,41,79,56,79,79,68,68,0,0],"gold":22,"neow_bonus":"THREE_ENEMY_KILL","is_daily":false,"chose_seed":false,"campfire_upgraded":3,"win_rate":0.0,"timestamp":1610582984,"path_taken":["M","?","M","M","?","R","E","R","T","R","M","M","?","M","R","BOSS","M","?","M","?","$","R","?","R","T","$","M","M","R","E","R","BOSS","M","?","?","?","?","E"],"items_purchased_type":["Card","Card","Card","Card"],"build_version":"2020-12-22","purchased_purges":0,"victory":false,"max_hp_per_floor":[80,80,80,80,80,80,87,87,87,87,87,87,87,87,87,87,87,87,87,92,92,92,92,92,92,92,92,92,92,92,92,92,92,92,92,92,92,92,92,92,92],"relic_stats":{"Dream Catcher":5,"counters":[18,87],"Black Blood":114,"Eternal Feather":36,"Ectoplasm":596,"Boot":[8],"obtain_stats":[{"Dream Catcher":2,"NeowsBlessing":0,"Strawberry":7,"Enchiridion":21,"Vajra":31,"Black Blood":34,"Eternal Feather":26,"Ectoplasm":17,"Boot":9,"Burning Blood":0,"Red Skull":5},{"Dream Catcher":1,"NeowsBlessing":0,"Strawberry":4,"Enchiridion":11,"Vajra":14,"Black Blood":15,"Eternal Feather":11,"Ectoplasm":9,"Boot":4,"Burning Blood":0,"Red Skull":3},{"Dream Catcher":1,"NeowsBlessing":0,"Strawberry":11,"Enchiridion":44,"Vajra":64,"Black Blood":76,"Eternal Feather":44,"Ectoplasm":36,"Boot":11,"Burning Blood":0,"Red Skull":3}]},"card_choices":[{"not_picked":["Armaments","Body Slam"],"picked":"Havoc","floor":1.0},{"not_picked":["Wild Strike","Clothesline"],"picked":"Inflame","floor":3},{"not_picked":["Blood for Blood","Metallicize"],"picked":"Clothesline","floor":4},{"not_picked":["Perfected Strike","Shockwave"],"picked":"Carnage","floor":7},{"not_picked":["Headbutt","Intimidate"],"picked":"Shrug It Off","floor":10},{"not_picked":["Perfected Strike","Exhume"],"picked":"Burning Pact","floor":11},{"not_picked":["Seeing Red","Headbutt"],"picked":"Pommel Strike","floor":12},{"not_picked":["Feel No Pain","Pommel Strike","Heavy Blade"],"picked":"SKIP","floor":13},{"not_picked":["True Grit","Clothesline"],"picked":"Evolve","floor":14},{"not_picked":["Intimidate","Pummel"],"picked":"Entrench","floor":15},{"not_picked":["Double Tap","Brutality"],"picked":"Berserk","floor":16},{"not_picked":["Perfected Strike","Havoc"],"picked":"Carnage","floor":18},{"not_picked":["Shrug It Off+1","Perfected Strike"],"picked":"Heavy Blade","floor":20},{"not_picked":["Wild Strike","Headbutt"],"picked":"Metallicize","floor":23},{"not_picked":["Pummel","True Grit+1"],"picked":"Power Through+1","floor":25},{"not_picked":["True Grit","Iron Wave+1"],"picked":"Fire Breathing+1","floor":28},{"not_picked":["Clothesline","Rupture"],"picked":"Wild Strike","floor":29},{"not_picked":["Body Slam","Headbutt+1"],"picked":"Cleave+1","floor":31},{"not_picked":["Rage","Infernal Blade"],"picked":"Seeing Red","floor":32},{"not_picked":["Double Tap","Fiend Fire"],"picked":"Immolate","floor":33},{"not_picked":["Dropkick+1","Clothesline"],"picked":"Wild Strike","floor":35},{"not_picked":["Warcry","True Grit+1","Dark Embrace"],"picked":"SKIP","floor":38}],"player_experience":640202,"relics_obtained":[{"floor":7,"key":"Strawberry"},{"floor":9,"key":"Boot"},{"floor":21,"key":"Enchiridion"},{"floor":26,"key":"Eternal Feather"},{"floor":31,"key":"Vajra"}],"event_choices":[{"damage_healed":0.0,"max_hp_gain":0.0,"max_hp_loss":0.0,"gold_gain":0.0,"event_name":"Scrap Ooze","player_choice":"Success","floor":2.0,"gold_loss":0.0,"damage_taken":18.0,"relics_obtained":["Dream Catcher"]},{"cards_removed":["Havoc"],"damage_healed":0,"gold_gain":0,"player_choice":"Gave Card","damage_taken":0,"relics_obtained":["Red Skull"],"max_hp_gain":0,"max_hp_loss":0,"event_name":"WeMeetAgain","floor":5,"gold_loss":0},{"damage_healed":0,"gold_gain":0,"player_choice":"Read","damage_taken":0,"max_hp_gain":0,"max_hp_loss":0,"event_name":"The Library","floor":19,"gold_loss":0,"cards_obtained":["Spot Weakness"]},{"damage_healed":0,"gold_gain":0,"player_choice":"Obtained Book","damage_taken":16,"max_hp_gain":0,"max_hp_loss":0,"event_name":"Cursed Tome","floor":21,"gold_loss":0},{"damage_healed":0,"gold_gain":0,"player_choice":"Obtain J.A.X.","damage_taken":0,"max_hp_gain":0,"max_hp_loss":0,"event_name":"Drug Dealer","floor":24,"gold_loss":0,"cards_obtained":["J.A.X."]},{"damage_healed":23,"gold_gain":0,"player_choice":"Writhe","damage_taken":0,"max_hp_gain":0,"max_hp_loss":0,"event_name":"Winding Halls","floor":36,"gold_loss":0,"cards_obtained":["Writhe"]},{"damage_healed":0,"gold_gain":300,"player_choice":"Gold","damage_taken":0,"max_hp_gain":0,"max_hp_loss":0,"event_name":"Wheel of Change","floor":37,"gold_loss":0},{"cards_removed":["Carnage"],"damage_healed":0,"gold_gain":0,"player_choice":"Removed Attack","damage_taken":0,"max_hp_gain":0,"max_hp_loss":0,"event_name":"Falling","floor":39,"gold_loss":0}],"is_beta":false,"boss_relics":[{"not_picked":["Pandora\u0027s Box","Black Star"],"picked":"Ectoplasm"},{"not_picked":["Astrolabe","Velvet Choker"],"picked":"Black Blood"}],"items_purged_floors":[],"is_endless":false,"potions_floor_spawned":[4,7,11,16,20,28,33,35],"killed_by":"Nemesis","ascension_level":8}}