{"host":"e1pm3b7xpcm97e5w","time":1610654088,"event":{"mods":["BaseMod","Better Skull","Googly Eyes","Minty Spire (QoL Compilation)","Relic Stats","Shop Mod","Spicy Shops","StSLib"],"gold_per_floor":[115,115,132,132,143,173,173,192,192,192,221,239,239,256,256,333,333,305,324,324,49,66,66,66],"floor_reached":23,"language":"ENG","playtime":882,"items_purged":[],"score":376,"play_id":"810587c0-fd1c-4db6-87c2-a3dcf402d85f","local_time":"20210114145448","is_ascension_mode":true,"campfire_choices":[{"data":"True Grit","floor":7,"key":"SMITH"},{"data":"Double Tap","floor":10,"key":"SMITH"},{"data":"Intimidate","floor":13,"key":"SMITH"},{"floor":15,"key":"REST"}],"circlet_count":0,"master_deck":["AscendersBane","Strike_R","Defend_R","Defend_R","Defend_R","Defend_R","Bash+1","Iron Wave","Twin Strike","Shrug It Off","True Grit+1","Double Tap+1","Intimidate+1","Cleave","Feed","Rampage+1","Barricade+1","Demon Form+1","Sword Boomerang"],"relics":["Burning Blood","Champion Belt","Peace Pipe","StoneCalendar","Astrolabe","Frozen Eye"],"acts_visited":["Exordium","TheCity"],"potions_floor_usage":[6,11,22,23],"damage_taken":[{"damage":9,"enemies":"Jaw Worm","floor":1,"turns":4},{"damage":2,"enemies":"Cultist","floor":3,"turns":4},{"damage":0,"enemies":"2 Louse","floor":5,"turns":2},{"damage":35,"enemies":"Lagavulin","floor":6,"turns":4},{"damage":11,"enemies":"Blue Slaver","floor":8,"turns":5},{"damage":17,"enemies":"Gremlin Nob","floor":11,"turns":4},{"damage":6,"enemies":"Looter","floor":12,"turns":3},{"damage":8,"enemies":"Large Slime","floor":14,"turns":4},{"damage":41,"enemies":"Hexaghost","floor":16,"turns":13},{"damage":15,"enemies":"2 Thieves","floor":18,"turns":4},{"damage":6,"enemies":"Chosen","floor":19,"turns":6},{"damage":12,"enemies":"Snecko","floor":22,"turns":5},{"damage":44,"enemies":"Gremlin Leader","floor":23,"turns":4}],"seed_played":"9113672692850422476","potions_obtained":[{"floor":0,"key":"AttackPotion"},{"floor":0,"key":"SpeedPotion"},{"floor":8,"key":"BlessingOfTheForge"},{"floor":11,"key":"DistilledChaos"},{"floor":22,"key":"Fire Potion"}],"is_trial":false,"path_per_floor":["M","?","M","?","M","E","R","M","T","R","E","M","R","M","R","B",null,"M","M","?","$","M","E"],"character_chosen":"IRONCLAD","items_purchased":["Sword Boomerang","Frozen Eye"],"campfire_rested":1,"item_purchase_floors":[21,21],"current_hp_per_floor":[65,65,69,65,71,42,42,37,37,37,26,26,26,24,46,11,59,50,50,50,50,44,0,0],"gold":66,"neow_bonus":"THREE_SMALL_POTIONS","is_daily":false,"chose_seed":false,"campfire_upgraded":3,"win_rate":0.0,"timestamp":1610654088,"path_taken":["M","?","M","?","M","E","R","?","T","R","E","M","R","M","R","BOSS","M","?","?","$","M","E"],"items_purchased_type":["Card","Relic"],"build_version":"2020-12-22","purchased_purges":0,"victory":false,"max_hp_per_floor":[75,75,75,75,75,75,75,75,75,75,75,75,75,75,75,75,75,75,75,75,75,75,75,75],"relic_stats":{"Peace Pipe":0,"counters":[13,62],"Astrolabe":["Rampage","Barricade","Demon Form"],"StoneCalendar":[52],"Champion Belt":[9],"obtain_stats":[{"Peace Pipe":9,"Frozen Eye":21,"Astrolabe":17,"StoneCalendar":11,"Champion Belt":6,"Burning Blood":0},{"Peace Pipe":5,"Frozen Eye":11,"Astrolabe":9,"StoneCalendar":6,"Champion Belt":4,"Burning Blood":0},{"Peace Pipe":19,"Frozen Eye":53,"Astrolabe":43,"StoneCalendar":23,"Champion Belt":14,"Burning Blood":0}],"Burning Blood":72},"card_choices":[{"not_picked":["Infernal Blade","Warcry"],"picked":"Iron Wave","floor":1},{"not_picked":["Havoc","Wild Strike"],"picked":"Twin Strike","floor":3},{"not_picked":["Headbutt","Warcry"],"picked":"Shrug It Off","floor":5},{"not_picked":["Warcry","Iron Wave"],"picked":"True Grit","floor":6},{"not_picked":["Heavy Blade","Ghostly Armor"],"picked":"Double Tap","floor":8},{"not_picked":["Perfected Strike","Iron Wave"],"picked":"Intimidate","floor":11},{"not_picked":["Twin Strike","Perfected Strike"],"picked":"Cleave","floor":12},{"not_picked":["Warcry","Perfected Strike","Clothesline"],"picked":"SKIP","floor":14},{"not_picked":["Fiend Fire","Reaper"],"picked":"Feed","floor":16},{"not_picked":["Rampage","Fire Breathing","Perfected Strike"],"picked":"SKIP","floor":18},{"not_picked":["Blood for Blood","True Grit","Infernal Blade"],"picked":"SKIP","floor":19},{"not_picked":["Warcry","Perfected Strike","Wild Strike+1"],"picked":"SKIP","floor":22}],"player_experience":535103,"relics_obtained":[{"floor":6,"key":"Champion Belt"},{"floor":9,"key":"Peace Pipe"},{"floor":11,"key":"StoneCalendar"}],"event_choices":[{"damage_healed":0,"gold_gain":0,"player_choice":"Grow","damage_taken":0,"max_hp_gain":0,"max_hp_loss":0,"event_name":"Living Wall","floor":2,"gold_loss":0,"cards_upgraded":["Bash"]},{"damage_healed":0,"gold_gain":0,"player_choice":"Bought 0 Potions","damage_taken":0,"max_hp_gain":0,"max_hp_loss":0,"event_name":"The Woman in Blue","floor":4,"gold_loss":0},{"cards_removed":["Strike_R"],"damage_healed":0,"gold_gain":0,"player_choice":"Offered Basic","damage_taken":0,"max_hp_gain":0,"max_hp_loss":0,"event_name":"Bonfire Elementals","floor":20,"gold_loss":0}],"is_beta":false,"boss_relics":[{"not_picked":["Tiny House","Cursed Key"],"picked":"Astrolabe"}],"items_purged_floors":[],"is_endless":false,"potions_floor_spawned":[8,11,12,14,22],"killed_by":"Gremlin Leader","ascension_level":17}}