{"host":"z9mq1tf06lkrncmk","time":1610654338,"event":{"mods":["BaseMod","Downfall","Minty Spire (QoL Compilation)","StSLib"],"gold_per_floor":[399,415,415,429,446,446,446,459,487,487,517,517,517,530,544,640,640,640,653,653,196,220,145,227,238,238,238,143,68,83,111,132,237,287,212,238,284,295,304,322,322,322,337,350,350,371,371,371,389,389],"floor_reached":51,"language":"ENG","playtime":3344,"items_purged":["Guardian:Strike_Guardian"],"score":765,"play_id":"af67a269-da2f-4083-af75-fe7dcc517536","local_time":"20210114145858","is_ascension_mode":true,"campfire_choices":[{"data":"Guardian:TwinSlam","floor":1,"key":"SMITH"},{"floor":10,"key":"REST"},{"floor":13,"key":"REST"},{"floor":18,"key":"RECALL"},{"data":"Guardian:FloatingOrbs","floor":23,"key":"SMITH"},{"data":"Guardian:PiercingHide","floor":29,"key":"SMITH"},{"data":"Guardian:RevengeProtocol","floor":35,"key":"SMITH"},{"data":"Guardian:GuardianWhirl","floor":42,"key":"SMITH"},{"data":"Guardian:EvasiveProtocol","floor":47,"key":"SMITH"}],"circlet_count":0,"master_deck":["Guardian:Strike_Guardian","Guardian:Strike_Guardian","Guardian:Strike_Guardian+1","Guardian:Defend_Guardian","Guardian:Defend_Guardian","Guardian:Defend_Guardian","Guardian:Defend_Guardian","Guardian:CurlUp","Guardian:TwinSlam+1","Guardian:GuardianWhirl+1","Guardian:PiercingHide+1","Guardian:RollAttack","Guardian:FloatingOrbs+1","Guardian:Recover+1","Guardian:StasisField+1","Guardian:Harden+1","Guardian:StasisField+1","Guardian:Repulse+1","Finesse+1","Guardian:RevengeProtocol+1","Guardian:EvasiveProtocol+1","expansioncontent:YouAreMine+1","Guardian:DecasProtection+1"],"relics":["Guardian:ModeShifter","Old Coin","Akabeko","Mummified Hand","Toxic Egg 2","Sozu","DollysMirror","CeramicFish","downfall:HeartBlessingRed","downfall:RedIOU","downfall:KnowingSkull","downfall:HeartBlessingBlue","Eternal Feather","Tiny House","downfall:HeartBlessingGreen","Thread and Needle","Question Card","Smiling Mask"],"acts_visited":["Exordium","TheCity","TheBeyond"],"potions_floor_usage":[9,11,16,37],"damage_taken":[{"damage":2,"enemies":"2 Louse","floor":2,"turns":3},{"damage":0,"enemies":"Small Slimes","floor":4,"turns":3},{"damage":6,"enemies":"Jaw Worm","floor":5,"turns":3},{"damage":3,"enemies":"Large Slime","floor":8,"turns":5},{"damage":14,"enemies":"Gremlin Nob","floor":9,"turns":3},{"damage":26,"enemies":"Lagavulin","floor":11,"turns":6},{"damage":0,"enemies":"Lots of Slimes","floor":14,"turns":1},{"damage":5,"enemies":"Exordium Thugs","floor":15,"turns":6},{"damage":21,"enemies":"downfall:Defect","floor":16,"turns":6},{"damage":8,"enemies":"Shell Parasite","floor":19,"turns":5},{"damage":0,"enemies":"downfall:FleeingMerchant","floor":21,"turns":4},{"damage":0,"enemies":"Spheric Guardian","floor":22,"turns":4},{"damage":0,"enemies":"Shelled Parasite and Fungi","floor":25,"turns":3},{"damage":1,"enemies":"downfall:FleeingMerchant","floor":28,"turns":4},{"damage":0,"enemies":"Cultist and Chosen","floor":30,"turns":5},{"damage":6,"enemies":"Book of Stabbing","floor":31,"turns":5},{"damage":0,"enemies":"Snecko","floor":32,"turns":6},{"damage":39,"enemies":"downfall:Ironclad","floor":33,"turns":10},{"damage":3,"enemies":"3 Shapes","floor":36,"turns":2},{"damage":1,"enemies":"2 Orb Walkers","floor":37,"turns":4},{"damage":4,"enemies":"3 Darklings","floor":38,"turns":4},{"damage":1,"enemies":"4 Shapes","floor":40,"turns":5},{"damage":7,"enemies":"Transient","floor":43,"turns":5},{"damage":6,"enemies":"Writhing Mass","floor":44,"turns":5},{"damage":0,"enemies":"Jaw Worm Horde","floor":46,"turns":4},{"damage":1,"enemies":"3 Darklings","floor":49,"turns":4},{"damage":23,"enemies":"downfall:Silent","floor":50,"turns":10}],"seed_played":"3606523760602312781","potions_obtained":[{"floor":2,"key":"Energy Potion"},{"floor":4,"key":"champ:CounterPotion"},{"floor":11,"key":"CultistPotion"},{"floor":16,"key":"Energy Potion"}],"is_trial":false,"path_per_floor":["R","M","?","M","M","?","T","M","E","R","E","?","R","M","M","B",null,"R","M","?","$","M","R","T","M","?","?","$","R","M","E","M","B",null,"R","M","?","M","?","M","T","R","M","M","?","M","R","T","M","B",null],"character_chosen":"GUARDIAN","items_purchased":["Guardian:Harden+1","DollysMirror","CeramicFish","Finesse+1"],"campfire_rested":2,"item_purchase_floors":[21,21,21,28],"current_hp_per_floor":[72,70,67,67,61,61,61,58,44,65,39,39,60,60,55,34,72,72,64,64,64,64,64,64,64,64,56,55,65,65,59,59,20,87,87,84,83,79,79,78,78,87,80,74,74,74,86,86,87,64],"gold":389,"neow_bonus":"ONE_RARE_RELIC","is_daily":false,"chose_seed":false,"campfire_upgraded":6,"win_rate":0.0,"timestamp":1610654338,"path_taken":["R","M","?","M","M","?","T","M","E","R","E","?","R","M","M","BOSS","R","M","?","$","M","R","T","M","?","?","$","R","?","E","M","BOSS","R","M","?","M","?","?","T","R","M","M","?","M","R","?","M","BOSS"],"items_purchased_type":["Card","Relic","Relic","Card"],"build_version":"2020-12-22","purchased_purges":1,"victory":true,"max_hp_per_floor":[72,72,72,72,72,72,72,72,72,72,72,72,72,72,72,72,72,72,72,72,72,72,72,72,72,72,72,72,82,82,82,82,82,87,87,87,87,87,87,87,87,87,87,87,87,87,87,87,87,87],"card_choices":[{"not_picked":["Guardian:DonusPower","Guardian:TemporalShield"],"picked":"Guardian:GuardianWhirl","floor":2},{"not_picked":["Guardian:RefractedBeam","Guardian:PolyBeam"],"picked":"Guardian:PiercingHide","floor":4},{"not_picked":["Guardian:Reroute","Guardian:TemporalShield"],"picked":"Guardian:RollAttack","floor":5},{"not_picked":["Guardian:GuardianWhirl","Guardian:PrismaticBarrier"],"picked":"Guardian:Gem_Green","floor":8},{"not_picked":["Guardian:Repulse","Guardian:PrimingBeam"],"picked":"Guardian:FloatingOrbs","floor":9},{"not_picked":["Guardian:RefractedBeam","Guardian:Gem_Yellow"],"picked":"Guardian:Recover+1","floor":11},{"not_picked":["Guardian:RollAttack","Guardian:VentSteam+1"],"picked":"Guardian:Gem_Cyan","floor":14},{"not_picked":["Guardian:GuardianWhirl","Guardian:AncientConstruct"],"picked":"Guardian:Gem_Red","floor":15},{"not_picked":["Guardian:FastForward+1","Guardian:Gem_Orange"],"picked":"Guardian:StasisField+1","floor":16},{"not_picked":["Guardian:Emergency+1","Guardian:Reroute","Guardian:WalkerClaw+1"],"picked":"SKIP","floor":19},{"not_picked":["Guardian:Incinerate","Guardian:Recover+1"],"picked":"Guardian:Gem_Blue","floor":21},{"not_picked":["Guardian:CrystalBeam+1","Guardian:Recover+1"],"picked":"Guardian:Gem_White","floor":22},{"not_picked":["Guardian:Preprogram+1","Guardian:DecasProtection+1","Guardian:VentSteam+1"],"picked":"SKIP","floor":25},{"not_picked":["Guardian:Gem_Red","Guardian:RefractedBeam"],"picked":"Guardian:Repulse+1","floor":28},{"not_picked":["Guardian:Repulse","Guardian:BronzeOrb","Guardian:DonusPower+1"],"picked":"SKIP","floor":30},{"not_picked":["Guardian:VentSteam+1","Guardian:CrystalBeam","Guardian:TemporalStrike"],"picked":"SKIP","floor":31},{"not_picked":["Guardian:PiercingHide+1","Guardian:ChargeCore"],"picked":"Guardian:RevengeProtocol","floor":32},{"not_picked":["Guardian:Planning+1","Guardian:Gem_Yellow"],"picked":"Guardian:EvasiveProtocol","floor":36},{"not_picked":["Guardian:VentSteam+1","Guardian:Repulse","Guardian:StasisField+1"],"picked":"SKIP","floor":38},{"not_picked":["expansioncontent:Hexaburn","expansioncontent:GoopSpray+1"],"picked":"expansioncontent:YouAreMine+1","floor":39},{"not_picked":["Guardian:VentSteam+1","Guardian:ChargeCore+1","Guardian:ShieldCharger+1"],"picked":"SKIP","floor":40},{"not_picked":["Guardian:ShieldCharger+1","Guardian:Suspension+1","Guardian:TimeBomb+1","Guardian:VentSteam+1"],"picked":"SKIP","floor":43},{"not_picked":["Guardian:RollAttack+1","Guardian:Gem_Blue","Guardian:Gem_Red","Guardian:PrimingBeam"],"picked":"SKIP","floor":44},{"not_picked":["Guardian:PolyBeam","Guardian:PiercingHide+1","Guardian:FloatingOrbs+1"],"picked":"Guardian:DecasProtection+1","floor":46},{"not_picked":["Guardian:TemporalShield+1","Guardian:RollAttack+1","Guardian:GemFire","Guardian:CrystalBeam"],"picked":"SKIP","floor":49}],"player_experience":357294,"relics_obtained":[{"floor":7,"key":"Anchor"},{"floor":9,"key":"Mummified Hand"},{"floor":11,"key":"Toxic Egg 2"},{"floor":31,"key":"Eternal Feather"},{"floor":37,"key":"Thread and Needle"},{"floor":41,"key":"Question Card"},{"floor":48,"key":"Smiling Mask"}],"event_choices":[{"damage_healed":0,"gold_gain":0,"player_choice":"Success","damage_taken":3,"relics_obtained":["Akabeko"],"max_hp_gain":0,"max_hp_loss":0,"event_name":"Scrap Ooze","floor":3,"gold_loss":0},{"damage_healed":0,"gold_gain":0,"player_choice":"Fight","damage_taken":0,"max_hp_gain":0,"max_hp_loss":0,"event_name":"Mysterious Sphere","floor":37,"gold_loss":0}],"is_beta":false,"boss_relics":[{"not_picked":["Empty Cage","SacredBark"],"picked":"Sozu"},{"not_picked":["Snecko Eye","Astrolabe"],"picked":"Tiny House"}],"items_purged_floors":[21],"is_endless":false,"potions_floor_spawned":[2,4,11,16,22,31,32,33,40,46],"ascension_level":1}}