{"host":"dl7h25vjpuplx29g","time":1610654474,"event":{"mods":["BaseMod","Colored Map","Minty Spire (QoL Compilation)","StSLib"],"gold_per_floor":[18,18,29,41,56,84,84,84,108,143,143,182,182,198,198,279,306,330,43,0,0],"floor_reached":20,"language":"JPN","playtime":1322,"items_purged":[],"score":346,"play_id":"d30c72c4-ab17-4f95-933b-1983e6d7fbff","local_time":"20210115050114","is_ascension_mode":true,"campfire_choices":[{"floor":7,"key":"REST"},{"floor":11,"key":"REST"},{"floor":15,"key":"REST"}],"circlet_count":0,"master_deck":["AscendersBane","Defend_B","Defend_B","Defend_B","Defend_B","Zap","Dualcast","Sadistic Nature","Lockon","Rip and Tear","Sweeping Beam","Cold Snap","Coolheaded+1","Capacitor","Rebound","Turbo","All For One","Amplify+1","Hologram+1","Rainbow+1","Ball Lightning"],"relics":["Cracked Core","Nunchaku","Juzu Bracelet","PreservedInsect","Letter Opener","CeramicFish","Astrolabe","Toxic Egg 2"],"acts_visited":["Exordium","TheCity"],"potions_floor_usage":[10,20],"damage_taken":[{"damage":0,"enemies":"2 Louse","floor":1,"turns":3},{"damage":4,"enemies":"Jaw Worm","floor":3,"turns":3},{"damage":0,"enemies":"Cultist","floor":4,"turns":3},{"damage":19,"enemies":"Lots of Slimes","floor":5,"turns":3},{"damage":22,"enemies":"Lagavulin","floor":6,"turns":7},{"damage":18,"enemies":"Gremlin Nob","floor":10,"turns":3},{"damage":17,"enemies":"3 Sentries","floor":12,"turns":5},{"damage":6,"enemies":"Blue Slaver","floor":14,"turns":2},{"damage":39,"enemies":"Slime Boss","floor":16,"turns":8},{"damage":21,"enemies":"Chosen","floor":18,"turns":5},{"damage":42,"enemies":"2 Thieves","floor":20,"turns":3}],"seed_played":"-9086753822071655693","potions_obtained":[{"floor":3,"key":"SpeedPotion"},{"floor":5,"key":"Explosive Potion"}],"is_trial":false,"path_per_floor":["M","?","M","M","M","E","R","T","T","E","R","E","?","M","R","B",null,"M","$","M"],"character_chosen":"DEFECT","items_purchased":["Toxic Egg 2"],"campfire_rested":3,"item_purchase_floors":[19],"current_hp_per_floor":[64,64,60,60,41,19,40,40,40,22,43,26,26,20,41,2,54,33,33,0,0],"gold":0,"neow_bonus":"RANDOM_COLORLESS_2","is_daily":false,"chose_seed":false,"campfire_upgraded":0,"win_rate":0.0,"timestamp":1610654474,"path_taken":["M","?","M","M","M","E","R","?","T","E","R","E","?","M","R","BOSS","M","?","M"],"items_purchased_type":["Relic"],"build_version":"2020-12-22","purchased_purges":0,"victory":false,"max_hp_per_floor":[71,71,71,71,71,71,71,71,71,71,71,71,71,71,71,71,71,71,71,71,71],"card_choices":[{"not_picked":["Violence","Mayhem"],"picked":"Sadistic Nature","floor":0},{"not_picked":["BootSequence","Scrape"],"picked":"Lockon","floor":1},{"not_picked":["Turbo","Hologram"],"picked":"Sweeping Beam","floor":3},{"not_picked":["Turbo","Streamline"],"picked":"Cold Snap","floor":4},{"not_picked":["Turbo","Sweeping Beam"],"picked":"Coolheaded","floor":5},{"not_picked":["Stack","Multi-Cast"],"picked":"Capacitor","floor":6},{"not_picked":["Barrage","Hologram"],"picked":"Rebound","floor":10},{"not_picked":["Steam","Lockon"],"picked":"Turbo","floor":12},{"not_picked":["Storm","Scrape","Lockon"],"picked":"SKIP","floor":14},{"not_picked":["Rainbow","Amplify"],"picked":"All For One","floor":16},{"not_picked":["Go for the Eyes","Beam Cell"],"picked":"Ball Lightning","floor":18}],"player_experience":1627925,"relics_obtained":[{"floor":6,"key":"Nunchaku"},{"floor":8,"key":"Juzu Bracelet"},{"floor":9,"key":"PreservedInsect"},{"floor":10,"key":"Letter Opener"},{"floor":12,"key":"CeramicFish"}],"event_choices":[{"damage_healed":0,"gold_gain":0,"cards_transformed":["Strike_B"],"player_choice":"Change","damage_taken":0,"max_hp_gain":0,"max_hp_loss":0,"event_name":"Living Wall","floor":2,"gold_loss":0,"cards_obtained":["Rip and Tear"]},{"damage_healed":0,"gold_gain":0,"player_choice":"Upgraded","damage_taken":0,"max_hp_gain":0,"max_hp_loss":0,"event_name":"Upgrade Shrine","floor":13,"gold_loss":0,"cards_upgraded":["Coolheaded"]}],"is_beta":false,"boss_relics":[{"not_picked":["Runic Dome","Tiny House"],"picked":"Astrolabe"}],"items_purged_floors":[],"is_endless":false,"potions_floor_spawned":[3,5],"killed_by":"2 Thieves","ascension_level":16}}