{"host":"qm4rv4rkpk76sbxu","time":1610622814,"event":{"mods":["BaseMod","Bestiary","Block Reminder","DeckTracker","Filter the Spire","Keyboard Shortcuts","Minty Spire (QoL Compilation)","MonsterHotkey","Quick Restart","Relic Stats","Slay-I","StSLib","ojb\u0027s Better Paths Mod","ojb\u0027s Info Mod"],"gold_per_floor":[14,14,31,50,63,63,63,78,78,94,94,169,9,39,39,114,114,124,144,34,54,54,54,81,81,149,180,197,211,239,254,254,254,254],"floor_reached":33,"language":"ENG","playtime":1872,"items_purged":[],"score":768,"play_id":"80da49bf-ef16-4e22-a60e-9e729cccc628","local_time":"20210114121334","is_ascension_mode":true,"campfire_choices":[{"data":"Blade Dance","floor":6.0,"key":"SMITH"},{"data":"Finisher","floor":15.0,"key":"SMITH"},{"data":"Night Terror","floor":23.0,"key":"SMITH"},{"data":"After Image","floor":25.0,"key":"SMITH"},{"floor":32.0,"key":"REST"}],"circlet_count":0,"master_deck":["AscendersBane","Strike_G","Strike_G","Strike_G","Defend_G","Defend_G","Defend_G","Defend_G","Defend_G","Survivor","Neutralize","Finisher+1","Underhanded Strike","Blade Dance+1","Night Terror","Dagger Throw+1","Poisoned Stab","Dagger Throw","Footwork","After Image+1","Setup+1","Predator","Leg Sweep+1","Night Terror+1","Malaise","Escape Plan","A Thousand Cuts+1","Corpse Explosion"],"relics":["Ring of the Snake","Dead Branch","Pear","Ancient Tea Set","White Beast Statue","Philosopher\u0027s Stone","Blue Candle","Frozen Egg 2","PreservedInsect","Snake Skull"],"acts_visited":["Exordium","TheCity"],"potions_floor_usage":[33],"damage_taken":[{"damage":6.0,"enemies":"Jaw Worm","floor":1.0,"turns":7.0},{"damage":0.0,"enemies":"Cultist","floor":3.0,"turns":3.0},{"damage":0.0,"enemies":"Small Slimes","floor":4.0,"turns":4.0},{"damage":6.0,"enemies":"3 Louse","floor":5.0,"turns":5.0},{"damage":0.0,"enemies":"Gremlin Gang","floor":8.0,"turns":4.0},{"damage":0.0,"enemies":"Blue Slaver","floor":10.0,"turns":1.0},{"damage":8.0,"enemies":"Gremlin Nob","floor":14.0,"turns":3.0},{"damage":0.0,"enemies":"Slime Boss","floor":16.0,"turns":4.0},{"damage":4.0,"enemies":"2 Thieves","floor":18.0,"turns":3.0},{"damage":14.0,"enemies":"Shell Parasite","floor":19.0,"turns":5.0},{"damage":0.0,"enemies":"Snecko","floor":21.0,"turns":5.0},{"damage":11.0,"enemies":"Book of Stabbing","floor":24.0,"turns":3.0},{"damage":0.0,"enemies":"Gremlin Leader","floor":27.0,"turns":7.0},{"damage":5.0,"enemies":"Cultist and Chosen","floor":28.0,"turns":4.0},{"damage":5.0,"enemies":"Snake Plant","floor":29.0,"turns":2.0},{"damage":11.0,"enemies":"Slavers","floor":30.0,"turns":4.0},{"damage":0.0,"enemies":"3 Cultists","floor":31.0,"turns":4.0},{"damage":44,"enemies":"Automaton","floor":33,"turns":10}],"seed_played":"3577669092901657592","potions_obtained":[{"floor":1.0,"key":"LiquidMemories"},{"floor":2.0,"key":"DistilledChaos"},{"floor":3.0,"key":"GhostInAJar"},{"floor":16.0,"key":"PowerPotion"},{"floor":24.0,"key":"Energy Potion"},{"floor":27.0,"key":"ColorlessPotion"},{"floor":28.0,"key":"Ancient Potion"},{"floor":30.0,"key":"AttackPotion"},{"floor":31.0,"key":"EssenceOfSteel"}],"is_trial":false,"path_per_floor":["M","?","M","M","M","R","?","M","T","M","$","?","$","E","R","B",null,"M","M","?","M","?","R","E","R","T","E","M","M","E","M","R","B"],"character_chosen":"THE_SILENT","items_purchased":["Ancient Tea Set"],"campfire_rested":1,"item_purchase_floors":[13],"current_hp_per_floor":[53,53,53,53,47,47,47,47,57,57,57,46,46,38,38,38,67,63,49,49,49,49,49,38,38,38,38,33,28,17,17,39,0,0],"gold":254,"neow_bonus":"ONE_RARE_RELIC","is_daily":false,"chose_seed":false,"campfire_upgraded":4,"win_rate":0.0,"timestamp":1610622814,"path_taken":["M","?","M","?","?","R","?","?","T","M","?","?","$","E","R","BOSS","M","M","?","?","?","R","E","R","T","E","M","M","E","?","R","BOSS"],"items_purchased_type":["Relic"],"build_version":"2020-12-22","purchased_purges":0,"victory":false,"max_hp_per_floor":[66,66,66,66,66,66,66,66,76,76,76,76,76,76,76,76,76,76,76,76,76,76,76,76,76,76,76,76,76,76,76,76,76,76],"relic_stats":{"counters":[18,78],"Dead Branch":[122],"Blue Candle":[3],"PreservedInsect":40,"Snake Skull":[3],"obtain_stats":[{"Pear":9,"Dead Branch":0,"Blue Candle":24,"Philosopher\u0027s Stone":17,"PreservedInsect":27,"Snake Skull":30,"Frozen Egg 2":26,"Ancient Tea Set":13,"White Beast Statue":14,"Ring of the Snake":0},{"Pear":5,"Dead Branch":0,"Blue Candle":12,"Philosopher\u0027s Stone":8,"PreservedInsect":13,"Snake Skull":16,"Frozen Egg 2":12,"Ancient Tea Set":6,"White Beast Statue":7,"Ring of the Snake":0},{"Pear":23,"Dead Branch":0,"Blue Candle":47,"Philosopher\u0027s Stone":31,"PreservedInsect":54,"Snake Skull":64,"Frozen Egg 2":47,"Ancient Tea Set":24,"White Beast Statue":27,"Ring of the Snake":0}],"Ring of the Snake":[36]},"card_choices":[{"not_picked":["Footwork","Outmaneuver"],"picked":"Finisher","floor":1.0},{"not_picked":["Outmaneuver","Bane"],"picked":"Underhanded Strike","floor":3.0},{"not_picked":["Concentrate","Dodge and Roll"],"picked":"Blade Dance","floor":4.0},{"not_picked":["Cloak And Dagger","Dagger Throw"],"picked":"Night Terror","floor":5.0},{"not_picked":["Infinite Blades","Quick Slash"],"picked":"Poisoned Stab","floor":8.0},{"not_picked":["Endless Agony","Bane"],"picked":"Dagger Throw","floor":10.0},{"not_picked":["Quick Slash","Acrobatics"],"picked":"Footwork","floor":14.0},{"not_picked":["Die Die Die","A Thousand Cuts"],"picked":"After Image","floor":16.0},{"not_picked":["Dagger Throw","Slice"],"picked":"Setup+1","floor":18.0},{"not_picked":["Deadly Poison","Blade Dance"],"picked":"Predator","floor":19.0},{"not_picked":["Sucker Punch","Blade Dance"],"picked":"Leg Sweep+1","floor":21.0},{"not_picked":["Underhanded Strike","Distraction","Masterful Stab"],"picked":"SKIP","floor":24.0},{"not_picked":["Flying Knee","Cloak And Dagger"],"picked":"Malaise","floor":27.0},{"not_picked":["Skewer","Blade Dance"],"picked":"Escape Plan","floor":28.0},{"not_picked":["Flechettes","Blade Dance"],"picked":"A Thousand Cuts+1","floor":29.0},{"not_picked":["Dodge and Roll+1","Predator+1"],"picked":"Corpse Explosion","floor":30.0},{"not_picked":["All Out Attack","Cloak And Dagger","Blade Dance"],"picked":"SKIP","floor":31.0}],"player_experience":1281294,"relics_obtained":[{"floor":9.0,"key":"Pear"},{"floor":14.0,"key":"White Beast Statue"},{"floor":24.0,"key":"Blue Candle"},{"floor":26.0,"key":"Frozen Egg 2"},{"floor":27.0,"key":"PreservedInsect"},{"floor":30.0,"key":"Snake Skull"}],"event_choices":[{"damage_healed":0.0,"max_hp_gain":0.0,"max_hp_loss":0.0,"gold_gain":0.0,"event_name":"Lab","player_choice":"Got Potions","floor":2.0,"gold_loss":0.0,"damage_taken":0.0},{"damage_healed":0.0,"max_hp_gain":0.0,"max_hp_loss":0.0,"gold_gain":0.0,"cards_transformed":["Strike_G"],"event_name":"Transmorgrifier","player_choice":"Transformed","floor":7.0,"gold_loss":0.0,"damage_taken":0.0,"cards_obtained":["Dagger Throw"]},{"damage_healed":0.0,"max_hp_gain":0.0,"max_hp_loss":0.0,"gold_gain":75.0,"event_name":"World of Goop","player_choice":"Gather Gold","floor":12.0,"gold_loss":0.0,"damage_taken":11.0},{"cards_removed":["Strike_G"],"damage_healed":0.0,"max_hp_gain":0.0,"max_hp_loss":0.0,"gold_gain":0.0,"event_name":"Designer","player_choice":"Upgrade and Remove","floor":20.0,"gold_loss":110.0,"damage_taken":0.0,"cards_upgraded":["Dagger Throw"]},{"damage_healed":0.0,"max_hp_gain":0.0,"max_hp_loss":0.0,"gold_gain":0.0,"event_name":"Duplicator","player_choice":"Copied","floor":22.0,"gold_loss":0.0,"damage_taken":0.0,"cards_obtained":["Night Terror"]}],"is_beta":false,"boss_relics":[{"not_picked":["Busted Crown","SlaversCollar"],"picked":"Philosopher\u0027s Stone"}],"items_purged_floors":[],"is_endless":false,"potions_floor_spawned":[1,3,8,10,16,18,19,21,24,27,28,29,30,31],"killed_by":"Automaton","ascension_level":20}}