{"host":"bcxgpd1eu8czocm9","time":1610649526,"event":{"mods":["Aspiration","BaseMod","Minty Spire (QoL Compilation)","Quarter Circle Forward PUNCH!","Quick Restart","Replay The Spire","Spicy Shops","StSLib","vexMod","¡¾ÒÅÎï¿¨ÅÆ¡¿REMEMod"],"gold_per_floor":[118,118,128,27,46,46,62,81,127,158,158,170,197,213,213,313,313,313,313],"floor_reached":18,"language":"ZHS","playtime":813,"items_purged":["Strike_B"],"score":229,"play_id":"521e0492-c856-40ce-89d4-bb631c0cf6a5","local_time":"20210115023846","is_ascension_mode":true,"campfire_choices":[{"data":"Barricade","floor":6,"key":"SMITH"},{"data":"Defragment","floor":15,"key":"SMITH"}],"circlet_count":0,"master_deck":["Strike_B","Strike_B","Strike_B","Defend_B","Defend_B","Defend_B","Zap","Dualcast","Barricade+1","Go for the Eyes","BasicCrystalCard","Coolheaded","Coolheaded","Chill","Defragment+1","BootSequence","Seek"],"relics":["Cracked Core","REME_ComplimentaryCards","PreservedInsect","Anchor","Shovel","Coffee Dripper"],"acts_visited":["Exordium","TheCity"],"potions_floor_usage":[13],"damage_taken":[{"damage":3,"enemies":"Small Slimes","floor":1,"turns":3},{"damage":1,"enemies":"2 Louse","floor":3,"turns":3},{"damage":2,"enemies":"Jaw Worm","floor":5,"turns":4},{"damage":5,"enemies":"Red Slaver","floor":7,"turns":5},{"damage":10,"enemies":"3 Louse","floor":8,"turns":7},{"damage":0,"enemies":"Lagavulin","floor":10,"turns":9},{"damage":17,"enemies":"Gremlin Gang","floor":12,"turns":7},{"damage":11,"enemies":"Gremlin Nob","floor":13,"turns":4},{"damage":2,"enemies":"Large Slime","floor":14,"turns":9},{"damage":36,"enemies":"Hexaghost","floor":16,"turns":15},{"damage":4,"enemies":"3 Byrds","floor":18,"turns":4}],"seed_played":"-4561530412296229575","potions_obtained":[{"floor":5,"key":"PowerPotion"},{"floor":10,"key":"SpeedPotion"},{"floor":13,"key":"SteroidPotion"},{"floor":14,"key":"Venom Potion"}],"is_trial":false,"path_per_floor":["M","?","M","$","M","R","M","M","T","E","?","M","E","M","R","B",null,"M"],"character_chosen":"DEFECT","items_purchased":["Coolheaded"],"campfire_rested":0,"item_purchase_floors":[4],"current_hp_per_floor":[79,79,78,78,76,76,71,61,61,61,69,52,41,39,39,3,82,78,78],"gold":313,"neow_bonus":"TEN_PERCENT_HP_BONUS","is_daily":false,"chose_seed":false,"campfire_upgraded":2,"win_rate":0.0,"timestamp":1610649526,"path_taken":["M","?","M","$","M","R","M","M","T","E","?","M","E","M","R","BOSS","M"],"items_purchased_type":["Card"],"build_version":"2020-12-22","purchased_purges":1,"victory":false,"max_hp_per_floor":[82,82,82,82,82,82,82,82,82,82,82,82,82,82,82,82,82,82,82],"card_choices":[{"not_picked":["Conserve Battery","REME_Compress"],"picked":"Go for the Eyes","floor":1},{"not_picked":["Auto Shields","Compile Driver"],"picked":"BasicCrystalCard","floor":3},{"not_picked":["Static Discharge","Stack"],"picked":"Coolheaded","floor":5},{"not_picked":["Streamline","Leap"],"picked":"Chill","floor":7},{"not_picked":["Undo","Coolheaded","Fusion"],"picked":"SKIP","floor":8},{"not_picked":["ReplayTheSpireMod:Calculation Training","Hello World","Darkness"],"picked":"SKIP","floor":10},{"not_picked":["Steam","Amplify","Conserve Battery"],"picked":"SKIP","floor":12},{"not_picked":["Rebound","Panic Button"],"picked":"Defragment","floor":13},{"not_picked":["Compile Driver","Sweeping Beam"],"picked":"BootSequence","floor":14},{"not_picked":["Biased Cognition","Multi-Cast"],"picked":"Seek","floor":16}],"player_experience":385280,"relics_obtained":[{"floor":9,"key":"PreservedInsect"},{"floor":10,"key":"Anchor"},{"floor":13,"key":"Shovel"}],"event_choices":[],"is_beta":false,"boss_relics":[{"not_picked":["qcfpunch:Killian_Engine_Alpha","Replay:Wanted Poster"],"picked":"Coffee Dripper"}],"items_purged_floors":[4],"is_endless":false,"potions_floor_spawned":[5,10,13,14],"killed_by":"3 Byrds","ascension_level":3}}