{"host":"uxq2rly8rxtwffuf","time":1610616816,"event":{"mods":["BaseMod","Koishi","Minty Spire (QoL Compilation)","StSLib","The Servant 0.9.4"],"gold_per_floor":[14,32,32,107,107,141,141,159,159,159,197,240,240,19,19,138,138,153,0,34,57,57,57],"floor_reached":22,"language":"ENG","playtime":836,"items_purged":["Defend_R"],"score":285,"play_id":"5d5e21e2-f3c0-4aa7-85b2-23cd747fee81","local_time":"20210114123336","is_ascension_mode":true,"campfire_choices":[{"floor":7,"key":"REST"},{"floor":10,"key":"REST"},{"floor":13,"key":"REST"},{"floor":15,"key":"REST"}],"circlet_count":0,"master_deck":["AscendersBane","Strike_R","Strike_R","Strike_R","Strike_R","Strike_R","Bash","Corruption","Whirlwind","Pommel Strike","Rampage","Warcry","Pommel Strike","Perfected Strike","True Grit","Metallicize","Cleave","Reaper","Bludgeon+1","Ghostly Armor+1","Cleave+1","Headbutt","Clash"],"relics":["Burning Blood","Golden Idol","Potion Belt","Dream Catcher","Odd Mushroom","Toy Ornithopter","Akabeko","Astrolabe","Membership Card","Red Mask"],"acts_visited":["Exordium","TheCity"],"potions_floor_usage":[2,6,11,18,20],"damage_taken":[{"damage":4,"enemies":"Small Slimes","floor":1,"turns":4},{"damage":0,"enemies":"2 Louse","floor":2,"turns":2},{"damage":20,"enemies":"3 Sentries","floor":6,"turns":7},{"damage":9,"enemies":"Jaw Worm","floor":8,"turns":3},{"damage":42,"enemies":"The Mushroom Lair","floor":11,"turns":6},{"damage":33,"enemies":"Gremlin Nob","floor":12,"turns":5},{"damage":56,"enemies":"The Guardian","floor":16,"turns":12},{"damage":6,"enemies":"3 Byrds","floor":18,"turns":4},{"damage":62,"enemies":"Masked Bandits","floor":20,"turns":7},{"damage":19,"enemies":"2 Thieves","floor":21,"turns":4},{"damage":29,"enemies":"Snecko","floor":22,"turns":3}],"seed_played":"5640763811844023340","potions_obtained":[{"floor":1,"key":"AttackPotion"},{"floor":2,"key":"Fire Potion"},{"floor":8,"key":"Swift Potion"},{"floor":16,"key":"SkillPotion"},{"floor":18,"key":"Block Potion"}],"is_trial":false,"path_per_floor":["M","M","?","?","T","E","R","M","T","R","?","E","R","$","R","B",null,"M","$","?","M","M"],"character_chosen":"IRONCLAD","items_purchased":["Akabeko","Membership Card"],"campfire_rested":4,"item_purchase_floors":[14,19],"current_hp_per_floor":[74,80,60,49,49,35,59,56,56,80,44,17,41,41,65,15,64,69,69,25,20,0,0],"gold":57,"neow_bonus":"THREE_RARE_CARDS","is_daily":false,"chose_seed":false,"campfire_upgraded":0,"win_rate":0.0,"timestamp":1610616816,"path_taken":["M","M","?","?","?","E","R","M","T","R","?","E","R","?","R","BOSS","M","$","?","M","M"],"items_purchased_type":["Relic","Relic"],"build_version":"2020-12-22","purchased_purges":1,"victory":false,"max_hp_per_floor":[80,80,80,80,80,80,80,80,80,80,80,80,80,80,80,80,80,80,80,80,80,80,80],"card_choices":[{"not_picked":["Juggernaut","Impervious"],"picked":"Corruption","floor":0},{"not_picked":["Dark Embrace","Inflame"],"picked":"Whirlwind","floor":1},{"not_picked":["Feel No Pain","Clothesline"],"picked":"Pommel Strike","floor":2},{"not_picked":["Second Wind","Body Slam","Armaments"],"picked":"SKIP","floor":6},{"not_picked":["Flame Barrier","Inflame"],"picked":"Rampage","floor":7},{"not_picked":["Anger","Wild Strike"],"picked":"Warcry","floor":8},{"not_picked":["Blood for Blood","Havoc"],"picked":"Pommel Strike","floor":10},{"not_picked":["Shrug It Off","Anger"],"picked":"Perfected Strike","floor":11},{"not_picked":["Sword Boomerang","Pummel"],"picked":"True Grit","floor":12},{"not_picked":["Limit Break","Pommel Strike"],"picked":"Metallicize","floor":13},{"not_picked":["Clothesline","Pommel Strike"],"picked":"Cleave","floor":15},{"not_picked":["Demon Form","Berserk"],"picked":"Reaper","floor":16},{"not_picked":["Clothesline","Warcry"],"picked":"Headbutt","floor":18},{"not_picked":["Clothesline","Infernal Blade"],"picked":"Clash","floor":21}],"player_experience":1401810,"relics_obtained":[{"floor":5,"key":"Potion Belt"},{"floor":6,"key":"Dream Catcher"},{"floor":11,"key":"Odd Mushroom"},{"floor":12,"key":"Toy Ornithopter"},{"floor":20,"key":"Red Mask"}],"event_choices":[{"damage_healed":0,"gold_gain":0,"player_choice":"Take Damage","damage_taken":20,"relics_obtained":["Golden Idol"],"max_hp_gain":0,"max_hp_loss":0,"event_name":"Golden Idol","floor":3,"gold_loss":0},{"damage_healed":0,"gold_gain":75,"player_choice":"Gather Gold","damage_taken":11,"max_hp_gain":0,"max_hp_loss":0,"event_name":"World of Goop","floor":4,"gold_loss":0},{"damage_healed":0,"gold_gain":0,"player_choice":"Fought Mushrooms","damage_taken":0,"max_hp_gain":0,"max_hp_loss":0,"event_name":"Mushrooms","floor":11,"gold_loss":0},{"damage_healed":0,"gold_gain":0,"player_choice":"Fought Bandits","damage_taken":0,"max_hp_gain":0,"max_hp_loss":0,"event_name":"Masked Bandits","floor":20,"gold_loss":0}],"is_beta":false,"boss_relics":[{"not_picked":["Busted Crown","Sozu"],"picked":"Astrolabe"}],"items_purged_floors":[14],"is_endless":false,"potions_floor_spawned":[1,2,8,16,18],"killed_by":"Snecko","ascension_level":10}}