{"host":"hbmugw1tcdgjy91l","time":1610596306,"event":{"mods":["Act Like it!","Arknights The Spire","BaseMod","Chen","Downfall","Gensokyo","Gremlin Mod","GungeonMod","Lobotomy","LobotomyExtend","Mari Mod (Legacy)","Mari\u0027s V1 Patch","Minty Spire (QoL Compilation)","Pale of the Ancients","Prisma Mod","READ ME - Guardian Mod","Replay The Spire","StSLib","Td1madao Mod","TestMod","The Animator","The Bug Knight","The Mystic","WarShipGirlsR/战舰少女R mod","vexMod","【功能Mod】混沌之环修复补丁"],"gold_per_floor":[116,131,131,144,155,155,155],"floor_reached":6,"language":"ZHS","playtime":466,"items_purged":[],"score":38,"play_id":"8c4e0783-12ee-4229-99eb-2bdd68b5a378","local_time":"20210114115146","is_ascension_mode":false,"campfire_choices":[],"circlet_count":0,"master_deck":["ats:Strike C","ats:Strike G","ats:Strike S","ats:Strike V","ats:Armor Crushing Shot","ats:Defend","ats:Defend","ats:Defend","ats:Emotion Absorption","ats:Magnetic Hammer","ats:Curse Doll"],"relics":["ats:Sanity","testmod-TestBox","CogitoBucket","testmod-Prudence","LetterFromLob"],"acts_visited":["Exordium"],"potions_floor_usage":[],"damage_taken":[{"damage":15,"enemies":"Small Slimes","floor":1,"turns":4},{"damage":5,"enemies":"Cultist","floor":2,"turns":4},{"damage":6,"enemies":"Jaw Worm","floor":4,"turns":3},{"damage":25,"enemies":"Gremlin Gang","floor":5,"turns":5},{"damage":37,"enemies":"Lagavulin","floor":6,"turns":7}],"seed_played":"-4859433070707156112","potions_obtained":[{"floor":2,"key":"SpeedPotion"},{"floor":4,"key":"Fire Potion"}],"is_trial":false,"path_per_floor":["M","M","?","M","M","E"],"character_chosen":"DOCTOR_CLASS","items_purchased":[],"campfire_rested":0,"item_purchase_floors":[],"current_hp_per_floor":[57,52,68,62,37,0,0],"gold":155,"neow_bonus":"","is_daily":false,"chose_seed":false,"campfire_upgraded":0,"win_rate":0.0,"timestamp":1610596306,"path_taken":["M","M","?","M","M","E"],"items_purchased_type":[],"build_version":"2020-12-22","purchased_purges":0,"victory":false,"max_hp_per_floor":[72,72,72,72,72,72,72],"card_choices":[{"not_picked":["WallGazer","Bloodbath"],"picked":"CherryBlossoms","floor":1},{"not_picked":["ats:Automatic Cover","ats:Very Hot Blade"],"picked":"ats:Magnetic Hammer","floor":1},{"not_picked":["ats:Curse Doll","ats:Shadow Raid"],"picked":"ats:Thorns","floor":2},{"not_picked":["ats:Flexible Camouflage","ats:Ignite"],"picked":"ats:Curse Doll","floor":4},{"not_picked":["ats:Flexible Camouflage","ats:Beaten Up","ats:True Silver Slash"],"picked":"SKIP","floor":5}],"player_experience":436689,"relics_obtained":[{"floor":1,"key":"LetterFromLob"}],"event_choices":[],"is_beta":false,"boss_relics":[],"items_purged_floors":[],"is_endless":false,"potions_floor_spawned":[2,4],"killed_by":"Lagavulin","ascension_level":0}}