{"host":"vex7walpoxzv48nx","time":1610648751,"event":{"mods":["BaseMod","Highlight Path","Minty Spire (QoL Compilation)","Permanent Neow","Quick Restart","Relic Stats"],"gold_per_floor":[115,115,129,129,141,141,141],"floor_reached":6,"language":"ENG","playtime":561,"items_purged":[],"score":36,"play_id":"a82434b9-3763-481d-beff-954a87880aa1","local_time":"20210114192551","daily_mods":["Vintage"],"is_ascension_mode":false,"campfire_choices":[],"circlet_count":0,"master_deck":["Strike_G","Strike_G","Strike_G","Strike_G","Strike_G","Defend_G","Defend_G","Defend_G","Defend_G","Defend_G","Survivor","Neutralize"],"relics":["Snecko Eye","Shuriken","Tough Bandages","Anchor","Blood Vial"],"acts_visited":["Exordium"],"potions_floor_usage":[6],"damage_taken":[{"damage":2,"enemies":"2 Louse","floor":1,"turns":3},{"damage":0,"enemies":"Small Slimes","floor":3,"turns":4},{"damage":3,"enemies":"Cultist","floor":5,"turns":5},{"damage":0,"enemies":"Gremlin Nob","floor":6,"turns":1}],"seed_played":"7427039930150859080","potions_obtained":[{"floor":3,"key":"DuplicationPotion"},{"floor":4,"key":"Dexterity Potion"},{"floor":4,"key":"Regen Potion"}],"is_trial":true,"path_per_floor":["M","?","M","?","M","E"],"character_chosen":"THE_SILENT","items_purchased":[],"campfire_rested":0,"item_purchase_floors":[],"current_hp_per_floor":[68,56,56,56,53,55,55],"gold":141,"neow_bonus":"","is_daily":false,"chose_seed":false,"campfire_upgraded":0,"win_rate":0.0,"timestamp":1610648751,"path_taken":["M","?","M","?","M","E"],"items_purchased_type":[],"build_version":"2020-12-22","purchased_purges":0,"victory":false,"max_hp_per_floor":[70,70,70,70,70,70,70],"relic_stats":{"Blood Vial":2,"Tough Bandages":[6],"counters":[4,13],"Shuriken":[2],"Snecko Eye":[18,28,22,23],"obtain_stats":[{"Blood Vial":5,"Tough Bandages":2,"Anchor":3,"Shuriken":1,"Snecko Eye":0},{"Blood Vial":3,"Tough Bandages":1,"Anchor":2,"Shuriken":1,"Snecko Eye":0},{"Blood Vial":12,"Tough Bandages":3,"Anchor":7,"Shuriken":3,"Snecko Eye":0}]},"card_choices":[],"player_experience":124072,"relics_obtained":[{"floor":1,"key":"Shuriken"},{"floor":3,"key":"Anchor"},{"floor":5,"key":"Blood Vial"}],"event_choices":[{"damage_healed":0,"gold_gain":0,"player_choice":"Success","damage_taken":12,"relics_obtained":["Tough Bandages"],"max_hp_gain":0,"max_hp_loss":0,"event_name":"Scrap Ooze","floor":2,"gold_loss":0},{"damage_healed":0,"gold_gain":0,"player_choice":"Got Potions","damage_taken":0,"max_hp_gain":0,"max_hp_loss":0,"event_name":"Lab","floor":4,"gold_loss":0}],"is_beta":false,"boss_relics":[],"items_purged_floors":[],"is_endless":false,"potions_floor_spawned":[3,5],"killed_by":"Gremlin Nob","ascension_level":0}}