{"host":"y3h3n3f7seyagppx","time":1610659681,"event":{"mods":["AlwaysNeverKeys","BaseMod","Better Vampires","Colored Powertips","DeckTracker","Emptier Cage","Minty Spire (QoL Compilation)","Permanent Neow","Quick Restart","Rare Cards Sparkle","Relic Sorter","Relic Stats","StSLib","Transform Curses"],"gold_per_floor":[114,125,138,153,123,123,150,150,150,130,165,180,241,255,255,329,329,341,341,360,377,129,129,160,177,177,211,211,229,244,272,272,346,346,358,374,374,386,406,439,439,451,451,451,465,494,510,538,538,538,538,538,538,34,62,62],"floor_reached":57,"language":"ENG","playtime":35357,"items_purged":["Writhe","Strike_G"],"score":2940,"play_id":"5972930d-5065-40d0-8293-7cba5097ec85","local_time":"20210114162801","is_ascension_mode":true,"campfire_choices":[{"data":"Dash","floor":6.0,"key":"SMITH"},{"data":"Glass Knife","floor":8.0,"key":"SMITH"},{"data":"Sucker Punch","floor":15.0,"key":"SMITH"},{"data":"Survivor","floor":23.0,"key":"SMITH"},{"data":"Blade Dance","floor":32,"key":"SMITH"},{"data":"Noxious Fumes","floor":41,"key":"SMITH"},{"data":"Cloak And Dagger","floor":44,"key":"SMITH"},{"data":"Adrenaline","floor":49,"key":"SMITH"},{"data":"After Image","floor":53,"key":"SMITH"}],"circlet_count":0,"master_deck":["AscendersBane","Strike_G","Strike_G","Defend_G","Defend_G","Defend_G","Defend_G","Survivor+1","Neutralize","Flying Knee","Sucker Punch+1","Dash+1","Glass Knife+1","PiercingWail","Adrenaline","Leg Sweep","Glass Knife+1","Well Laid Plans+1","Deflect+1","Blade Dance+1","Adrenaline+1","Dagger Throw+1","Acrobatics+1","Noxious Fumes+1","Cloak And Dagger+1","Cloak And Dagger+1","PiercingWail+1","Deadly Poison+1","After Image+1","Backflip","Calculated Gamble","Outmaneuver+1"],"relics":["Empty Cage","Strawberry","Happy Flower","Meat on the Bone","Pantograph","Black Star","InkBottle","DollysMirror","Letter Opener","Lantern","White Beast Statue","Kunai","Oddly Smooth Stone","Paper Crane","Blood Vial","Vajra","Philosopher\u0027s Stone","Question Card","Bottled Lightning","Potion Belt","Mercury Hourglass","Centennial Puzzle","Calipers","Shuriken","Akabeko","Anchor"],"acts_visited":["Exordium","TheCity","TheBeyond","TheEnding"],"potions_floor_usage":[24,24,24,27,31,47,48,55,56,56,56,56,56,56],"damage_taken":[{"damage":0.0,"enemies":"2 Louse","floor":1.0,"turns":6.0},{"damage":9.0,"enemies":"Cultist","floor":2.0,"turns":5.0},{"damage":2.0,"enemies":"Jaw Worm","floor":3.0,"turns":6.0},{"damage":0.0,"enemies":"2 Fungi Beasts","floor":4.0,"turns":5.0},{"damage":34.0,"enemies":"3 Sentries","floor":7.0,"turns":13.0},{"damage":2.0,"enemies":"Exordium Thugs","floor":10.0,"turns":4.0},{"damage":6.0,"enemies":"Gremlin Nob","floor":11.0,"turns":3.0},{"damage":0.0,"enemies":"Large Slime","floor":12.0,"turns":4.0},{"damage":0.0,"enemies":"Gremlin Nob","floor":13.0,"turns":3.0},{"damage":0.0,"enemies":"Looter","floor":14.0,"turns":1.0},{"damage":49.0,"enemies":"Slime Boss","floor":16.0,"turns":16.0},{"damage":9.0,"enemies":"Spheric Guardian","floor":18.0,"turns":5.0},{"damage":22.0,"enemies":"Chosen","floor":20.0,"turns":7.0},{"damage":8.0,"enemies":"Snake Plant","floor":21.0,"turns":6.0},{"damage":13,"enemies":"Gremlin Leader","floor":24,"turns":5},{"damage":33,"enemies":"Chosen and Byrds","floor":25,"turns":9},{"damage":20,"enemies":"Book of Stabbing","floor":27,"turns":6},{"damage":4,"enemies":"Cultist and Chosen","floor":29,"turns":7},{"damage":0,"enemies":"Snake Plant","floor":30,"turns":4},{"damage":0,"enemies":"Gremlin Leader","floor":31,"turns":8},{"damage":2,"enemies":"Champ","floor":33,"turns":33},{"damage":0,"enemies":"Orb Walker","floor":35,"turns":2},{"damage":3,"enemies":"3 Darklings","floor":36,"turns":6},{"damage":14,"enemies":"Writhing Mass","floor":38,"turns":8},{"damage":0,"enemies":"4 Shapes","floor":39,"turns":8},{"damage":6,"enemies":"Nemesis","floor":40,"turns":9},{"damage":2,"enemies":"3 Darklings","floor":42,"turns":5},{"damage":0,"enemies":"Transient","floor":45,"turns":6},{"damage":2,"enemies":"Giant Head","floor":46,"turns":8},{"damage":13,"enemies":"Spire Growth","floor":47,"turns":4},{"damage":0,"enemies":"Reptomancer","floor":48,"turns":7},{"damage":28,"enemies":"Time Eater","floor":50,"turns":19},{"damage":17,"enemies":"Awakened One","floor":51,"turns":22},{"damage":0,"enemies":"Shield and Spear","floor":55,"turns":7},{"damage":9,"enemies":"The Heart","floor":56,"turns":11}],"seed_played":"-729126401215027409","potions_obtained":[{"floor":4.0,"key":"Dexterity Potion"},{"floor":5.0,"key":"AttackPotion"},{"floor":5.0,"key":"EntropicBrew"},{"floor":7.0,"key":"DuplicationPotion"},{"floor":12.0,"key":"DistilledChaos"},{"floor":14.0,"key":"SkillPotion"},{"floor":16.0,"key":"SpeedPotion"},{"floor":24,"key":"Energy Potion"},{"floor":25,"key":"LiquidMemories"},{"floor":27,"key":"SkillPotion"},{"floor":30,"key":"CunningPotion"},{"floor":31,"key":"Regen Potion"},{"floor":36,"key":"SteroidPotion"},{"floor":38,"key":"GhostInAJar"},{"floor":45,"key":"Explosive Potion"},{"floor":46,"key":"ColorlessPotion"},{"floor":47,"key":"ColorlessPotion"},{"floor":48,"key":"EntropicBrew"},{"floor":55,"key":"Dexterity Potion"}],"is_trial":false,"path_per_floor":["M","M","M","M","?","R","E","R","T","M","E","M","?","M","R","B",null,"M","?","M","M","$","R","E","M","T","E","T","M","M","E","R","B",null,"M","M","?","M","M","E","R","M","T","R","M","E","M","E","R","B","B",null,"R","$","E","B",null],"character_chosen":"THE_SILENT","items_purchased":["DollysMirror","Backflip","Shuriken","Calculated Gamble"],"campfire_rested":0,"item_purchase_floors":[22,54,54,54],"current_hp_per_floor":[59,50,48,48,48,48,21,21,21,19,13,25,37,37,37,25,61,52,52,42,46,46,46,45,24,24,16,16,24,36,48,48,71,73,73,70,69,55,57,53,53,53,53,53,55,55,44,46,46,41,51,65,65,65,67,60],"gold":62,"neow_bonus":"BOSS_RELIC","is_daily":false,"chose_seed":false,"campfire_upgraded":9,"win_rate":0.0,"timestamp":1610659681,"path_taken":["M","M","M","M","?","R","E","R","T","M","E","?","?","M","R","BOSS","M","?","M","M","$","R","E","M","T","E","?","M","M","E","R","BOSS","M","M","?","M","M","E","R","M","T","R","M","E","M","E","R","BOSS","BOSS","R","$","E","BOSS"],"items_purchased_type":["Relic","Card","Relic","Card"],"build_version":"2020-12-22","purchased_purges":2,"victory":true,"max_hp_per_floor":[66,66,66,66,66,66,73,73,73,73,73,73,73,73,73,73,73,73,73,73,73,73,73,73,73,73,73,73,73,73,73,73,73,73,73,73,69,69,69,69,69,69,69,69,69,69,69,69,69,69,69,69,69,69,69,69],"relic_stats":{"Happy Flower":[81],"counters":[35,278],"Letter Opener":[368],"Question Card":6,"Mercury Hourglass":[237],"Blood Vial":24,"Centennial Puzzle":[9],"Shuriken":[16],"Pantograph":94,"Black Star":7,"Kunai":[166],"obtain_stats":[{"Lantern":24,"Calipers":48,"Vajra":31,"Empty Cage":0,"Blood Vial":31,"Centennial Puzzle":48,"DollysMirror":22,"Strawberry":7,"Pantograph":13,"Philosopher\u0027s Stone":34,"Kunai":27,"InkBottle":19,"Ring of the Snake":0,"Potion Belt":43,"Happy Flower":9,"Oddly Smooth Stone":27,"Letter Opener":24,"Paper Crane":28,"Question Card":40,"White Beast Statue":26,"Akabeko":55,"Mercury Hourglass":46,"Anchor":55,"Shuriken":54,"Black Star":17,"Bottled Lightning":40,"Meat on the Bone":11},{"Lantern":15,"Calipers":31,"Vajra":20,"Empty Cage":0,"Blood Vial":20,"Centennial Puzzle":31,"DollysMirror":14,"Strawberry":5,"Pantograph":9,"Philosopher\u0027s Stone":21,"Kunai":17,"InkBottle":12,"Ring of the Snake":0,"Potion Belt":27,"Happy Flower":5,"Oddly Smooth Stone":17,"Letter Opener":15,"Paper Crane":17,"Question Card":26,"White Beast Statue":16,"Akabeko":34,"Mercury Hourglass":29,"Anchor":34,"Shuriken":33,"Black Star":11,"Bottled Lightning":26,"Meat on the Bone":7},{"Lantern":89,"Calipers":219,"Vajra":123,"Empty Cage":0,"Blood Vial":123,"Centennial Puzzle":219,"DollysMirror":84,"Strawberry":35,"Pantograph":49,"Philosopher\u0027s Stone":156,"Kunai":104,"InkBottle":71,"Ring of the Snake":0,"Potion Belt":194,"Happy Flower":35,"Oddly Smooth Stone":104,"Letter Opener":89,"Paper Crane":104,"Question Card":189,"White Beast Statue":98,"Akabeko":267,"Mercury Hourglass":208,"Anchor":267,"Shuriken":260,"Black Star":66,"Bottled Lightning":189,"Meat on the Bone":42}],"InkBottle":[112],"Meat on the Bone":132},"card_choices":[{"not_picked":["Acrobatics","Outmaneuver","Expertise"],"picked":"SKIP","floor":1.0},{"not_picked":["Cloak And Dagger","Accuracy"],"picked":"Flying Knee","floor":2.0},{"not_picked":["Backflip","Prepared"],"picked":"Sucker Punch","floor":3.0},{"not_picked":["Acrobatics","Deflect"],"picked":"Dash","floor":4.0},{"not_picked":["Heel Hook","Underhanded Strike"],"picked":"Glass Knife","floor":7.0},{"not_picked":["Backflip","Dagger Spray","Quick Slash"],"picked":"SKIP","floor":10.0},{"not_picked":["Backflip","Dagger Spray","Quick Slash"],"picked":"SKIP","floor":10.0},{"not_picked":["All Out Attack","Bane","Flying Knee"],"picked":"SKIP","floor":11.0},{"not_picked":["Sucker Punch","Dagger Spray","Catalyst"],"picked":"SKIP","floor":12.0},{"not_picked":["Choke","All Out Attack"],"picked":"PiercingWail","floor":13.0},{"not_picked":["Outmaneuver","Acrobatics","Expertise"],"picked":"SKIP","floor":14.0},{"not_picked":["Tools of the Trade","Venomology"],"picked":"Adrenaline","floor":16.0},{"not_picked":["Deadly Poison","Distraction"],"picked":"Leg Sweep","floor":18.0},{"not_picked":["Dodge and Roll","Slice","Leg Sweep+1"],"picked":"SKIP","floor":20.0},{"not_picked":["Flechettes","Blade Dance","Deflect"],"picked":"SKIP","floor":21.0},{"not_picked":["Bane","Dagger Spray"],"picked":"Well Laid Plans+1","floor":24},{"not_picked":["Prepared","Deadly Poison"],"picked":"Deflect+1","floor":25},{"not_picked":["Skewer","Finisher"],"picked":"Blade Dance","floor":27},{"not_picked":["Poisoned Stab","Flying Knee","Sucker Punch"],"picked":"SKIP","floor":29},{"not_picked":["PiercingWail","Distraction","Glass Knife"],"picked":"SKIP","floor":30},{"not_picked":["Backstab","Poisoned Stab","Tactician+1"],"picked":"SKIP","floor":31},{"not_picked":["Backstab","Poisoned Stab","Tactician+1"],"picked":"SKIP","floor":31},{"not_picked":["Tools of the Trade","Venomology"],"picked":"Adrenaline","floor":33},{"not_picked":["Footwork","Deflect"],"picked":"Dagger Throw+1","floor":35},{"not_picked":["Escape Plan","Backflip"],"picked":"Acrobatics+1","floor":36},{"not_picked":["Flying Knee","Acrobatics","Poisoned Stab"],"picked":"SKIP","floor":38},{"not_picked":["PiercingWail","Phantasmal Killer"],"picked":"Noxious Fumes","floor":39},{"not_picked":["Outmaneuver","Escape Plan"],"picked":"Cloak And Dagger+1","floor":40},{"not_picked":["Distraction","Dagger Spray","Riddle With Holes"],"picked":"Cloak And Dagger","floor":42},{"not_picked":["Dagger Throw","Quick Slash","Eviscerate","Slice"],"picked":"SKIP","floor":45},{"not_picked":["Setup","All Out Attack","Tactician"],"picked":"PiercingWail+1","floor":46},{"not_picked":["Cloak And Dagger+1","Riddle With Holes+1","Well Laid Plans"],"picked":"Deadly Poison+1","floor":47},{"not_picked":["Slice","Die Die Die","Backstab"],"picked":"After Image","floor":48},{"not_picked":["Poisoned Stab","PiercingWail+1","Deflect"],"picked":"Outmaneuver+1","floor":55}],"player_experience":20905269,"relics_obtained":[{"floor":7.0,"key":"Strawberry"},{"floor":9.0,"key":"Happy Flower"},{"floor":11.0,"key":"Meat on the Bone"},{"floor":13.0,"key":"Pantograph"},{"floor":24,"key":"Letter Opener"},{"floor":24,"key":"Lantern"},{"floor":26,"key":"White Beast Statue"},{"floor":27,"key":"Kunai"},{"floor":27,"key":"Oddly Smooth Stone"},{"floor":28,"key":"Paper Crane"},{"floor":31,"key":"Blood Vial"},{"floor":31,"key":"Vajra"},{"floor":40,"key":"Question Card"},{"floor":40,"key":"Bottled Lightning"},{"floor":43,"key":"Potion Belt"},{"floor":46,"key":"Mercury Hourglass"},{"floor":48,"key":"Centennial Puzzle"},{"floor":48,"key":"Calipers"},{"floor":55,"key":"Akabeko"},{"floor":55,"key":"Anchor"}],"event_choices":[{"damage_healed":0.0,"max_hp_gain":0.0,"max_hp_loss":0.0,"gold_gain":0.0,"event_name":"The Woman in Blue","player_choice":"Bought 2 Potions","floor":5.0,"gold_loss":0.0,"damage_taken":0.0},{"damage_healed":0.0,"max_hp_gain":0.0,"max_hp_loss":0.0,"gold_gain":30.0,"event_name":"Dead Adventurer","player_choice":"Searched \u00273\u0027 times","floor":13.0,"gold_loss":0.0,"damage_taken":0.0},{"damage_healed":0.0,"max_hp_gain":0.0,"max_hp_loss":0.0,"gold_gain":0.0,"event_name":"The Mausoleum","player_choice":"Opened","floor":19.0,"gold_loss":0.0,"damage_taken":0.0,"relics_obtained":["InkBottle"],"cards_obtained":["Writhe"]},{"damage_healed":0,"gold_gain":0,"player_choice":"Max HP","damage_taken":0,"max_hp_gain":0,"max_hp_loss":4,"event_name":"Winding Halls","floor":37,"gold_loss":0}],"is_beta":false,"boss_relics":[{"not_picked":["SacredBark","Velvet Choker"],"picked":"Black Star"},{"not_picked":["Astrolabe","Calling Bell"],"picked":"Philosopher\u0027s Stone"}],"items_purged_floors":[22,54],"is_endless":false,"potions_floor_spawned":[4,7,12,14,16,18,24,25,27,29,30,31,33,35,36,38,39,40,42,45,46,47,48,55],"ascension_level":20}}