{"host":"wrlgpq1wkw8k1x5v","time":1610625768,"event":{"mods":["Act Like it!","BaseMod","Colored Powertips","Gensokyo","Koishi","Minty Spire (QoL Compilation)","StSLib"],"gold_per_floor":[114,18,18,18,18,44,44,73,73,90,118,118,135,135,135,235,235,255,271,151,167,92,92,126,126,126,376,376,3,3,3,3,101,101,111,111,27,27,37,37,37,37,37,42,56,67,80,80,80,65],"floor_reached":51,"language":"ZHS","playtime":4312,"items_purged":["Clumsy"],"score":974,"play_id":"636f1dd0-5343-48c6-975f-498027a9e945","local_time":"20210114200248","is_ascension_mode":true,"campfire_choices":[{"data":"1","floor":12,"key":"LIFT"},{"data":"2","floor":15,"key":"LIFT"},{"data":"3","floor":23,"key":"LIFT"},{"data":"Koishi:Untouchable","floor":25,"key":"SMITH"},{"data":"Koishi:Untouchable","floor":32,"key":"SMITH"},{"data":"Koishi:RollingInRichesHeart","floor":40,"key":"SMITH"},{"data":"Koishi:GrowingPain","floor":42,"key":"SMITH"},{"data":"Koishi:Ego","floor":49,"key":"SMITH"}],"circlet_count":0,"master_deck":["Koishi:BasicStrike","Koishi:BasicStrike","Koishi:BasicStrike","Koishi:BasicStrike","Koishi:BasicDefend","Koishi:BasicDefend","Koishi:Provoke","Koishi:HauntingSlash","Koishi:SpiritedAway","Koishi:Untouchable+1","Koishi:PhantomStrike","Koishi:UnconsciousUprising","Koishi:LastRemote","Koishi:DreadfulBlow","Koishi:UnseenTerror","Koishi:Untouchable+1","Koishi:SilentAndRestless","Koishi:SpiritedAway","Koishi:Possession","Koishi:IdleWhim","Koishi:GrowingPain+1","Writhe","Koishi:Untouchable+1","Koishi:RollingInRichesHeart+1","Koishi:FleetingPhantom","Koishi:UnconsciousUrges+1","Koishi:FreudianInstinct+1","Koishi:Ego+1"],"relics":["Koishi:ImaginaryFriend","NeowsBlessing","Gensokyo:OccultBall","Bag of Marbles","Blood Vial","Girya","FossilizedHelix","Gensokyo:NagashiBinaDoll","Sozu","Gensokyo:FoxMask","PreservedInsect","Koishi:TeethAndClaws","Ice Cream","Gensokyo:SongOfSouls","Coffee Dripper","Eternal Feather","Pocketwatch","Incense Burner"],"acts_visited":["Gensokyo:Gensokyo","Gensokyo:Gensokyoer","Gensokyo:Gensokyoest"],"potions_floor_usage":[],"damage_taken":[{"damage":0,"enemies":"Gensokyo:2_Kodama","floor":1,"turns":2},{"damage":0,"enemies":"Gensokyo:Mamizou","floor":6,"turns":4},{"damage":0,"enemies":"Gensokyo:Cirno","floor":8,"turns":2},{"damage":1,"enemies":"Gensokyo:Gryphon","floor":10,"turns":4},{"damage":0,"enemies":"Gensokyo:Mamizou","floor":11,"turns":9},{"damage":0,"enemies":"Gensokyo:Python","floor":13,"turns":4},{"damage":0,"enemies":"Gensokyo:Reimu","floor":16,"turns":13},{"damage":0,"enemies":"Gensokyo:AngelMirror","floor":18,"turns":4},{"damage":0,"enemies":"Gensokyo:CosmicMonolith","floor":19,"turns":4},{"damage":0,"enemies":"Gensokyo:Chomper_and_Gloop","floor":21,"turns":7},{"damage":8,"enemies":"Gensokyo:Reisen","floor":24,"turns":5},{"damage":0,"enemies":"Gensokyo:Eternal_Rivals","floor":33,"turns":10},{"damage":0,"enemies":"Gensokyo:3_Bats","floor":35,"turns":4},{"damage":0,"enemies":"Gensokyo:3_Boulders","floor":36,"turns":2},{"damage":0,"enemies":"Gensokyo:SeedOfUnknown","floor":39,"turns":6},{"damage":0,"enemies":"Gensokyo:Sharpion","floor":44,"turns":5},{"damage":0,"enemies":"Gensokyo:AtlasGolem","floor":45,"turns":5},{"damage":0,"enemies":"Gensokyo:SeedOfUnknown","floor":46,"turns":5},{"damage":0,"enemies":"Gensokyo:3_Boulders","floor":47,"turns":5},{"damage":0,"enemies":"Gensokyo:Scarlet_Devils","floor":50,"turns":6}],"seed_played":"7620637485789062322","potions_obtained":[{"floor":1,"key":"Swift Potion"},{"floor":8,"key":"SneckoOil"},{"floor":13,"key":"EssenceOfSteel"}],"is_trial":false,"path_per_floor":["M","$","?","?","?","E","?","E","T","M","E","R","M","?","R","B",null,"M","M","?","M","$","R","E","R","T","?","?","$","?","$","R","B",null,"M","M","COS","?","M","R","?","R","T","M","M","M","M","?","R","B",null],"character_chosen":"KOISHI","items_purchased":["Koishi:Untouchable","Koishi:PhantomStrike","Ice Cream","Koishi:Untouchable"],"campfire_rested":0,"item_purchase_floors":[2,2,29,29],"current_hp_per_floor":[60,60,60,60,60,60,60,60,60,59,60,60,60,60,60,60,60,60,60,60,60,60,60,53,53,53,53,53,53,53,53,53,57,57,57,57,57,57,57,57,57,57,57,57,57,57,57,35,50,57],"gold":65,"neow_bonus":"THREE_ENEMY_KILL","is_daily":false,"chose_seed":false,"campfire_upgraded":5,"win_rate":0.0,"timestamp":1610625768,"path_taken":["M","$","?","?","?","E","?","E","T","?","E","R","M","?","R","BOSS","M","M","?","M","?","R","E","R","T","?","?","?","?","?","R","BOSS","M","M","COS","?","M","R","?","R","T","M","?","M","M","?","R","BOSS"],"items_purchased_type":["Card","Card","Relic","Card"],"build_version":"2020-12-22","purchased_purges":1,"victory":true,"max_hp_per_floor":[60,60,60,60,60,60,60,60,60,60,60,60,60,60,60,60,60,60,60,60,60,60,60,60,60,60,57,57,57,57,57,57,57,57,57,57,57,57,57,57,57,57,57,57,57,57,57,57,57,57],"card_choices":[{"not_picked":["Koishi:Bloodlust","Koishi:SubconsciousSweep"],"picked":"Koishi:SpiritedAway","floor":1},{"not_picked":["Koishi:ParalyzingFear","Koishi:RacingHeart"],"picked":"Koishi:UnconsciousUprising","floor":3},{"not_picked":["Koishi:BloodcurdlingScream","Koishi:EmbryosDream"],"picked":"Koishi:Vanish","floor":3},{"not_picked":["Koishi:Bloodlust","Koishi:BloodcurdlingScream"],"picked":"Koishi:LastRemote","floor":6},{"not_picked":["Koishi:ReflexRadar","Koishi:ReleaseOfTheId"],"picked":"Koishi:ConditionedTeleport","floor":8},{"not_picked":["Koishi:EmbryosDream","Koishi:SubterraneanRose"],"picked":"Koishi:DreadfulBlow","floor":10},{"not_picked":["Koishi:StingingMind","Koishi:CatchAndRose"],"picked":"Koishi:UnseenTerror","floor":11},{"not_picked":["Koishi:Jaunt","Koishi:UnansweredLove"],"picked":"Koishi:Untouchable","floor":13},{"not_picked":["Koishi:HeartStoppingHorror","Koishi:Heartbroken"],"picked":"Koishi:SilentAndRestless","floor":16},{"not_picked":["Koishi:Jaunt","Koishi:DreadfulBlow"],"picked":"Koishi:SpiritedAway","floor":18},{"not_picked":["Koishi:HeartfeltFancy+1","Koishi:PhantomBarrier"],"picked":"Koishi:Possession","floor":19},{"not_picked":["Koishi:SubterraneanRose","Koishi:RacingHeart"],"picked":"Koishi:IdleWhim","floor":21},{"not_picked":["Koishi:DNAsFlaw+1","Koishi:SubterraneanRose"],"picked":"Koishi:GrowingPain","floor":24},{"not_picked":["Koishi:RoseHell","Koishi:ConditionedTeleport"],"picked":"Koishi:RollingInRichesHeart","floor":33},{"not_picked":["Koishi:EmbryosDream+1","Koishi:UnconsciousUprising+1"],"picked":"Koishi:FleetingPhantom","floor":35},{"not_picked":["Koishi:Whimsy","Koishi:ReleaseOfTheId"],"picked":"Koishi:UnconsciousUrges+1","floor":39},{"not_picked":["Koishi:Whimsy","Koishi:HeartfeltFancy+1","Koishi:IdleWhim+1"],"picked":"SKIP","floor":44},{"not_picked":["Koishi:ParalyzingFear","Koishi:JumpScare+1"],"picked":"Koishi:FreudianInstinct+1","floor":45},{"not_picked":["Koishi:DreadfulBlow+1","Koishi:SprinkleStarAndHeart"],"picked":"Koishi:Ego","floor":46},{"not_picked":["Koishi:YoukaiPolygraph","Koishi:Jaunt+1","Koishi:DreadfulBlow+1"],"picked":"SKIP","floor":47}],"player_experience":35091,"relics_obtained":[{"floor":6,"key":"Bag of Marbles"},{"floor":8,"key":"Blood Vial"},{"floor":9,"key":"Girya"},{"floor":11,"key":"FossilizedHelix"},{"floor":16,"key":"Gensokyo:OccultBall"},{"floor":24,"key":"PreservedInsect"},{"floor":26,"key":"Koishi:TeethAndClaws"},{"floor":33,"key":"Gensokyo:OccultBall"},{"floor":43,"key":"Eternal Feather"},{"floor":46,"key":"Gensokyo:OccultBall"}],"event_choices":[],"is_beta":false,"boss_relics":[{"not_picked":["Black Star","Fusion Hammer"],"picked":"Sozu"},{"not_picked":["SlaversCollar","Runic Dome"],"picked":"Coffee Dripper"}],"items_purged_floors":[22],"is_endless":false,"potions_floor_spawned":[1,8,13,21,24,35,39,45],"ascension_level":1}}