{"host":"q98mp5s7e93e1jw5","time":1610662094,"event":{"mods":["BaseMod","Minty Spire (QoL Compilation)","StSLib","The Cursed","??????REMEMod"],"gold_per_floor":[112,112,112,187,200,200,232,252,252,204,204,222,234,245,245,341,341,361,572,92,106,123,123,333,544,544,544,14,14,14,32,32,32,32],"floor_reached":33,"language":"ENG","playtime":2340,"items_purged":[],"score":326,"play_id":"bbec0ef3-2dda-436b-96f8-1ad67ad51954","local_time":"20210114140814","is_ascension_mode":false,"campfire_choices":[{"data":"TheCursedMod:SpitefulPlan","floor":6,"key":"SMITH"},{"data":"TheCursedMod:CleanUpWorkshop","floor":11,"key":"SMITH"},{"floor":15,"key":"REST"},{"floor":23,"key":"REST"},{"floor":29,"key":"REST"},{"floor":32,"key":"REST"}],"circlet_count":0,"master_deck":["TheCursedMod:Strike_TheCursed","TheCursedMod:Strike_TheCursed","TheCursedMod:Strike_TheCursed","TheCursedMod:Strike_TheCursed","TheCursedMod:Defend_TheCursed","TheCursedMod:Defend_TheCursed","TheCursedMod:Defend_TheCursed","TheCursedMod:Defend_TheCursed","TheCursedMod:CursedWand","TheCursedMod:CleanUpWorkshop+1","TheCursedMod:Dregs","TheCursedMod:SpitefulPlan+1","TheCursedMod:CursedShiv","TheCursedMod:Obscuration","TheCursedMod:CircleOfCorruption","TheCursedMod:WearCloak","TheCursedMod:CursedAmulet","TheCursedMod:Torture","TheCursedMod:Torture","TheCursedMod:CursedRelics","TheCursedMod:SpitefulPray","TheCursedMod:HellfireBreathing","TheCursedMod:FleshFromBone+1","TheCursedMod:FleshFromBone+1","Decay","Writhe","Iron Wave","TheCursedMod:FleshFromBone+1"],"relics":["TheCursedMod:BlackMagic101","REME_ComplimentaryCards","NeowsBlessing","Dead Branch","Toy Ornithopter","Darkstone Periapt","REME_DemonsWealth","Juzu Bracelet","Toxic Egg 2","Bottled Tornado","Strawberry","Sundial"],"acts_visited":["Exordium","TheCity"],"potions_floor_usage":[14,16,18,19,22,31,31,33],"damage_taken":[{"damage":0,"enemies":"Small Slimes","floor":1,"turns":1},{"damage":0,"enemies":"Jaw Worm","floor":5,"turns":2},{"damage":0,"enemies":"Lagavulin","floor":7,"turns":1},{"damage":0,"enemies":"2 Louse","floor":8,"turns":3},{"damage":0,"enemies":"Red Slaver","floor":12,"turns":3},{"damage":4,"enemies":"Exordium Thugs","floor":13,"turns":4},{"damage":13,"enemies":"Lots of Slimes","floor":14,"turns":3},{"damage":44,"enemies":"Slime Boss","floor":16,"turns":10},{"damage":14,"enemies":"3 Byrds","floor":18,"turns":5},{"damage":20,"enemies":"2 Thieves","floor":19,"turns":5},{"damage":3,"enemies":"Snake Plant","floor":21,"turns":5},{"damage":16,"enemies":"Centurion and Healer","floor":22,"turns":11},{"damage":21,"enemies":"Snecko","floor":24,"turns":7},{"damage":13,"enemies":"Sentry and Sphere","floor":25,"turns":8},{"damage":31,"enemies":"Colosseum Slavers","floor":27,"turns":6},{"damage":8,"enemies":"Snake Plant","floor":31,"turns":4},{"damage":89,"enemies":"Collector","floor":33,"turns":14}],"seed_played":"-7379964186447910559","potions_obtained":[{"floor":5,"key":"SpeedPotion"},{"floor":13,"key":"LiquidBronze"},{"floor":14,"key":"Weak Potion"},{"floor":16,"key":"FearPotion"},{"floor":18,"key":"Explosive Potion"},{"floor":31,"key":"Weak Potion"}],"is_trial":false,"path_per_floor":["M","$","?","?","M","R","E","M","T","$","R","M","M","M","R","B",null,"M","M","$","M","M","R","M","M","T","?","$","R","?","M","R","B"],"character_chosen":"THE_CURSED","items_purchased":["TheCursedMod:WearCloak","TheCursedMod:HellfireBreathing","Juzu Bracelet","Toxic Egg 2","EssenceOfSteel","Strawberry","Sundial","AttackPotion"],"campfire_rested":4,"item_purchase_floors":[10,20,20,20,28,28,28,28],"current_hp_per_floor":[75,75,72,61,61,61,61,61,61,61,61,61,57,49,71,31,75,66,57,57,54,43,67,52,45,45,14,21,51,51,53,83,0,0],"gold":32,"neow_bonus":"THREE_ENEMY_KILL","is_daily":false,"chose_seed":false,"campfire_upgraded":2,"win_rate":0.0,"timestamp":1610662094,"path_taken":["M","$","?","?","M","R","E","M","T","$","R","M","?","M","R","BOSS","M","M","$","M","M","R","M","M","T","?","$","R","?","M","R","BOSS"],"items_purchased_type":["Card","Card","Relic","Relic","Potion","Relic","Relic","Potion"],"build_version":"2020-12-22","purchased_purges":0,"victory":false,"max_hp_per_floor":[75,75,75,75,75,75,75,75,75,75,75,75,75,75,75,75,75,75,81,81,81,81,81,87,93,93,93,100,100,100,100,100,100,100],"card_choices":[{"not_picked":["TheCursedMod:CursedShiv","TheCursedMod:CursedBoomerang"],"picked":"TheCursedMod:SpitefulPlan","floor":1},{"not_picked":["TheCursedMod:CircleOfFlame","TheCursedMod:BlessingInDisguise"],"picked":"TheCursedMod:CursedShiv","floor":5},{"not_picked":["TheCursedMod:AbyssShockwave","TheCursedMod:Torture"],"picked":"TheCursedMod:Obscuration","floor":7},{"not_picked":["TheCursedMod:Hemoplague","TheCursedMod:TacticalStrike"],"picked":"TheCursedMod:CircleOfCorruption","floor":8},{"not_picked":["TheCursedMod:SmokeScreen","TheCursedMod:Neurasthenia"],"picked":"TheCursedMod:CursedAmulet","floor":12},{"not_picked":["TheCursedMod:WearCloak","TheCursedMod:CircleOfFlame"],"picked":"TheCursedMod:Torture","floor":13},{"not_picked":["TheCursedMod:SpitefulStrike","TheCursedMod:AshesToAshes"],"picked":"TheCursedMod:Torture","floor":14},{"not_picked":["TheCursedMod:Neurasthenia","TheCursedMod:DemonSword"],"picked":"TheCursedMod:CursedRelics","floor":16},{"not_picked":["TheCursedMod:SurpriseAttack+1","TheCursedMod:CircleOfCorruption","Regret"],"picked":"TheCursedMod:SpitefulPray","floor":18},{"not_picked":["TheCursedMod:SmokeScreen","TheCursedMod:TacticalStrike","TheCursedMod:VitalStrike"],"picked":"Regret","floor":19},{"not_picked":["TheCursedMod:Obscuration+1","TheCursedMod:CursedAmulet+1","Shame"],"picked":"TheCursedMod:FleshFromBone+1","floor":21},{"not_picked":["TheCursedMod:VitalStrike","TheCursedMod:CircleOfBlood+1","TheCursedMod:Dregs"],"picked":"TheCursedMod:FleshFromBone+1","floor":22},{"not_picked":["TheCursedMod:CursedBlade+1","TheCursedMod:OutForBlood","TheCursedMod:CursedAmulet+1"],"picked":"Decay","floor":24},{"not_picked":["TheCursedMod:Stigma","TheCursedMod:SmokeScreen+1","TheCursedMod:CursedBoomerang+1"],"picked":"Writhe","floor":25},{"not_picked":["TheCursedMod:Evocation+1","TheCursedMod:HellsGateOpen+1","Normality"],"picked":"TheCursedMod:FleshFromBone+1","floor":31}],"player_experience":377461,"relics_obtained":[{"floor":7,"key":"Toy Ornithopter"},{"floor":9,"key":"Darkstone Periapt"},{"floor":26,"key":"Bottled Tornado"}],"event_choices":[{"damage_healed":0,"gold_gain":0,"player_choice":"Success","damage_taken":3,"relics_obtained":["Dead Branch"],"max_hp_gain":0,"max_hp_loss":0,"event_name":"Scrap Ooze","floor":3,"gold_loss":0},{"damage_healed":0,"gold_gain":75,"player_choice":"Gather Gold","damage_taken":11,"max_hp_gain":0,"max_hp_loss":0,"event_name":"World of Goop","floor":4,"gold_loss":0},{"damage_healed":0,"gold_gain":0,"player_choice":"Fight","damage_taken":0,"max_hp_gain":0,"max_hp_loss":0,"event_name":"Colosseum","floor":27,"gold_loss":0},{"damage_healed":0,"gold_gain":0,"player_choice":"Fled From Nobs","damage_taken":0,"max_hp_gain":0,"max_hp_loss":0,"event_name":"Colosseum","floor":27,"gold_loss":0},{"cards_removed":["Regret"],"damage_healed":0,"gold_gain":0,"player_choice":"Took Card","damage_taken":0,"max_hp_gain":0,"max_hp_loss":0,"event_name":"NoteForYourself","floor":30,"gold_loss":0,"cards_obtained":["Iron Wave"]}],"is_beta":false,"boss_relics":[{"not_picked":["Coffee Dripper","Astrolabe"],"picked":"REME_DemonsWealth"}],"items_purged_floors":[],"is_endless":false,"potions_floor_spawned":[5,13,14,16,18,27,31],"killed_by":"Collector","ascension_level":0}}