{"host":"56c2xpjnpymkv18q","time":1610626751,"event":{"mods":["Act Like it!","Aspiration","BaseMod","GungeonMod","Lobotomy","LobotomyExtend","Minty Spire (QoL Compilation)","Prisma Mod","Quick Restart","Relic Stats","Replay The Spire","Spicy Shops","StSLib","¡¾ÒÅÎï¿¨ÅÆ¡¿REMEMod"],"gold_per_floor":[179,179,179,11,11,11,11],"floor_reached":6,"language":"ZHS","playtime":199,"items_purged":[],"score":44,"play_id":"b36e7b9f-54bb-43c4-8874-4eda2d57e42a","local_time":"20210114201911","daily_mods":["Shiny","Heirloom","Flight","DeadlyEvents","Elite Swarm"],"is_ascension_mode":true,"campfire_choices":[],"circlet_count":0,"master_deck":["PrismaMod:IllyaCarnivalAttack+1","PrismaMod:IllyaInstallSaber","PrismaMod:IllyaInstallAssassin","PrismaMod:IllyaCarnivalDefend","PrismaMod:IllyaInstallAlterEgo","PrismaMod:IllyaInstallForeigner","PrismaMod:IllyaInstallShielder","PrismaMod:IllyaInstallArcher","PrismaMod:IllyaInstallRider","PrismaMod:IllyaUberPoisonChannel","PrismaMod:IllyaUberDefendChannel","PrismaMod:IllyaCarnivalOrbs","PrismaMod:IllyaInstallLancer","PrismaMod:IllyaInstallAvenger","PrismaMod:IllyaUberAttackChannel","PrismaMod:IllyaInstallBerserker","PrismaMod:IllyaInstallCaster","PrismaMod:IllyaInstallRuler","PrismaMod:IllyaZwei","PrismaMod:IllyaCarnivalPrismaAstolfo","PrismaMod:IllyaInstallMoonCancer","PrismaMod:IllyaCarnivalAttack","PrismaMod:IllyaCarnivalDefend","PrismaMod:IllyaUberPoisonChannel+1","PrismaMod:IllyaUberDefendChannel","PrismaMod:IllyaCarnivalOrbs+1","PrismaMod:IllyaUberAttackChannel","PrismaMod:IllyaZwei","PrismaMod:IllyaCarnivalPrismaAstolfo","Feed","PrismaMod:IllyaPartialInstallAssassin"],"relics":["PrismaMod:PrismaRuby","REME_ComplimentaryCards","Pondfish Scales","DemoMod:GnawedKey"],"acts_visited":["Exordium"],"potions_floor_usage":[],"damage_taken":[{"damage":21,"enemies":"Gremlin Nob","floor":6,"turns":4}],"seed_played":"-5248591473750816898","potions_obtained":[],"is_trial":true,"path_per_floor":["?","?","?","$","?","E"],"character_chosen":"ILLYA","items_purchased":["DemoMod:GnawedKey","PrismaMod:IllyaPartialInstallAssassin"],"campfire_rested":0,"item_purchase_floors":[4,4],"current_hp_per_floor":[68,53,53,53,61,43,43],"gold":11,"neow_bonus":"","is_daily":false,"chose_seed":false,"campfire_upgraded":0,"win_rate":0.0,"timestamp":1610626751,"path_taken":["?","?","?","?","?","E"],"items_purchased_type":["Relic","Card"],"build_version":"2020-12-22","purchased_purges":0,"victory":false,"max_hp_per_floor":[75,75,75,75,75,75,75],"relic_stats":{"counters":[1,4],"obtain_stats":[{"PrismaMod:PrismaRuby":0,"Pondfish Scales":0,"DemoMod:GnawedKey":4,"REME_ComplimentaryCards":0},{"PrismaMod:PrismaRuby":0,"Pondfish Scales":0,"DemoMod:GnawedKey":0,"REME_ComplimentaryCards":0},{"PrismaMod:PrismaRuby":0,"Pondfish Scales":0,"DemoMod:GnawedKey":0,"REME_ComplimentaryCards":0}]},"card_choices":[],"player_experience":163032,"relics_obtained":[],"event_choices":[{"damage_healed":0,"gold_gain":0,"player_choice":"Entered Light","damage_taken":15,"max_hp_gain":0,"max_hp_loss":0,"event_name":"Shining Light","floor":2,"gold_loss":0,"cards_upgraded":["PrismaMod:IllyaCarnivalAttack","PrismaMod:IllyaCarnivalOrbs"]}],"is_beta":false,"boss_relics":[],"items_purged_floors":[],"is_endless":true,"potions_floor_spawned":[],"killed_by":"Gremlin Nob","ascension_level":9}}