{"host":"xrbutm0tzv4qwo7u","time":1610668079,"event":{"mods":["AchievementEnabler","BaseMod","Colored Map","Colored Powertips","Dark Map","Hermit","Minty Spire (QoL Compilation)","Quick Restart","Rare Cards Sparkle","Relic Stats","StSLib","The Cursed","The Marked"],"gold_per_floor":[115,65,83,83,102,102,145,145,145,145,202,202,242,261,261,387,387,412,337,109,109,125,125,125,125],"floor_reached":24,"language":"ENG","playtime":706,"items_purged":[],"score":222,"play_id":"15a4e76d-7026-47ed-baff-660d6a5daef7","local_time":"20210114174759","is_ascension_mode":true,"campfire_choices":[{"data":"Body Slam","floor":6,"key":"SMITH"},{"data":"Shrug It Off","floor":8,"key":"SMITH"},{"floor":10,"key":"RECALL"},{"floor":12,"key":"REST"},{"floor":15,"key":"REST"},{"floor":23,"key":"REST"}],"circlet_count":0,"master_deck":["Strike_R","Strike_R","Strike_R","Defend_R","Defend_R","Defend_R","Bash","Body Slam+1","Shrug It Off+1","Clothesline","Carnage","Body Slam","Shockwave","Entrench","Double Tap","Reckless Charge+1","Violence","Armaments","RitualDagger","Headbutt"],"relics":["Burning Blood","Golden Idol","Mummified Hand","StoneCalendar","Runic Cube"],"acts_visited":["Exordium","TheCity"],"potions_floor_usage":[7,16,16,24,24,24],"damage_taken":[{"damage":1,"enemies":"Cultist","floor":1,"turns":3},{"damage":4,"enemies":"Small Slimes","floor":3,"turns":3},{"damage":8,"enemies":"2 Louse","floor":5,"turns":3},{"damage":19,"enemies":"3 Sentries","floor":7,"turns":8},{"damage":18,"enemies":"Gremlin Nob","floor":13,"turns":4},{"damage":1,"enemies":"Looter","floor":14,"turns":3},{"damage":51,"enemies":"Slime Boss","floor":16,"turns":7},{"damage":43,"enemies":"Spheric Guardian","floor":18,"turns":6},{"damage":18,"enemies":"Shell Parasite","floor":22,"turns":4},{"damage":40,"enemies":"Book of Stabbing","floor":24,"turns":6}],"seed_played":"-8589000994095513157","potions_obtained":[{"floor":3,"key":"Ancient Potion"},{"floor":5,"key":"LiquidBronze"},{"floor":13,"key":"SkillPotion"},{"floor":14,"key":"Strength Potion"},{"floor":18,"key":"EntropicBrew"},{"floor":22,"key":"SpeedPotion"}],"is_trial":false,"path_per_floor":["M","?","M","?","M","R","E","R","T","R","?","R","E","M","R","B",null,"M","?","$","?","M","R","E"],"character_chosen":"IRONCLAD","items_purchased":["Violence","Armaments"],"campfire_rested":3,"item_purchase_floors":[20,20],"current_hp_per_floor":[72,72,72,54,52,52,39,39,39,39,39,60,48,53,72,27,72,35,35,35,29,17,38,0,0],"gold":125,"neow_bonus":"TRANSFORM_TWO_CARDS","is_daily":false,"chose_seed":false,"campfire_upgraded":2,"win_rate":0.0,"timestamp":1610668079,"path_taken":["M","?","M","?","M","R","E","R","T","R","?","R","E","M","R","BOSS","M","?","$","?","M","R","E"],"items_purchased_type":["Card","Card"],"build_version":"2020-12-22","purchased_purges":0,"victory":false,"max_hp_per_floor":[72,72,72,72,72,72,72,72,72,72,72,72,72,72,72,72,72,72,72,72,72,72,72,72,72],"relic_stats":{"counters":[10,47],"Golden Idol":58,"Mummified Hand":[0],"StoneCalendar":[61],"obtain_stats":[{"Golden Idol":4,"Mummified Hand":7,"StoneCalendar":13,"Burning Blood":0,"Runic Cube":17},{"Golden Idol":2,"Mummified Hand":4,"StoneCalendar":5,"Burning Blood":0,"Runic Cube":7},{"Golden Idol":6,"Mummified Hand":17,"StoneCalendar":21,"Burning Blood":0,"Runic Cube":31}],"Burning Blood":47,"Runic Cube":[16]},"card_choices":[{"not_picked":["Wild Strike","Evolve"],"picked":"Shrug It Off","floor":1},{"not_picked":["Dark Embrace","Iron Wave"],"picked":"Clothesline","floor":3},{"not_picked":["Burning Pact","Intimidate"],"picked":"Carnage","floor":5},{"not_picked":["Clash","Cleave"],"picked":"Body Slam","floor":7},{"not_picked":["Fire Breathing","Sever Soul"],"picked":"Shockwave","floor":13},{"not_picked":["Barricade","Hemokinesis"],"picked":"Entrench","floor":14},{"not_picked":["Berserk","Corruption"],"picked":"Double Tap","floor":16},{"not_picked":["Body Slam","True Grit+1"],"picked":"Reckless Charge+1","floor":18},{"not_picked":["Battle Trance","Warcry"],"picked":"Headbutt","floor":22}],"player_experience":55992,"relics_obtained":[{"floor":7,"key":"Mummified Hand"},{"floor":13,"key":"StoneCalendar"}],"event_choices":[{"cards_removed":["Clash"],"damage_healed":0,"gold_gain":0,"player_choice":"Card Removal","damage_taken":0,"max_hp_gain":0,"max_hp_loss":0,"event_name":"The Cleric","floor":2,"gold_loss":50},{"damage_healed":0,"gold_gain":0,"player_choice":"Take Damage","damage_taken":18,"relics_obtained":["Golden Idol"],"max_hp_gain":0,"max_hp_loss":0,"event_name":"Golden Idol","floor":4,"gold_loss":0},{"damage_healed":0,"gold_gain":57,"player_choice":"Gained Gold","damage_taken":0,"max_hp_gain":0,"max_hp_loss":0,"event_name":"Golden Wing","floor":11,"gold_loss":0},{"cards_removed":["Strike_R"],"damage_healed":0,"gold_gain":0,"player_choice":"Gave Gold","damage_taken":0,"max_hp_gain":0,"max_hp_loss":0,"event_name":"Beggar","floor":19,"gold_loss":75},{"damage_healed":0,"gold_gain":0,"player_choice":"Joined the Cult","damage_taken":6,"max_hp_gain":0,"max_hp_loss":0,"event_name":"Nest","floor":21,"gold_loss":0,"cards_obtained":["RitualDagger"]}],"is_beta":false,"boss_relics":[{"not_picked":["Velvet Choker","Sozu"],"picked":"Runic Cube"}],"items_purged_floors":[],"is_endless":false,"potions_floor_spawned":[3,5,13,14,18,22],"killed_by":"Book of Stabbing","ascension_level":2}}