{"host":"0rxdudjy6rylha1k","time":1610637183,"event":{"mods":["Aspiration","BaseMod","Colored Map","Colored Powertips","Downfall","Highlight Path","Hubris","Minty Spire (QoL Compilation)","StSLib"],"gold_per_floor":[99,113,124,138,138,138,187,37,49,49,67,67,83,83,103,207,207,207,224,21,121,221,14,14,33,33,47,47,47,47],"floor_reached":28,"language":"ENG","playtime":2380,"items_purged":[],"score":280,"play_id":"2a09e00d-c524-47c2-9900-55dee8e89aad","local_time":"20210114081303","is_ascension_mode":false,"campfire_choices":[{"floor":1.0,"key":"RECALL"},{"data":"champ:GladiatorStyle","floor":8.0,"key":"SMITH"},{"data":"champ:GladiatorsShout","floor":10.0,"key":"SMITH"},{"data":"champ:Execute","floor":12.0,"key":"SMITH"},{"data":"champ:BladeFlurry","floor":18,"key":"SMITH"}],"circlet_count":0,"master_deck":["champ:Strike","champ:Strike","champ:Strike","champ:Strike","champ:Defend","champ:Defend","champ:Defend","champ:Defend","champ:Execute+1","champ:Taunt+1","champ:GladiatorsShout+1","champ:GladiatorStyle+1","champ:SwordSigil","champ:BladeFlurry+1","champ:HeavySlash","Swift Strike","champ:IronFortress","champ:RisingSlash","champ:FocusedGladiator+1"],"relics":["champ:ChampionCrown","Ancient Tea Set","downfall:HeartBlessingRed","downfall:HeartBlessingBlue","champ:LiftRelic","Membership Card","Toy Ornithopter","Potion Belt","Dead Branch"],"acts_visited":["Exordium","TheCity"],"potions_floor_usage":[23,23,23,25,26,27,28,28],"damage_taken":[{"damage":5.0,"enemies":"Cultist","floor":2.0,"turns":3.0},{"damage":6.0,"enemies":"Jaw Worm","floor":3.0,"turns":4.0},{"damage":0.0,"enemies":"Small Slimes","floor":4.0,"turns":4.0},{"damage":8.0,"enemies":"Red Slaver","floor":9.0,"turns":4.0},{"damage":0.0,"enemies":"3 Louse","floor":11.0,"turns":4.0},{"damage":12.0,"enemies":"Blue Slaver","floor":13.0,"turns":3.0},{"damage":22.0,"enemies":"Gremlin Gang","floor":15.0,"turns":5.0},{"damage":10.0,"enemies":"downfall:Silent","floor":16.0,"turns":6.0},{"damage":12,"enemies":"Shell Parasite","floor":19,"turns":5},{"damage":5,"enemies":"downfall:FleeingMerchant","floor":20,"turns":4},{"damage":82,"enemies":"downfall:LadyInBlue","floor":22,"turns":13},{"damage":15,"enemies":"downfall:FleeingMerchant","floor":23,"turns":4},{"damage":3,"enemies":"Chosen","floor":25,"turns":4},{"damage":0,"enemies":"Book of Stabbing","floor":26,"turns":1},{"damage":15,"enemies":"Snecko","floor":27,"turns":4},{"damage":37,"enemies":"Gremlin Leader","floor":28,"turns":8}],"seed_played":"7124650830790187803","potions_obtained":[{"floor":4.0,"key":"ColorlessPotion"},{"floor":9.0,"key":"sneckomod:MuddlingPotion"},{"floor":13.0,"key":"SpeedPotion"},{"floor":15.0,"key":"ColorlessPotion"},{"floor":19,"key":"Explosive Potion"},{"floor":22,"key":"champ:TechniquePotion"},{"floor":22,"key":"Energy Potion"},{"floor":25,"key":"Weak Potion"},{"floor":27,"key":"Block Potion"}],"is_trial":false,"path_per_floor":["R","M","M","M","?","?","T","R","M","R","M","R","M","?","M","B",null,"R","M","$","?","?","$","T","M","E","M","E"],"character_chosen":"THE_CHAMP","items_purchased":["Membership Card","Swift Strike","Potion Belt","SmokeBomb","SkillPotion","champ:OpenerPotion","champ:RisingSlash"],"campfire_rested":0,"item_purchase_floors":[20,20,23,23,23,23,23],"current_hp_per_floor":[90,90,89,89,89,89,89,99,96,96,96,96,89,89,77,77,100,100,88,88,88,11,21,21,26,31,26,0,0,0],"gold":47,"neow_bonus":"RANDOM_COMMON_RELIC","is_daily":false,"chose_seed":false,"campfire_upgraded":4,"win_rate":0.0,"timestamp":1610637183,"path_taken":["R","M","M","?","?","?","T","R","M","R","?","R","M","?","M","BOSS","R","M","$","?","?","$","T","?","E","M","E"],"items_purchased_type":["Relic","Card","Relic","Potion","Potion","Potion","Card"],"build_version":"2020-12-22","purchased_purges":0,"victory":false,"max_hp_per_floor":[90,90,90,90,90,90,90,100,100,100,100,100,100,100,100,100,100,100,100,100,100,100,100,100,100,100,100,100,100,100],"card_choices":[{"not_picked":["champ:Backstep","champ:FanOfKnives"],"picked":"champ:GladiatorsShout","floor":2.0},{"not_picked":["champ:BladeFlurry","champ:DefensiveShout"],"picked":"champ:GladiatorStyle","floor":3.0},{"not_picked":["champ:Riposte","champ:FightOn","champ:Encircle"],"picked":"SKIP","floor":4.0},{"not_picked":["champ:GutPunch","champ:EnGarde","champ:DefensiveShout"],"picked":"SKIP","floor":9.0},{"not_picked":["champ:BerserkersShout","champ:TornadoPunch","champ:CalledShot"],"picked":"SKIP","floor":11.0},{"not_picked":["champ:RageSigil","champ:DefensiveShout"],"picked":"champ:SwordSigil","floor":13.0},{"not_picked":["champ:BringItOn","champ:AdrenalArmor"],"picked":"champ:BladeFlurry","floor":15.0},{"not_picked":["champ:ShieldSlam","champ:EnchantShield"],"picked":"champ:HeavySlash","floor":16.0},{"not_picked":["champ:HeartStrike+1","champ:Circumvent+1","champ:AdrenalArmor"],"picked":"SKIP","floor":19},{"not_picked":["champ:GutPunch","champ:EnGarde","champ:ShieldSigil"],"picked":"SKIP","floor":20},{"not_picked":["champ:DefensiveShout+1","champ:RageSigil"],"picked":"champ:IronFortress","floor":22},{"not_picked":["champ:BerserkersShout","champ:DefensiveShout","champ:PerfectedStrike"],"picked":"SKIP","floor":23},{"not_picked":["champ:AdrenalArmor+1","champ:BladeFlurry"],"picked":"champ:FocusedGladiator+1","floor":25},{"not_picked":["champ:TornadoPunch","champ:Circumvent","champ:Backstep+1"],"picked":"SKIP","floor":27}],"player_experience":2474644,"relics_obtained":[{"floor":22,"key":"Toy Ornithopter"},{"floor":24,"key":"Dead Branch"}],"event_choices":[{"damage_healed":0.0,"max_hp_gain":0.0,"max_hp_loss":0.0,"gold_gain":0.0,"event_name":"Accursed Blacksmith","player_choice":"Forge","floor":6.0,"gold_loss":0.0,"damage_taken":0.0,"cards_upgraded":["champ:Taunt"]}],"is_beta":false,"boss_relics":[{"not_picked":["hubris:CrackedHourglass","Coffee Dripper","downfall:Hecktoplasm"]}],"items_purged_floors":[],"is_endless":false,"potions_floor_spawned":[4,9,13,15,19,25,27],"killed_by":"Gremlin Leader","ascension_level":0}}