{"host":"w6oy2nru13p3os12","time":1610602854,"event":{"mods":["AchievementEnabler","BaseMod","Better Third Choice","BetterRewards","Conspire","Energized Spire","GungeonMod","Halation","Hubris","Mimic Mod","Minty Spire (QoL Compilation)","Permanent Neow","Quick Restart","Replay The Spire","Reworked Bosses","Spikes Relics","StSLib","The Bug Knight","The Hierophant","Wandering Minibosses"],"gold_per_floor":[118,128,53,53,26,26,59,59,59,59,74,74,74,88,88,188,288,306,306,263,282,297,297,297,309,309,335,349,349,349,349,349,446,446,465,1266,1266,985,1002,1032,1046,1046,1069,1069,1081,1101,1101,1117,1117,1117],"floor_reached":51,"language":"ENG","playtime":2816,"items_purged":["Strike_P","Strike_P"],"score":599,"play_id":"c89e993a-b421-46b2-93a5-061dea06d1b1","local_time":"20210114004054","is_ascension_mode":false,"campfire_choices":[{"data":"DeceiveReality","floor":6,"key":"SMITH"},{"data":"CarveReality","floor":8,"key":"SMITH"},{"data":"Defend_P","floor":10,"key":"SMITH"},{"data":"Strike_P","floor":13,"key":"SMITH"},{"data":"Defend_P","floor":15,"key":"SMITH"},{"data":"Wallop","floor":23,"key":"SMITH"},{"data":"Replay:LoomingThreat","floor":30,"key":"SMITH"},{"floor":32,"key":"REST"},{"data":"hubris:EnhanceAbility","floor":44,"key":"SMITH"},{"floor":47,"key":"REST"}],"circlet_count":0,"master_deck":["Strike_P+1","Strike_P+1","Defend_P+1","Defend_P+1","Defend_P+1","Defend_P","Eruption+1","Vigilance+1","DeceiveReality+1","CarveReality+1","Replay:Anticipation","Establishment+1","Tantrum","Wallop+1","ThirdEye+1","Replay:LoomingThreat+1","Protect+1","JustLucky","SandsOfTime","MasterReality","hubris:EnhanceAbility+1","Replay:AtTheReady+1","Protect+1","ReachHeaven+1"],"relics":["PureWater","War Paint","conspire:DeflatedDodgeball","DemoMod:PoisonVial","Replay:Wanted Poster","LugNut","Darkstone Periapt","Black Star","wanderingMiniBosses:MasterThiefsPresence","Letter Opener","Mummified Hand","Counterbalance","Ancient Tea Set"],"acts_visited":["Exordium","TheCity","TheBeyond"],"potions_floor_usage":[16,33,40,45,50],"damage_taken":[{"damage":1,"enemies":"conspire:RoseBush","floor":1,"turns":4},{"damage":1,"enemies":"2 Louse","floor":2,"turns":4},{"damage":15,"enemies":"HollowMod:MossKnight","floor":7,"turns":7},{"damage":0,"enemies":"Cultist","floor":11,"turns":3},{"damage":0,"enemies":"Exordium Thugs","floor":14,"turns":3},{"damage":6,"enemies":"The Guardian","floor":16,"turns":10},{"damage":4,"enemies":"Chosen","floor":18,"turns":3},{"damage":8,"enemies":"Sentry and Sphere","floor":20,"turns":8},{"damage":8,"enemies":"Shelled Parasite and Fungi","floor":21,"turns":3},{"damage":9,"enemies":"3 Cultists","floor":22,"turns":5},{"damage":0,"enemies":"conspire:HollyBat","floor":25,"turns":8},{"damage":0,"enemies":"Book of Stabbing","floor":27,"turns":4},{"damage":9,"enemies":"Snecko","floor":28,"turns":6},{"damage":3,"enemies":"bossMod:newCollector","floor":33,"turns":9},{"damage":0,"enemies":"Orb Walker","floor":35,"turns":3},{"damage":25,"enemies":"3 Darklings","floor":36,"turns":10},{"damage":0,"enemies":"4 Shapes","floor":39,"turns":3},{"damage":0,"enemies":"Nemesis","floor":40,"turns":9},{"damage":4,"enemies":"Maw","floor":41,"turns":7},{"damage":24,"enemies":"HollowMod:SlobberingHusk","floor":45,"turns":7},{"damage":0,"enemies":"Jaw Worm Horde","floor":46,"turns":4},{"damage":10,"enemies":"Sphere and 2 Shapes","floor":48,"turns":7},{"damage":17,"enemies":"Replay:Hell Engine","floor":50,"turns":8}],"seed_played":"-2211832979616478814","potions_obtained":[{"floor":1,"key":"LiquidBronze"},{"floor":7,"key":"BlessingOfTheForge"},{"floor":21,"key":"Ancient Potion"},{"floor":22,"key":"GamblersBrew"},{"floor":39,"key":"Block Potion"},{"floor":41,"key":"Adrenaline Potion"},{"floor":46,"key":"SpeedPotion"}],"is_trial":false,"path_per_floor":["M","M","$","?","?","R","E","R","T","R","M","?","R","M","R","B",null,"M","$","M","M","M","R","?","M","T","E","M","$","R","?","R","B",null,"M","M","?","$","M","E","M","T","T","R","M","M","R","M","R","B",null],"character_chosen":"WATCHER","items_purchased":["hubris:EnhanceAbility"],"campfire_rested":2,"item_purchase_floors":[38],"current_hp_per_floor":[71,70,70,70,70,70,55,55,55,55,55,55,55,55,55,49,72,68,68,60,52,43,43,43,43,43,43,34,34,34,34,55,52,72,72,47,47,47,47,47,43,43,43,43,19,19,40,30,51,34],"gold":1117,"neow_bonus":"RANDOM_COMMON_RELIC","is_daily":false,"chose_seed":false,"campfire_upgraded":8,"win_rate":0.0,"timestamp":1610602854,"path_taken":["M","M","$","?","?","R","E","R","T","R","M","?","R","M","R","BOSS","M","?","M","M","M","R","?","M","T","E","M","$","R","?","R","BOSS","M","M","?","$","M","E","M","?","T","R","M","M","R","M","R","BOSS"],"items_purchased_type":["Card"],"build_version":"2020-12-22","purchased_purges":2,"victory":true,"max_hp_per_floor":[72,72,72,72,72,72,72,72,72,72,72,72,72,72,72,72,72,72,72,72,72,72,72,72,72,72,72,72,72,72,72,72,72,72,72,72,72,72,72,72,72,72,72,72,72,72,72,72,72,72],"card_choices":[{"not_picked":["FlyingSleeves","Replay:BluntJabs"],"picked":"DeceiveReality","floor":1},{"not_picked":["ClearTheMind","FollowUp"],"picked":"CarveReality","floor":2},{"not_picked":["PathToVictory","EmptyFist"],"picked":"Replay:Anticipation","floor":7},{"not_picked":["DeceiveReality","Evaluate","Halt"],"picked":"SKIP","floor":11},{"not_picked":["LikeWater","Protect","ClearTheMind"],"picked":"SKIP","floor":14},{"not_picked":["Omniscience","DevaForm"],"picked":"Establishment","floor":16},{"not_picked":["Consecrate","SashWhip"],"picked":"Tantrum","floor":18},{"not_picked":["Replay:AtTheReady","CutThroughFate"],"picked":"Wallop","floor":20},{"not_picked":["WheelKick+1","CutThroughFate+1"],"picked":"ThirdEye+1","floor":21},{"not_picked":["DeceiveReality","FollowUp"],"picked":"Replay:LoomingThreat","floor":22},{"not_picked":["FlyingSleeves","BowlingBash"],"picked":"Protect+1","floor":25},{"not_picked":["Weave+1","FlurryOfBlows+1"],"picked":"JustLucky","floor":27},{"not_picked":["Replay:ManipulateFuture","Vengeance"],"picked":"SandsOfTime","floor":28},{"not_picked":["Scrawl","ConjureBlade"],"picked":"MasterReality","floor":33},{"not_picked":["Worship+1","PathToVictory+1","ThirdEye"],"picked":"SKIP","floor":35},{"not_picked":["Replay:Cycle+1","FlurryOfBlows+1","SashWhip"],"picked":"SKIP","floor":36},{"not_picked":["Crescendo","EmptyBody+1"],"picked":"Replay:AtTheReady+1","floor":39},{"not_picked":["EmptyFist+1","Ragnarok","Conclude"],"picked":"SKIP","floor":40},{"not_picked":["FollowUp","Vengeance+1","Perseverance+1"],"picked":"SKIP","floor":41},{"not_picked":["Replay:AtTheReady","FollowUp"],"picked":"Protect+1","floor":45},{"not_picked":["SashWhip","CutThroughFate"],"picked":"ReachHeaven+1","floor":46},{"not_picked":["Replay:ManipulateFuture","Nirvana+1","ThirdEye+1"],"picked":"SKIP","floor":48}],"player_experience":340938,"relics_obtained":[{"floor":7,"key":"conspire:DeflatedDodgeball"},{"floor":9,"key":"DemoMod:PoisonVial"},{"floor":26,"key":"LugNut"},{"floor":27,"key":"Darkstone Periapt"},{"floor":36,"key":"wanderingMiniBosses:MasterThiefsPresence"},{"floor":40,"key":"Letter Opener"},{"floor":40,"key":"Mummified Hand"},{"floor":42,"key":"Counterbalance"},{"floor":43,"key":"DemoMod:WeirdEgg"}],"event_choices":[{"damage_healed":0,"gold_gain":0,"player_choice":"Grow","damage_taken":0,"max_hp_gain":0,"max_hp_loss":0,"event_name":"Living Wall","floor":4,"gold_loss":0,"cards_upgraded":["Eruption"]},{"damage_healed":0,"gold_gain":0,"player_choice":"Left","damage_taken":0,"max_hp_gain":0,"max_hp_loss":0,"event_name":"betterThird:BetterGoop","floor":5,"gold_loss":27},{"damage_healed":0,"gold_gain":0,"player_choice":"Upgraded","damage_taken":0,"max_hp_gain":0,"max_hp_loss":0,"event_name":"Upgrade Shrine","floor":12,"gold_loss":0,"cards_upgraded":["Strike_P"]},{"damage_healed":0,"gold_gain":0,"player_choice":"Ignored","damage_taken":0,"max_hp_gain":0,"max_hp_loss":0,"event_name":"The Mausoleum","floor":24,"gold_loss":0},{"damage_healed":0,"gold_gain":0,"player_choice":"Ignored","damage_taken":0,"max_hp_gain":0,"max_hp_loss":0,"event_name":"Cursed Tome","floor":31,"gold_loss":0},{"damage_healed":0,"gold_gain":0,"player_choice":"Ignored","damage_taken":0,"max_hp_gain":0,"max_hp_loss":0,"event_name":"Tomb of Lord Red Mask","floor":37,"gold_loss":0}],"is_beta":false,"boss_relics":[{"not_picked":["hubris:RunicObelisk","hubris:GrandSneckoEye"],"picked":"Replay:Wanted Poster"},{"not_picked":["energizedSpire:StickyHand","Replay:Grab Bag"],"picked":"Black Star"}],"items_purged_floors":[3,38],"is_endless":false,"potions_floor_spawned":[1,7,21,22,25,27,39,41,46],"ascension_level":0}}