{"host":"8rqsnaeml9gxb0kp","time":1610665380,"event":{"mods":["AchievementEnabler","BaseMod","Dark Map","Minty Spire (QoL Compilation)","StSLib"],"gold_per_floor":[109,126,51,70,70,108,108,142,142,107,107,150,150,185,185,308,308,327,346,12,28,28,64,64,64,64,78,78,117,131,151,151,270,270,295,1294,1294,597,622,666,678,79,79,100,119,142,178,193,193,193],"floor_reached":51,"language":"ENG","playtime":3861,"items_purged":["Strike_R","Normality","Normality"],"score":947,"play_id":"56eb709f-ef1d-4f79-b0c9-814dfa38e7b1","local_time":"20210114150300","is_ascension_mode":true,"campfire_choices":[{"floor":7.0,"key":"REST"},{"data":"Pommel Strike","floor":11.0,"key":"SMITH"},{"floor":15.0,"key":"REST"},{"floor":24.0,"key":"REST"},{"floor":28.0,"key":"REST"},{"floor":32.0,"key":"REST"},{"floor":41.0,"key":"REST"},{"floor":49.0,"key":"REST"}],"circlet_count":0,"master_deck":["Strike_R","Strike_R","Strike_R","Strike_R","Defend_R","Defend_R","Defend_R","Defend_R","Bash","Cleave","Pommel Strike+1","Twin Strike","Feed+1","Reaper","Thunderclap","Perfected Strike","Fiend Fire","CurseOfTheBell","Burning Pact+1","Infernal Blade+1","Flame Barrier","Flame Barrier","Demon Form","Spot Weakness+1","Clothesline","Impervious+1","Sentinel+1","Enlightenment+1","Secret Weapon+1","Armaments+1","Dark Embrace+1","Intimidate+1","Warcry+1","Parasite","Power Through+1","Burning Pact+1","True Grit+1","Seeing Red+1","Dual Wield+1"],"relics":["Burning Blood","Golden Idol","Self Forming Clay","Pear","Matryoshka","Dead Branch","Pen Nib","Calling Bell","Oddly Smooth Stone","Sundial","Mango","Mercury Hourglass","Shovel","Lizard Tail","Spirit Poop","Toxic Egg 2","Shuriken","White Beast Statue","SlaversCollar","Vajra","Toy Ornithopter","MawBank","Kunai","Strange Spoon","Gremlin Horn","Bag of Marbles","Dream Catcher"],"acts_visited":["Exordium","TheCity","TheBeyond"],"potions_floor_usage":[50,50],"damage_taken":[{"damage":9.0,"enemies":"2 Louse","floor":1.0,"turns":3.0},{"damage":0.0,"enemies":"Small Slimes","floor":2.0,"turns":2.0},{"damage":6.0,"enemies":"Cultist","floor":4.0,"turns":4.0},{"damage":40.0,"enemies":"Lagavulin","floor":6.0,"turns":9.0},{"damage":28.0,"enemies":"3 Sentries","floor":8.0,"turns":7.0},{"damage":61.0,"enemies":"Lagavulin","floor":12.0,"turns":8.0},{"damage":32.0,"enemies":"3 Sentries","floor":14.0,"turns":7.0},{"damage":64.0,"enemies":"Hexaghost","floor":16.0,"turns":11.0},{"damage":14.0,"enemies":"Chosen","floor":18.0,"turns":4.0},{"damage":19.0,"enemies":"2 Thieves","floor":19.0,"turns":3.0},{"damage":34.0,"enemies":"Centurion and Healer","floor":21.0,"turns":8.0},{"damage":41.0,"enemies":"Slavers","floor":23.0,"turns":6.0},{"damage":49.0,"enemies":"Shelled Parasite and Fungi","floor":27.0,"turns":9.0},{"damage":16.0,"enemies":"Book of Stabbing","floor":29.0,"turns":4.0},{"damage":11.0,"enemies":"Snecko","floor":30.0,"turns":4.0},{"damage":0.0,"enemies":"Centurion and Healer","floor":31.0,"turns":3.0},{"damage":80.0,"enemies":"Collector","floor":33.0,"turns":10.0},{"damage":27.0,"enemies":"3 Shapes","floor":35.0,"turns":6.0},{"damage":19.0,"enemies":"Orb Walker","floor":39.0,"turns":3.0},{"damage":70.0,"enemies":"Nemesis","floor":40.0,"turns":9.0},{"damage":29.0,"enemies":"3 Darklings","floor":44.0,"turns":4.0},{"damage":15.0,"enemies":"Writhing Mass","floor":45.0,"turns":8.0},{"damage":61.0,"enemies":"Spire Growth","floor":46.0,"turns":7.0},{"damage":67.0,"enemies":"Reptomancer","floor":47.0,"turns":6.0},{"damage":67.0,"enemies":"Sphere and 2 Shapes","floor":48.0,"turns":6.0},{"damage":122,"enemies":"Donu and Deca","floor":50,"turns":11}],"seed_played":"6324530158988170366","potions_obtained":[{"floor":2.0,"key":"GamblersBrew"},{"floor":12.0,"key":"Energy Potion"},{"floor":16.0,"key":"Fire Potion"},{"floor":19.0,"key":"FairyPotion"},{"floor":27.0,"key":"GamblersBrew"},{"floor":29.0,"key":"ElixirPotion"},{"floor":31.0,"key":"Weak Potion"},{"floor":33.0,"key":"SpeedPotion"},{"floor":40.0,"key":"SpeedPotion"},{"floor":45.0,"key":"SpeedPotion"},{"floor":46.0,"key":"ElixirPotion"},{"floor":47.0,"key":"BloodPotion"},{"floor":48.0,"key":"DuplicationPotion"}],"is_trial":false,"path_per_floor":["M","M","$","M","?","E","R","E","T","?","R","E","?","E","R","B",null,"M","M","$","M","?","E","R","?","T","M","R","E","M","M","R","B",null,"M","?","?","$","M","E","R","$","T","M","M","M","E","M","R","B",null],"character_chosen":"IRONCLAD","items_purchased":["Mercury Hourglass","Flame Barrier","Vajra","Enlightenment+1","Secret Weapon+1","Toy Ornithopter","Kunai","Strange Spoon","Intimidate+1"],"campfire_rested":7,"item_purchase_floors":[20,20,38,38,38,38,42,42,42],"current_hp_per_floor":[85,88,88,88,81,47,71,62,62,85,85,39,39,33,64,12,119,111,102,102,80,80,49,85,85,85,42,78,72,71,77,115,51,127,129,129,129,129,123,64,103,103,103,112,113,88,69,22,62,60],"gold":193,"neow_bonus":"TEN_PERCENT_HP_BONUS","is_daily":false,"chose_seed":false,"campfire_upgraded":1,"win_rate":0.0,"timestamp":1610665380,"path_taken":["M","M","$","M","?","E","R","E","T","?","R","E","?","E","R","BOSS","M","?","$","M","?","E","R","?","T","M","R","E","?","M","R","BOSS","M","?","?","?","M","E","R","$","T","M","?","M","E","M","R","BOSS"],"items_purchased_type":["Relic","Card","Relic","Card","Card","Relic","Relic","Relic","Card"],"build_version":"2020-12-22","purchased_purges":3,"victory":true,"max_hp_per_floor":[88,88,88,88,81,81,81,94,94,94,94,97,97,105,105,105,119,119,123,123,123,123,123,123,123,123,123,123,127,127,127,127,127,127,131,131,131,131,131,131,131,131,131,135,135,135,135,135,135,135],"card_choices":[{"not_picked":["Clothesline","Feel No Pain"],"picked":"Cleave","floor":1.0},{"not_picked":["Perfected Strike","Shrug It Off"],"picked":"Pommel Strike","floor":2.0},{"not_picked":["Warcry","Heavy Blade"],"picked":"Twin Strike","floor":4.0},{"not_picked":["Iron Wave","Thunderclap"],"picked":"Feed","floor":6.0},{"not_picked":["Fire Breathing","Battle Trance"],"picked":"Reaper","floor":8.0},{"not_picked":["Blood for Blood","Armaments"],"picked":"Thunderclap","floor":12.0},{"not_picked":["Heavy Blade","Rage"],"picked":"Perfected Strike","floor":14.0},{"not_picked":["Berserk","Immolate"],"picked":"Fiend Fire","floor":16.0},{"not_picked":["Fire Breathing","True Grit"],"picked":"Burning Pact+1","floor":18.0},{"not_picked":["Uppercut","Sword Boomerang"],"picked":"Infernal Blade+1","floor":19.0},{"not_picked":["Anger+1","Twin Strike"],"picked":"Flame Barrier","floor":21.0},{"not_picked":["Battle Trance","Heavy Blade"],"picked":"Demon Form","floor":23.0},{"not_picked":["Thunderclap","Dropkick"],"picked":"Spot Weakness+1","floor":27.0},{"not_picked":["Blood for Blood","True Grit+1"],"picked":"Cleave+1","floor":29.0},{"not_picked":["Wild Strike","Headbutt","Anger+1"],"picked":"SKIP","floor":30.0},{"not_picked":["Anger","Twin Strike"],"picked":"Clothesline","floor":31.0},{"not_picked":["Bludgeon","Barricade"],"picked":"Impervious+1","floor":33.0},{"not_picked":["Clothesline","Wild Strike+1"],"picked":"Sentinel+1","floor":35.0},{"not_picked":["Body Slam+1","Bludgeon"],"picked":"Armaments+1","floor":39.0},{"not_picked":["Dropkick","Wild Strike"],"picked":"Dark Embrace+1","floor":40.0},{"not_picked":["Dropkick+1","Pommel Strike"],"picked":"Warcry+1","floor":44.0},{"not_picked":["Thunderclap+1","Havoc+1"],"picked":"Power Through+1","floor":45.0},{"not_picked":["Disarm+1","Warcry+1"],"picked":"Burning Pact+1","floor":46.0},{"not_picked":["Anger+1","Body Slam+1"],"picked":"True Grit+1","floor":47.0},{"not_picked":["Clothesline+1","Corruption"],"picked":"Seeing Red+1","floor":48.0},{"not_picked":["Clash","Combust"],"picked":"Dual Wield+1","floor":49.0}],"player_experience":63029,"relics_obtained":[{"floor":6.0,"key":"Self Forming Clay"},{"floor":8.0,"key":"Pear"},{"floor":9.0,"key":"Matryoshka"},{"floor":12.0,"key":"Dead Branch"},{"floor":14.0,"key":"Pen Nib"},{"floor":17.0,"key":"Oddly Smooth Stone"},{"floor":17.0,"key":"Sundial"},{"floor":17.0,"key":"Mango"},{"floor":23.0,"key":"Lizard Tail"},{"floor":26.0,"key":"Toxic Egg 2"},{"floor":26.0,"key":"Shuriken"},{"floor":29.0,"key":"White Beast Statue"},{"floor":40.0,"key":"MawBank"},{"floor":43.0,"key":"Gremlin Horn"},{"floor":43.0,"key":"Bag of Marbles"},{"floor":47.0,"key":"Dream Catcher"}],"event_choices":[{"damage_healed":0.0,"max_hp_gain":0.0,"max_hp_loss":7.0,"gold_gain":0.0,"event_name":"Golden Idol","player_choice":"Lose Max HP","floor":5.0,"gold_loss":0.0,"damage_taken":0.0,"relics_obtained":["Golden Idol"]},{"damage_healed":23.0,"max_hp_gain":0.0,"max_hp_loss":0.0,"gold_gain":0.0,"event_name":"The Cleric","player_choice":"Healed","floor":10.0,"gold_loss":35.0,"damage_taken":0.0},{"damage_healed":0.0,"max_hp_gain":0.0,"max_hp_loss":0.0,"gold_gain":0.0,"event_name":"Upgrade Shrine","player_choice":"Upgraded","floor":13.0,"gold_loss":0.0,"damage_taken":0.0,"cards_upgraded":["Feed"]},{"damage_healed":0.0,"max_hp_gain":0.0,"max_hp_loss":0.0,"gold_gain":0.0,"event_name":"Addict","player_choice":"Stole Relic","floor":22.0,"gold_loss":0.0,"damage_taken":0.0,"relics_obtained":["Shovel"],"cards_obtained":["Shame"]},{"cards_removed":["Shame"],"damage_healed":0.0,"max_hp_gain":0.0,"max_hp_loss":0.0,"gold_gain":0.0,"event_name":"Bonfire Elementals","player_choice":"Offered Curse","floor":25.0,"gold_loss":0.0,"damage_taken":0.0,"relics_obtained":["Spirit Poop"]},{"damage_healed":0.0,"max_hp_gain":0.0,"max_hp_loss":0.0,"gold_gain":999.0,"event_name":"MindBloom","player_choice":"Gold","floor":36.0,"gold_loss":0.0,"damage_taken":0.0,"cards_obtained":["Normality","Normality"]},{"cards_removed":["Cleave"],"damage_healed":0.0,"max_hp_gain":0.0,"max_hp_loss":0.0,"gold_gain":0.0,"event_name":"Falling","player_choice":"Removed Attack","floor":37.0,"gold_loss":0.0,"damage_taken":0.0}],"is_beta":false,"boss_relics":[{"not_picked":["Astrolabe","Snecko Eye"],"picked":"Calling Bell"},{"not_picked":["Cursed Key","Philosopher\u0027s Stone"],"picked":"SlaversCollar"}],"items_purged_floors":[3,38,42],"is_endless":false,"potions_floor_spawned":[2,12,16,19,27,29,30,31,33,35,39,40,44,45,46,47,48],"ascension_level":2}}