{"host":"oigynbtg272c19pw","time":1610648371,"event":{"mods":["BaseMod","Colored Map","Minty Spire (QoL Compilation)","Relic Stats","StSLib"],"gold_per_floor":[109,128,53,53,73,73,30,30,53,53,14,41,41,41,41,118,118,135,1,1,21,21,53,53,88,88,88,101,120,149,149,149,222,222,242,257,61,76,0,26,26,60,86,104,135,135,153,187,187,187,187,187,187,14,46,46],"floor_reached":57,"playtime":4082,"items_purged":["Strike_R","Defend_R"],"score":3148,"play_id":"df76bedf-37d2-4722-a494-bf4265a92bc7","local_time":"20210114191931","is_ascension_mode":true,"campfire_choices":[{"data":"Reckless Charge","floor":6.0,"key":"SMITH"},{"data":"Evolve","floor":8.0,"key":"SMITH"},{"data":"Cleave","floor":10.0,"key":"SMITH"},{"data":"Blood for Blood","floor":15.0,"key":"SMITH"},{"data":"Strike_R","floor":27.0,"key":"PURGE"},{"data":"Feed","floor":32.0,"key":"SMITH"},{"data":"Dual Wield","floor":41.0,"key":"SMITH"},{"floor":46.0,"key":"RECALL"},{"data":"Offering","floor":49.0,"key":"SMITH"},{"data":"Second Wind","floor":53.0,"key":"SMITH"}],"circlet_count":0,"master_deck":["AscendersBane","Bash+1","Cleave+1","Evolve+1","Reckless Charge+1","Spot Weakness","Blood for Blood+1","Disarm+1","Offering+1","Carnage","Shrug It Off","Sentinel","Battle Trance","Intimidate+1","Feed+1","Dual Wield+1","Second Wind+1","Berserk+1","Feel No Pain+1","Body Slam+1","Dark Embrace+1","Bloodletting+1","Shrug It Off","Dark Embrace+1","Sentinel","Warcry+1","Burning Pact","Second Wind","Dark Embrace+1"],"relics":["Burning Blood","NeowsBlessing","Calipers","Lantern","PreservedInsect","Meat on the Bone","Coffee Dripper","Toy Ornithopter","Peace Pipe","Ornamental Fan","Frozen Egg 2","Astrolabe","Red Mask","Bottled Tornado","Self Forming Clay","Blue Candle","Centennial Puzzle","Bag of Marbles"],"acts_visited":["Exordium","TheCity","TheBeyond","TheEnding"],"potions_floor_usage":[55,56],"damage_taken":[{"damage":0.0,"enemies":"Small Slimes","floor":1.0,"turns":1.0},{"damage":0.0,"enemies":"Jaw Worm","floor":2.0,"turns":1.0},{"damage":0.0,"enemies":"2 Louse","floor":5.0,"turns":1.0},{"damage":20.0,"enemies":"3 Sentries","floor":12.0,"turns":5.0},{"damage":33.0,"enemies":"Hexaghost","floor":16.0,"turns":8.0},{"damage":28.0,"enemies":"Shell Parasite","floor":18.0,"turns":3.0},{"damage":13.0,"enemies":"3 Byrds","floor":21.0,"turns":4.0},{"damage":6.0,"enemies":"Slavers","floor":23.0,"turns":3.0},{"damage":30.0,"enemies":"Gremlin Leader","floor":25.0,"turns":4.0},{"damage":8.0,"enemies":"Snake Plant","floor":28.0,"turns":3.0},{"damage":32.0,"enemies":"Cultist and Chosen","floor":29.0,"turns":7.0},{"damage":52.0,"enemies":"Slavers","floor":30.0,"turns":6.0},{"damage":87.0,"enemies":"Champ","floor":33.0,"turns":12.0},{"damage":17.0,"enemies":"Orb Walker","floor":35.0,"turns":4.0},{"damage":6.0,"enemies":"3 Darklings","floor":36.0,"turns":6.0},{"damage":24.0,"enemies":"Sphere and 2 Shapes","floor":38.0,"turns":5.0},{"damage":20.0,"enemies":"Giant Head","floor":40.0,"turns":5.0},{"damage":9.0,"enemies":"Reptomancer","floor":42.0,"turns":4.0},{"damage":21.0,"enemies":"Transient","floor":44.0,"turns":6.0},{"damage":9.0,"enemies":"Giant Head","floor":45.0,"turns":4.0},{"damage":32.0,"enemies":"3 Darklings","floor":47.0,"turns":8.0},{"damage":6.0,"enemies":"Nemesis","floor":48.0,"turns":7.0},{"damage":75.0,"enemies":"Awakened One","floor":50.0,"turns":8.0},{"damage":12.0,"enemies":"Donu and Deca","floor":51.0,"turns":6.0},{"damage":22,"enemies":"Shield and Spear","floor":55,"turns":4},{"damage":31,"enemies":"The Heart","floor":56,"turns":6}],"seed_played":"8563794119984898472","potions_obtained":[{"floor":12.0,"key":"Fire Potion"},{"floor":16.0,"key":"ColorlessPotion"},{"floor":21.0,"key":"FairyPotion"},{"floor":23.0,"key":"EssenceOfSteel"},{"floor":28.0,"key":"EssenceOfSteel"},{"floor":29.0,"key":"EssenceOfSteel"},{"floor":35.0,"key":"Fire Potion"},{"floor":38.0,"key":"PowerPotion"},{"floor":48.0,"key":"Swift Potion"}],"is_trial":false,"path_per_floor":["M","M","?","T","M","R","$","R","T","R","$","E","?","T","R","B",null,"M","$","?","M","$","E","$","E","T","R","M","M","E","?","R","B",null,"M","M","$","M","?","E","R","E","T","M","E","R","M","E","R","B","B",null,"R","$","E","B",null],"character_chosen":"IRONCLAD","items_purchased":["Spot Weakness","Blood for Blood","Shrug It Off","Shrug It Off","Dark Embrace+1","Swift Potion","Second Wind","Dark Embrace+1"],"campfire_rested":0,"item_purchase_floors":[7,11,19,37,37,54,54,54],"current_hp_per_floor":[74,75,75,75,75,75,75,75,75,75,75,61,38,38,38,23,62,52,52,52,45,45,45,45,33,33,33,51,45,45,94,94,29,81,74,78,78,64,64,66,66,72,72,69,70,70,60,76,76,28,42,117,117,117,114,94],"gold":46,"neow_bonus":"THREE_ENEMY_KILL","is_daily":false,"chose_seed":false,"campfire_upgraded":8,"win_rate":0.0,"timestamp":1610648371,"path_taken":["M","M","?","?","M","R","$","R","T","R","$","E","?","?","R","BOSS","M","?","?","M","$","E","$","E","T","R","M","M","E","?","R","BOSS","M","?","$","M","?","E","R","E","T","M","E","R","M","E","R","BOSS","BOSS","R","$","E","BOSS"],"items_purchased_type":["Card","Card","Card","Card","Card","Potion","Card","Card"],"build_version":"2020-12-13","purchased_purges":2,"victory":true,"max_hp_per_floor":[75,75,75,75,75,75,75,75,75,75,75,75,75,75,75,75,75,75,75,75,75,75,75,75,75,75,75,78,81,84,94,94,98,98,102,106,106,110,110,114,114,118,118,118,122,122,126,130,130,134,142,142,142,142,150,150],"relic_stats":{"Peace Pipe":1,"Centennial Puzzle":[12],"counters":[26,131],"Ornamental Fan":[156],"Self Forming Clay":[111],"Astrolabe":["Feel No Pain","Body Slam","Dark Embrace"],"Blue Candle":[0],"PreservedInsect":586,"obtain_stats":[{"Lantern":9,"Calipers":4,"NeowsBlessing":0,"Self Forming Clay":42,"Astrolabe":34,"Blue Candle":45,"PreservedInsect":12,"Frozen Egg 2":30,"Bottled Tornado":40,"Burning Blood":0,"Peace Pipe":25,"Centennial Puzzle":48,"Ornamental Fan":26,"Coffee Dripper":17,"Red Mask":39,"Bag of Marbles":55,"Toy Ornithopter":23,"Meat on the Bone":14},{"Lantern":3,"Calipers":2,"NeowsBlessing":0,"Self Forming Clay":18,"Astrolabe":13,"Blue Candle":20,"PreservedInsect":4,"Frozen Egg 2":12,"Bottled Tornado":17,"Burning Blood":0,"Peace Pipe":9,"Centennial Puzzle":22,"Ornamental Fan":9,"Coffee Dripper":5,"Red Mask":16,"Bag of Marbles":25,"Toy Ornithopter":8,"Meat on the Bone":4},{"Lantern":3,"Calipers":2,"NeowsBlessing":0,"Self Forming Clay":82,"Astrolabe":58,"Blue Candle":92,"PreservedInsect":8,"Frozen Egg 2":46,"Bottled Tornado":78,"Burning Blood":0,"Peace Pipe":30,"Centennial Puzzle":107,"Ornamental Fan":30,"Coffee Dripper":16,"Red Mask":73,"Bag of Marbles":125,"Toy Ornithopter":26,"Meat on the Bone":8}],"Burning Blood":145,"Toy Ornithopter":35,"Meat on the Bone":156},"card_choices":[{"not_picked":["Body Slam","Iron Wave"],"picked":"Cleave","floor":1.0},{"not_picked":["Warcry","Clash"],"picked":"Evolve","floor":2.0},{"not_picked":["True Grit","Wild Strike"],"picked":"Reckless Charge","floor":5.0},{"not_picked":["Heavy Blade","Bloodletting"],"picked":"Disarm","floor":12.0},{"not_picked":["Demon Form","Bludgeon"],"picked":"Offering","floor":16.0},{"not_picked":["Armaments","Second Wind"],"picked":"Carnage","floor":18.0},{"not_picked":["Cleave+1","Entrench"],"picked":"Battle Trance","floor":21.0},{"not_picked":["Rage","Spot Weakness"],"picked":"Intimidate+1","floor":23.0},{"not_picked":["Rampage","Warcry"],"picked":"Feed","floor":25.0},{"not_picked":["Headbutt","Uppercut","Clothesline"],"picked":"SKIP","floor":28.0},{"not_picked":["Iron Wave","Warcry+1"],"picked":"Dual Wield","floor":29.0},{"not_picked":["Thunderclap","Infernal Blade"],"picked":"Second Wind","floor":30.0},{"not_picked":["Double Tap","Immolate"],"picked":"Berserk+1","floor":33.0},{"not_picked":["Pommel Strike","Perfected Strike","Warcry"],"picked":"SKIP","floor":35.0},{"not_picked":["Sword Boomerang+1","Second Wind"],"picked":"Bloodletting+1","floor":36.0},{"not_picked":["Headbutt+1","Pommel Strike+1"],"picked":"Sentinel","floor":38.0},{"not_picked":["Rampage+1","Havoc","Blood for Blood"],"picked":"SKIP","floor":40.0},{"not_picked":["Headbutt","Dual Wield","Armaments"],"picked":"SKIP","floor":42.0},{"not_picked":["Dark Embrace+1","Ghostly Armor"],"picked":"Warcry+1","floor":44.0},{"not_picked":["Clash","Flex","Cleave"],"picked":"SKIP","floor":45.0},{"not_picked":["Reckless Charge","Seeing Red"],"picked":"Burning Pact","floor":47.0},{"not_picked":["Blood for Blood","Havoc+1","Wild Strike"],"picked":"SKIP","floor":48.0},{"not_picked":["Combust+1","Headbutt","Bloodletting"],"picked":"SKIP","floor":55}],"player_experience":1391271,"relics_obtained":[{"floor":4.0,"key":"Calipers"},{"floor":9.0,"key":"Lantern"},{"floor":12.0,"key":"PreservedInsect"},{"floor":14.0,"key":"Meat on the Bone"},{"floor":23.0,"key":"Toy Ornithopter"},{"floor":25.0,"key":"Peace Pipe"},{"floor":26.0,"key":"Ornamental Fan"},{"floor":30.0,"key":"Frozen Egg 2"},{"floor":40.0,"key":"Bottled Tornado"},{"floor":42.0,"key":"Self Forming Clay"},{"floor":45.0,"key":"Blue Candle"},{"floor":48.0,"key":"Centennial Puzzle"},{"floor":55,"key":"Bag of Marbles"}],"event_choices":[{"cards_removed":["Strike_R"],"damage_healed":0.0,"max_hp_gain":0.0,"max_hp_loss":0.0,"gold_gain":0.0,"event_name":"The Cleric","player_choice":"Card Removal","floor":3.0,"gold_loss":75.0,"damage_taken":0.0},{"damage_healed":0.0,"max_hp_gain":0.0,"max_hp_loss":0.0,"gold_gain":0.0,"event_name":"Shining Light","player_choice":"Entered Light","floor":13.0,"gold_loss":0.0,"damage_taken":23.0,"cards_upgraded":["Bash","Disarm"]},{"damage_healed":0.0,"max_hp_gain":0.0,"max_hp_loss":0.0,"gold_gain":0.0,"cards_transformed":["Strike_R","Strike_R"],"event_name":"Drug Dealer","player_choice":"Became Test Subject","floor":20.0,"gold_loss":0.0,"damage_taken":0.0,"cards_obtained":["Sentinel","Double Tap"]},{"cards_removed":["Double Tap"],"damage_healed":39.0,"max_hp_gain":10.0,"max_hp_loss":0.0,"gold_gain":0.0,"event_name":"Bonfire Elementals","player_choice":"Offered Rare","floor":31.0,"gold_loss":0.0,"damage_taken":0.0},{"damage_healed":0.0,"max_hp_gain":0.0,"max_hp_loss":0.0,"gold_gain":0.0,"event_name":"Tomb of Lord Red Mask","player_choice":"Paid","floor":39.0,"gold_loss":76.0,"damage_taken":0.0,"relics_obtained":["Red Mask"]}],"is_beta":false,"boss_relics":[{"not_picked":["Cursed Key","Philosopher\u0027s Stone"],"picked":"Coffee Dripper"},{"not_picked":["Snecko Eye","Empty Cage"],"picked":"Astrolabe"}],"items_purged_floors":[19,37],"is_endless":false,"potions_floor_spawned":[12,16,21,23,28,29,35,38,40,48],"ascension_level":20}}