{"host":"obplhmlw33xb91v8","time":1610636860,"event":{"mods":["BaseMod","Curses Come First","Evolution","Minty Spire (QoL Compilation)","Quick Restart","Relic Stats","Spicy Shops","StSLib","Uncapped","Waifu the Spire","slay the spire mod where everything is the same but ironclad has a cowboy hat"],"gold_per_floor":[119,119,135,152,172,199,199,209,209,209,80,80,94,119,119,222,222,237,237,253,553,6,41,41,53,53,53,53,66,94,124,136,248,260,282,294,317,379,51,79,79,90,90,102,102,2,37,53,53,53,53,53,21,53,53],"floor_reached":56,"language":"ENG","playtime":2758,"items_purged":[],"score":1663,"play_id":"b171f876-df1f-4019-84e6-9c14a29bc84c","local_time":"20210114100740","is_ascension_mode":true,"campfire_choices":[{"floor":7,"key":"REST"},{"data":"Blade Dance","floor":10,"key":"SMITH"},{"floor":15,"key":"REST"},{"data":"After Image","floor":24,"key":"SMITH"},{"data":"After Image","floor":27,"key":"SMITH"},{"floor":32,"key":"REST"},{"data":"Bullet Time","floor":41,"key":"SMITH"},{"floor":49,"key":"RECALL"},{"data":"A Thousand Cuts","floor":52,"key":"SMITH"}],"circlet_count":0,"master_deck":["Bane","Bane","Bane","Strike_G","Defend_G","Defend_G","Defend_G","Defend_G","Survivor","Neutralize","CurseOfTheBell","Masterful Stab","Blade Dance+1","Backflip","Infinite Blades","Backstab","Deadly Poison","Deadly Poison","After Image+1","Infinite Blades+1","After Image+1","Poisoned Stab","Noxious Fumes","Finisher","A Thousand Cuts+1","Blur","Bandage Up","Riddle With Holes+1","Noxious Fumes","Bullet Time+1","Dagger Throw+1","Tools of the Trade","Distraction","Poisoned Stab","PiercingWail","Footwork","Underhanded Strike"],"relics":["EVO:Axolotl","Calling Bell","Potion Belt","Singing Bowl","Torii","CaptainsWheel","Shuriken","Strange Spoon","InkBottle","Runic Pyramid","Blue Candle","Old Coin","PreservedInsect","Pantograph","Unceasing Top","Blood Vial","MawBank","Philosopher\u0027s Stone","Mango","The Specimen","TwistedFunnel","Regal Pillow","The Courier","Mummified Hand","Ninja Scroll"],"acts_visited":["Exordium","TheCity","TheBeyond","TheEnding"],"potions_floor_usage":[6,6,6,6,8,14,14,14,14,16,29,29,30,33,40,55,55],"damage_taken":[{"damage":1,"enemies":"Small Slimes","floor":1,"turns":4},{"damage":2,"enemies":"Cultist","floor":3,"turns":4},{"damage":8,"enemies":"Jaw Worm","floor":4,"turns":4},{"damage":2,"enemies":"Red Slaver","floor":5,"turns":5},{"damage":51,"enemies":"Lagavulin","floor":6,"turns":9},{"damage":12,"enemies":"Exordium Wildlife","floor":8,"turns":5},{"damage":0,"enemies":"Looter","floor":13,"turns":3},{"damage":0,"enemies":"Gremlin Nob","floor":14,"turns":3},{"damage":0,"enemies":"Slime Boss","floor":16,"turns":6},{"damage":7,"enemies":"3 Byrds","floor":18,"turns":5},{"damage":13,"enemies":"Shell Parasite","floor":20,"turns":4},{"damage":17,"enemies":"Book of Stabbing","floor":23,"turns":4},{"damage":2,"enemies":"Snecko","floor":25,"turns":4},{"damage":8,"enemies":"Snake Plant","floor":29,"turns":3},{"damage":24,"enemies":"Slavers","floor":30,"turns":5},{"damage":2,"enemies":"3 Cultists","floor":31,"turns":5},{"damage":44,"enemies":"Collector","floor":33,"turns":9},{"damage":2,"enemies":"Orb Walker","floor":35,"turns":3},{"damage":24,"enemies":"3 Darklings","floor":37,"turns":6},{"damage":1,"enemies":"Mind Bloom Boss Battle","floor":38,"turns":5},{"damage":1,"enemies":"Giant Head","floor":40,"turns":5},{"damage":3,"enemies":"Sphere and 2 Shapes","floor":42,"turns":4},{"damage":0,"enemies":"Spire Growth","floor":44,"turns":4},{"damage":28,"enemies":"Reptomancer","floor":47,"turns":6},{"damage":0,"enemies":"4 Shapes","floor":48,"turns":3},{"damage":12,"enemies":"Donu and Deca","floor":50,"turns":7},{"damage":24,"enemies":"Shield and Spear","floor":54,"turns":5},{"damage":93,"enemies":"The Heart","floor":55,"turns":8}],"seed_played":"-8114074661301089804","potions_obtained":[{"floor":2,"key":"SpeedPotion"},{"floor":2,"key":"BlessingOfTheForge"},{"floor":2,"key":"EntropicBrew"},{"floor":5,"key":"GamblersBrew"},{"floor":8,"key":"FearPotion"},{"floor":13,"key":"EntropicBrew"},{"floor":14,"key":"GamblersBrew"},{"floor":18,"key":"Energy Potion"},{"floor":33,"key":"Swift Potion"},{"floor":35,"key":"Swift Potion"},{"floor":42,"key":"FearPotion"},{"floor":47,"key":"CunningPotion"}],"is_trial":false,"path_per_floor":["M","?","M","M","M","E","R","M","T","R","$","?","M","E","R","B",null,"M","?","M","?","$","E","R","M","T","R","$","M","E","M","R","B",null,"M","?","M","?","$","E","R","M","T","M","?","$","E","M","R","B",null,"R","$","E","B",null],"character_chosen":"THE_SILENT","items_purchased":["Strange Spoon","Infinite Blades","PreservedInsect","Pantograph","Unceasing Top","Block Potion","The Specimen","TwistedFunnel","Noxious Fumes","DistilledChaos","Distraction","Poisoned Stab","Footwork"],"campfire_rested":3,"item_purchase_floors":[11,11,22,22,22,22,39,39,39,39,46,46,53],"current_hp_per_floor":[69,69,69,63,61,12,34,22,22,22,22,22,22,22,44,44,76,71,71,58,58,58,43,43,43,43,43,43,37,15,15,39,22,80,78,78,62,95,95,96,96,93,93,98,98,98,74,82,82,92,100,100,100,76,11],"gold":53,"neow_bonus":"BOSS_RELIC","is_daily":false,"chose_seed":false,"campfire_upgraded":5,"win_rate":0.0,"timestamp":1610636860,"path_taken":["M","?","M","?","M","E","R","M","T","R","$","?","M","E","R","BOSS","M","?","M","?","$","E","R","M","T","R","$","M","E","?","R","BOSS","M","?","M","?","$","E","R","M","T","M","?","$","E","M","R","BOSS","R","$","E","BOSS"],"items_purchased_type":["Relic","Card","Relic","Relic","Relic","Potion","Relic","Relic","Card","Potion","Card","Card","Card"],"build_version":"2020-12-22","purchased_purges":0,"victory":true,"max_hp_per_floor":[70,70,72,74,74,76,76,76,76,76,76,76,76,76,76,76,76,78,78,78,78,78,80,80,80,80,80,80,80,80,80,80,80,80,80,80,82,96,96,96,96,96,96,98,98,98,98,100,100,100,100,100,100,100,100],"relic_stats":{"Regal Pillow":0,"Singing Bowl":16,"Torii":93,"counters":[28,138],"Blue Candle":[16],"PreservedInsect":334,"MawBank":108,"Blood Vial":23,"Strange Spoon":[134],"Shuriken":[95],"Mummified Hand":[26],"Pantograph":81,"obtain_stats":[{"TwistedFunnel":39,"Regal Pillow":40,"Singing Bowl":0,"Torii":0,"Mango":38,"EVO:Axolotl":0,"Old Coin":21,"Blood Vial":23,"Mummified Hand":47,"Ninja Scroll":54,"Pantograph":22,"Philosopher\u0027s Stone":34,"InkBottle":14,"Ring of the Snake":0,"Runic Pyramid":17,"Potion Belt":0,"The Specimen":39,"Blue Candle":19,"PreservedInsect":22,"The Courier":43,"MawBank":30,"Calling Bell":0,"Strange Spoon":11,"CaptainsWheel":6,"Shuriken":9,"Unceasing Top":22},{"TwistedFunnel":20,"Regal Pillow":21,"Singing Bowl":0,"Torii":0,"Mango":20,"EVO:Axolotl":0,"Old Coin":11,"Blood Vial":12,"Mummified Hand":24,"Ninja Scroll":27,"Pantograph":11,"Philosopher\u0027s Stone":17,"InkBottle":8,"Ring of the Snake":0,"Runic Pyramid":9,"Potion Belt":0,"The Specimen":20,"Blue Candle":10,"PreservedInsect":11,"The Courier":22,"MawBank":15,"Calling Bell":0,"Strange Spoon":6,"CaptainsWheel":5,"Shuriken":6,"Unceasing Top":11},{"TwistedFunnel":96,"Regal Pillow":101,"Singing Bowl":0,"Torii":0,"Mango":96,"EVO:Axolotl":0,"Old Coin":52,"Blood Vial":56,"Mummified Hand":115,"Ninja Scroll":130,"Pantograph":52,"Philosopher\u0027s Stone":82,"InkBottle":37,"Ring of the Snake":0,"Runic Pyramid":43,"Potion Belt":0,"The Specimen":96,"Blue Candle":48,"PreservedInsect":52,"The Courier":105,"MawBank":68,"Calling Bell":0,"Strange Spoon":31,"CaptainsWheel":26,"Shuriken":31,"Unceasing Top":52}],"InkBottle":[59],"Unceasing Top":[19]},"card_choices":[{"not_picked":["Eviscerate","Poisoned Stab"],"picked":"Masterful Stab","floor":1},{"not_picked":["Dagger Spray","Concentrate","Underhanded Strike"],"picked":"Singing Bowl","floor":3},{"not_picked":["Footwork","Venomology","Prepared"],"picked":"Singing Bowl","floor":4},{"not_picked":["Infinite Blades","Underhanded Strike"],"picked":"Blade Dance","floor":5},{"not_picked":["Underhanded Strike","Prepared","Well Laid Plans"],"picked":"Singing Bowl","floor":6},{"not_picked":["Dodge and Roll","PiercingWail"],"picked":"Backflip","floor":8},{"not_picked":["Backflip","Riddle With Holes"],"picked":"Deadly Poison","floor":13},{"not_picked":["Wraith Form v2","Prepared"],"picked":"Deadly Poison","floor":14},{"not_picked":["Bullet Time","Adrenaline"],"picked":"After Image","floor":16},{"not_picked":["Deflect","Heel Hook","Backflip"],"picked":"Singing Bowl","floor":18},{"not_picked":["Well Laid Plans","Bane"],"picked":"Infinite Blades+1","floor":20},{"not_picked":["Escape Plan+1","Riddle With Holes","Prepared"],"picked":"Singing Bowl","floor":23},{"not_picked":["Deadly Poison+1","Masterful Stab"],"picked":"After Image","floor":25},{"not_picked":["Crippling Poison","Riddle With Holes"],"picked":"Poisoned Stab","floor":29},{"not_picked":["Blade Dance","Grand Finale"],"picked":"Noxious Fumes","floor":30},{"not_picked":["Prepared","Expertise"],"picked":"Finisher","floor":31},{"not_picked":["Night Terror","Corpse Explosion"],"picked":"A Thousand Cuts","floor":33},{"not_picked":["Prepared+1","Dodge and Roll+1"],"picked":"Blur","floor":35},{"not_picked":["Transmutation","Thinking Ahead"],"picked":"Bandage Up","floor":36},{"not_picked":["Dagger Spray+1","Deadly Poison+1","Cloak And Dagger+1"],"picked":"Singing Bowl","floor":37},{"not_picked":["Tactician+1","Backflip"],"picked":"Riddle With Holes+1","floor":38},{"not_picked":["Eviscerate+1","Underhanded Strike"],"picked":"Bullet Time","floor":40},{"not_picked":["Terror+1","Outmaneuver"],"picked":"Dagger Throw+1","floor":42},{"not_picked":["Dagger Spray+1","Eviscerate+1","Quick Slash+1"],"picked":"Singing Bowl","floor":44},{"not_picked":["Riddle With Holes","Slice"],"picked":"PiercingWail","floor":47},{"not_picked":["Flechettes","Bane+1","Escape Plan"],"picked":"Singing Bowl","floor":48},{"not_picked":["Malaise","Dagger Spray+1"],"picked":"Underhanded Strike","floor":54}],"player_experience":184126,"relics_obtained":[{"floor":0,"key":"Potion Belt"},{"floor":0,"key":"Singing Bowl"},{"floor":0,"key":"Torii"},{"floor":6,"key":"CaptainsWheel"},{"floor":9,"key":"Shuriken"},{"floor":14,"key":"InkBottle"},{"floor":23,"key":"Blood Vial"},{"floor":30,"key":"MawBank"},{"floor":38,"key":"Mango"},{"floor":40,"key":"Regal Pillow"},{"floor":43,"key":"The Courier"},{"floor":47,"key":"Mummified Hand"},{"floor":54,"key":"Ninja Scroll"}],"event_choices":[{"damage_healed":0,"gold_gain":0,"player_choice":"Got Potions","damage_taken":0,"max_hp_gain":0,"max_hp_loss":0,"event_name":"Lab","floor":2,"gold_loss":0},{"damage_healed":0,"gold_gain":0,"cards_transformed":["Strike_G"],"player_choice":"Transformed","damage_taken":0,"max_hp_gain":0,"max_hp_loss":0,"event_name":"Transmorgrifier","floor":12,"gold_loss":0,"cards_obtained":["Backstab"]},{"damage_healed":0,"gold_gain":0,"player_choice":"Opened","damage_taken":0,"relics_obtained":["Blue Candle"],"max_hp_gain":0,"max_hp_loss":0,"event_name":"The Mausoleum","floor":19,"gold_loss":0},{"damage_healed":0,"gold_gain":0,"player_choice":"Gave Potion","damage_taken":0,"relics_obtained":["Old Coin"],"max_hp_gain":0,"max_hp_loss":0,"event_name":"WeMeetAgain","floor":21,"gold_loss":0},{"damage_healed":0,"gold_gain":0,"player_choice":"Memory 1","damage_taken":0,"max_hp_gain":0,"max_hp_loss":0,"event_name":"SensoryStone","floor":36,"gold_loss":0},{"damage_healed":0,"gold_gain":0,"player_choice":"Fight","damage_taken":0,"max_hp_gain":0,"max_hp_loss":0,"event_name":"MindBloom","floor":38,"gold_loss":0},{"damage_healed":0,"gold_gain":0,"cards_transformed":["Defend_G"],"player_choice":"Transformed","damage_taken":0,"max_hp_gain":0,"max_hp_loss":0,"event_name":"Transmorgrifier","floor":45,"gold_loss":0,"cards_obtained":["Tools of the Trade"]}],"is_beta":false,"boss_relics":[{"not_picked":["Cursed Key","Ectoplasm"],"picked":"Runic Pyramid"},{"not_picked":["Coffee Dripper","Runic Dome"],"picked":"Philosopher\u0027s Stone"}],"items_purged_floors":[],"is_endless":false,"potions_floor_spawned":[5,8,13,14,18,25,33,35,42,47,48],"ascension_level":4}}