{"host":"ya062ahhhuj9au1o","time":1610635128,"event":{"mods":["BaseMod","Better Third Choice","Downfall","Filter the Spire","Hermit","Minty Spire (QoL Compilation)","Random Character Button","Robot Space Explorer","Somnambulant","StSLib","The Bug Knight","The Cursed","The Marked","The Servant 0.9.4"],"gold_per_floor":[110,60,60,60,60,60,77,2,2,31,31,31,31,41,41,137,137,147,147,166,194,194,194,234,253,253,278,278,298,314,329,329,424,424,451,470,61,61,71,71,109,109,180,198,216,216,216,64,64,64],"floor_reached":51,"language":"ENG","playtime":3043,"items_purged":["hermit:Defend_Hermit","hermit:Strike_Hermit"],"score":982,"play_id":"d55bcb43-8483-45df-87d9-b811f05b0db9","local_time":"20210114093848","is_ascension_mode":true,"campfire_choices":[{"data":"hermit:Snapshot","floor":6.0,"key":"SMITH"},{"floor":12.0,"key":"REST"},{"data":"hermit:Enervate","floor":15.0,"key":"SMITH"},{"data":"hermit:Determination","floor":23.0,"key":"SMITH"},{"floor":28,"key":"REST"},{"data":"hermit:Deadeye","floor":32,"key":"SMITH"},{"data":"hermit:Headshot","floor":40,"key":"SMITH"},{"floor":42,"key":"REST"},{"data":"hermit:Desperado","floor":46,"key":"SMITH"},{"floor":49,"key":"REST"}],"circlet_count":0,"master_deck":["hermit:Strike_Hermit","hermit:Defend_Hermit+1","hermit:Snapshot+1","hermit:Covet","hermit:HoleUp","hermit:Glare+1","hermit:Enervate+1","hermit:Quickdraw","hermit:Determination+1","hermit:Enervate+1","hermit:Glare","hermit:Deadeye+1","hermit:Coalescence","hermit:LowProfile","hermit:Headshot+1","hermit:LowProfile+1","hermit:Desperado+1","hermit:Spite+1"],"relics":["hermit:Momento","Incense Burner","HollowMod:LifeEnderRelic","War Paint","Guardian:PocketSentry","Nunchaku","hermit:BartenderGlass","CeramicFish","Tiny Chest","Ornamental Fan","Philosopher\u0027s Stone","Turnip","Boot","Shuriken","Toxic Egg 2","Oddly Smooth Stone"],"acts_visited":["Exordium","TheCity","TheBeyond"],"potions_floor_usage":[27,29,29,30,30,31,31,33,33,36,36,41,41,44,44,45,45,50,50,50,50],"damage_taken":[{"damage":7.0,"enemies":"Cultist","floor":1.0,"turns":4.0},{"damage":0.0,"enemies":"Small Slimes","floor":7.0,"turns":3.0},{"damage":11.0,"enemies":"Lagavulin","floor":10.0,"turns":6.0},{"damage":0.0,"enemies":"2 Louse","floor":14.0,"turns":2.0},{"damage":12.0,"enemies":"Hexaghost","floor":16.0,"turns":8.0},{"damage":1.0,"enemies":"Shell Parasite","floor":18.0,"turns":4.0},{"damage":7.0,"enemies":"2 Thieves","floor":20.0,"turns":4.0},{"damage":10.0,"enemies":"Snake Plant","floor":21.0,"turns":3.0},{"damage":27.0,"enemies":"Book of Stabbing","floor":24.0,"turns":5.0},{"damage":11.0,"enemies":"Shelled Parasite and Fungi","floor":25.0,"turns":4.0},{"damage":3,"enemies":"Centurion and Healer","floor":27,"turns":5},{"damage":0,"enemies":"Cultist and Chosen","floor":29,"turns":3},{"damage":0,"enemies":"Snake Plant","floor":30,"turns":2},{"damage":0,"enemies":"Sentry and Sphere","floor":31,"turns":4},{"damage":17,"enemies":"Automaton","floor":33,"turns":8},{"damage":0,"enemies":"Orb Walker","floor":35,"turns":2},{"damage":7,"enemies":"3 Shapes","floor":36,"turns":2},{"damage":0,"enemies":"Spire Growth","floor":39,"turns":4},{"damage":35,"enemies":"HollowMod:StalkingDevout","floor":41,"turns":6},{"damage":8,"enemies":"4 Shapes","floor":44,"turns":5},{"damage":0,"enemies":"3 Darklings","floor":45,"turns":3},{"damage":61,"enemies":"Awakened One","floor":50,"turns":8}],"seed_played":"1599914691253461756","potions_obtained":[{"floor":7.0,"key":"champ:CounterPotion"},{"floor":10.0,"key":"BlessingOfTheForge"},{"floor":14.0,"key":"SmokeBomb"},{"floor":16.0,"key":"Dexterity Potion"},{"floor":24.0,"key":"BlessingOfTheForge"},{"floor":27,"key":"hermit:BlackBile"},{"floor":30,"key":"LiquidBronze"},{"floor":33,"key":"Explosive Potion"},{"floor":39,"key":"Explosive Potion"}],"is_trial":false,"path_per_floor":["M","?","?","$","?","R","M","$","T","E","?","R","?","M","R","B",null,"M","?","M","M","?","R","E","M","T","M","R","M","M","M","R","B",null,"M","M","$","?","M","R","E","R","T","M","M","R","T","$","R","B",null],"character_chosen":"HERMIT","items_purchased":["hermit:Desperado","Turnip","Oddly Smooth Stone"],"campfire_rested":4,"item_purchase_floors":[37,37,48],"current_hp_per_floor":[61,61,61,61,54,54,54,54,54,43,27,49,54,54,54,42,71,70,70,63,53,53,53,26,24,24,21,45,45,45,45,45,28,67,67,60,60,60,60,60,25,49,49,46,46,46,46,46,71,10],"gold":64,"neow_bonus":"ONE_RARE_RELIC","is_daily":false,"chose_seed":false,"campfire_upgraded":6,"win_rate":0.0,"timestamp":1610635128,"path_taken":["M","?","?","$","?","R","M","$","T","E","?","R","?","?","R","BOSS","M","?","M","?","?","R","E","M","T","M","R","?","M","M","R","BOSS","M","M","$","?","M","R","E","R","T","M","?","R","?","?","R","BOSS"],"items_purchased_type":["Card","Relic","Relic"],"build_version":"2020-12-22","purchased_purges":2,"victory":true,"max_hp_per_floor":[75,75,75,75,75,75,75,75,75,75,75,75,80,80,80,80,80,80,80,80,80,80,80,80,80,80,80,80,80,80,80,80,80,80,80,80,80,80,80,80,80,80,80,85,85,85,85,85,85,85],"card_choices":[{"not_picked":["hermit:ItchyTrigger","hermit:Spite"],"picked":"hermit:HoleUp","floor":1.0},{"not_picked":["hermit:WideOpen","hermit:Misfire"],"picked":"hermit:Glare","floor":7.0},{"not_picked":["hermit:Feint","hermit:Vantage"],"picked":"hermit:Enervate","floor":10.0},{"not_picked":["hermit:Grudge","hermit:Misfire","hermit:EyeOfTheStorm"],"picked":"SKIP","floor":14.0},{"not_picked":["hermit:SprayPray","hermit:Vantage+1"],"picked":"hermit:Quickdraw","floor":18.0},{"not_picked":["hermit:Virtue+1","hermit:LowProfile"],"picked":"hermit:Determination","floor":20.0},{"not_picked":["hermit:NoHoldsBarred","hermit:Scavenge"],"picked":"hermit:Enervate+1","floor":21.0},{"not_picked":["hermit:Dive","hermit:Manifest"],"picked":"hermit:Glare","floor":24.0},{"not_picked":["hermit:Glare+1","hermit:Snipe"],"picked":"hermit:Deadeye","floor":25.0},{"not_picked":["hermit:HighCaliber","hermit:Desperado+1"],"picked":"hermit:Coalescence","floor":27},{"not_picked":["hermit:Feint","hermit:SprayPray"],"picked":"hermit:LowProfile","floor":29},{"not_picked":["hermit:FatalDesire","hermit:Malice","hermit:Glare"],"picked":"SKIP","floor":30},{"not_picked":["hermit:Glare","hermit:TakeAim+1","hermit:Grudge"],"picked":"SKIP","floor":31},{"not_picked":["hermit:Scavenge+1","hermit:Feint+1"],"picked":"hermit:Headshot","floor":35},{"not_picked":["hermit:Misfire+1","hermit:CalledShot"],"picked":"hermit:LowProfile+1","floor":36},{"not_picked":["hermit:Grudge+1","hermit:Feint+1","hermit:Glare"],"picked":"SKIP","floor":39},{"not_picked":["hermit:TakeCover","hermit:Adapt"],"picked":"hermit:Spite+1","floor":41},{"not_picked":["hermit:Vantage","hermit:GhostlyPresence","hermit:Snipe+1"],"picked":"SKIP","floor":44},{"not_picked":["hermit:SprayPray","hermit:Showdown+1","hermit:WideOpen+1"],"picked":"SKIP","floor":45}],"player_experience":1797599,"relics_obtained":[{"floor":9.0,"key":"HollowMod:LifeEnderRelic"},{"floor":10.0,"key":"War Paint"},{"floor":24.0,"key":"Tiny Chest"},{"floor":26.0,"key":"Ornamental Fan"},{"floor":41,"key":"Boot"},{"floor":43,"key":"Shuriken"},{"floor":47,"key":"Toxic Egg 2"}],"event_choices":[{"cards_removed":["hermit:Defend_Hermit"],"damage_healed":0.0,"max_hp_gain":0.0,"max_hp_loss":0.0,"gold_gain":0.0,"event_name":"The Cleric","player_choice":"Card Removal","floor":2.0,"gold_loss":50.0,"damage_taken":0.0},{"cards_removed":["Shame"],"damage_healed":0.0,"max_hp_gain":0.0,"max_hp_loss":0.0,"gold_gain":0.0,"event_name":"Living Wall","player_choice":"Forget","floor":3.0,"gold_loss":0.0,"damage_taken":0.0},{"cards_removed":["hermit:Defend_Hermit"],"damage_healed":0.0,"max_hp_gain":0.0,"max_hp_loss":0.0,"gold_gain":0.0,"event_name":"Golden Wing","player_choice":"Card Removal","floor":5.0,"gold_loss":0.0,"damage_taken":7.0},{"damage_healed":0.0,"max_hp_gain":0.0,"max_hp_loss":0.0,"gold_gain":1.0,"event_name":"betterThird:BetterScrap","player_choice":"Relic Relic ","floor":11.0,"gold_loss":0.0,"damage_taken":16.0,"cards_obtained":["Genetic Algorithm"]},{"damage_healed":0.0,"max_hp_gain":5.0,"max_hp_loss":0.0,"gold_gain":0.0,"event_name":"Big Fish","player_choice":"Donut","floor":13.0,"gold_loss":0.0,"damage_taken":0.0},{"damage_healed":0.0,"max_hp_gain":0.0,"max_hp_loss":0.0,"gold_gain":0.0,"event_name":"WeMeetAgain","player_choice":"Gave Potion","floor":19.0,"gold_loss":0.0,"damage_taken":0.0,"relics_obtained":["CeramicFish"]},{"cards_removed":["hermit:Strike_Hermit"],"damage_healed":0.0,"max_hp_gain":0.0,"max_hp_loss":0.0,"gold_gain":0.0,"event_name":"Wheel of Change","player_choice":"Card Removal","floor":22.0,"gold_loss":0.0,"damage_taken":0.0},{"cards_removed":["hermit:Strike_Hermit"],"damage_healed":0,"gold_gain":0,"player_choice":"Offered Basic","damage_taken":0,"max_hp_gain":0,"max_hp_loss":0,"event_name":"Bonfire Elementals","floor":38,"gold_loss":0}],"is_beta":false,"boss_relics":[{"not_picked":["Tiny House","Empty Cage"],"picked":"hermit:BartenderGlass"},{"not_picked":["Fusion Hammer","Cursed Key"],"picked":"Philosopher\u0027s Stone"}],"items_purged_floors":[8,37],"is_endless":false,"potions_floor_spawned":[7,10,14,16,24,27,30,33,36,39],"ascension_level":7}}