{"host":"l60rmjjsfi0fipmi","time":1610666107,"event":{"mods":["BaseMod","Colored Map","DeckTracker","Hermit","Highlight Path","Jorbs\u0027s Wanderer Trilogy","Minty Spire (QoL Compilation)","StSLib","The Cursed"],"gold_per_floor":[119,142,156,156,172,172,54,54,132,232,247,247,144,172,172,269,269,281,293,307,325,325,325,325],"floor_reached":23,"language":"ENG","playtime":1562,"items_purged":["Writhe"],"score":245,"play_id":"7f112c87-c618-409a-9c43-04e4af0010f5","local_time":"20210114181507","is_ascension_mode":true,"campfire_choices":[{"data":"Headbutt","floor":6,"key":"SMITH"},{"data":"Bash","floor":8,"key":"SMITH"},{"data":"Rage","floor":12,"key":"SMITH"},{"data":"Armaments","floor":15,"key":"SMITH"}],"circlet_count":0,"master_deck":["Strike_R","Strike_R","Strike_R","Strike_R","Strike_R","Defend_R","Defend_R","Defend_R","Defend_R","Bash+1","Fire Breathing","Shockwave","Headbutt+1","Rage+1","Rupture","Armaments+1","Dropkick","Clothesline","Reaper","Disarm","Thunderclap","Shrug It Off+1","Ghostly","Ghostly","Ghostly","Ghostly","Ghostly"],"relics":["Burning Blood","Mango","PreservedInsect","Smiling Mask","White Beast Statue","Du-Vu Doll"],"acts_visited":["Exordium","TheCity"],"potions_floor_usage":[16,16,16,20,21,21,23],"damage_taken":[{"damage":1,"enemies":"Cultist","floor":1,"turns":3},{"damage":11,"enemies":"2 Louse","floor":3,"turns":4},{"damage":7,"enemies":"Jaw Worm","floor":5,"turns":4},{"damage":23,"enemies":"3 Louse","floor":11,"turns":4},{"damage":15,"enemies":"3 Sentries","floor":14,"turns":4},{"damage":55,"enemies":"Slime Boss","floor":16,"turns":11},{"damage":41,"enemies":"3 Byrds","floor":18,"turns":8},{"damage":24,"enemies":"Shell Parasite","floor":19,"turns":10},{"damage":22,"enemies":"Snake Plant","floor":20,"turns":7},{"damage":37,"enemies":"Chosen and Byrds","floor":21,"turns":8},{"damage":31,"enemies":"Gremlin Leader","floor":23,"turns":9}],"seed_played":"-7703685940079493514","potions_obtained":[{"floor":3,"key":"Dexterity Potion"},{"floor":11,"key":"BloodPotion"},{"floor":14,"key":"SkillPotion"},{"floor":16,"key":"Strength Potion"},{"floor":18,"key":"Weak Potion"},{"floor":19,"key":"Ancient Potion"},{"floor":20,"key":"GamblersBrew"},{"floor":21,"key":"BlessingOfTheForge"}],"is_trial":false,"path_per_floor":["M","T","M","?","M","R","$","R","T","?","M","R","$","E","R","B",null,"M","M","M","M","?","E"],"character_chosen":"IRONCLAD","items_purchased":["Rage","Armaments","Dropkick"],"campfire_rested":0,"item_purchase_floors":[7,13,13],"current_hp_per_floor":[94,94,89,82,81,81,81,81,81,81,64,64,64,55,55,24,94,64,46,30,8,8,0,0],"gold":325,"neow_bonus":"ONE_RARE_RELIC","is_daily":false,"chose_seed":false,"campfire_upgraded":4,"win_rate":0.0,"timestamp":1610666107,"path_taken":["M","?","M","?","M","R","$","R","T","?","M","R","$","E","R","BOSS","M","?","M","M","?","E"],"items_purchased_type":["Card","Card","Card"],"build_version":"2020-12-22","purchased_purges":1,"victory":false,"max_hp_per_floor":[94,94,94,94,94,94,94,94,94,94,94,94,94,94,94,94,94,94,94,94,94,47,47,47],"card_choices":[{"not_picked":["Wild Strike","Armaments"],"picked":"Fire Breathing","floor":1},{"not_picked":["Thunderclap","Battle Trance"],"picked":"Shockwave","floor":3},{"not_picked":["True Grit","Shrug It Off"],"picked":"Headbutt","floor":5},{"not_picked":["Sentinel","Headbutt"],"picked":"Rupture","floor":11},{"not_picked":["Sword Boomerang","Flex"],"picked":"Clothesline","floor":14},{"not_picked":["Corruption","Impervious"],"picked":"Reaper","floor":16},{"not_picked":["Headbutt+1","Iron Wave"],"picked":"Disarm","floor":18},{"not_picked":["Shockwave","Body Slam+1"],"picked":"Thunderclap","floor":19},{"not_picked":["Warcry","Heavy Blade"],"picked":"Shrug It Off+1","floor":20},{"not_picked":["Havoc","Sword Boomerang+1","Clothesline"],"picked":"SKIP","floor":21}],"player_experience":395206,"relics_obtained":[{"floor":2,"key":"PreservedInsect"},{"floor":9,"key":"White Beast Statue"},{"floor":14,"key":"Du-Vu Doll"}],"event_choices":[{"damage_healed":0,"gold_gain":0,"player_choice":"Success","damage_taken":7,"relics_obtained":["Smiling Mask"],"max_hp_gain":0,"max_hp_loss":0,"event_name":"Scrap Ooze","floor":4,"gold_loss":0},{"damage_healed":0,"gold_gain":100,"player_choice":"Pray","damage_taken":0,"max_hp_gain":0,"max_hp_loss":0,"event_name":"Golden Shrine","floor":10,"gold_loss":0},{"damage_healed":0,"gold_gain":0,"player_choice":"Became a Ghost","damage_taken":0,"max_hp_gain":0,"max_hp_loss":47,"event_name":"Ghosts","floor":22,"gold_loss":0,"cards_obtained":["Ghostly","Ghostly","Ghostly","Ghostly","Ghostly"]}],"is_beta":false,"boss_relics":[{"not_picked":["Velvet Choker","Snecko Eye","Philosopher\u0027s Stone"]}],"items_purged_floors":[7],"is_endless":false,"potions_floor_spawned":[3,11,14,16,18,19,20,21],"killed_by":"Gremlin Leader","ascension_level":3}}