{"host":"krqozg1tp0zpuvz3","time":1610631808,"event":{"mods":["AchievementEnabler","BaseMod","Better Altar","Better Match","Better Note","Better Sensory Stone","Better Third Choice","BetterRewards","Colored Map","DeckTracker","Keyboard Shortcuts","Minty Spire (QoL Compilation)","Permanent Neow","Relic Stats","Shop Mod","StSLib","SuperFastMode"],"gold_per_floor":[116,116,116,116,130,130,130,130,130],"floor_reached":8,"language":"KOR","playtime":114,"items_purged":[],"score":86,"play_id":"e84e5c59-409a-4ee4-b888-4683860ed822","local_time":"20210114224328","is_ascension_mode":true,"campfire_choices":[{"floor":6,"key":"REST"}],"circlet_count":0,"master_deck":["AscendersBane","Strike_B","Strike_B","Strike_B","Strike_B","Defend_B","Defend_B","Defend_B","Defend_B","Zap","Dualcast","Sweeping Beam+1","Coolheaded","Turbo"],"relics":["Cracked Core","Torii","Mercury Hourglass","Bag of Preparation","HandDrill"],"acts_visited":["Exordium"],"potions_floor_usage":[],"damage_taken":[{"damage":18,"enemies":"Small Slimes","floor":1,"turns":2},{"damage":7,"enemies":"Jaw Worm","floor":5,"turns":2},{"damage":34,"enemies":"Lagavulin","floor":8,"turns":6}],"seed_played":"-7570694611679861043","potions_obtained":[{"floor":5,"key":"ColorlessPotion"}],"is_trial":false,"path_per_floor":["M","?","?","?","M","R","?","E"],"character_chosen":"DEFECT","items_purchased":["Mercury Hourglass","Bag of Preparation","HandDrill","Sweeping Beam"],"campfire_rested":1,"item_purchase_floors":[0,0,0,0],"current_hp_per_floor":[14,14,14,14,7,28,51,17,17],"gold":130,"neow_bonus":"","is_daily":false,"chose_seed":false,"campfire_upgraded":0,"win_rate":0.0,"timestamp":1610631808,"path_taken":["M","?","?","?","?","R","?","E"],"items_purchased_type":["Relic","Relic","Relic","Card"],"build_version":"2020-12-22","purchased_purges":0,"victory":false,"max_hp_per_floor":[71,71,71,71,71,71,71,71,71],"relic_stats":{"Torii":0,"counters":[3,9],"Bag of Preparation":[6],"HandDrill":[2],"obtain_stats":[{"Gremlin Horn":0,"Torii":0,"StoneCalendar":0,"Incense Burner":0,"Runic Capacitor":0,"Bag of Preparation":0,"Frozen Eye":0,"Centennial Puzzle":0,"Lizard Tail":0,"Shovel":0,"Prayer Wheel":0,"WingedGreaves":0,"Necronomicon":0,"HandDrill":0,"Cracked Core":0,"Girya":0,"Oddly Smooth Stone":0,"Frozen Egg 2":0,"Mercury Hourglass":0,"Anchor":0,"CaptainsWheel":0,"DataDisk":0,"Turnip":0,"Membership Card":0,"Unceasing Top":0,"FossilizedHelix":0,"Meat on the Bone":0},{"Gremlin Horn":0,"Torii":0,"StoneCalendar":0,"Incense Burner":0,"Runic Capacitor":0,"Bag of Preparation":0,"Frozen Eye":0,"Centennial Puzzle":0,"Lizard Tail":0,"Shovel":0,"Prayer Wheel":0,"WingedGreaves":0,"Necronomicon":0,"HandDrill":0,"Cracked Core":0,"Girya":0,"Oddly Smooth Stone":0,"Frozen Egg 2":0,"Mercury Hourglass":0,"Anchor":0,"CaptainsWheel":0,"DataDisk":0,"Turnip":0,"Membership Card":0,"Unceasing Top":0,"FossilizedHelix":0,"Meat on the Bone":0},{"Gremlin Horn":0,"Torii":0,"StoneCalendar":0,"Incense Burner":0,"Runic Capacitor":0,"Bag of Preparation":0,"Frozen Eye":0,"Centennial Puzzle":0,"Lizard Tail":0,"Shovel":0,"Prayer Wheel":0,"WingedGreaves":0,"Necronomicon":0,"HandDrill":0,"Cracked Core":0,"Girya":0,"Oddly Smooth Stone":0,"Frozen Egg 2":0,"Mercury Hourglass":0,"Anchor":0,"CaptainsWheel":0,"DataDisk":0,"Turnip":0,"Membership Card":0,"Unceasing Top":0,"FossilizedHelix":0,"Meat on the Bone":0}],"Mercury Hourglass":[32]},"card_choices":[{"not_picked":["Stack","Rebound"],"picked":"Coolheaded","floor":1},{"not_picked":["Stack","Rebound"],"picked":"Turbo","floor":5}],"player_experience":290383,"relics_obtained":[],"event_choices":[{"damage_healed":0,"gold_gain":0,"player_choice":"LEAVE","damage_taken":0,"max_hp_gain":0,"max_hp_loss":0,"event_name":"betterThird:BetterScrap","floor":2,"gold_loss":0,"cards_obtained":["Backstab"]},{"damage_healed":0,"gold_gain":0,"player_choice":"Grow","damage_taken":0,"max_hp_gain":0,"max_hp_loss":0,"event_name":"Living Wall","floor":3,"gold_loss":0,"cards_upgraded":["Sweeping Beam"]},{"damage_healed":0,"gold_gain":0,"player_choice":"Left","damage_taken":0,"max_hp_gain":1,"max_hp_loss":0,"event_name":"betterThird:BetterGoop","floor":4,"gold_loss":0},{"damage_healed":23,"gold_gain":0,"player_choice":"Banana","damage_taken":0,"max_hp_gain":0,"max_hp_loss":0,"event_name":"Big Fish","floor":7,"gold_loss":0}],"is_beta":false,"boss_relics":[],"items_purged_floors":[],"is_endless":false,"potions_floor_spawned":[5],"killed_by":"Lagavulin","ascension_level":19}}