{"host":"28p8ce41sjwa6lzf","time":1610658455,"event":{"mods":["BaseMod","Bestiary","Colored Map","Colored Powertips","Dark Map","Highlight Path","Minty Spire (QoL Compilation)","Permanent Neow","Quick Restart","Random Character Button","Rare Cards Sparkle","Relic Stats","StSLib","Unceasing Turn Reminder"],"gold_per_floor":[16,28,28,44,44,44,78,78,128,157,167,180,211,211,211,306,306,325,325,325,325,338,338,377,377,377,53,96,110,124,155,155,250,250,271,285,298,318,339,339,357,357,357,400,414,414,433,12,12,12,12,12],"floor_reached":51,"language":"ENG","playtime":3195,"items_purged":["Defend_P","Pain"],"score":1743,"play_id":"770f8010-afc4-4820-9861-b11c54d9b87f","local_time":"20210114150735","is_ascension_mode":true,"campfire_choices":[{"data":"CutThroughFate","floor":6.0,"key":"SMITH"},{"data":"ThirdEye","floor":8.0,"key":"SMITH"},{"data":"ReachHeaven","floor":15.0,"key":"SMITH"},{"data":"Vault","floor":23.0,"key":"SMITH"},{"data":"Alpha","floor":25.0,"key":"SMITH"},{"data":"1","floor":32.0,"key":"LIFT"},{"data":"2","floor":40.0,"key":"LIFT"},{"data":"3","floor":42.0,"key":"LIFT"},{"floor":46.0,"key":"RECALL"},{"floor":49.0,"key":"REST"}],"circlet_count":0,"master_deck":["AscendersBane","Strike_P","Strike_P","Defend_P","Defend_P","Defend_P","Eruption","Vigilance","Judgement+1","JustLucky","ReachHeaven+1","CutThroughFate+1","ThirdEye+1","JustLucky","ThirdEye","CutThroughFate","Vault+1","Pray+1","Perseverance","Alpha+1","WheelKick","Conclude","LikeWater","Devotion","ThirdEye","DevaForm","Nirvana+1","ThirdEye","CutThroughFate+1","Brilliance","WaveOfTheHand","ThirdEye","Alpha"],"relics":["PureWater","Anchor","PreservedInsect","TeardropLocket","Calipers","Golden Idol","Runic Pyramid","Happy Flower","Girya","OrangePellets","Toy Ornithopter","Regal Pillow","Cursed Key","Omamori","Membership Card","Art of War"],"acts_visited":["Exordium","TheCity","TheBeyond"],"potions_floor_usage":[51],"damage_taken":[{"damage":4.0,"enemies":"Small Slimes","floor":1.0,"turns":3.0},{"damage":0.0,"enemies":"Cultist","floor":2.0,"turns":3.0},{"damage":0.0,"enemies":"Jaw Worm","floor":4.0,"turns":2.0},{"damage":0.0,"enemies":"Gremlin Nob","floor":7.0,"turns":2.0},{"damage":0.0,"enemies":"3 Sentries","floor":10.0,"turns":3.0},{"damage":0.0,"enemies":"Large Slime","floor":11.0,"turns":1.0},{"damage":3.0,"enemies":"Looter","floor":12.0,"turns":3.0},{"damage":0.0,"enemies":"Lagavulin","floor":13.0,"turns":3.0},{"damage":0.0,"enemies":"Slime Boss","floor":16.0,"turns":4.0},{"damage":0.0,"enemies":"Chosen","floor":18.0,"turns":2.0},{"damage":4.0,"enemies":"3 Byrds","floor":22.0,"turns":5.0},{"damage":10.0,"enemies":"Book of Stabbing","floor":24.0,"turns":6.0},{"damage":7.0,"enemies":"Gremlin Leader","floor":28.0,"turns":5.0},{"damage":0.0,"enemies":"Cultist and Chosen","floor":29.0,"turns":5.0},{"damage":0.0,"enemies":"Sentry and Sphere","floor":30.0,"turns":3.0},{"damage":1.0,"enemies":"Slavers","floor":31.0,"turns":2.0},{"damage":9.0,"enemies":"Automaton","floor":33.0,"turns":7.0},{"damage":8.0,"enemies":"3 Darklings","floor":35.0,"turns":5.0},{"damage":4.0,"enemies":"Orb Walker","floor":36.0,"turns":4.0},{"damage":10.0,"enemies":"Sphere and 2 Shapes","floor":37.0,"turns":6.0},{"damage":0.0,"enemies":"Jaw Worm Horde","floor":38.0,"turns":2.0},{"damage":4.0,"enemies":"Spire Growth","floor":39.0,"turns":6.0},{"damage":0.0,"enemies":"Transient","floor":41.0,"turns":7.0},{"damage":11.0,"enemies":"Giant Head","floor":44.0,"turns":6.0},{"damage":9.0,"enemies":"Sphere and 2 Shapes","floor":45.0,"turns":4.0},{"damage":4.0,"enemies":"4 Shapes","floor":47.0,"turns":6.0},{"damage":20.0,"enemies":"Donu and Deca","floor":50.0,"turns":6.0},{"damage":73,"enemies":"Awakened One","floor":51,"turns":5}],"seed_played":"-8952963289872704031","potions_obtained":[{"floor":1.0,"key":"Swift Potion"},{"floor":4.0,"key":"GamblersBrew"},{"floor":5.0,"key":"Fruit Juice"},{"floor":5.0,"key":"Block Potion"},{"floor":18.0,"key":"SmokeBomb"},{"floor":22.0,"key":"Weak Potion"},{"floor":28.0,"key":"PowerPotion"},{"floor":33.0,"key":"FearPotion"},{"floor":35.0,"key":"Fire Potion"},{"floor":38.0,"key":"DistilledChaos"},{"floor":44.0,"key":"SteroidPotion"}],"is_trial":false,"path_per_floor":["M","M","?","M","?","R","E","R","T","E","M","M","E","?","R","B",null,"M","?","?","?","M","R","E","R","T","$","E","M","M","E","R","B",null,"M","M","M","M","M","R","M","R","T","E","M","R","M","$","R","B","B"],"character_chosen":"WATCHER","items_purchased":["OrangePellets","LikeWater","Membership Card","Art of War","DistilledChaos","Alpha"],"campfire_rested":1,"item_purchase_floors":[27,27,48,48,48,48],"current_hp_per_floor":[57,57,57,57,62,62,62,62,62,62,62,59,59,59,59,59,64,64,64,64,64,60,60,50,50,50,50,43,43,43,42,42,33,58,55,51,41,41,42,42,47,47,47,36,27,27,23,23,57,42,0,0],"gold":12,"neow_bonus":"THREE_RARE_CARDS","is_daily":false,"chose_seed":false,"campfire_upgraded":5,"win_rate":0.0,"timestamp":1610658455,"path_taken":["M","M","?","M","?","R","E","R","T","E","?","M","E","?","R","BOSS","M","?","?","?","M","R","E","R","T","$","E","M","M","E","R","BOSS","M","?","M","M","M","R","M","R","T","E","?","R","M","$","R","BOSS","BOSS"],"items_purchased_type":["Relic","Card","Relic","Relic","Potion","Card"],"build_version":"2020-12-22","purchased_purges":2,"victory":false,"max_hp_per_floor":[68,68,68,68,73,73,73,73,73,73,73,73,73,66,66,66,66,66,66,66,66,66,66,66,66,66,66,66,66,66,66,66,66,66,66,66,66,66,66,66,66,66,66,66,66,66,66,66,66,66,66,66],"relic_stats":{"OrangePellets":[3],"Regal Pillow":15,"Happy Flower":[26],"counters":[28,116],"Golden Idol":132,"PreservedInsect":323,"Art of War":[2],"Cursed Key":1,"obtain_stats":[{"Girya":26,"Regal Pillow":31,"Calipers":13,"Happy Flower":24,"Golden Idol":14,"PreservedInsect":9,"Omamori":44,"TeardropLocket":10,"Cursed Key":34,"OrangePellets":27,"Anchor":7,"Art of War":48,"Membership Card":48,"PureWater":0,"Toy Ornithopter":28,"Runic Pyramid":17},{"Girya":12,"Regal Pillow":16,"Calipers":8,"Happy Flower":12,"Golden Idol":8,"PreservedInsect":4,"Omamori":24,"TeardropLocket":5,"Cursed Key":17,"OrangePellets":12,"Anchor":4,"Art of War":26,"Membership Card":26,"PureWater":0,"Toy Ornithopter":13,"Runic Pyramid":9},{"Girya":37,"Regal Pillow":52,"Calipers":20,"Happy Flower":37,"Golden Idol":20,"PreservedInsect":10,"Omamori":95,"TeardropLocket":13,"Cursed Key":59,"OrangePellets":37,"Anchor":10,"Art of War":105,"Membership Card":105,"PureWater":0,"Toy Ornithopter":42,"Runic Pyramid":24}],"Toy Ornithopter":25},"card_choices":[{"not_picked":["Vault","DevaForm"],"picked":"Judgement","floor":0.0},{"not_picked":["ReachHeaven","Evaluate"],"picked":"JustLucky","floor":1.0},{"not_picked":["Pray","ClearTheMind"],"picked":"ReachHeaven","floor":2.0},{"not_picked":["ClearTheMind","Nirvana"],"picked":"CutThroughFate","floor":4.0},{"not_picked":["FollowUp","LikeWater"],"picked":"ThirdEye","floor":7.0},{"not_picked":["Swivel","Crescendo"],"picked":"JustLucky","floor":10.0},{"not_picked":["FollowUp","ClearTheMind"],"picked":"ThirdEye","floor":11.0},{"not_picked":["FlurryOfBlows","WreathOfFlame"],"picked":"CutThroughFate","floor":12.0},{"not_picked":["Prostrate","ConjureBlade","Consecrate"],"picked":"SKIP","floor":13.0},{"not_picked":["Wish","DevaForm"],"picked":"Vault","floor":16.0},{"not_picked":["ClearTheMind","DeceiveReality"],"picked":"Pray+1","floor":18.0},{"not_picked":["CutThroughFate","CarveReality"],"picked":"WheelKick","floor":22.0},{"not_picked":["WaveOfTheHand","SashWhip"],"picked":"Conclude","floor":24.0},{"not_picked":["EmptyBody","BowlingBash"],"picked":"Devotion","floor":28.0},{"not_picked":["EmptyFist","SignatureMove"],"picked":"ThirdEye","floor":29.0},{"not_picked":["Adaptation","EmptyFist","Perseverance"],"picked":"SKIP","floor":30.0},{"not_picked":["Adaptation","Vengeance","EmptyBody"],"picked":"SKIP","floor":31.0},{"not_picked":["Omniscience","Establishment"],"picked":"DevaForm","floor":33.0},{"not_picked":["SandsOfTime+1","FlyingSleeves+1","EmptyFist"],"picked":"SKIP","floor":35.0},{"not_picked":["EmptyFist","Crescendo"],"picked":"Nirvana+1","floor":36.0},{"not_picked":["CutThroughFate","FlyingSleeves","ClearTheMind"],"picked":"SKIP","floor":37.0},{"not_picked":["CutThroughFate","Consecrate"],"picked":"ThirdEye","floor":38.0},{"not_picked":["Crescendo","EmptyMind"],"picked":"CutThroughFate+1","floor":39.0},{"not_picked":["CutThroughFate","Protect"],"picked":"Brilliance","floor":41.0},{"not_picked":["CrushJoints+1","SashWhip"],"picked":"WaveOfTheHand","floor":44.0},{"not_picked":["CutThroughFate","FollowUp+1","SashWhip+1"],"picked":"SKIP","floor":45.0},{"not_picked":["FlurryOfBlows+1","Wallop"],"picked":"ThirdEye","floor":47.0}],"player_experience":1150838,"relics_obtained":[{"floor":7.0,"key":"Anchor"},{"floor":9.0,"key":"PreservedInsect"},{"floor":10.0,"key":"TeardropLocket"},{"floor":13.0,"key":"Calipers"},{"floor":24.0,"key":"Happy Flower"},{"floor":26.0,"key":"Girya"},{"floor":28.0,"key":"Toy Ornithopter"},{"floor":31.0,"key":"Regal Pillow"},{"floor":44.0,"key":"Omamori"}],"event_choices":[{"damage_healed":0.0,"max_hp_gain":0.0,"max_hp_loss":0.0,"gold_gain":0.0,"event_name":"Living Wall","player_choice":"Grow","floor":3.0,"gold_loss":0.0,"damage_taken":0.0,"cards_upgraded":["Judgement"]},{"damage_healed":0.0,"max_hp_gain":0.0,"max_hp_loss":0.0,"gold_gain":0.0,"event_name":"Lab","player_choice":"Got Potions","floor":5.0,"gold_loss":0.0,"damage_taken":0.0},{"damage_healed":0.0,"max_hp_gain":0.0,"max_hp_loss":7.0,"gold_gain":0.0,"event_name":"Golden Idol","player_choice":"Lose Max HP","floor":14.0,"gold_loss":0.0,"damage_taken":0.0,"relics_obtained":["Golden Idol"]},{"damage_healed":0.0,"max_hp_gain":0.0,"max_hp_loss":0.0,"gold_gain":0.0,"event_name":"Ghosts","player_choice":"Ignored","floor":19.0,"gold_loss":0.0,"damage_taken":0.0},{"damage_healed":0.0,"max_hp_gain":0.0,"max_hp_loss":0.0,"gold_gain":0.0,"cards_transformed":["Strike_P","Strike_P"],"event_name":"Drug Dealer","player_choice":"Became Test Subject","floor":20.0,"gold_loss":0.0,"damage_taken":0.0,"cards_obtained":["Perseverance","Alpha"]},{"damage_healed":0.0,"max_hp_gain":0.0,"max_hp_loss":0.0,"gold_gain":0.0,"event_name":"N\u0027loth","player_choice":"Ignored","floor":21.0,"gold_loss":0.0,"damage_taken":0.0}],"is_beta":false,"boss_relics":[{"not_picked":["Philosopher\u0027s Stone","Fusion Hammer"],"picked":"Runic Pyramid"},{"not_picked":["Runic Dome","Snecko Eye"],"picked":"Cursed Key"}],"items_purged_floors":[27,48],"is_endless":false,"potions_floor_spawned":[1,4,7,12,18,22,28,33,35,36,38,44],"killed_by":"Awakened One","ascension_level":20}}