{"host":"ykgeo1uk439igt35","time":1610646471,"event":{"mods":["BaseMod","Beaked The Cultist","Better Third Choice","BetterRewards","Colored Map","Colored Powertips","Downfall","Hermit","Hubris","Infinite Spire","Marisa????????","Mimic Mod","Minty Spire (QoL Compilation)","READ ME - Guardian Mod","READ ME - Snecko Mod","Rare Cards Sparkle","Relic Stats","Remilia??????","Replay The Spire","Robot Space Explorer","Spire Birthday Party","StSLib","The Administrix","The Bug Knight","The Construct","The Cursed","The Disciple","The Hierophant","The Necromancer","The Poker Player","The Runesmith","The Servant 0.9.4"],"gold_per_floor":[112,126,141,141,141,141,91,110,144,144,63,63,63,176,176,248,248,274,305,335,302,402,402,344,344],"floor_reached":24,"language":"ENG","playtime":922,"items_purged":[],"score":196,"play_id":"8eeac099-f84b-4b95-867c-f8b16ef3758f","local_time":"20210114174751","is_ascension_mode":false,"campfire_choices":[{"data":"hierophant:DisplayOfPower","floor":6,"key":"SMITH"},{"floor":12,"key":"REST"},{"data":"hierophant:RepressedViolence","floor":15,"key":"SMITH"},{"floor":23,"key":"REST"}],"circlet_count":0,"master_deck":["hierophant:Strike_Hierophant","hierophant:Strike_Hierophant","hierophant:Strike_Hierophant","hierophant:Strike_Hierophant","hierophant:Punish","hierophant:Defend_Hierophant","hierophant:Defend_Hierophant","hierophant:Defend_Hierophant","hierophant:Defend_Hierophant","hierophant:ChurchCoffers","hierophant:PristineSoul","hierophant:RepressedViolence+1","hierophant:DisplayOfPower+1","hubris:Rewind","hierophant:ThreeLashes","hierophant:Kindle","hierophant:ArchangelShield+1","hierophant:FieryStrike+1","Replay:SS_hec_4","Replay:SS_hec_4","hierophant:Doubloon","hierophant:Determination","hierophant:Doubloon","hierophant:Dazzle","hierophant:Doubloon","hierophant:Dazzle","hierophant:MirrorShield","hierophant:DisplayOfPower"],"relics":["hierophant:PropheticMaskRelic","NeowsBlessing","Turnip","Blue Doll","Dream Catcher","hubris:Icosahedron","hubris:VirtuousBlindfold"],"acts_visited":["Exordium","TheCity"],"potions_floor_usage":[16,20],"damage_taken":[{"damage":0,"enemies":"infinitespire:Voidling","floor":1,"turns":1},{"damage":0,"enemies":"Cultist","floor":2,"turns":1},{"damage":0,"enemies":"Jaw Worm","floor":3,"turns":1},{"damage":26,"enemies":"Lagavulin","floor":8,"turns":5},{"damage":0,"enemies":"Exordium Thugs","floor":9,"turns":2},{"damage":2,"enemies":"Exordium Thugs","floor":14,"turns":3},{"damage":50,"enemies":"The Guardian","floor":16,"turns":10},{"damage":16,"enemies":"2 Thieves","floor":18,"turns":4},{"damage":0,"enemies":"Spheric Guardian","floor":19,"turns":1},{"damage":18,"enemies":"Centurion and Healer","floor":20,"turns":5},{"damage":39,"enemies":"Cultist and Chosen","floor":21,"turns":8},{"damage":25,"enemies":"Snake Plant","floor":24,"turns":3}],"seed_played":"-653855872507105578","potions_obtained":[{"floor":1,"key":"Adrenaline Potion"},{"floor":16,"key":"SkillPotion"},{"floor":21,"key":"sneckomod:MuddlingPotion"}],"is_trial":false,"path_per_floor":["M","M","M","T","?","R","$","E","MIM","?","$","R","?","M","R","B",null,"M","M","M","M","?","R","M"],"character_chosen":"HIEROPHANT","items_purchased":["hierophant:ThreeLashes","hierophant:FieryStrike+1","Replay:SS_hec_4"],"campfire_rested":2,"item_purchase_floors":[7,11,11],"current_hp_per_floor":[75,75,75,75,58,58,58,32,32,32,32,54,54,52,52,2,75,59,59,41,2,2,24,0,0],"gold":344,"neow_bonus":"THREE_ENEMY_KILL","is_daily":false,"chose_seed":false,"campfire_upgraded":2,"win_rate":0.0,"timestamp":1610646471,"path_taken":["M","M","?","?","?","R","?","E","MIM","?","$","R","?","M","R","BOSS","M","M","M","M","?","R","M"],"items_purchased_type":["Card","Card","Card"],"build_version":"2020-12-22","purchased_purges":0,"victory":false,"max_hp_per_floor":[75,75,75,75,75,75,75,75,75,75,75,75,75,75,75,75,75,75,75,75,75,75,75,75,75],"relic_stats":{"Dream Catcher":2,"counters":[12,44],"Turnip":[6],"obtain_stats":[{"Dream Catcher":9,"hubris:Icosahedron":13,"NeowsBlessing":0,"hierophant:PropheticMaskRelic":0,"hubris:VirtuousBlindfold":17,"Blue Doll":8,"Turnip":4},{"Dream Catcher":5,"hubris:Icosahedron":5,"NeowsBlessing":0,"hierophant:PropheticMaskRelic":0,"hubris:VirtuousBlindfold":7,"Blue Doll":4,"Turnip":3},{"Dream Catcher":10,"hubris:Icosahedron":10,"NeowsBlessing":0,"hierophant:PropheticMaskRelic":0,"hubris:VirtuousBlindfold":23,"Blue Doll":8,"Turnip":3}]},"card_choices":[{"not_picked":["hierophant:Shelter","hierophant:RepressedViolence"],"picked":"hierophant:PristineSoul","floor":1},{"not_picked":["hierophant:PristineSoul","hierophant:ConvertCurrency"],"picked":"hierophant:RepressedViolence","floor":2},{"not_picked":["hierophant:AuricShield","hierophant:Shelter"],"picked":"hierophant:DisplayOfPower","floor":3},{"not_picked":["infinitespire:Starlight","ReplayTheSpireMod:Black Plague"],"picked":"hubris:Rewind","floor":5},{"not_picked":["hierophant:Sermon","hierophant:Patience"],"picked":"hierophant:Kindle","floor":8},{"not_picked":["hierophant:RustyCrate","hierophant:MorningPrayer"],"picked":"hierophant:ArchangelShield","floor":9},{"not_picked":["hierophant:OrnateBuckler","hierophant:MorningPrayer"],"picked":"hierophant:Doubloon","floor":12},{"not_picked":["hierophant:Embezzle","hierophant:FlamingChariot","hierophant:OrnateJavelin"],"picked":"SKIP","floor":14},{"not_picked":["hierophant:AuricForm","hierophant:Invocation"],"picked":"hierophant:Determination","floor":16},{"not_picked":["hierophant:Glossolalia","hierophant:Doubloon"],"picked":"hierophant:Dazzle","floor":18},{"not_picked":["hierophant:Upheaval","hierophant:HolyVerse","hierophant:Bribe"],"picked":"SKIP","floor":19},{"not_picked":["hierophant:HolyVerse","hierophant:Encroach"],"picked":"hierophant:Dazzle","floor":20},{"not_picked":["hierophant:OrnateBuckler","hierophant:Shelter"],"picked":"hierophant:MirrorShield","floor":21},{"not_picked":["hierophant:OrnateBuckler+1","hierophant:DivineIntervention"],"picked":"hierophant:DisplayOfPower","floor":23}],"player_experience":275233,"relics_obtained":[{"floor":4,"key":"Turnip"},{"floor":8,"key":"Blue Doll"},{"floor":9,"key":"Dream Catcher"}],"event_choices":[{"damage_healed":0,"gold_gain":0,"player_choice":"Grow","damage_taken":0,"max_hp_gain":0,"max_hp_loss":0,"event_name":"Living Wall","floor":10,"gold_loss":0,"cards_upgraded":["hierophant:ArchangelShield"]},{"damage_healed":0,"gold_gain":100,"player_choice":"Pray","damage_taken":0,"max_hp_gain":0,"max_hp_loss":0,"event_name":"Golden Shrine","floor":22,"gold_loss":0}],"is_beta":false,"boss_relics":[{"not_picked":["Runic Pyramid","Cursed Key"],"picked":"hubris:VirtuousBlindfold"}],"items_purged_floors":[],"is_endless":false,"potions_floor_spawned":[1,16,21],"killed_by":"Snake Plant","ascension_level":0}}