{"host":"1ekl8hlbnopmdapi","time":1610591840,"event":{"mods":["AchievementEnabler","BaseMod","Colored Map","Colored Powertips","DeckTracker","Googly Eyes","Highlight Path","Minty Spire (QoL Compilation)","Relic Sorter","StSLib","Synergy Search"],"gold_per_floor":[113,288,288,213,225,255,255,320,343,321,340,12,12,44,44,140,140,151,151,169,181,199,199,529,545,545,545,578,596,596,608,608,608,608],"floor_reached":33,"language":"ENG","playtime":701,"items_purged":["Doubt"],"score":432,"play_id":"bd650931-1066-47bf-8947-5fc93679654c","local_time":"20210113213720","is_ascension_mode":true,"campfire_choices":[{"floor":7,"key":"RECALL"},{"floor":13,"key":"REST"},{"data":"Zap","floor":15,"key":"SMITH"},{"floor":23,"key":"REST"},{"floor":27,"key":"REST"},{"floor":30,"key":"REST"},{"floor":32,"key":"REST"}],"circlet_count":0,"master_deck":["Strike_B","Strike_B","Strike_B+1","Strike_B","Defend_B","Defend_B+1","Defend_B","Defend_B","Zap+1","Dualcast","Lockon+1","Melter","Ball Lightning","FTL","Ball Lightning","Electrodynamics","Rebound+1","Go for the Eyes","Auto Shields+1","Conserve Battery","Conserve Battery+1","Defragment"],"relics":["Cracked Core","NeowsBlessing","Ornamental Fan","Omamori","Pear","Ancient Tea Set","Inserter","Old Coin","HornCleat","Art of War"],"acts_visited":["Exordium","TheCity"],"potions_floor_usage":[16,22,22,25,28,33,33,33],"damage_taken":[{"damage":0,"enemies":"Jaw Worm","floor":1,"turns":1},{"damage":0,"enemies":"2 Louse","floor":5,"turns":1},{"damage":0,"enemies":"3 Sentries","floor":6,"turns":1},{"damage":4,"enemies":"Small Slimes","floor":11,"turns":3},{"damage":20,"enemies":"Gremlin Nob","floor":14,"turns":4},{"damage":42,"enemies":"Hexaghost","floor":16,"turns":8},{"damage":0,"enemies":"Spheric Guardian","floor":18,"turns":3},{"damage":12,"enemies":"Chosen","floor":20,"turns":3},{"damage":31,"enemies":"Snake Plant","floor":21,"turns":4},{"damage":6,"enemies":"Centurion and Healer","floor":22,"turns":3},{"damage":17,"enemies":"Book of Stabbing","floor":24,"turns":5},{"damage":17,"enemies":"Shelled Parasite and Fungi","floor":25,"turns":4},{"damage":39,"enemies":"Slavers","floor":28,"turns":4},{"damage":7,"enemies":"Snake Plant","floor":29,"turns":3},{"damage":4,"enemies":"Snecko","floor":31,"turns":5},{"damage":66,"enemies":"Champ","floor":33,"turns":7}],"seed_played":"-5531355443368303758","potions_obtained":[{"floor":5,"key":"SkillPotion"},{"floor":6,"key":"SpeedPotion"},{"floor":16,"key":"DistilledChaos"},{"floor":21,"key":"Weak Potion"},{"floor":25,"key":"Regen Potion"},{"floor":28,"key":"FearPotion"},{"floor":29,"key":"Explosive Potion"},{"floor":31,"key":"AttackPotion"}],"is_trial":false,"path_per_floor":["M","?","?","$","M","E","R","?","T","?","M","$","R","E","R","B",null,"M","?","M","M","M","R","E","M","T","R","E","M","R","M","R","B"],"character_chosen":"DEFECT","items_purchased":["Pear","FTL"],"campfire_rested":5,"item_purchase_floors":[12,12],"current_hp_per_floor":[68,68,53,53,53,53,53,53,53,53,49,59,84,64,64,22,69,69,69,57,26,20,45,28,11,11,36,9,2,27,23,48,0,0],"gold":608,"neow_bonus":"THREE_ENEMY_KILL","is_daily":false,"chose_seed":false,"campfire_upgraded":1,"win_rate":0.0,"timestamp":1610591840,"path_taken":["M","?","?","$","M","E","R","?","T","?","M","$","R","E","R","BOSS","M","?","M","M","M","R","E","M","T","R","E","M","R","M","R","BOSS"],"items_purchased_type":["Relic","Card"],"build_version":"2020-12-22","purchased_purges":1,"victory":false,"max_hp_per_floor":[75,75,75,75,75,75,75,75,75,75,75,85,85,85,85,85,85,85,85,85,85,85,85,85,85,85,85,85,85,85,85,85,85,85],"card_choices":[{"not_picked":["Steam","BootSequence"],"picked":"Lockon","floor":1},{"not_picked":["Consume","Chill","Turbo"],"picked":"SKIP","floor":5},{"not_picked":["White Noise","Stack"],"picked":"Melter","floor":6},{"not_picked":["FTL","Go for the Eyes"],"picked":"Ball Lightning","floor":11},{"not_picked":["All For One","Undo"],"picked":"Ball Lightning","floor":14},{"not_picked":["Creative AI","Seek"],"picked":"Electrodynamics","floor":16},{"not_picked":["Static Discharge","Stack"],"picked":"Rebound+1","floor":18},{"not_picked":["Force Field+1","Coolheaded"],"picked":"Go for the Eyes","floor":20},{"not_picked":["Go for the Eyes","Streamline+1"],"picked":"Auto Shields+1","floor":21},{"not_picked":["Cold Snap","Coolheaded","Chaos"],"picked":"SKIP","floor":22},{"not_picked":["Storm","Scrape","Hello World"],"picked":"SKIP","floor":24},{"not_picked":["Streamline","Meteor Strike","Turbo+1"],"picked":"SKIP","floor":25},{"not_picked":["Sweeping Beam","Ball Lightning"],"picked":"Conserve Battery","floor":28},{"not_picked":["Self Repair","Reprogram+1"],"picked":"Conserve Battery+1","floor":29},{"not_picked":["Cold Snap+1","Streamline"],"picked":"Defragment","floor":31}],"player_experience":449483,"relics_obtained":[{"floor":6,"key":"Ornamental Fan"},{"floor":9,"key":"Omamori"},{"floor":14,"key":"Ancient Tea Set"},{"floor":24,"key":"Old Coin"},{"floor":26,"key":"HornCleat"},{"floor":28,"key":"Art of War"}],"event_choices":[{"damage_healed":0,"gold_gain":175,"player_choice":"AGREE","damage_taken":0,"max_hp_gain":0,"max_hp_loss":0,"event_name":"Liars Game","floor":2,"gold_loss":0,"cards_obtained":["Doubt"]},{"damage_healed":0,"gold_gain":0,"player_choice":"Entered Light","damage_taken":15,"max_hp_gain":0,"max_hp_loss":0,"event_name":"Shining Light","floor":3,"gold_loss":0,"cards_upgraded":["Strike_B","Defend_B"]},{"damage_healed":0,"gold_gain":65,"player_choice":"Gained Gold","damage_taken":0,"max_hp_gain":0,"max_hp_loss":0,"event_name":"Golden Wing","floor":8,"gold_loss":0},{"damage_healed":0,"gold_gain":0,"player_choice":"Left Gold","damage_taken":0,"max_hp_gain":0,"max_hp_loss":0,"event_name":"World of Goop","floor":10,"gold_loss":22},{"damage_healed":0,"gold_gain":0,"player_choice":"Forge","damage_taken":0,"max_hp_gain":0,"max_hp_loss":0,"event_name":"Accursed Blacksmith","floor":19,"gold_loss":0,"cards_upgraded":["Lockon"]}],"is_beta":false,"boss_relics":[{"not_picked":["Pandora\u0027s Box","Fusion Hammer"],"picked":"Inserter"}],"items_purged_floors":[4],"is_endless":false,"potions_floor_spawned":[5,6,16,21,25,28,29,31],"killed_by":"Champ","ascension_level":7}}