{"host":"pf47v7h0307523iy","time":1610642931,"event":{"mods":["BaseMod","Minty Spire (QoL Compilation)"],"gold_per_floor":[109,109,121,121,132,132,151,151,175,175,190,71,87,101,101,172,172,183,73,89,89,89,121,131,131,131,147,147,165,165,165],"floor_reached":30,"language":"ENG","playtime":1509,"items_purged":["Strike_G"],"score":738,"play_id":"1a714b4c-aa46-42a7-9cbf-d3a722155cc9","local_time":"20210114184851","is_ascension_mode":true,"campfire_choices":[{"data":"Crippling Poison","floor":6,"key":"SMITH"},{"data":"Noxious Fumes","floor":8,"key":"SMITH"},{"data":"Poisoned Stab","floor":10,"key":"SMITH"},{"data":"Leg Sweep","floor":15,"key":"SMITH"},{"data":"Caltrops","floor":25,"key":"SMITH"},{"floor":28,"key":"REST"}],"circlet_count":0,"master_deck":["AscendersBane","Strike_G","Strike_G+1","Defend_G+1","Defend_G","Defend_G","Defend_G","Defend_G","Survivor+1","Neutralize","Footwork+1","Outmaneuver+1","Crippling Poison+1","Noxious Fumes+1","Poisoned Stab+1","Leg Sweep+1","Heel Hook","Backflip","Corpse Explosion","CurseOfTheBell","PiercingWail","Caltrops+1","Blur"],"relics":["Ring of the Snake","War Paint","Calling Bell","Tingsha","Blue Candle","Strawberry","CultistMask","Oddly Smooth Stone","MealTicket"],"acts_visited":["Exordium","TheCity"],"potions_floor_usage":[13,20,23,23,30],"damage_taken":[{"damage":2,"enemies":"Small Slimes","floor":1,"turns":5},{"damage":0,"enemies":"Jaw Worm","floor":3,"turns":8},{"damage":4,"enemies":"Cultist","floor":5,"turns":5},{"damage":4,"enemies":"Blue Slaver","floor":7,"turns":5},{"damage":0,"enemies":"2 Fungi Beasts","floor":11,"turns":3},{"damage":7,"enemies":"Exordium Thugs","floor":13,"turns":5},{"damage":0,"enemies":"Large Slime","floor":14,"turns":5},{"damage":9,"enemies":"Hexaghost","floor":16,"turns":10},{"damage":8,"enemies":"Spheric Guardian","floor":18,"turns":4},{"damage":5,"enemies":"3 Byrds","floor":20,"turns":3},{"damage":17,"enemies":"Gremlin Leader","floor":23,"turns":8},{"damage":14,"enemies":"Centurion and Healer","floor":24,"turns":6},{"damage":0,"enemies":"Snecko","floor":27,"turns":7},{"damage":3,"enemies":"Shelled Parasite and Fungi","floor":29,"turns":8},{"damage":40,"enemies":"Slavers","floor":30,"turns":4}],"seed_played":"-6975260490130504032","potions_obtained":[{"floor":7,"key":"Weak Potion"},{"floor":11,"key":"ColorlessPotion"},{"floor":13,"key":"BlessingOfTheForge"},{"floor":14,"key":"GamblersBrew"},{"floor":20,"key":"Energy Potion"},{"floor":23,"key":"GhostInAJar"}],"is_trial":true,"path_per_floor":["M","?","M","?","M","R","M","R","T","R","M","$","M","M","R","B",null,"M","?","M","?","?","E","M","R","T","M","R","M","E"],"character_chosen":"THE_SILENT","items_purchased":["Heel Hook"],"campfire_rested":1,"item_purchase_floors":[12],"current_hp_per_floor":[57,57,57,37,33,33,29,29,29,29,29,29,22,22,22,13,60,52,52,47,47,47,30,16,16,16,16,37,34,0,0],"gold":165,"neow_bonus":"","is_daily":false,"chose_seed":false,"campfire_upgraded":5,"win_rate":0.0,"timestamp":1610642931,"path_taken":["M","?","M","?","M","R","M","R","T","R","M","$","M","M","R","BOSS","M","?","?","?","?","E","M","R","T","?","R","M","E"],"items_purchased_type":["Card"],"build_version":"2020-12-22","purchased_purges":1,"victory":false,"max_hp_per_floor":[66,66,66,66,66,66,66,66,66,66,66,66,66,66,66,66,73,73,73,73,73,73,73,73,73,73,73,73,73,73,73],"card_choices":[{"not_picked":["Deflect","Dagger Throw"],"picked":"Footwork","floor":1},{"not_picked":["Leg Sweep","Footwork"],"picked":"Crippling Poison","floor":3},{"not_picked":["Slice","Dagger Spray"],"picked":"Noxious Fumes","floor":5},{"not_picked":["Infinite Blades","Setup"],"picked":"Poisoned Stab","floor":7},{"not_picked":["Underhanded Strike","Flying Knee"],"picked":"Leg Sweep","floor":11},{"not_picked":["Quick Slash","Acrobatics","Reflex"],"picked":"SKIP","floor":13},{"not_picked":["Dagger Throw","Concentrate"],"picked":"Backflip","floor":14},{"not_picked":["Phantasmal Killer","Grand Finale"],"picked":"Corpse Explosion","floor":16},{"not_picked":["Blade Dance","Tactician","Dagger Throw"],"picked":"SKIP","floor":18},{"not_picked":["Backflip","Masterful Stab"],"picked":"PiercingWail","floor":20},{"not_picked":["Underhanded Strike","Riddle With Holes","Flying Knee"],"picked":"SKIP","floor":23},{"not_picked":["Corpse Explosion","Blade Dance"],"picked":"Caltrops","floor":24},{"not_picked":["Tactician","Masterful Stab"],"picked":"Blur","floor":27},{"not_picked":["Bane","Flying Knee","Cloak And Dagger"],"picked":"SKIP","floor":29}],"player_experience":1647717,"relics_obtained":[{"floor":9,"key":"War Paint"},{"floor":17,"key":"Tingsha"},{"floor":17,"key":"Blue Candle"},{"floor":17,"key":"Strawberry"},{"floor":23,"key":"Oddly Smooth Stone"},{"floor":26,"key":"MealTicket"}],"event_choices":[{"damage_healed":0,"gold_gain":0,"cards_transformed":["Strike_G"],"player_choice":"Change","damage_taken":0,"max_hp_gain":0,"max_hp_loss":0,"event_name":"Living Wall","floor":2,"gold_loss":0,"cards_obtained":["Outmaneuver"]},{"damage_healed":0,"gold_gain":0,"player_choice":"Entered Light","damage_taken":20,"max_hp_gain":0,"max_hp_loss":0,"event_name":"Shining Light","floor":4,"gold_loss":0,"cards_upgraded":["Strike_G","Footwork"]},{"cards_removed":["Strike_G"],"damage_healed":0,"gold_gain":0,"player_choice":"Upgrade and Remove","damage_taken":0,"max_hp_gain":0,"max_hp_loss":0,"event_name":"Designer","floor":19,"gold_loss":110,"cards_upgraded":["Survivor"]},{"damage_healed":0,"gold_gain":0,"player_choice":"Ignored","damage_taken":0,"max_hp_gain":0,"max_hp_loss":0,"event_name":"The Mausoleum","floor":21,"gold_loss":0},{"damage_healed":0,"gold_gain":0,"player_choice":"Trade","damage_taken":0,"relics_obtained":["CultistMask"],"max_hp_gain":0,"max_hp_loss":0,"event_name":"FaceTrader","floor":22,"gold_loss":0}],"is_beta":false,"boss_relics":[{"not_picked":["Runic Dome","Ectoplasm"],"picked":"Calling Bell"}],"items_purged_floors":[12],"is_endless":true,"potions_floor_spawned":[7,11,13,14,20,23],"killed_by":"Slavers","ascension_level":20}}