{"host":"7k7fhzlbqzyu5ijh","time":1610608025,"event":{"mods":["AchievementEnabler","BaseMod","Bestiary","Colored Powertips","Filter the Spire","Highlight Path","Minty Spire (QoL Compilation)","Potion Indicator Mod","RNG Fix","Relic Stats"],"gold_per_floor":[118,131,131,131,7,34,34,68,68,68,87,121,121,135,135,234,234,246,259,359,369,196,221,221,246,246,272,272,272,272,288,288,383,383,403,403,14,26,76,102,102,129,184,213,213,239,239,239,239,239,239,239,163,198,198,198],"floor_reached":55,"language":"ENG","playtime":3518,"items_purged":["Phantasmal Killer","Defend_G","Defend_G"],"score":1416,"play_id":"180e4ea0-a82b-4b04-851a-73ff0fe5a382","local_time":"20210114020705","is_ascension_mode":true,"campfire_choices":[{"data":"Phantasmal Killer","floor":7.0,"key":"SMITH"},{"floor":10.0,"key":"REST"},{"data":"Blade Dance","floor":13.0,"key":"SMITH"},{"data":"Neutralize","floor":15.0,"key":"SMITH"},{"data":"Accuracy","floor":24.0,"key":"SMITH"},{"floor":28.0,"key":"REST"},{"data":"Blade Dance","floor":30.0,"key":"SMITH"},{"data":"Terror","floor":32.0,"key":"SMITH"},{"floor":41.0,"key":"RECALL"},{"data":"Envenom","floor":45.0,"key":"SMITH"},{"data":"A Thousand Cuts","floor":47.0,"key":"SMITH"},{"data":"Backflip","floor":49.0,"key":"SMITH"},{"data":"Unload","floor":52,"key":"SMITH"}],"circlet_count":0,"master_deck":["Strike_G","Strike_G","Strike_G","Strike_G","Defend_G","Defend_G","Defend_G","Survivor","Neutralize+1","Phantasmal Killer+1","Flying Knee","Crippling Poison","Flying Knee","Blade Dance+1","Backflip+1","Unload+1","Blade Dance+1","A Thousand Cuts+1","Acrobatics","Backflip+1","Accuracy+1","Escape Plan","Terror+1","Ghostly","Ghostly","Ghostly","Ghostly","Ghostly","Dagger Throw+1","Envenom+1","Choke+1","Finisher+1","PiercingWail+1","Dagger Throw"],"relics":["Ring of the Snake","Pantograph","Eternal Feather","InkBottle","Toy Ornithopter","Sozu","Kunai","Thread and Needle","Shuriken","Question Card","HoveringKite","Medical Kit","HornCleat","WingedGreaves","Sundial","Smiling Mask","Boot","Orichalcum","Lantern"],"acts_visited":["Exordium","TheCity","TheBeyond","TheEnding"],"potions_floor_usage":[50],"damage_taken":[{"damage":1.0,"enemies":"Jaw Worm","floor":1.0,"turns":2.0},{"damage":0.0,"enemies":"2 Louse","floor":2.0,"turns":2.0},{"damage":10.0,"enemies":"Gremlin Nob","floor":6.0,"turns":3.0},{"damage":31.0,"enemies":"3 Sentries","floor":8.0,"turns":12.0},{"damage":0.0,"enemies":"Cultist","floor":11.0,"turns":3.0},{"damage":19.0,"enemies":"Lagavulin","floor":12.0,"turns":6.0},{"damage":5.0,"enemies":"Large Slime","floor":14.0,"turns":5.0},{"damage":12.0,"enemies":"Hexaghost","floor":16.0,"turns":8.0},{"damage":0.0,"enemies":"Chosen","floor":18.0,"turns":3.0},{"damage":0.0,"enemies":"3 Byrds","floor":19.0,"turns":4.0},{"damage":29.0,"enemies":"Shelled Parasite and Fungi","floor":21.0,"turns":4.0},{"damage":12.0,"enemies":"Gremlin Leader","floor":23.0,"turns":3.0},{"damage":29.0,"enemies":"Slavers","floor":25.0,"turns":4.0},{"damage":6.0,"enemies":"Gremlin Leader","floor":27.0,"turns":4.0},{"damage":0.0,"enemies":"Snecko","floor":31.0,"turns":5.0},{"damage":0.0,"enemies":"Automaton","floor":33.0,"turns":7.0},{"damage":0.0,"enemies":"Orb Walker","floor":35.0,"turns":2.0},{"damage":25.0,"enemies":"3 Shapes","floor":38.0,"turns":6.0},{"damage":0.0,"enemies":"Mind Bloom Boss Battle","floor":39.0,"turns":2.0},{"damage":0.0,"enemies":"Nemesis","floor":40.0,"turns":5.0},{"damage":0.0,"enemies":"Reptomancer","floor":42.0,"turns":6.0},{"damage":0.0,"enemies":"Nemesis","floor":44.0,"turns":5.0},{"damage":0.0,"enemies":"Reptomancer","floor":46.0,"turns":4.0},{"damage":0,"enemies":"Awakened One","floor":50,"turns":8},{"damage":0,"enemies":"Shield and Spear","floor":54,"turns":6},{"damage":35,"enemies":"The Heart","floor":55,"turns":5}],"seed_played":"5087577536780390077","potions_obtained":[{"floor":2.0,"key":"Poison Potion"},{"floor":6.0,"key":"ColorlessPotion"},{"floor":14.0,"key":"SpeedPotion"},{"floor":16.0,"key":"Dexterity Potion"}],"is_trial":false,"path_per_floor":["M","M","?","?","$","E","R","E","T","R","M","E","R","M","R","B",null,"M","M","?","M","$","E","R","E","T","E","R","?","R","M","R","B",null,"M","?","$","M","?","E","R","E","T","E","R","E","R","?","R","B",null,"R","$","E","B"],"character_chosen":"THE_SILENT","items_purchased":["AttackPotion","Accuracy","Medical Kit","HornCleat","Dagger Throw"],"campfire_rested":2,"item_purchase_floors":[5,22,37,37,53],"current_hp_per_floor":[62,62,67,67,67,57,57,26,26,57,57,38,47,42,51,63,72,72,72,72,43,43,31,43,14,14,8,45,37,37,37,37,37,37,37,37,37,12,37,37,37,37,37,37,37,37,37,35,35,35,35,35,35,35,0,0],"gold":198,"neow_bonus":"ONE_RANDOM_RARE_CARD","is_daily":false,"chose_seed":false,"campfire_upgraded":10,"win_rate":0.0,"timestamp":1610608025,"path_taken":["M","M","?","?","$","E","R","E","T","R","M","E","R","M","R","BOSS","M","M","?","?","?","E","R","E","T","E","R","?","R","M","R","BOSS","M","?","$","M","?","E","R","E","T","E","R","E","R","?","R","BOSS","R","$","E","BOSS"],"items_purchased_type":["Potion","Card","Relic","Relic","Card"],"build_version":"2020-12-22","purchased_purges":3,"victory":false,"max_hp_per_floor":[70,70,75,75,75,75,75,75,75,75,75,75,75,75,75,75,75,75,75,75,75,75,75,75,75,75,75,75,37,37,37,37,37,37,37,37,37,37,37,37,37,37,37,37,37,37,37,35,35,35,35,35,35,35,35,35],"relic_stats":{"counters":[26,124],"HoveringKite":[22],"Eternal Feather":54,"Orichalcum":[42],"Question Card":10,"Medical Kit":[7],"Smiling Mask":75,"Boot":[9],"Sozu":6,"Shuriken":[45],"Sundial":[2],"Pantograph":49,"Kunai":[48],"obtain_stats":[{"Lantern":54,"HoveringKite":34,"Eternal Feather":8,"Thread and Needle":25,"Orichalcum":46,"Question Card":27,"Medical Kit":37,"Smiling Mask":42,"Boot":44,"Sozu":17,"HornCleat":37,"Shuriken":26,"Sundial":40,"Pantograph":6,"WingedGreaves":39,"Kunai":23,"InkBottle":9,"Toy Ornithopter":12,"Ring of the Snake":0},{"Lantern":25,"HoveringKite":16,"Eternal Feather":4,"Thread and Needle":13,"Orichalcum":23,"Question Card":14,"Medical Kit":17,"Smiling Mask":21,"Boot":22,"Sozu":8,"HornCleat":17,"Shuriken":13,"Sundial":20,"Pantograph":3,"WingedGreaves":19,"Kunai":12,"InkBottle":4,"Toy Ornithopter":6,"Ring of the Snake":0},{"Lantern":119,"HoveringKite":75,"Eternal Feather":19,"Thread and Needle":59,"Orichalcum":105,"Question Card":63,"Medical Kit":77,"Smiling Mask":96,"Boot":101,"Sozu":41,"HornCleat":77,"Shuriken":59,"Sundial":90,"Pantograph":7,"WingedGreaves":85,"Kunai":55,"InkBottle":19,"Toy Ornithopter":28,"Ring of the Snake":0}],"InkBottle":[62],"Toy Ornithopter":0,"Ring of the Snake":[52]},"card_choices":[{"not_picked":["Slice","Calculated Gamble"],"picked":"Flying Knee","floor":1.0},{"not_picked":["Deadly Poison","Flying Knee"],"picked":"Crippling Poison","floor":2.0},{"not_picked":["Outmaneuver","Deadly Poison"],"picked":"Flying Knee","floor":6.0},{"not_picked":["Flying Knee","Backflip"],"picked":"Blade Dance","floor":8.0},{"not_picked":["Poisoned Stab","Flying Knee"],"picked":"Backflip","floor":11.0},{"not_picked":["Sucker Punch","Bane"],"picked":"Unload","floor":12.0},{"not_picked":["Dodge and Roll","Deflect"],"picked":"Blade Dance","floor":14.0},{"not_picked":["Bullet Time","Storm of Steel"],"picked":"A Thousand Cuts","floor":16.0},{"not_picked":["Dodge and Roll+1","Noxious Fumes"],"picked":"Acrobatics","floor":18.0},{"not_picked":["Dagger Throw","Dagger Spray+1"],"picked":"Backflip+1","floor":19.0},{"not_picked":["Noxious Fumes","Distraction"],"picked":"Riddle With Holes+1","floor":21.0},{"not_picked":["Tactician","Crippling Poison","Venomology"],"picked":"SKIP","floor":23.0},{"not_picked":["Dodge and Roll+1","Backflip"],"picked":"Escape Plan","floor":25.0},{"not_picked":["Sucker Punch","Heel Hook"],"picked":"Terror","floor":27.0},{"not_picked":["Flying Knee+1","Footwork","Quick Slash"],"picked":"Dagger Throw+1","floor":31.0},{"not_picked":["After Image","Glass Knife","Phantasmal Killer"],"picked":"Envenom","floor":33.0},{"not_picked":["Acrobatics+1","Underhanded Strike","Accuracy","Outmaneuver+1"],"picked":"SKIP","floor":35.0},{"not_picked":["Poisoned Stab+1","Backflip","Acrobatics","Quick Slash"],"picked":"SKIP","floor":38.0},{"not_picked":["Reflex","Concentrate","Deadly Poison+1"],"picked":"Choke+1","floor":39.0},{"not_picked":["Sucker Punch+1","Distraction","Backflip"],"picked":"Finisher+1","floor":40.0},{"not_picked":["Slice+1","Bane","Outmaneuver"],"picked":"PiercingWail+1","floor":42.0},{"not_picked":["Quick Slash","Underhanded Strike+1","Bouncing Flask+1","Bullet Time"],"picked":"SKIP","floor":44.0},{"not_picked":["PiercingWail","Slice","Predator","Dodge and Roll+1"],"picked":"SKIP","floor":46.0},{"not_picked":["Underhanded Strike+1","Distraction","Backflip","Deflect"],"picked":"SKIP","floor":54}],"player_experience":437497,"relics_obtained":[{"floor":6.0,"key":"Pantograph"},{"floor":8.0,"key":"Eternal Feather"},{"floor":9.0,"key":"InkBottle"},{"floor":12.0,"key":"Toy Ornithopter"},{"floor":23.0,"key":"Kunai"},{"floor":25.0,"key":"Thread and Needle"},{"floor":26.0,"key":"Shuriken"},{"floor":27.0,"key":"Question Card"},{"floor":39.0,"key":"WingedGreaves"},{"floor":40.0,"key":"Sundial"},{"floor":42.0,"key":"Smiling Mask"},{"floor":44.0,"key":"Boot"},{"floor":46.0,"key":"Orichalcum"},{"floor":54,"key":"Lantern"}],"event_choices":[{"damage_healed":0.0,"max_hp_gain":5.0,"max_hp_loss":0.0,"gold_gain":0.0,"event_name":"Big Fish","player_choice":"Donut","floor":3.0,"gold_loss":0.0,"damage_taken":0.0},{"damage_healed":0.0,"max_hp_gain":0.0,"max_hp_loss":0.0,"gold_gain":0.0,"cards_transformed":["Strike_G"],"event_name":"Transmorgrifier","player_choice":"Transformed","floor":4.0,"gold_loss":0.0,"damage_taken":0.0,"cards_obtained":["Phantasmal Killer"]},{"damage_healed":0.0,"max_hp_gain":0.0,"max_hp_loss":0.0,"gold_gain":100.0,"event_name":"Golden Shrine","player_choice":"Pray","floor":20.0,"gold_loss":0.0,"damage_taken":0.0},{"damage_healed":0.0,"max_hp_gain":0.0,"max_hp_loss":38.0,"gold_gain":0.0,"event_name":"Ghosts","player_choice":"Became a Ghost","floor":29.0,"gold_loss":0.0,"damage_taken":0.0,"cards_obtained":["Ghostly","Ghostly","Ghostly","Ghostly","Ghostly"]},{"cards_removed":["Riddle With Holes"],"damage_healed":0.0,"max_hp_gain":0.0,"max_hp_loss":0.0,"gold_gain":0.0,"event_name":"Falling","player_choice":"Removed Attack","floor":36.0,"gold_loss":0.0,"damage_taken":0.0},{"damage_healed":0.0,"max_hp_gain":0.0,"max_hp_loss":0.0,"gold_gain":0.0,"event_name":"MindBloom","player_choice":"Fight","floor":39.0,"gold_loss":0.0,"damage_taken":0.0},{"damage_healed":0.0,"max_hp_gain":0.0,"max_hp_loss":2.0,"gold_gain":0.0,"event_name":"Winding Halls","player_choice":"Max HP","floor":48.0,"gold_loss":0.0,"damage_taken":0.0}],"is_beta":false,"boss_relics":[{"not_picked":["Coffee Dripper","Fusion Hammer"],"picked":"Sozu"},{"not_picked":["Philosopher\u0027s Stone","Snecko Eye"],"picked":"HoveringKite"}],"items_purged_floors":[5,22,53],"is_endless":false,"potions_floor_spawned":[2,6,14,16,19,25,33,38,39,44],"killed_by":"The Heart","ascension_level":7}}