{"host":"wbdly04l9mkn9nrc","time":1610625833,"event":{"mods":["AchievementEnabler","BaseMod","BetterRewards","Minty Spire (QoL Compilation)","Replay The Spire","StSLib","[IsaacMod]ÒÔÈö¼âËþ"],"gold_per_floor":[109,109,33,53,67,93,105,139,163,176,186,220,220,76,76,180,180,191,191,208,123,123,123,152,172,197,210,220,220,252,271,271,372,372,389,400,47,65,75,75,1,35,35,35,45,105,116,131,131,131],"floor_reached":51,"language":"ZHS","playtime":3098,"items_purged":["Strike_P","Sickly"],"score":2027,"play_id":"932d1188-0675-46e8-912f-b6a6259f49d0","local_time":"20210114200353","is_ascension_mode":true,"campfire_choices":[{"data":"ForeignInfluence","floor":13.0,"key":"SMITH"},{"data":"Eruption","floor":15.0,"key":"SMITH"},{"data":"CrushJoints","floor":23.0,"key":"SMITH"},{"data":"BattleHymn","floor":32.0,"key":"SMITH"},{"data":"Wallop","floor":40.0,"key":"SMITH"},{"data":"TalkToTheHand","floor":44.0,"key":"SMITH"},{"data":"Replay:AllIn","floor":49,"key":"SMITH"}],"circlet_count":0,"master_deck":["AscendersBane","Strike_P","Strike_P","Defend_P","Defend_P","Defend_P+1","Eruption+1","Vigilance+1","Wallop+1","FollowUp","ForeignInfluence+1","Steam","BattleHymn+1","InnerPeace+1","CrushJoints+1","Replay:LoomingThreat","FlurryOfBlows+1","DeceiveReality","CutThroughFate","LessonLearned","Scrawl+1","TalkToTheHand+1","Indignation","EmptyFist+1","Halt","ThirdEye+1","ClearTheMind","Crescendo+1","MasterReality","CurseOfTheBell","Replay:DivineShield+1","Replay:BluntJabs+1","WindmillStrike+1","Clumsy","Replay:AllIn+1","FlurryOfBlows+1"],"relics":["PureWater","HushsDoor","DoctorsRemote","Lee\u0027s Waffle","TheBible","Gambling Chip","Habit","Ancient Tea Set","Snack Pack","MealTicket","Gremlin Food","War Paint","HandDrill","Cursed Key","Replay:Rubber Ducky","Replay:Baseball","Pet Ghost","Smiling Mask","Replay:Grab Bag","Philosopher\u0027s Stone","Coffee Dripper","Calling Bell","BelialBook","Replay:Bottled Snecko","D4","Membership Card","Orichalcum","TeardropLocket","Blood Vial","Replay:Ringing Soul","ReplayTheSpireMod:CursedCoin"],"acts_visited":["Exordium","TheCity","TheBeyond"],"potions_floor_usage":[],"damage_taken":[{"damage":0.0,"enemies":"2 Louse","floor":1.0,"turns":1.0},{"damage":0.0,"enemies":"Small Slimes","floor":4.0,"turns":1.0},{"damage":0.0,"enemies":"Cultist","floor":5.0,"turns":2.0},{"damage":0.0,"enemies":"Lagavulin","floor":6.0,"turns":3.0},{"damage":5.0,"enemies":"Large Slime","floor":7.0,"turns":3.0},{"damage":11.0,"enemies":"Replay:BlueRogue","floor":8.0,"turns":3.0},{"damage":0.0,"enemies":"2 Fungi Beasts","floor":10.0,"turns":2.0},{"damage":0.0,"enemies":"Lots of Slimes","floor":11.0,"turns":1.0},{"damage":10.0,"enemies":"Lagavulin","floor":12.0,"turns":4.0},{"damage":0.0,"enemies":"The Guardian","floor":16.0,"turns":5.0},{"damage":6.0,"enemies":"2 Thieves","floor":18.0,"turns":3.0},{"damage":0.0,"enemies":"Spheric Guardian","floor":20.0,"turns":2.0},{"damage":0.0,"enemies":"Gremlin Leader","floor":24.0,"turns":2.0},{"damage":6.0,"enemies":"Snake Plant","floor":25.0,"turns":2.0},{"damage":0.0,"enemies":"Chosen and Byrds","floor":27.0,"turns":3.0},{"damage":4.0,"enemies":"Centurion and Healer","floor":28.0,"turns":4.0},{"damage":21.0,"enemies":"Slavers","floor":30.0,"turns":2.0},{"damage":0.0,"enemies":"Snecko","floor":31.0,"turns":4.0},{"damage":10.0,"enemies":"Pondfish","floor":33.0,"turns":9.0},{"damage":5.0,"enemies":"3 Darklings","floor":35.0,"turns":2.0},{"damage":8.0,"enemies":"3 Shapes","floor":36.0,"turns":3.0},{"damage":17.0,"enemies":"3 Darklings","floor":38.0,"turns":2.0},{"damage":14.0,"enemies":"Spire Growth","floor":39.0,"turns":4.0},{"damage":7.0,"enemies":"R_Hoarder","floor":42.0,"turns":6.0},{"damage":0.0,"enemies":"Sphere and 2 Shapes","floor":45.0,"turns":1.0},{"damage":8.0,"enemies":"Jaw Worm Horde","floor":47.0,"turns":3.0},{"damage":0,"enemies":"4 Shapes","floor":48,"turns":2},{"damage":1,"enemies":"Time Eater","floor":50,"turns":5}],"seed_played":"-4203839107518134020","potions_obtained":[{"floor":4.0,"key":"Toxic Potion"},{"floor":5.0,"key":"Block Potion"},{"floor":8.0,"key":"Swift Potion"},{"floor":16.0,"key":"Reflective Coating"},{"floor":25.0,"key":"PowerPotion"}],"is_trial":false,"path_per_floor":["M","?","$","M","M","E","M","E","T","M","M","E","R","$","R","B",null,"M","?","M","?","$","R","E","M","T","M","M","T","E","M","R","B",null,"M","M","$","M","M","R","$","E","T","R","M","$","M","M","R","B",null],"character_chosen":"WATCHER","items_purchased":["Lee\u0027s Waffle","Wallop","TheBible","Gambling Chip","Habit","Ancient Tea Set","BattleHymn","HandDrill","TalkToTheHand","Indignation","Membership Card","Orichalcum","TeardropLocket","Blood Vial","ReplayTheSpireMod:CursedCoin","Replay:AllIn"],"campfire_rested":0,"item_purchase_floors":[0,0,0,0,0,0,3,14,17,17,37,37,37,41,46,46],"current_hp_per_floor":[79,79,79,79,79,79,76,69,69,71,71,65,65,79,79,79,73,71,71,73,73,73,73,73,67,67,71,73,73,52,56,56,58,69,66,62,73,56,48,48,63,66,66,66,70,76,73,75,75,79],"gold":131,"neow_bonus":"","is_daily":false,"chose_seed":false,"campfire_upgraded":7,"win_rate":0.0,"timestamp":1610625833,"path_taken":["M","?","$","M","M","E","M","E","T","?","M","E","R","$","R","BOSS","M","?","?","?","$","R","E","M","T","M","M","?","E","M","R","BOSS","M","M","$","M","M","R","?","E","T","R","M","$","M","M","R","BOSS"],"items_purchased_type":["Relic","Card","Relic","Relic","Relic","Relic","Card","Relic","Card","Card","Relic","Relic","Relic","Relic","Relic","Card"],"build_version":"2020-12-22","purchased_purges":2,"victory":true,"max_hp_per_floor":[79,79,79,79,79,79,79,79,79,79,79,79,79,79,79,79,73,73,73,73,73,73,73,73,73,73,73,73,73,73,73,73,73,73,73,73,73,73,73,73,73,73,73,73,73,76,79,79,79,79],"card_choices":[{"not_picked":["FlurryOfBlows","Consecrate"],"picked":"FollowUp","floor":1.0},{"not_picked":["SashWhip","Blasphemy"],"picked":"InnerPeace","floor":4.0},{"not_picked":["BowlingBash","Consecrate"],"picked":"CrushJoints","floor":5.0},{"not_picked":["EmptyFist","PathToVictory"],"picked":"Replay:LoomingThreat","floor":6.0},{"not_picked":["SashWhip","EmptyFist"],"picked":"FlurryOfBlows","floor":7.0},{"not_picked":["ThirdEye","PathToVictory"],"picked":"DeceiveReality","floor":8.0},{"not_picked":["Replay:BluntJabs","FollowUp"],"picked":"CutThroughFate","floor":10.0},{"not_picked":["Protect","JustLucky"],"picked":"LessonLearned","floor":11.0},{"not_picked":["Replay:DivineShield","Evaluate","Conclude"],"picked":"SKIP","floor":12.0},{"not_picked":["Wish","Brilliance"],"picked":"Scrawl","floor":16.0},{"not_picked":["Vengeance","Replay:Vibes+1"],"picked":"EmptyFist+1","floor":18.0},{"not_picked":["Replay:ManipulateFuture","CrushJoints"],"picked":"Halt","floor":20.0},{"not_picked":["SashWhip","WaveOfTheHand"],"picked":"ThirdEye+1","floor":24.0},{"not_picked":["PathToVictory","EmptyFist","EmptyMind"],"picked":"SKIP","floor":25.0},{"not_picked":["Pray","PathToVictory+1","JustLucky"],"picked":"SKIP","floor":27.0},{"not_picked":["DeceiveReality","FlyingSleeves"],"picked":"ClearTheMind","floor":28.0},{"not_picked":["FlurryOfBlows+1","SpiritShield"],"picked":"Crescendo","floor":30.0},{"not_picked":["EmptyBody","Prostrate+1","Halt"],"picked":"SKIP","floor":31.0},{"not_picked":["Ragnarok","Brilliance"],"picked":"MasterReality","floor":33.0},{"not_picked":["Replay:BluntJabs","Prostrate+1"],"picked":"Replay:DivineShield+1","floor":35.0},{"not_picked":["Pray+1","SignatureMove"],"picked":"Replay:BluntJabs+1","floor":36.0},{"not_picked":["BowlingBash","WreathOfFlame","Crescendo+1"],"picked":"SKIP","floor":38.0},{"not_picked":["Replay:Battleflow","Replay:BluntJabs+1"],"picked":"WindmillStrike+1","floor":39.0},{"not_picked":["Prostrate+1","Study","Blasphemy"],"picked":"SKIP","floor":42.0},{"not_picked":["SandsOfTime","CutThroughFate+1","JustLucky+1"],"picked":"SKIP","floor":45.0},{"not_picked":["ThirdEye","Pray+1"],"picked":"FlurryOfBlows+1","floor":47.0},{"not_picked":["TalkToTheHand","Halt","WheelKick+1"],"picked":"SKIP","floor":48}],"player_experience":240917,"relics_obtained":[{"floor":6.0,"key":"Snack Pack"},{"floor":8.0,"key":"MealTicket"},{"floor":9.0,"key":"Gremlin Food"},{"floor":12.0,"key":"War Paint"},{"floor":24.0,"key":"Replay:Baseball"},{"floor":26.0,"key":"Pet Ghost"},{"floor":30.0,"key":"Smiling Mask"},{"floor":34.0,"key":"BelialBook"},{"floor":34.0,"key":"Replay:Bottled Snecko"},{"floor":34.0,"key":"D4"},{"floor":42.0,"key":"Replay:Ringing Soul"}],"event_choices":[{"damage_healed":0.0,"max_hp_gain":0.0,"max_hp_loss":0.0,"gold_gain":0.0,"event_name":"Ghosts","player_choice":"Ignored","floor":19.0,"gold_loss":0.0,"damage_taken":0.0},{"damage_healed":0.0,"max_hp_gain":0.0,"max_hp_loss":0.0,"gold_gain":0.0,"event_name":"Addict","player_choice":"Obtained Relic","floor":21.0,"gold_loss":85.0,"damage_taken":0.0,"relics_obtained":["Replay:Rubber Ducky"]}],"is_beta":false,"boss_relics":[{"not_picked":["VioletLotus","Honey Jar"],"picked":"Cursed Key"},{"not_picked":[]},{"not_picked":["Sozu","Black Star"],"picked":"Replay:Grab Bag"},{"not_picked":["Velvet Choker","ChampionBelt"],"picked":"Philosopher\u0027s Stone"},{"not_picked":["SlaversCollar","ChewingGum"],"picked":"Coffee Dripper"},{"not_picked":["Empty Cage","Pandora\u0027s Box"],"picked":"Calling Bell"},{"not_picked":[]}],"items_purged_floors":[0,46],"is_endless":false,"potions_floor_spawned":[4,5,8,16,18,25,27,33,35,36,39,47],"ascension_level":11}}