{"host":"pmmuxs046gii331m","time":1610641676,"event":{"mods":["AchievementEnabler","AlwaysNeverKeys","BaseMod","Colored Powertips","Custom Start","Disable Question Mark Monsters","Downfall","Gold Saver","Minty Spire (QoL Compilation)","Permanent Neow","Quick Restart","Replay The Spire","StSLib"],"gold_per_floor":[739,758,758,777,787,787,787,787,846,448,548,16,28,44,54,54,54,54],"floor_reached":16,"language":"ENG","playtime":2127,"items_purged":["Slimebound:Defend_Slimebound","Slimebound:Strike_Slimebound"],"score":92,"play_id":"03717a24-6dee-4a1a-b24c-e4371acb3105","local_time":"20210114112756","is_ascension_mode":false,"campfire_choices":[{"data":"Slimebound:Split","floor":1.0,"key":"SMITH"},{"data":"Slimebound:CorrosiveSpit","floor":6.0,"key":"SMITH"},{"data":"Slimebound:Schlurp","floor":8.0,"key":"SMITH"}],"circlet_count":0,"master_deck":["Slimebound:Strike_Slimebound","Slimebound:Tackle","Slimebound:Defend_Slimebound+1","Slimebound:Defend_Slimebound","Slimebound:Split+1","Slimebound:CorrosiveSpit+1","Slimebound:FinishingTackle","Slimebound:Schlurp+1","Slimebound:SlimeSpikes","Slimebound:Teamwork+1","Slimebound:GoopSpray","Slimebound:RollThrough","Slimebound:SplitLeeching","Slimebound:SlimeSpikes","Slimebound:PressTheAttack"],"relics":["Slimebound:AbsorbEndCombat","The Courier","Pen Nib","Mango","Replay:Arrowhead","War Paint"],"acts_visited":["Exordium"],"potions_floor_usage":[16],"damage_taken":[{"damage":14.0,"enemies":"Small Slimes","floor":2.0,"turns":3.0},{"damage":15.0,"enemies":"Jaw Worm","floor":4.0,"turns":3.0},{"damage":11.0,"enemies":"2 Louse","floor":5.0,"turns":2.0},{"damage":35.0,"enemies":"3 Sentries","floor":9.0,"turns":6.0},{"damage":11.0,"enemies":"downfall:FleeingMerchant","floor":10.0,"turns":4.0},{"damage":11.0,"enemies":"downfall:FleeingMerchant","floor":12.0,"turns":4.0},{"damage":16,"enemies":"Red Slaver","floor":13,"turns":4},{"damage":12,"enemies":"Exordium Thugs","floor":14,"turns":4},{"damage":19,"enemies":"2 Fungi Beasts","floor":15,"turns":2},{"damage":75,"enemies":"downfall:Defect","floor":16,"turns":6}],"seed_played":"-6336551030585571526","potions_obtained":[{"floor":4.0,"key":"SteroidPotion"},{"floor":5.0,"key":"SpeedPotion"},{"floor":9.0,"key":"Adrenaline Potion"}],"is_trial":false,"path_per_floor":["R","M","?","M","M","R","T","R","?","$","?","$","M","M","M","B"],"character_chosen":"SLIMEBOUND","items_purchased":["Mango","Slimebound:GoopSpray","Slimebound:RollThrough","Replay:Arrowhead","War Paint","Slimebound:SplitLeeching","Slimebound:SlimeSpikes"],"campfire_rested":0,"item_purchase_floors":[10,10,10,12,12,12,12],"current_hp_per_floor":[60,54,54,55,60,60,60,60,45,72,72,73,73,74,67,0,0,0],"gold":54,"neow_bonus":"REMOVE_CARD","is_daily":false,"chose_seed":false,"campfire_upgraded":3,"win_rate":0.0,"timestamp":1610641676,"path_taken":["R","M","?","M","M","R","T","R","?","$","?","$","?","M","M","BOSS"],"items_purchased_type":["Relic","Card","Card","Relic","Relic","Card","Card"],"build_version":"2020-12-22","purchased_purges":2,"victory":false,"max_hp_per_floor":[60,60,60,60,60,60,60,60,60,74,74,74,74,74,74,74,74,74],"card_choices":[{"not_picked":["Slimebound:SplitAcid","Slimebound:SplitBruiser"],"picked":"Slimebound:FinishingTackle","floor":2.0},{"not_picked":["Slimebound:GrowthPunch","Slimebound:ViciousTackle"],"picked":"Slimebound:Schlurp","floor":4.0},{"not_picked":["Slimebound:Schlurp","Slimebound:GrowthPunch","Slimebound:SlimeTap"],"picked":"SKIP","floor":5.0},{"not_picked":["Slimebound:SamplingLick","Slimebound:FinishingTackle"],"picked":"Slimebound:SlimeSpikes","floor":9.0},{"not_picked":["Slimebound:TongueLash","Slimebound:FinishingTackle"],"picked":"Slimebound:Teamwork","floor":10.0},{"not_picked":["Slimebound:ComboTackle","Slimebound:GrowthPunch","Slimebound:Gluttony"],"picked":"SKIP","floor":12.0},{"not_picked":["Slimebound:Replication","Slimebound:SplitMire","Slimebound:SplitLeeching"],"picked":"SKIP","floor":13},{"not_picked":["Slimebound:SplitMire","Slimebound:Repurpose","Slimebound:ComboTackle"],"picked":"SKIP","floor":14},{"not_picked":["Slimebound:SplitLeeching","Slimebound:Prepare"],"picked":"Slimebound:PressTheAttack","floor":15}],"player_experience":281826,"relics_obtained":[{"floor":7.0,"key":"The Courier"}],"event_choices":[{"cards_removed":["Slimebound:Strike_Slimebound"],"damage_healed":0.0,"max_hp_gain":0.0,"max_hp_loss":0.0,"gold_gain":0.0,"event_name":"The Cleric","player_choice":"Card Removal","floor":3.0,"gold_loss":0.0,"damage_taken":0.0}],"is_beta":false,"boss_relics":[],"items_purged_floors":[10,12],"is_endless":false,"potions_floor_spawned":[4,5,9,14],"killed_by":"downfall:Defect","ascension_level":0}}