{"host":"s6mlqkqtr3ey2mm2","time":1610583432,"event":{"mods":["2.2 Compatiblity","AchievementEnabler","Aspiration","BaseMod","Beaked The Cultist","Better Note","Better Vampires","BetterRewards","Challenge The Spire","Colored Map","Colored Powertips","Conspire","Curses Come First","Downfall","Emptier Cage","Energized Spire","GifTheSpireLib","GungeonMod","Halation","Hermit","Hubris","Infinite Spire","Ironclad Rager","Magitek Elite","Marked Mod","Minty Spire (QoL Compilation)","Poor People Problems","Quick Restart","RatMod","Replay The Spire","Retaliation","Robot Space Explorer","Shade Mod","Somnambulant","Spicy Shops","StSLib","Stuff the Spire","The Blue Laboratory","The Construct","The Druid","The Hierophant","The IronCluck","The Necromancer","The Poker Player","The Runesmith","The Servant 0.9.4","The Valiant","vexMod"],"gold_per_floor":[119,129,129,144,160,160,160,160,160,174,174,204,9,25,25,123,123,106,106,123,135,135,146,146,172,254,287,47,74,74,74],"floor_reached":30,"language":"ENG","playtime":2417,"items_purged":["ICR:VenomStrike"],"score":295,"play_id":"a5f83373-7a2f-4312-9677-ca2396d9ec8a","local_time":"20210113191712","is_ascension_mode":false,"campfire_choices":[{"data":"rat:Garrote","floor":6,"key":"SMITH"},{"data":"Dagger Spray","floor":15,"key":"SMITH"},{"data":"StuffTheSpire:Injection","floor":24,"key":"SMITH"}],"circlet_count":0,"master_deck":["Survivor","Neutralize","ICR:VenomStrike","ICR:VenomStrike","ICR:VenomStrike","ICR:VenomStrike","ICR:Dodge","ICR:Dodge","ICR:Dodge","ICR:Dodge","ICR:Dodge","rat:Garrote+1","Dodge and Roll","StuffTheSpire:Injection+1","Poisoned Stab+1","rat:WitheringShackles","StuffTheSpire:DoubleShiv","Outmaneuver","Dagger Spray+1","Bullet Time","Deadly Poison+1","All Out Attack+1","Dagger Throw+1","ReplayTheSpireMod:Scrap Shanks","StuffTheSpire:BumpUp","Sucker Punch","infinitespire:Neurotoxin","Blade Dance"],"relics":["Ring of the Snake","StuffTheSpire:GrapeVine","Ice Cream","DemoMod:VorpalBullet","DemoMod:MeatBun","aspiration:MobileForge","Snake Skull","halation:BottledLove","StuffTheSpire:Tea","BargainBundle","hubris:FunFungus"],"acts_visited":["Exordium","TheCity"],"potions_floor_usage":[5,25,25,27,30],"damage_taken":[{"damage":7,"enemies":"Jaw Worm","floor":1,"turns":6},{"damage":0,"enemies":"Cultist","floor":2,"turns":3},{"damage":0,"enemies":"Small Slimes","floor":4,"turns":5},{"damage":0,"enemies":"Looter","floor":5,"turns":3},{"damage":9,"enemies":"Exordium Thugs","floor":10,"turns":3},{"damage":18,"enemies":"Gremlin Nob","floor":12,"turns":4},{"damage":5,"enemies":"Exordium Wildlife","floor":14,"turns":3},{"damage":40,"enemies":"The Guardian","floor":16,"turns":7},{"damage":21,"enemies":"2 Thieves","floor":18,"turns":4},{"damage":6,"enemies":"Shell Parasite","floor":20,"turns":5},{"damage":0,"enemies":"3 Cultists","floor":21,"turns":4},{"damage":9,"enemies":"Centurion and Healer","floor":23,"turns":3},{"damage":2,"enemies":"Book of Stabbing","floor":25,"turns":3},{"damage":36,"enemies":"conspire:SneckoGhost","floor":27,"turns":5},{"damage":8,"enemies":"Slavers","floor":30,"turns":2}],"seed_played":"-335055678382612299","potions_obtained":[{"floor":1,"key":"Fire Potion"},{"floor":16,"key":"Block Potion"},{"floor":20,"key":"LiquidBronze"},{"floor":21,"key":"blueLaboratory:BubblePotion"},{"floor":25,"key":"Poison Potion"}],"is_trial":false,"path_per_floor":["M","M","?","M","M","R","?","T","T","M","?","E","$","M","R","B",null,"M","?","M","M","?","M","R","E","T","E","$","?","E"],"character_chosen":"THE_SILENT","items_purchased":["DemoMod:MeatBun","Outmaneuver","BargainBundle","infinitespire:Neurotoxin"],"campfire_rested":0,"item_purchase_floors":[13,13,28,28],"current_hp_per_floor":[63,63,63,63,63,63,63,63,63,54,54,36,50,45,45,5,70,49,49,43,43,70,61,61,59,59,23,23,6,0,0],"gold":74,"neow_bonus":"SILENT_POISONER","is_daily":false,"chose_seed":false,"campfire_upgraded":3,"win_rate":0.0,"timestamp":1610583432,"path_taken":["M","M","?","M","?","R","?","?","T","M","?","E","?","M","R","BOSS","M","?","M","?","?","?","R","E","T","E","$","?","E"],"items_purchased_type":["Relic","Card","Relic","Card"],"build_version":"2020-12-22","purchased_purges":1,"victory":false,"max_hp_per_floor":[70,70,70,70,70,70,70,70,70,70,70,70,70,70,70,70,70,70,70,70,70,70,70,70,70,70,70,70,70,70,70],"card_choices":[{"not_picked":["StuffTheSpire:BumpUp","Skewer"],"picked":"rat:Garrote","floor":1},{"not_picked":["rat:Garrote","Underhanded Strike"],"picked":"Dodge and Roll","floor":2},{"not_picked":["Choke","rat:SilverDagger"],"picked":"StuffTheSpire:Injection","floor":4},{"not_picked":["hubris:SlightOfHand","StuffTheSpire:Incursion"],"picked":"Poisoned Stab","floor":5},{"not_picked":["ReplayTheSpireMod:Scrap Shanks","PiercingWail"],"picked":"rat:WitheringShackles","floor":10},{"not_picked":["Quick Slash","rat:SilverDagger"],"picked":"StuffTheSpire:DoubleShiv","floor":12},{"not_picked":["Predator","rat:SilveredBlade"],"picked":"Dagger Spray","floor":14},{"not_picked":["Wraith Form v2","Unload"],"picked":"Bullet Time","floor":16},{"not_picked":["hubris:TrickCloak","Leg Sweep"],"picked":"Deadly Poison+1","floor":18},{"not_picked":["StuffTheSpire:BumpUp+1","rat:SiphonBlood"],"picked":"All Out Attack+1","floor":20},{"not_picked":["Well Laid Plans","StuffTheSpire:Incursion"],"picked":"Dagger Throw+1","floor":21},{"not_picked":["StuffTheSpire:ClusterCrunch","Backflip"],"picked":"ReplayTheSpireMod:Scrap Shanks","floor":23},{"not_picked":["Eviscerate","Acrobatics"],"picked":"StuffTheSpire:BumpUp","floor":25},{"not_picked":["Night Terror","Predator+1"],"picked":"Sucker Punch","floor":27},{"not_picked":["Choke","Deadly Poison"],"picked":"Blade Dance","floor":29}],"player_experience":96033,"relics_obtained":[{"floor":8,"key":"StuffTheSpire:GrapeVine"},{"floor":9,"key":"Ice Cream"},{"floor":12,"key":"DemoMod:VorpalBullet"},{"floor":25,"key":"Snake Skull"},{"floor":26,"key":"halation:BottledLove"},{"floor":27,"key":"StuffTheSpire:Tea"},{"floor":29,"key":"hubris:FunFungus"}],"event_choices":[{"damage_healed":0,"gold_gain":0,"player_choice":"Bought 0 Potions","damage_taken":0,"max_hp_gain":0,"max_hp_loss":0,"event_name":"The Woman in Blue","floor":3,"gold_loss":0},{"damage_healed":0,"gold_gain":0,"player_choice":"Leave","damage_taken":0,"max_hp_gain":0,"max_hp_loss":0,"event_name":"conspire:Investor","floor":11,"gold_loss":0},{"damage_healed":0,"gold_gain":0,"player_choice":"Ignored","damage_taken":0,"max_hp_gain":0,"max_hp_loss":0,"event_name":"betterNote:BetterNote","floor":19,"gold_loss":0,"cards_obtained":["hexamod:FlamesFromBeyond"]},{"damage_healed":27,"gold_gain":0,"player_choice":"Full Heal","damage_taken":0,"max_hp_gain":0,"max_hp_loss":0,"event_name":"Wheel of Change","floor":22,"gold_loss":0}],"is_beta":false,"boss_relics":[{"not_picked":["vexMod:DeviousBotling","StuffTheSpire:RunicHypercube"],"picked":"aspiration:MobileForge"}],"items_purged_floors":[28],"is_endless":false,"potions_floor_spawned":[1,5,16,20,21,25],"killed_by":"Slavers","ascension_level":0}}