{"host":"hbmugw1tcdgjy91l","time":1610610643,"event":{"mods":["Act Like it!","Arknights The Spire","BaseMod","Downfall","Gensokyo","Gremlin Mod","GungeonMod","Lobotomy","LobotomyExtend","Mari Mod (Legacy)","Mari\u0027s V1 Patch","Minty Spire (QoL Compilation)","Pale of the Ancients","Prisma Mod","READ ME - Guardian Mod","Replay The Spire","StSLib","TestMod","WarShipGirlsR/战舰少女R mod","vexMod","【功能Mod】混沌之环修复补丁"],"gold_per_floor":[275,290,104,104,104,104,121,156,156,170,242,257,289,289,289,305,305,400,400,418,418,131,131,131],"floor_reached":23,"language":"ZHS","playtime":1669,"items_purged":[],"score":197,"play_id":"3bb2c006-8aab-48e3-8e99-d44800edfd85","local_time":"20210114155043","is_ascension_mode":false,"campfire_choices":[{"data":"DemoMod:CursedBullets","floor":9,"key":"SMITH"},{"floor":15,"key":"REST"},{"data":"DemoMod:PotionOfGunFriendShip","floor":17,"key":"SMITH"}],"circlet_count":0,"master_deck":["DemoMod:Strike_Huntress","DemoMod:Strike_Huntress","DemoMod:Defend_Huntress","DemoMod:Defend_Huntress","DemoMod:Defend_Huntress","DemoMod:Defend_Huntress","DemoMod:Roll","DemoMod:ManualReload+1","DemoMod:RustySidearm","DemoMod:CrossBow","SpiderBud","DemoMod:BulletBore","DemoMod:TableSutra+1","Injury","VoidDream","DemoMod:StickyCrossBow","DemoMod:CursedBullets+1","DemoMod:Slinger","DemoMod:Polaris","DemoMod:PotionOfGunFriendShip+1","FieryBird","DemoMod:GunslingerForm","DemoMod:TeaPot+1","DemoMod:Behold!","DemoMod:SniperShot","DemoMod:SniperShot","DemoMod:ChanceBullets"],"relics":["DemoMod:Dog","testmod-TestBox","testmod-SaigiyounoYou","CogitoBucket","LetterFromLob","DemoMod:GnawedKey","DemoMod:CrisisStone","Replay:Bottled Snecko","Moonlight_r","ReplayFunnel","Gensokyo:Justice","RedMistMask","Theresia","DemoMod:Test1","DemoMod:GlassGuonStoneRelic","Orichalcum","Juzu Bracelet"],"acts_visited":["Gensokyo:Gensokyo","TheCity"],"potions_floor_usage":[13,16],"damage_taken":[{"damage":4,"enemies":"Gensokyo:2_Kodama","floor":1,"turns":5},{"damage":14,"enemies":"Gensokyo:Python","floor":2,"turns":4},{"damage":3,"enemies":"Gensokyo:3_Fairies","floor":7,"turns":5},{"damage":7,"enemies":"Gensokyo:Aya","floor":8,"turns":5},{"damage":0,"enemies":"Gensokyo:VengefulSpirit","floor":10,"turns":5},{"damage":9,"enemies":"Gensokyo:Python_and_Kodama","floor":12,"turns":7},{"damage":21,"enemies":"Gensokyo:Mamizou","floor":13,"turns":7},{"damage":16,"enemies":"Gensokyo:Python_and_Kodama","floor":16,"turns":6},{"damage":17,"enemies":"Gensokyo:Reimu","floor":18,"turns":6},{"damage":19,"enemies":"2 Thieves","floor":20,"turns":3}],"seed_played":"-5043102061555890073","potions_obtained":[{"floor":2,"key":"DemoMod:LeadSkinPotion"},{"floor":7,"key":"DemoMod:LeadSkinPotion"},{"floor":10,"key":"champ:CounterPotion"},{"floor":16,"key":"Fire Potion"},{"floor":18,"key":"Block Potion"}],"is_trial":false,"path_per_floor":["M","M","$","?","PTL","PTL","M","E","R","M","T","M","E","?","R","M","R","B",null,"M","?","$","?"],"character_chosen":"HUNTRESS","items_purchased":["DemoMod:GnawedKey","DemoMod:TableSutra","Juzu Bracelet","DemoMod:SniperShot","DemoMod:ChanceBullets"],"campfire_rested":1,"item_purchase_floors":[3,3,22,22,22],"current_hp_per_floor":[70,59,59,59,59,59,64,66,66,70,70,30,15,15,36,32,32,36,70,55,55,55,55,55],"gold":131,"neow_bonus":"","is_daily":false,"chose_seed":false,"campfire_upgraded":2,"win_rate":0.0,"timestamp":1610610643,"path_taken":["M","M","$","?","PTL","PTL","M","E","R","M","T","M","E","?","R","?","R","BOSS","M","?","?","?"],"items_purchased_type":["Relic","Card","Relic","Card","Card"],"build_version":"2020-12-22","purchased_purges":0,"victory":false,"max_hp_per_floor":[70,70,70,70,70,70,70,70,70,70,70,70,70,70,70,70,70,70,70,70,70,70,70,70],"card_choices":[{"not_picked":["Woodsman","DreamingCurrent"],"picked":"SpiderBud","floor":1},{"not_picked":["DemoMod:Camera","DemoMod:DoubleSwitch","DemoMod:GunstockTap"],"picked":"SKIP","floor":1},{"not_picked":["DemoMod:Camera","DemoMod:DoubleSwitch","DemoMod:GunstockTap"],"picked":"SKIP","floor":1},{"not_picked":["DemoMod:FastSwitch","DemoMod:HuntsMan"],"picked":"DemoMod:BulletBore","floor":2},{"not_picked":["HappyTeddy","OldLady"],"picked":"VoidDream","floor":7},{"not_picked":["DemoMod:HuntsMan","DemoMod:Camera"],"picked":"DemoMod:StickyCrossBow","floor":7},{"not_picked":["DemoMod:SniperShot","DemoMod:EasyReloadBullets"],"picked":"DemoMod:CursedBullets","floor":8},{"not_picked":["Bloodbath","OldLady"],"picked":"LongBird","floor":8},{"not_picked":["DemoMod:BoxingGlove","DemoMod:SAA"],"picked":"DemoMod:Slinger","floor":10},{"not_picked":["DemoMod:AbyssalTentacle","DemoMod:BoxingGlove"],"picked":"DemoMod:Polaris","floor":13},{"not_picked":["DemoMod:GunstockTap","DemoMod:BoxingGlove"],"picked":"DemoMod:PotionOfGunFriendShip","floor":16},{"not_picked":["Variant","PunishingBird"],"picked":"FieryBird","floor":16},{"not_picked":["DemoMod:FinishedGun","DemoMod:Behold!"],"picked":"DemoMod:GunslingerForm","floor":18},{"not_picked":["DemoMod:HardPowerCard","DemoMod:Unmoved"],"picked":"DemoMod:TeaPot+1","floor":20}],"player_experience":413922,"relics_obtained":[{"floor":1,"key":"LetterFromLob"},{"floor":8,"key":"Replay:Bottled Snecko"},{"floor":13,"key":"ReplayFunnel"},{"floor":16,"key":"RedMistMask"},{"floor":20,"key":"Orichalcum"}],"event_choices":[{"damage_healed":0,"gold_gain":0,"cards_transformed":["DemoMod:Strike_Huntress"],"player_choice":"Transformed","damage_taken":0,"max_hp_gain":0,"max_hp_loss":0,"event_name":"Transmorgrifier","floor":21,"gold_loss":0,"cards_obtained":["DemoMod:Behold!"]}],"is_beta":false,"boss_relics":[{"not_picked":["Runic Dome","testmod-Fanaticism"],"picked":"DemoMod:Test1"}],"items_purged_floors":[],"is_endless":false,"potions_floor_spawned":[2,7,10,16,18],"ascension_level":0}}