{"host":"leop","time":1610634061,"event":{"mods":["ATMod(阿瑾Mod)","Act Like it!","BaseMod","GifTheSpireLib","Minty Spire (QoL Compilation)","MostiFishMod","Shop Mod","Spicy Shops","StSLib","TestMod","Yakumo Yukari mod","[IsaacMod]以撒尖塔","noobMod","【功能Mod】混沌之环修复补丁","【遗物卡牌】REMEMod"],"gold_per_floor":[119,135,149,166,186,219,59,90,90,105,105,122,148,167,167,241,241,275,190,216,5,32,62,112,247,247,247,272,272,372,401,401,475,475,508,559,178,235,242,295,355,127,196,304,304,360,360,418,418,475,575,575,575,43,125,175],"floor_reached":57,"language":"ZHS","playtime":1509,"items_purged":["Defend_P","Strike_P","Strike_P","Strike_P","Defend_P+1","Defend_P+1","Defend_P+1"],"score":4212,"play_id":"cca2f638-df22-4a5b-8b3f-bb5f63662109","local_time":"20210114222101","is_ascension_mode":true,"campfire_choices":[{"data":"Adaptation","floor":15,"key":"SMITH"},{"data":"MostiFishMod:Dust","floor":27,"key":"SMITH"},{"floor":29,"key":"RECALL"},{"data":"Adaptation","floor":32,"key":"SMITH"},{"floor":47,"key":"REST"},{"floor":49,"key":"REST"},{"floor":53,"key":"REST"}],"circlet_count":0,"master_deck":["Strike_P+1","Eruption+1","Vigilance+1","FlurryOfBlows+1","FlurryOfBlows+1","Indignation+1","FlurryOfBlows+1","MasterReality+1","Prostrate+1","Adaptation+1","MostiFishMod:Dust+1","FearNoEvil+1","Adaptation+1","Prostrate+1","MostiFishMod:PathToVictory+1","REME_CRH+1","Pray+1","Tantrum+1","ClearTheMind+1","InnerPeace+1","MostiFishMod:LegendTransform","FlurryOfBlows+1"],"relics":["PureWater","ice","testmod-TestBox","DaveBox","REME_ComplimentaryCards","AT_ATBox","HushsDoor","testmod-Muramasa","Civilization","SharpPlug","NeowsBlessing","SynthV:TestCard","testmod-AssaultLearning","AT_ChloranthyRing","TheBible","AT_EbonyIvory","Art of War","ChampionBelt","SynthV:C4","Juzu Bracelet","Pen Nib","SteamSale","Toxic Egg 2","AnarchistCookbook","Oddly Smooth Stone","testmod-TurbochargingSystem","PreservedInsect","REME_PuzzleBoxRelic","D6","Unceasing Top","SlaversCollar","GuppysTail","GuppysHead","JudasShadow","AT_MibuBalloonWealth","UnicornStump","Chaos","SalivaCoin","Anchor","BookOfRevelations","Melange","AT_BellowingDragoncrestRing","AT_SpeedBoots","Incubus","AT_TimeSand","ThornShield","testmod-Fortitude","DeathBook","SentryEyes","AT_ForceNature"],"acts_visited":["Exordium","TheCity","TheBeyond","TheEnding"],"potions_floor_usage":[],"damage_taken":[{"damage":0,"enemies":"Cultist","floor":1,"turns":1},{"damage":0,"enemies":"2 Louse","floor":2,"turns":2},{"damage":0,"enemies":"Jaw Worm","floor":3,"turns":1},{"damage":0,"enemies":"Exordium Wildlife","floor":4,"turns":2},{"damage":0,"enemies":"Exordium Thugs","floor":5,"turns":2},{"damage":0,"enemies":"3 Sentries","floor":6,"turns":3},{"damage":0,"enemies":"Lagavulin","floor":8,"turns":3},{"damage":0,"enemies":"Blue Slaver","floor":10,"turns":1},{"damage":0,"enemies":"Gremlin Gang","floor":12,"turns":1},{"damage":0,"enemies":"Gremlin Nob","floor":13,"turns":1},{"damage":0,"enemies":"3 Louse","floor":14,"turns":2},{"damage":4,"enemies":"The Guardian","floor":16,"turns":3},{"damage":0,"enemies":"Gremlin Leader","floor":18,"turns":3},{"damage":0,"enemies":"Book of Stabbing","floor":20,"turns":1},{"damage":0,"enemies":"Gremlin Leader","floor":22,"turns":2},{"damage":0,"enemies":"Slavers","floor":23,"turns":2},{"damage":0,"enemies":"Hiden Room Battle","floor":24,"turns":1},{"damage":0,"enemies":"Book of Stabbing","floor":25,"turns":1},{"damage":0,"enemies":"REME_1_Revenger","floor":28,"turns":1},{"damage":6,"enemies":"Colosseum Slavers","floor":30,"turns":1},{"damage":0,"enemies":"Colosseum Nobs","floor":30,"turns":1},{"damage":0,"enemies":"Book of Stabbing","floor":31,"turns":2},{"damage":0,"enemies":"Champ","floor":33,"turns":1},{"damage":0,"enemies":"Reptomancer","floor":35,"turns":1},{"damage":0,"enemies":"Giant Head","floor":36,"turns":3},{"damage":0,"enemies":"Giant Head","floor":38,"turns":2},{"damage":0,"enemies":"Nemesis","floor":40,"turns":1},{"damage":0,"enemies":"Giant Head","floor":41,"turns":1},{"damage":0,"enemies":"Reptomancer","floor":44,"turns":1},{"damage":0,"enemies":"Giant Head","floor":46,"turns":1},{"damage":0,"enemies":"Nemesis","floor":48,"turns":1},{"damage":1,"enemies":"Donu and Deca","floor":50,"turns":2},{"damage":0,"enemies":"Awakened One","floor":51,"turns":2},{"damage":0,"enemies":"Shield and Spear","floor":55,"turns":1},{"damage":0,"enemies":"Delirium","floor":56,"turns":2}],"seed_played":"-6260398733336143033","potions_obtained":[{"floor":2,"key":"SteroidPotion"},{"floor":3,"key":"Swift Potion"}],"is_trial":false,"path_per_floor":["M","M","M","M","M","E","$","E","T","M","?","M","E","M","R","B",null,"M","?","M","$","M","E","?","E","T","R","E","R","?","M","R","B",null,"M","M","$","?","?","E","M","$","T","E","?","E","R","E","R","B","B",null,"R","$","E","B",null],"character_chosen":"WATCHER","items_purchased":["AT_ChloranthyRing","SteamSale","GuppysTail","GuppysHead","JudasShadow","FairyPotion","Chaos","SalivaCoin","Anchor","AT_BellowingDragoncrestRing","AT_SpeedBoots","DeathBook","SentryEyes"],"campfire_rested":3,"item_purchase_floors":[7,21,34,34,34,34,37,37,37,42,42,54,54],"current_hp_per_floor":[62,65,69,75,83,94,94,106,106,119,108,125,143,164,164,182,199,224,224,250,250,279,311,330,365,365,365,401,401,473,514,514,556,540,585,631,631,685,670,725,781,781,781,840,840,900,915,976,976,1038,1105,1106,1106,1106,1175,1246],"gold":175,"neow_bonus":"THREE_ENEMY_KILL","is_daily":false,"chose_seed":false,"campfire_upgraded":3,"win_rate":0.0,"timestamp":1610634061,"path_taken":["M","?","M","M","?","E","$","E","T","M","?","M","E","M","R","BOSS","M","?","M","$","M","E","?","E","T","R","E","R","?","M","R","BOSS","M","M","$","?","?","E","M","$","T","E","?","E","R","E","R","BOSS","BOSS","R","$","E","BOSS"],"items_purchased_type":["Relic","Relic","Relic","Relic","Relic","Potion","Card","Relic","Relic","Relic","Relic","Relic","Relic"],"build_version":"2020-12-18","purchased_purges":7,"victory":true,"max_hp_per_floor":[69,72,76,82,90,101,101,113,113,126,126,143,161,182,182,204,204,229,229,255,255,284,316,350,385,385,385,421,421,499,540,540,582,540,585,631,631,685,685,740,796,796,796,855,855,915,915,976,976,1039,1106,1106,1106,1106,1175,1246],"card_choices":[{"not_picked":["AT_SoftenMuscles","Bomb"],"picked":"FlurryOfBlows","floor":1},{"not_picked":["PathToVictory","Bomb","SandsOfTime","JustLucky"],"picked":"FlurryOfBlows","floor":2},{"not_picked":["REME_Repentance","SandsOfTime","AT_DivineConfetti","ClearTheMind"],"picked":"Indignation","floor":3},{"not_picked":["ClearTheMind","REME_WorshipGod","MostiFishMod:Clarity","EmptyFist","FlyingSleeves"],"picked":"SKIP","floor":4},{"not_picked":["ForeignInfluence","REME_Repentance","SignatureMove","Sanctity","Consecrate"],"picked":"SKIP","floor":5},{"not_picked":["FlurryOfBlows","Perseverance","Swivel","LikeWater","WindmillStrike"],"picked":"SKIP","floor":6},{"not_picked":["Nirvana","Devotion","Weave","MostiFishMod:Nomercy"],"picked":"FlurryOfBlows","floor":8},{"not_picked":["JustLucky","Wireheading","FlurryOfBlows","AT_DivineConfetti","Crescendo"],"picked":"SKIP","floor":10},{"not_picked":["InnerPeace","MostiFishMod:LegendTransform","Protect","FlyingSleeves"],"picked":"MasterReality","floor":12},{"not_picked":["SandsOfTime","Bomb","EmptyBody","CutThroughFate"],"picked":"Prostrate","floor":13},{"not_picked":["ClearTheMind","Collect","SashWhip","Bomb"],"picked":"Adaptation","floor":14},{"not_picked":["MostiFishMod:Unraveling","MostiFishMod:StarOceanP","MostiFishMod:StarWish","MostiFishMod:Disappear"],"picked":"MostiFishMod:CyberBuddha","floor":16},{"not_picked":["BowlingBash","EmptyMind","JustLucky","CutThroughFate"],"picked":"MostiFishMod:Dust","floor":18},{"not_picked":["JustLucky","Halt","CrushJoints","MostiFishMod:Clarity"],"picked":"FearNoEvil","floor":20},{"not_picked":["MostiFishMod:OutWit","Protect+1","BowlingBash","AT_ChampionStep","AT_RealFormLess+1"],"picked":"SKIP","floor":22},{"not_picked":["JustLucky","Protect+1","ThirdEye+1","MostiFishMod:PathToVictory+1"],"picked":"Adaptation","floor":23},{"not_picked":["Protect+1","Weave","FlurryOfBlows","FollowUp"],"picked":"Prostrate+1","floor":24},{"not_picked":["Swivel+1","AT_OneInchPunch","Protect+1","Alpha+1","MostiFishMod:PathToVictory+1"],"picked":"SKIP","floor":25},{"not_picked":["Swivel+1","AT_OneInchPunch","Protect+1","Alpha+1"],"picked":"MostiFishMod:PathToVictory+1","floor":25},{"not_picked":["Halt+1","ThirdEye+1","FlyingSleeves","CutThroughFate","REME_WorshipGod+1"],"picked":"SKIP","floor":28},{"not_picked":["Protect+1","Devotion","EmptyMind+1","Evaluate+1","FlyingSleeves"],"picked":"SKIP","floor":31},{"not_picked":["ConjureBlade+1","MostiFishMod:Adaptation","MostiFishMod:Pointsdynamics","MostiFishMod:Disappear"],"picked":"REME_CRH+1","floor":33},{"not_picked":["MostiFishMod:Nomercy+1","EmptyBody+1","Consecrate","MostiFishMod:StarLaLaLa+1","SandsOfTime+1"],"picked":"SKIP","floor":35},{"not_picked":["FlyingSleeves","MostiFishMod:Nomercy","AT_DivineConfetti+1","Crescendo+1"],"picked":"Pray+1","floor":36},{"not_picked":["EmptyMind+1","FlurryOfBlows","AT_SoftenMuscles+1","Halt+1"],"picked":"Tantrum","floor":38},{"not_picked":["Indignation+1","FlurryOfBlows","SashWhip+1","FollowUp"],"picked":"ClearTheMind+1","floor":40},{"not_picked":["AT_SoftenMuscles+1","AT_RealFormLess+1","JustLucky+1","FlyingSleeves","Indignation+1"],"picked":"SKIP","floor":41},{"not_picked":["Blasphemy+1","Sanctity+1","PathToVictory+1","ClearTheMind+1","MostiFishMod:Clarity+1"],"picked":"SKIP","floor":44},{"not_picked":["FlyingSleeves","DeceiveReality+1","Weave","CrushJoints","Consecrate"],"picked":"SKIP","floor":46},{"not_picked":["BowlingBash","REME_EmptyShield+1","FlyingSleeves+1","ClearTheMind+1"],"picked":"InnerPeace+1","floor":48},{"not_picked":["Prostrate+1","PathToVictory+1","REME_Repentance+1","ClearTheMind+1"],"picked":"MostiFishMod:LegendTransform","floor":55}],"player_experience":1067930,"relics_obtained":[{"floor":1,"key":"SynthV:TestCard"},{"floor":6,"key":"testmod-AssaultLearning"},{"floor":8,"key":"TheBible"},{"floor":13,"key":"Art of War"},{"floor":18,"key":"SynthV:C4"},{"floor":20,"key":"Pen Nib"},{"floor":22,"key":"Toxic Egg 2"},{"floor":23,"key":"AnarchistCookbook"},{"floor":24,"key":"Oddly Smooth Stone"},{"floor":25,"key":"testmod-TurbochargingSystem"},{"floor":26,"key":"PreservedInsect"},{"floor":28,"key":"REME_PuzzleBoxRelic"},{"floor":30,"key":"D6"},{"floor":31,"key":"Unceasing Top"},{"floor":35,"key":"AT_MibuBalloonWealth"},{"floor":36,"key":"UnicornStump"},{"floor":40,"key":"BookOfRevelations"},{"floor":41,"key":"Melange"},{"floor":43,"key":"Incubus"},{"floor":44,"key":"AT_TimeSand"},{"floor":46,"key":"ThornShield"},{"floor":48,"key":"testmod-Fortitude"},{"floor":55,"key":"AT_ForceNature"}],"event_choices":[{"damage_healed":0,"gold_gain":0,"player_choice":"Success","damage_taken":11,"relics_obtained":["AT_EbonyIvory"],"max_hp_gain":0,"max_hp_loss":0,"event_name":"Scrap Ooze","floor":11,"gold_loss":0},{"damage_healed":0,"gold_gain":0,"player_choice":"Obtained Relic","damage_taken":0,"relics_obtained":["Juzu Bracelet"],"max_hp_gain":0,"max_hp_loss":0,"event_name":"Addict","floor":19,"gold_loss":85},{"damage_healed":0,"gold_gain":0,"player_choice":"Fight","damage_taken":0,"max_hp_gain":0,"max_hp_loss":0,"event_name":"HidenRoomEvent","floor":24,"gold_loss":0},{"damage_healed":0,"gold_gain":0,"player_choice":"Fight","damage_taken":0,"max_hp_gain":0,"max_hp_loss":0,"event_name":"Colosseum","floor":30,"gold_loss":0},{"damage_healed":0,"gold_gain":0,"player_choice":"Fought Nobs","damage_taken":0,"max_hp_gain":0,"max_hp_loss":0,"event_name":"Colosseum","floor":30,"gold_loss":0},{"damage_healed":0,"gold_gain":0,"player_choice":"Swap Relic","damage_taken":0,"relics_obtained":["testmod-TestBox"],"max_hp_gain":0,"max_hp_loss":0,"event_name":"给自己的盒子","floor":45,"relics_lost":["testmod-TestBox"],"gold_loss":0}],"is_beta":true,"boss_relics":[{"not_picked":["GreenFoldingFan","Busted Crown"],"picked":"ChampionBelt"},{"not_picked":[]},{"not_picked":["REME_ChargedStone","Cursed Key"],"picked":"SlaversCollar"},{"not_picked":[]}],"items_purged_floors":[21,34,37,37,42,54,54],"is_endless":false,"potions_floor_spawned":[2,3,4,6,16,24,25,30,30,31,40,41,44,55],"ascension_level":20}}