{"host":"h5acbxt0wmjo1kpm","time":1610608011,"event":{"mods":["2.2 Compatiblity","Act Like it!","AlwaysNeverKeys","Aspiration","Bard","Bartender","BaseMod","Better Third Choice","Colored Map","Elementarium","Gensokyo","GifTheSpireLib","Hallownest","Marisa????????","Menagerie","Minty Spire (QoL Compilation)","Permanent Neow","Potionbrewer","Relic Filter","Replay The Spire","Robot Space Explorer","RumiaBox-????????","Shade Mod","Spicy Shops","StSLib","Strawberry Spire","The Blackbeard","The Dragon Tamer","The Gatherer","The Hayseed","The Problem Sleuth","The Servant 0.9.4","Wandering Minibosses","vexMod"],"gold_per_floor":[110,110,110,110,13,47,47,62,62,90,108,108,128,60,60,162,162,172,184,102,118,118,118,147,161,161,161,161,161,196,208,208,299,299,318,318,330,350,55,82,82,94,94,94,94,126,143,143,143,143,143,143,72,97,97,97],"floor_reached":55,"language":"ENG","playtime":4871,"items_purged":[],"score":902,"play_id":"7855adf8-07e1-4f79-95a6-ec77b2607376","local_time":"20210113230651","is_ascension_mode":true,"campfire_choices":[{"floor":7.0,"key":"REST"},{"data":"ReplayTheSpireMod:Scrap Shanks","floor":15.0,"key":"SMITH"},{"data":"Neutralize","floor":23.0,"key":"SMITH"},{"data":"Caltrops","floor":27.0,"key":"SMITH"},{"floor":32.0,"key":"DIG"},{"floor":41,"key":"REST"},{"data":"Night Terror","floor":44,"key":"SMITH"},{"floor":49,"key":"RECALL"},{"floor":52,"key":"REST"}],"circlet_count":0,"master_deck":["AscendersBane","Strike_G","Strike_G","Strike_G","Defend_G","Defend_G","Defend_G","Defend_G","Defend_G","Survivor","Neutralize+1","Dodge and Roll","Slice","Infinite Blades+1","Deflect","Infinite Blades","ReplayTheSpireMod:Scrap Shanks+1","strawberrySpire:Rummage","Dagger Spray+1","Well Laid Plans","Tools of the Trade+1","strawberrySpire:Slide","Caltrops+1","Venomology","strawberrySpire:Rummage","Tools of the Trade","Leg Sweep","strawberrySpire:SideSwipe+1","strawberrySpire:Urgency+1","Underhanded Strike+1","Night Terror+1","Backflip+1","strawberrySpire:Slide","Choke+1","Terror","Calculated Gamble+1"],"relics":["aspiration:Nostalgia","m_TsuchinokoRing","Sizzling Blood","strawberrySpire:ThornyGelberry","Gremlin Food","Ninja Scroll","Ccalipers","vexMod:DeviousBotling","Basket Of Snakes","Mirror","MagicDraw2","Hallownest:WatcherSealRelic","Sundial","Replay:Bottled Steam","HoveringKite","wanderingMiniBosses:CarrionFlame","aspiration:Lifesprig","Regal Pillow","strawberrySpire:CharschorBlot","Dream Catcher","strawberrySpire:ElefentMask"],"acts_visited":["Exordium","Hallownest:CityofTears","TheBeyond","TheEnding"],"potions_floor_usage":[47,47,47,47,50,50,54,55],"damage_taken":[{"damage":0.0,"enemies":"2 Louse","floor":1.0,"turns":4.0},{"damage":26.0,"enemies":"Lagavulin","floor":6.0,"turns":10.0},{"damage":0.0,"enemies":"Cultist","floor":8.0,"turns":4.0},{"damage":23.0,"enemies":"3 Sentries","floor":10.0,"turns":6.0},{"damage":0.0,"enemies":"Jaw Worm","floor":11.0,"turns":3.0},{"damage":3.0,"enemies":"Blue Slaver","floor":13.0,"turns":3.0},{"damage":11.0,"enemies":"The Guardian","floor":16.0,"turns":12.0},{"damage":5.0,"enemies":"Hallownest:Flukemon_and_Top","floor":18.0,"turns":5.0},{"damage":4.0,"enemies":"Hallownest:Guard_and_Sentry","floor":19.0,"turns":5.0},{"damage":7.0,"enemies":"Hallownest:2_Husk_Sentries","floor":21.0,"turns":5.0},{"damage":5.0,"enemies":"Hallownest:Nosk","floor":24.0,"turns":6.0},{"damage":0.0,"enemies":"Hallownest:Master_and_Novice","floor":25.0,"turns":4.0},{"damage":6.0,"enemies":"Hallownest:eliteWatcherKnight","floor":30.0,"turns":8.0},{"damage":6.0,"enemies":"Hallownest:2_Flukemon","floor":31.0,"turns":5.0},{"damage":32.0,"enemies":"Hallownest:BossMantisLord","floor":33.0,"turns":5.0},{"damage":0.0,"enemies":"Orb Walker","floor":35.0,"turns":2.0},{"damage":16.0,"enemies":"3 Shapes","floor":37.0,"turns":5.0},{"damage":20.0,"enemies":"Jaw Worm Horde","floor":38.0,"turns":4.0},{"damage":16.0,"enemies":"Giant Head","floor":40.0,"turns":6.0},{"damage":16,"enemies":"4 Shapes","floor":42,"turns":2},{"damage":21,"enemies":"Nemesis","floor":46,"turns":5},{"damage":1,"enemies":"3 Darklings","floor":47,"turns":3},{"damage":31,"enemies":"Replay:Hell Engine","floor":50,"turns":7},{"damage":53,"enemies":"Shield and Spear","floor":54,"turns":5},{"damage":38,"enemies":"The Heart","floor":55,"turns":2}],"seed_played":"-5111265047116628141","potions_obtained":[{"floor":6.0,"key":"AttackPotion"},{"floor":10.0,"key":"potionbrewer:InfectionPotion"},{"floor":13.0,"key":"potionbrewer:QuicksilverPotion"},{"floor":18.0,"key":"Poison Potion"},{"floor":24.0,"key":"potionbrewer:SplittingPotion"},{"floor":38.0,"key":"Block Potion"}],"is_trial":false,"path_per_floor":["M","?","$","?","$","E","R","M","T","E","M","T","M","$","R","B",null,"M","M","$","M","?","R","E","M","T","R","?","?","E","M","R_BF","B",null,"M","?","M","M","$","E","R","M","T","R","$","E","M","?","R","B",null,"R","$","E","B"],"character_chosen":"THE_SILENT","items_purchased":["Infinite Blades+1","Deflect","Well Laid Plans","Basket Of Snakes","aspiration:Lifesprig","Regal Pillow","Terror"],"campfire_rested":3,"item_purchase_floors":[5,5,14,20,39,39,53],"current_hp_per_floor":[63,63,63,67,67,45,67,71,71,52,56,56,57,57,57,50,68,67,67,67,64,64,64,63,67,67,67,67,63,61,59,59,31,63,67,67,55,39,39,27,64,52,52,52,52,35,38,38,38,11,55,70,70,21,0,0],"gold":97,"neow_bonus":"NOSTALGIA","is_daily":false,"chose_seed":false,"campfire_upgraded":4,"win_rate":0.0,"timestamp":1610608011,"path_taken":["M","?","?","?","$","E","R","M","T","E","M","?","M","?","R","BOSS","M","M","$","M","?","R","E","M","T","R","?","?","E","M","R_BF","BOSS","M","?","?","M","$","E","R","?","T","R","?","E","M","?","R","BOSS","R","$","E","BOSS"],"items_purchased_type":["Card","Card","Card","Relic","Relic","Relic","Card"],"build_version":"2020-12-22","purchased_purges":0,"victory":false,"max_hp_per_floor":[70,70,70,74,74,74,74,74,74,74,74,74,74,74,74,74,74,74,74,74,74,74,74,74,74,74,74,74,74,74,74,74,74,74,74,74,74,74,74,74,74,74,74,74,74,74,74,70,70,70,70,70,70,70,70,70],"card_choices":[{"not_picked":["Prepared","strawberrySpire:Rummage"],"picked":"Dodge and Roll","floor":1.0},{"not_picked":["strawberrySpire:Rummage","Deadly Poison"],"picked":"Infinite Blades","floor":6.0},{"not_picked":["Poisoned Stab","strawberrySpire:Plunge"],"picked":"ReplayTheSpireMod:Scrap Shanks","floor":8.0},{"not_picked":["Bullet Time","Caltrops"],"picked":"strawberrySpire:Rummage","floor":10.0},{"not_picked":["Deadly Poison","Blade Dance"],"picked":"Dagger Spray","floor":11.0},{"not_picked":["strawberrySpire:Rummage","Dodge and Roll","Draining Mist"],"picked":"SKIP","floor":13.0},{"not_picked":["Glass Knife","Corpse Explosion"],"picked":"Tools of the Trade","floor":16.0},{"not_picked":["Dagger Throw","strawberrySpire:SpinKick","Slice+1"],"picked":"SKIP","floor":18.0},{"not_picked":["Backflip","Sucker Punch"],"picked":"strawberrySpire:Slide","floor":19.0},{"not_picked":["Poisoned Stab+1","Bane+1","Riddle With Holes+1"],"picked":"SKIP","floor":21.0},{"not_picked":["Poisoned Stab+1","Bane+1","Riddle With Holes+1"],"picked":"SKIP","floor":21.0},{"not_picked":["Dodge and Roll","Infinite Blades"],"picked":"Caltrops","floor":24.0},{"not_picked":["strawberrySpire:SpinKick","Dagger Throw","ReplayTheSpireMod:The Works+1"],"picked":"SKIP","floor":25.0},{"not_picked":["Flying Knee","Die Die Die"],"picked":"Venomology","floor":30.0},{"not_picked":["Flying Knee","Poisoned Stab+1"],"picked":"strawberrySpire:Rummage","floor":31.0},{"not_picked":["Die Die Die","A Thousand Cuts"],"picked":"Tools of the Trade","floor":33.0},{"not_picked":["Endless Agony+1","strawberrySpire:Trickbox+1"],"picked":"Leg Sweep","floor":35.0},{"not_picked":["strawberrySpire:Pant+1","Calculated Gamble+1"],"picked":"strawberrySpire:SideSwipe+1","floor":37.0},{"not_picked":["strawberrySpire:Momentum+1","Blur"],"picked":"strawberrySpire:Urgency+1","floor":38.0},{"not_picked":["Eviscerate","Dagger Spray+1","Slice+1"],"picked":"SKIP","floor":40.0},{"not_picked":["Flying Knee+1","strawberrySpire:Insectonator"],"picked":"Night Terror","floor":42},{"not_picked":["Underhanded Strike","ReplayTheSpireMod:Exploit Weakness"],"picked":"Backflip+1","floor":46},{"not_picked":["Concentrate+1","Heel Hook+1"],"picked":"strawberrySpire:Slide","floor":47},{"not_picked":["strawberrySpire:DreamfoilDart","ReplayTheSpireMod:The Works"],"picked":"Choke+1","floor":52},{"not_picked":["Terror","Dagger Spray+1"],"picked":"Calculated Gamble+1","floor":54}],"player_experience":2189977,"relics_obtained":[{"floor":6.0,"key":"strawberrySpire:ThornyGelberry"},{"floor":9.0,"key":"Gremlin Food"},{"floor":10.0,"key":"Ninja Scroll"},{"floor":12.0,"key":"Ccalipers"},{"floor":24.0,"key":"Mirror"},{"floor":26.0,"key":"MagicDraw2"},{"floor":30.0,"key":"Sundial"},{"floor":32.0,"key":"Replay:Bottled Steam"},{"floor":37.0,"key":"wanderingMiniBosses:CarrionFlame"},{"floor":40.0,"key":"strawberrySpire:CharschorBlot"},{"floor":46,"key":"Dream Catcher"},{"floor":54,"key":"strawberrySpire:ElefentMask"}],"event_choices":[{"damage_healed":0.0,"max_hp_gain":0.0,"max_hp_loss":0.0,"gold_gain":0.0,"cards_transformed":["Strike_G"],"event_name":"Transmorgrifier","player_choice":"Transformed","floor":2.0,"gold_loss":0.0,"damage_taken":0.0,"cards_obtained":["Slice"]},{"damage_healed":0.0,"max_hp_gain":0.0,"max_hp_loss":0.0,"gold_gain":0.0,"event_name":"Match and Keep!","player_choice":"0 cards matched","floor":36.0,"gold_loss":0.0,"damage_taken":0.0,"cards_obtained":[]},{"damage_healed":0,"gold_gain":0,"player_choice":"Max HP","damage_taken":0,"max_hp_gain":0,"max_hp_loss":4,"event_name":"Winding Halls","floor":48,"gold_loss":0}],"is_beta":false,"boss_relics":[{"not_picked":["strawberrySpire:RottenAvocado","Fusion Hammer"],"picked":"vexMod:DeviousBotling"},{"not_picked":["aspiration:BardSkillbook","Philosopher\u0027s Stone"],"picked":"HoveringKite"}],"items_purged_floors":[],"is_endless":false,"potions_floor_spawned":[6,10,13,18,24,30,33,37,38,46],"killed_by":"The Heart","ascension_level":10}}