{"host":"adv1uqz3812gqgbw","time":1610621509,"event":{"mods":["BaseMod","Better Note","Colored Powertips","Custom Start","GifTheSpireLib","Hermit","Minty Spire (QoL Compilation)","SacredBarkPlus","StSLib","The Runesmith","Uncapped"],"gold_per_floor":[118,118,118,68,15,15,32,64,64,64,76,76,25,36,36,140,140,158,190,115,115,134,146,157,157,181,216,232,85,85,45,45,45,45],"floor_reached":33,"language":"ENG","playtime":1325,"items_purged":[],"score":263,"play_id":"80039c08-b739-4aa2-b15a-a707f645d13d","local_time":"20210114085149","is_ascension_mode":false,"campfire_choices":[{"data":"Flex","floor":6,"key":"SMITH"},{"data":"hermit:Quickdraw","floor":12,"key":"SMITH"},{"data":"Flex","floor":15,"key":"SMITH"},{"floor":25,"key":"REST"},{"floor":30,"key":"REST"},{"data":"Inflame","floor":32,"key":"SMITH"}],"circlet_count":0,"master_deck":["Strike_R+1","Strike_R","Strike_R","Strike_R+1","Defend_R","Defend_R","Defend_R","Bash","Perfected Strike+1","Flex+1","Twin Strike","hermit:Quickdraw+1","Inflame+1","Flex+1","CurseOfTheBell","Ghostly Armor"],"relics":["Burning Blood","Whetstone","Champion Belt","Question Card","Calling Bell","Red Skull","Runesmith:Nanobots","FossilizedHelix","Red Mask","Potion Belt","Boot","Bag of Marbles"],"acts_visited":["Exordium","TheCity"],"potions_floor_usage":[16,16,16,28,31,33,33,33],"damage_taken":[{"damage":7,"enemies":"2 Louse","floor":1,"turns":4},{"damage":10,"enemies":"Small Slimes","floor":7,"turns":2},{"damage":14,"enemies":"Gremlin Nob","floor":8,"turns":3},{"damage":4,"enemies":"Cultist","floor":11,"turns":3},{"damage":9,"enemies":"Exordium Thugs","floor":14,"turns":3},{"damage":21,"enemies":"The Guardian","floor":16,"turns":5},{"damage":0,"enemies":"Shell Parasite","floor":18,"turns":2},{"damage":27,"enemies":"Masked Bandits","floor":19,"turns":4},{"damage":3,"enemies":"Chosen","floor":22,"turns":3},{"damage":0,"enemies":"Snake Plant","floor":23,"turns":2},{"damage":20,"enemies":"Cultist and Chosen","floor":24,"turns":5},{"damage":52,"enemies":"Gremlin Leader","floor":27,"turns":5},{"damage":11,"enemies":"Centurion and Healer","floor":28,"turns":4},{"damage":88,"enemies":"Collector","floor":33,"turns":5}],"seed_played":"-8954833166130990886","potions_obtained":[{"floor":1,"key":"BlessingOfTheForge"},{"floor":8,"key":"ColorlessPotion"},{"floor":11,"key":"AttackPotion"},{"floor":16,"key":"Weak Potion"},{"floor":22,"key":"Fire Potion"},{"floor":31,"key":"BloodPotion"},{"floor":31,"key":"SpeedPotion"},{"floor":31,"key":"SneckoOil"}],"is_trial":false,"path_per_floor":["M","?","?","?","$","R","M","E","T","?","M","R","$","M","R","B",null,"M","?","?","?","M","M","M","R","T","E","M","$","R","?","R","B"],"character_chosen":"IRONCLAD","items_purchased":["Flex","Flex","Bag of Marbles"],"campfire_rested":2,"item_purchase_floors":[5,13,29],"current_hp_per_floor":[79,84,84,84,84,84,80,72,72,72,74,74,74,71,71,56,85,85,64,64,64,67,73,59,84,84,38,33,33,58,75,75,0,0],"gold":45,"neow_bonus":"RANDOM_COMMON_RELIC","is_daily":false,"chose_seed":false,"campfire_upgraded":4,"win_rate":0.0,"timestamp":1610621509,"path_taken":["M","?","?","?","$","R","M","E","T","?","?","R","?","M","R","BOSS","M","?","?","?","M","M","?","R","T","E","M","?","R","?","R","BOSS"],"items_purchased_type":["Card","Card","Relic"],"build_version":"2020-12-22","purchased_purges":0,"victory":false,"max_hp_per_floor":[80,85,85,85,85,85,85,85,85,85,85,85,85,85,85,85,85,85,85,85,85,85,85,85,85,85,85,85,85,85,85,85,85,85],"card_choices":[{"not_picked":["Shockwave","Shrug It Off"],"picked":"Perfected Strike","floor":1},{"not_picked":["Intimidate","Combust"],"picked":"Twin Strike","floor":7},{"not_picked":["True Grit","Warcry","Impervious"],"picked":"SKIP","floor":8},{"not_picked":["Headbutt","Armaments","Whirlwind"],"picked":"Inflame","floor":11},{"not_picked":["Blood for Blood","Fire Breathing","Sever Soul","Perfected Strike"],"picked":"SKIP","floor":14},{"not_picked":["Power Through","Pummel","Headbutt+1","Heavy Blade"],"picked":"SKIP","floor":18},{"not_picked":["Havoc+1","Clash","Seeing Red"],"picked":"Ghostly Armor","floor":22},{"not_picked":["Clash","Whirlwind","Intimidate+1","Reaper"],"picked":"SKIP","floor":23},{"not_picked":["Carnage","True Grit+1","Armaments+1","Wild Strike"],"picked":"SKIP","floor":24},{"not_picked":["Twin Strike","Reckless Charge","Evolve","Clothesline+1"],"picked":"SKIP","floor":27},{"not_picked":["Uppercut","Headbutt","Havoc","Body Slam"],"picked":"SKIP","floor":28}],"player_experience":366062,"relics_obtained":[{"floor":8,"key":"Champion Belt"},{"floor":9,"key":"Question Card"},{"floor":17,"key":"Red Skull"},{"floor":17,"key":"Runesmith:Nanobots"},{"floor":17,"key":"FossilizedHelix"},{"floor":19,"key":"Red Mask"},{"floor":26,"key":"Potion Belt"},{"floor":27,"key":"Boot"}],"event_choices":[{"damage_healed":0,"gold_gain":0,"player_choice":"Donut","damage_taken":0,"max_hp_gain":5,"max_hp_loss":0,"event_name":"Big Fish","floor":2,"gold_loss":0},{"damage_healed":0,"gold_gain":0,"player_choice":"Grow","damage_taken":0,"max_hp_gain":0,"max_hp_loss":0,"event_name":"Living Wall","floor":3,"gold_loss":0,"cards_upgraded":["Perfected Strike"]},{"cards_removed":["Defend_R"],"damage_healed":0,"gold_gain":0,"player_choice":"Card Removal","damage_taken":0,"max_hp_gain":0,"max_hp_loss":0,"event_name":"The Cleric","floor":4,"gold_loss":50},{"cards_removed":["Flex"],"damage_healed":0,"gold_gain":0,"player_choice":"Take \u0026 Give","damage_taken":0,"max_hp_gain":0,"max_hp_loss":0,"event_name":"betterNote:BetterNote","floor":10,"gold_loss":0,"cards_obtained":["hermit:Quickdraw"]},{"damage_healed":0,"gold_gain":0,"player_choice":"Fought Bandits","damage_taken":0,"max_hp_gain":0,"max_hp_loss":0,"event_name":"Masked Bandits","floor":19,"gold_loss":0},{"cards_removed":["Strike_R"],"damage_healed":0,"gold_gain":0,"player_choice":"Gave Gold","damage_taken":0,"max_hp_gain":0,"max_hp_loss":0,"event_name":"Beggar","floor":20,"gold_loss":75},{"damage_healed":0,"gold_gain":0,"player_choice":"Ignored","damage_taken":0,"max_hp_gain":0,"max_hp_loss":0,"event_name":"Purifier","floor":21,"gold_loss":0},{"damage_healed":0,"gold_gain":0,"player_choice":"Bought 3 Potions","damage_taken":0,"max_hp_gain":0,"max_hp_loss":0,"event_name":"The Woman in Blue","floor":31,"gold_loss":0}],"is_beta":false,"boss_relics":[{"not_picked":["Ectoplasm","Empty Cage"],"picked":"Calling Bell"}],"items_purged_floors":[],"is_endless":false,"potions_floor_spawned":[1,8,11,16,22,23,24],"killed_by":"Collector","ascension_level":0}}