{"host":"egwexuw5uvnxf11j","time":1610663200,"event":{"mods":["2.2 Compatiblity","Aspiration","BaseMod","Better Altar","Better Note","Better Sensory Stone","Better Third Choice","Displayed Cursed Tome","Downfall","Hermit","Key Reminder","Koishi","Marisa????????","Minty Spire (QoL Compilation)","Quick Restart","Shade Mod","Spicy Shops","StSLib","The Construct","The Cursed","The Hierophant","The Runesmith","The Senshi","The Servant 0.9.4","Transform Curses"],"gold_per_floor":[110,185,185,63,0,0,32,77,77,77,109,127,37,49,49,146,146,162,162,162,162,182,182,142,159,185,185,210,228,228,244,244,244,244],"floor_reached":33,"language":"ENG","playtime":1625,"items_purged":[],"score":340,"play_id":"24a97a60-f949-48b0-bd0b-f1782f7932cb","local_time":"20210114172640","is_ascension_mode":true,"campfire_choices":[{"floor":6,"key":"REST"},{"floor":10,"key":"REST"},{"floor":15,"key":"REST"},{"floor":23,"key":"REST"},{"floor":27,"key":"REST"},{"floor":30,"key":"REST"},{"floor":32,"key":"REST"}],"circlet_count":0,"master_deck":["Strike_MRS","Strike_MRS+1","Strike_MRS","Strike_MRS","Defend_MRS","Defend_MRS","MasterSpark","UpSweep+1","GalacticHalo","MilkyWay+1","GrandCross","Enlightenment","EnergyFlow","MillisecondPulsars","MilkyWay","SporeBomb","LuminesStrike","BinaryStars+1","OortCloud","Insight","ShootingEcho","DeepEcoloBomb","6A+1","OpenUniverse+1","PowerUp+1"],"relics":["MiniHakkero","aspiration:PocketMushroom","theSenshi:SpiralHeartMoonRodRelic","keyreminder:keyreminder","Whetstone","Matryoshka","Question Card","Empty Cage","Ancient Tea Set","Oddly Smooth Stone","Bird Faced Urn"],"acts_visited":["Exordium","TheCity"],"potions_floor_usage":[11,16,33],"damage_taken":[{"damage":11,"enemies":"Jaw Worm","floor":1,"turns":4},{"damage":33,"enemies":"Gremlin Nob","floor":7,"turns":5},{"damage":28,"enemies":"Lagavulin","floor":11,"turns":5},{"damage":0,"enemies":"2 Louse","floor":12,"turns":2},{"damage":1,"enemies":"Cultist","floor":14,"turns":3},{"damage":44,"enemies":"Hexaghost","floor":16,"turns":7},{"damage":29,"enemies":"Spheric Guardian","floor":18,"turns":5},{"damage":4,"enemies":"Chosen","floor":22,"turns":3},{"damage":33,"enemies":"Sentry and Sphere","floor":25,"turns":4},{"damage":37,"enemies":"Slavers","floor":28,"turns":6},{"damage":26,"enemies":"Snecko","floor":29,"turns":4},{"damage":2,"enemies":"Centurion and Healer","floor":31,"turns":6},{"damage":75,"enemies":"Automaton","floor":33,"turns":6}],"seed_played":"5182148928252731651","potions_obtained":[{"floor":7,"key":"champ:CounterPotion"},{"floor":11,"key":"BottledSpark"},{"floor":28,"key":"SteroidPotion"},{"floor":31,"key":"BottledSpark"}],"is_trial":false,"path_per_floor":["M","?","?","$","?","R","E","T","T","R","E","M","$","M","R","B",null,"M","?","?","?","M","R","?","M","T","R","E","M","R","M","R","B"],"character_chosen":"MARISA","items_purchased":["GrandCross","aspiration:PocketMushroom","SporeBomb"],"campfire_rested":7,"item_purchase_floors":[4,4,13],"current_hp_per_floor":[64,53,53,53,59,81,48,48,48,72,46,50,50,51,75,33,81,54,54,54,54,52,76,76,47,47,71,40,16,40,46,70,0,0],"gold":244,"neow_bonus":"THREE_CARDS","is_daily":false,"chose_seed":false,"campfire_upgraded":0,"win_rate":0.0,"timestamp":1610663200,"path_taken":["M","?","?","$","?","R","E","?","T","R","E","?","$","M","R","BOSS","M","?","?","?","M","R","?","?","T","R","E","?","R","M","R","BOSS"],"items_purchased_type":["Card","Relic","Card"],"build_version":"2020-12-22","purchased_purges":0,"victory":false,"max_hp_per_floor":[75,75,75,75,81,81,81,81,81,81,81,81,81,81,81,81,81,81,81,81,81,81,81,81,81,81,81,81,81,81,81,81,81,81],"card_choices":[{"not_picked":["6A","Orbital"],"picked":"GalacticHalo","floor":0},{"not_picked":["MysteriousBeam","GalacticHalo"],"picked":"MilkyWay","floor":1},{"not_picked":["DarkSpark","DoubleSpark"],"picked":"EnergyFlow","floor":7},{"not_picked":["Singularity","Occultation"],"picked":"MillisecondPulsars","floor":11},{"not_picked":["GalacticHalo","6A","Occultation"],"picked":"MilkyWay","floor":12},{"not_picked":["MilkyWay","ShootingEcho","IllusionStar"],"picked":"LuminesStrike","floor":14},{"not_picked":["BigCrunch","BlazingStar","JA"],"picked":"BinaryStars","floor":16},{"not_picked":["UnstableBomb+1","SuperPerseids","MilkyWay"],"picked":"OortCloud","floor":18},{"not_picked":["6A","GalacticHalo+1","WitchOfGreed+1"],"picked":"ShootingEcho","floor":22},{"not_picked":["ShootingEcho","ChargingUp","StarBarrage"],"picked":"DeepEcoloBomb","floor":25},{"not_picked":["BlazeAway","MagicChant","MachineGunSpark"],"picked":"6A+1","floor":28},{"not_picked":["NonDirectionalLaser","UnstableBomb+1","Occultation"],"picked":"OpenUniverse+1","floor":29},{"not_picked":["StarBarrage","SprinkleStarSeal","6A"],"picked":"PowerUp+1","floor":31}],"player_experience":2233434,"relics_obtained":[{"floor":7,"key":"theSenshi:SpiralHeartMoonRodRelic"},{"floor":8,"key":"Whetstone"},{"floor":9,"key":"Matryoshka"},{"floor":11,"key":"Question Card"},{"floor":26,"key":"Oddly Smooth Stone"},{"floor":28,"key":"Bird Faced Urn"}],"event_choices":[{"damage_healed":0,"gold_gain":75,"player_choice":"Gold","damage_taken":11,"max_hp_gain":0,"max_hp_loss":0,"event_name":"betterThird:BetterGoop","floor":2,"gold_loss":0},{"damage_healed":0,"gold_gain":0,"player_choice":"Grow","damage_taken":0,"max_hp_gain":0,"max_hp_loss":0,"event_name":"Living Wall","floor":3,"gold_loss":0,"cards_upgraded":["MilkyWay"]},{"damage_healed":0,"gold_gain":0,"player_choice":"RENOUNCE","damage_taken":63,"max_hp_gain":0,"max_hp_loss":0,"event_name":"betterThird:BetterSerpent","floor":5,"gold_loss":63,"cards_obtained":["Enlightenment"]},{"damage_healed":0,"gold_gain":0,"player_choice":"Opened","damage_taken":0,"relics_obtained":["Ancient Tea Set"],"max_hp_gain":0,"max_hp_loss":0,"event_name":"The Mausoleum","floor":19,"gold_loss":0},{"damage_healed":0,"gold_gain":0,"player_choice":"Ignored","damage_taken":0,"max_hp_gain":0,"max_hp_loss":0,"event_name":"Vampires","floor":20,"gold_loss":0},{"damage_healed":0,"gold_gain":0,"player_choice":"Insight","damage_taken":0,"max_hp_gain":0,"max_hp_loss":0,"event_name":"betterThird:BetterWriting","floor":21,"gold_loss":0,"cards_obtained":["Insight"]},{"damage_healed":0,"gold_gain":0,"player_choice":"Upgrade","damage_taken":0,"max_hp_gain":0,"max_hp_loss":0,"event_name":"Designer","floor":24,"gold_loss":40,"cards_upgraded":["BinaryStars"]}],"is_beta":false,"boss_relics":[{"not_picked":["Pandora\u0027s Box","aspiration:RitualDagger"],"picked":"Empty Cage"}],"items_purged_floors":[],"is_endless":false,"potions_floor_spawned":[7,11,28,31],"killed_by":"Automaton","ascension_level":3}}