{"host":"qswkx8hggytna0kc","time":1610610139,"event":{"mods":["Aspiration","BaseMod","BetterRewards","Colored Map","Colored Powertips","Highlight Path","Hubris","Mimic Mod","Minty Spire (QoL Compilation)","MostiFishMod","Quick Restart","Replay The Spire","StSLib","SuperFastMode"],"gold_per_floor":[119,137,137,149,149,184,184,202,227,238,266,316,355,368,368,496,496,512,512,532,532,553,553,553,553,553,578,578,578,592,617,662,662,782,782,796,809,809,833,833,869,869,869,922,959,959,994,1008,1022,1022,1022],"floor_reached":52,"language":"ZHS","playtime":6238,"items_purged":["Strike_G","Strike_G","hubris:Greed","Strike_G","Strike_G","Strike_G","Defend_G"],"score":1405,"play_id":"9e1a4974-d54d-4cba-a0a4-b545203c7326","local_time":"20210114154219","is_ascension_mode":true,"campfire_choices":[{"floor":7,"key":"REST"},{"floor":15,"key":"REST"},{"data":"Prepared","floor":23,"key":"SMITH"},{"floor":33,"key":"DIG"},{"floor":43,"key":"DIG"},{"floor":50,"key":"DIG"}],"circlet_count":0,"master_deck":["Defend_G","Defend_G","Defend_G","Defend_G","Survivor","Neutralize","Backstab","ReplayTheSpireMod:The Works","ReplayTheSpireMod:Scrap Shanks","Prepared+1","Underhanded Strike","Violence","Underhanded Strike","Underhanded Strike","Prepared+1","Blade Dance","Acrobatics+1","Deflect","Calculated Gamble+1","Slice","Escape Plan","MostiFishMod:WinterMarkForm","Deflect","Underhanded Strike","MostiFishMod:SupremeArchaeology","Slice","Sucker Punch","Tactician","MostiFishMod:GrandStart+1","ReplayTheSpireMod:Private Reserves","ReplayTheSpireMod:Necrogeddon","Crow Ritual","Crow Ritual+1","Grand Finale+1","Dagger Throw","Flying Knee","Tools of the Trade+1","Underhanded Strike+1","Dagger Throw+1","MostiFishMod:KingOfFree+1","Panacea+1","Prepared","Crow Ritual+1","Heel Hook+1","MostiFishMod:ButterFly+1","Unload+1","Pot Of Greed","Pot Of Greed","Pot Of Greed","Pot Of Greed","A Thousand Cuts+1","Pot Of Greed","Sadistic Nature+1","Prepared+1","Quick Slash","Dagger Spray+1"],"relics":["Ring of the Snake","DaveBox","DiscerningMonocle","aspiration:Nostalgia","PureWater","SynthV:TestCard","Incense Burner","Dream Catcher","OrangePellets","Bag of Preparation","Blood Vial","aspiration:SeaSaltIceCream","Golden Idol","ReplayFunnel","Gremlin Food","Ring of Chaos","hubris:Icosahedron","Chameleon Ring","hubris:TinFlute","Sling","Replay:Ringing Soul","Paper Crane","hubris:64BitClover","Shovel","Ying","Happy Flower","Golden Egg","DollysMirror","StrikeDummy","Art of War","ShadowXiaoBlade","Boot","Ancient Tea Set","Dodecahedron","Tingsha","Quantum Egg","Peace Pipe","MetatronsCube","Pet Ghost","Grinning Jar","Garlic","PreservedInsect","Replay:Towering Pillar of Hats","TwistedFunnel","ThornShield","Replay:Arrowhead","Blue Candle"],"acts_visited":["Exordium","TheCity","TheBeyond"],"potions_floor_usage":[6,6,22,27,31,34,41],"damage_taken":[{"damage":26.0,"enemies":"Jaw Worm","floor":1.0,"turns":8.0},{"damage":3.0,"enemies":"Cultist","floor":2.0,"turns":4.0},{"damage":1.0,"enemies":"Small Slimes","floor":4.0,"turns":3.0},{"damage":23,"enemies":"Lagavulin","floor":6,"turns":6},{"damage":0,"enemies":"3 Louse","floor":8,"turns":1},{"damage":3,"enemies":"Looter","floor":10,"turns":3},{"damage":14,"enemies":"3 Sentries","floor":11,"turns":7},{"damage":1,"enemies":"Large Slime","floor":12,"turns":7},{"damage":0,"enemies":"Gremlin Nob","floor":13,"turns":2},{"damage":0,"enemies":"Large Slime","floor":14,"turns":5},{"damage":27,"enemies":"Slime Boss","floor":16,"turns":8},{"damage":0,"enemies":"3 Byrds","floor":18,"turns":4},{"damage":0,"enemies":"Spheric Guardian","floor":20,"turns":1},{"damage":0,"enemies":"Centurion and Healer","floor":22,"turns":7},{"damage":10,"enemies":"Shelled Parasite and Fungi","floor":27,"turns":3},{"damage":14,"enemies":"Snecko","floor":30,"turns":4},{"damage":9,"enemies":"Chosen and Byrds","floor":31,"turns":6},{"damage":0,"enemies":"Shelled Parasite and Fungi","floor":32,"turns":7},{"damage":7,"enemies":"Collector","floor":34,"turns":4},{"damage":0,"enemies":"Orb Walker","floor":36,"turns":2},{"damage":1,"enemies":"3 Shapes","floor":37,"turns":3},{"damage":0,"enemies":"3 Darklings","floor":39,"turns":2},{"damage":6,"enemies":"Nemesis","floor":41,"turns":3},{"damage":0,"enemies":"R_Hoarder","floor":45,"turns":2},{"damage":0,"enemies":"Giant Head","floor":47,"turns":3},{"damage":0,"enemies":"Maw","floor":48,"turns":4},{"damage":15,"enemies":"Writhing Mass","floor":49,"turns":2},{"damage":13,"enemies":"Donu and Deca","floor":51,"turns":4}],"seed_played":"-8031650905867371296","potions_obtained":[{"floor":1.0,"key":"Adrenaline Potion"},{"floor":2.0,"key":"Swift Potion"},{"floor":6,"key":"SteroidPotion"},{"floor":8,"key":"Toxic Potion"},{"floor":31,"key":"Adrenaline Potion"},{"floor":34,"key":"Venom Potion"}],"is_trial":false,"path_per_floor":["M","M","$","M","?","E","R","M","T","M","E","MIM","E","M","R","B",null,"M","?","M","$","M","R","?","?","T","M","$","$","M","M","MIM","R","B",null,"M","M","$","M","?","E","$","R","T","E","$","E","M","M","R_BF","B",null],"character_chosen":"THE_SILENT","items_purchased":["Incense Burner","Dream Catcher","OrangePellets","ReplayTheSpireMod:Scrap Shanks","Prepared","Underhanded Strike","Violence","Explosive Potion","Chameleon Ring","hubris:TinFlute","Sling","MostiFishMod:SupremeArchaeology","Slice","hubris:64BitClover","Shovel","Ying","MostiFishMod:GrandStart+1","ReplayTheSpireMod:Private Reserves","ReplayTheSpireMod:Necrogeddon","Explosive Potion","Languid Potion","Crow Ritual","Happy Flower","Golden Egg","DollysMirror","Grand Finale","Flashbang","Boot","Ancient Tea Set","Dodecahedron","MostiFishMod:KingOfFree","Panacea","LiquidMemories","CultistPotion","Quantum Egg","Peace Pipe","MetatronsCube","MostiFishMod:ButterFly","Unload","Swift Potion","PreservedInsect","Replay:Towering Pillar of Hats","TwistedFunnel","Sadistic Nature"],"campfire_rested":2,"item_purchase_floors":[3,3,3,3,3,3,3,3,21,21,21,21,21,28,28,28,28,28,28,28,28,29,29,29,29,29,29,38,38,38,38,38,38,38,42,42,42,42,42,42,46,46,46,46],"current_hp_per_floor":[37,34,34,33,33,10,31,31,31,30,18,19,21,23,44,19,57,59,59,61,61,63,63,63,66,66,61,64,67,58,51,56,56,54,82,87,91,94,100,103,102,105,105,108,118,121,124,127,119,119,120],"gold":1022,"neow_bonus":"NOSTALGIA","is_daily":false,"chose_seed":false,"campfire_upgraded":1,"win_rate":0.0,"timestamp":1610610139,"path_taken":["M","M","$","M","?","E","R","?","T","M","E","?","E","M","R","BOSS","M","?","M","$","M","R","?","?","T","M","$","$","M","M","?","R","BOSS","M","M","$","M","?","E","$","R","T","E","$","E","M","?","R_BF","BOSS"],"items_purchased_type":["Relic","Relic","Relic","Card","Card","Card","Card","Potion","Relic","Relic","Relic","Card","Card","Relic","Relic","Relic","Card","Card","Card","Potion","Potion","Card","Relic","Relic","Relic","Card","Potion","Relic","Relic","Relic","Card","Card","Potion","Potion","Relic","Relic","Relic","Card","Card","Potion","Relic","Relic","Relic","Card"],"build_version":"2020-12-22","purchased_purges":7,"victory":true,"max_hp_per_floor":[70,70,70,70,70,70,70,70,70,70,70,70,70,70,70,70,70,70,70,70,70,70,70,70,73,73,76,79,82,85,85,88,88,91,91,94,97,100,103,106,109,112,112,115,118,121,124,127,130,130,130],"card_choices":[{"not_picked":["Caltrops","Slice"],"picked":"Backstab","floor":1.0},{"not_picked":["Draining Mist","Poisoned Stab","Sucker Punch","Dagger Spray"],"picked":"ReplayTheSpireMod:The Works","floor":2.0},{"not_picked":["MostiFishMod:PreservedThorns","Acrobatics","Hidden Blade","Flying Knee"],"picked":"Underhanded Strike","floor":4.0},{"not_picked":["Outmaneuver","Poisoned Stab","MostiFishMod:Opportunism","Blade Dance"],"picked":"Underhanded Strike","floor":6},{"not_picked":["MostiFishMod:PerfectParry","Acrobatics","Flying Knee","Blade Dance"],"picked":"Prepared","floor":7},{"not_picked":["Infinite Blades","Riddle With Holes","hubris:SlightOfHand","Acrobatics"],"picked":"Blade Dance","floor":8},{"not_picked":["Poisoned Stab","hubris:Sniper","Flechettes","ReplayTheSpireMod:Exploit Weakness"],"picked":"Acrobatics","floor":10},{"not_picked":["Sneak Up","Deadly Poison","Blade Dance","Outmaneuver"],"picked":"Deflect","floor":11},{"not_picked":["hubris:SlightOfHand","Setup","MostiFishMod:ThornCasing","Heel Hook"],"picked":"Calculated Gamble","floor":12},{"not_picked":["Dagger Spray","Backflip","Burst","Accuracy"],"picked":"Slice","floor":13},{"not_picked":["Footwork","Blur","Dodge and Roll","Deadly Poison","Masterful Stab"],"picked":"SKIP","floor":14},{"not_picked":["Sucker Punch","Bane","Distraction","MostiFishMod:ThornCasing"],"picked":"Escape Plan","floor":15},{"not_picked":["ReplayTheSpireMod:Necrosis","MostiFishMod:AdrenalineArouse","Glass Knife","MostiFishMod:Confrontation"],"picked":"MostiFishMod:WinterMarkForm","floor":16},{"not_picked":["Acrobatics","Dodge and Roll","Toxin Wave","Cloak And Dagger+1"],"picked":"Deflect","floor":18},{"not_picked":["Poisoned Stab","hubris:TrickCloak","MostiFishMod:PerfectParry","MostiFishMod:ThornCasing"],"picked":"Underhanded Strike","floor":20},{"not_picked":["ReplayTheSpireMod:Shiv Toss","Flying Knee","Deflect+1","MostiFishMod:InvigoratingSolution"],"picked":"Sucker Punch","floor":22},{"not_picked":["Backflip+1","MostiFishMod:FrostNova","Deadly Poison","Accuracy+1"],"picked":"Tactician","floor":27},{"not_picked":["Underhanded Strike","Cloak And Dagger+1","MostiFishMod:FrostNova","Slice"],"picked":"Dagger Throw","floor":30},{"not_picked":["ReplayTheSpireMod:Exploit Weakness+1","PiercingWail","Riddle With Holes","Masterful Stab","Finisher"],"picked":"SKIP","floor":31},{"not_picked":["Envenom","Terror","MostiFishMod:PreservedThorns","Leg Sweep"],"picked":"Flying Knee","floor":32},{"not_picked":["ReplayTheSpireMod:From All Sides","MostiFishMod:Opportunism","Burst","Malaise"],"picked":"Tools of the Trade","floor":34},{"not_picked":["Blade Dance","MostiFishMod:PerfectParry","Sucker Punch","Footwork"],"picked":"Underhanded Strike+1","floor":36},{"not_picked":["Slice","Quick Slash","Accuracy","MostiFishMod:InvigoratingSolution"],"picked":"Dagger Throw+1","floor":37},{"not_picked":["Backflip+1","hubris:TrickCloak+1","MostiFishMod:PerfectParry","Cloak And Dagger+1"],"picked":"Prepared","floor":39},{"not_picked":["PiercingWail","Catalyst","Outmaneuver","Backstab"],"picked":"Heel Hook+1","floor":41},{"not_picked":["Flying Knee","PiercingWail+1","ReplayTheSpireMod:Shiv Toss","Backflip+1"],"picked":"A Thousand Cuts","floor":45},{"not_picked":["Backflip","MostiFishMod:FullyArmed","ReplayTheSpireMod:Speed Training","MostiFishMod:LethalBlade"],"picked":"Prepared+1","floor":47},{"not_picked":["Dagger Spray","Flying Knee+1","Sucker Punch+1","Sneak Up"],"picked":"Quick Slash","floor":48},{"not_picked":["Draining Mist","Sucker Punch","Tactician","MostiFishMod:PerfectParry+1"],"picked":"Dagger Spray+1","floor":49}],"player_experience":299886,"relics_obtained":[{"floor":1.0,"key":"SynthV:TestCard"},{"floor":6,"key":"Bag of Preparation"},{"floor":9,"key":"Blood Vial"},{"floor":11,"key":"aspiration:SeaSaltIceCream"},{"floor":12,"key":"ReplayFunnel"},{"floor":13,"key":"Gremlin Food"},{"floor":26,"key":"Paper Crane"},{"floor":32,"key":"StrikeDummy"},{"floor":33,"key":"Art of War"},{"floor":41,"key":"Tingsha"},{"floor":43,"key":"Pet Ghost"},{"floor":44,"key":"Grinning Jar"},{"floor":45,"key":"Garlic"},{"floor":47,"key":"ThornShield"},{"floor":48,"key":"Replay:Arrowhead"},{"floor":50,"key":"Blue Candle"}],"event_choices":[{"damage_healed":0.0,"max_hp_gain":0.0,"max_hp_loss":0.0,"gold_gain":0.0,"event_name":"Upgrade Shrine","player_choice":"Upgraded","floor":5.0,"gold_loss":0.0,"damage_taken":0.0,"cards_upgraded":["Prepared"]},{"damage_healed":0,"gold_gain":0,"player_choice":"Copied","damage_taken":0,"max_hp_gain":0,"max_hp_loss":0,"event_name":"Duplicator","floor":40,"gold_loss":0,"cards_obtained":["Crow Ritual"]}],"is_beta":false,"boss_relics":[{"not_picked":["hubris:Stopwatch","Replay:Bronze Core"],"picked":"Ring of Chaos"},{"not_picked":["Tiny House","Empty Cage"],"picked":"ShadowXiaoBlade"}],"items_purged_floors":[3,21,28,29,38,42,46],"is_endless":false,"potions_floor_spawned":[1,2,6,8,14,16,31,34,37,39,47,48],"ascension_level":9}}