{"host":"jf9sa0j18a3cnoxw","time":1610599843,"event":{"mods":["Act Like it!","BaseMod","Duelist Mod","Minty Spire (QoL Compilation)","Relic Stats","Replay The Spire","StSLib","The Bug Knight"],"gold_per_floor":[109,127,31,31,31,31,59,76,124,136,136,170,190,206,206,301,301,316,41,60,79,79,79,111,111,111,127,127,153,79,107,107,212,212,232,250,20,37,37,37,64,64,64,82,82,99,115,144,144,144],"floor_reached":51,"language":"ENG","playtime":6267,"items_purged":[],"score":1057,"play_id":"4b494266-5ee9-4e46-b29c-72c349b7c202","local_time":"20210113235043","is_ascension_mode":false,"campfire_choices":[{"data":"HollowMod:MantisMark","floor":6,"key":"SMITH"},{"data":"Double Energy","floor":23,"key":"SMITH"},{"data":"HollowMod:PureVessel","floor":25,"key":"SMITH"},{"floor":32,"key":"REST"},{"data":"Transmutation","floor":40,"key":"SMITH"},{"floor":45,"key":"REST"},{"floor":49,"key":"REST"}],"circlet_count":0,"master_deck":["HollowMod:NailStrikeStart","HollowMod:NailStrikeStart","HollowMod:NailStrikeStart+1","HollowMod:NailStrikeStart","HollowMod:QuickDashStart","HollowMod:QuickDashStart","HollowMod:QuickDashStart","HollowMod:QuickDashStart","HollowMod:FocusHealStart","HollowMod:PogoStrike","HollowMod:DoubleDash","HollowMod:GoodIntentions","HollowMod:MantisMark+1","Flash of Steel","Double Energy+1","theDuelist:DefenseDraw","theDuelist:LightningDarts","Pummel","theDuelist:Nameless:Magic:BerserkerCrush","HollowMod:PureVessel+1","Magnetism","Panache","Transmutation+1","theDuelist:DrivenDaredevil","HollowMod:NewGlowingWomb","theDuelist:Reinforcements","Rampage","HollowMod:MantisMark+1","Replay:Undeath\u0027s Touch","CurseOfTheBell","theDuelist:ArmorBreaker+1","BowlingBash+1","Finesse+1","Poisoned Strike","theDuelist:MagicalStone","Steam","theDuelist:BoneMouse+1"],"relics":["HollowMod:VesselMask","PrismaticShard","Pen Nib","Replay:Rubber Ducky","Pantograph","Replay:Ringing Soul","Black Star","ReplayTheSpireMod:ShopPack","Tiny Chest","Art of War","HollowMod:StagPassRelic","Enchiridion","Mummified Hand","White Beast Statue","HollowMod:GreatKnightMask","Calling Bell","Bag of Marbles","Matryoshka","Replay:Kaleidoscope","Bag of Preparation","Omamori","Ornamental Fan","Regal Pillow","Eternal Feather","Smiling Mask","Bottled Flame","Gremlin Horn","Bottled Tornado"],"acts_visited":["Exordium","TheCity","TheBeyond"],"potions_floor_usage":[12,20,29,33,35,36,38,38,41,44,46,47,47,48,50,50],"damage_taken":[{"damage":3,"enemies":"Small Slimes","floor":1,"turns":3},{"damage":0,"enemies":"Cultist","floor":2,"turns":4},{"damage":26,"enemies":"3 Sentries","floor":7,"turns":8},{"damage":1,"enemies":"Jaw Worm","floor":8,"turns":2},{"damage":2,"enemies":"2 Fungi Beasts","floor":10,"turns":3},{"damage":38,"enemies":"Lagavulin","floor":12,"turns":8},{"damage":4,"enemies":"Exordium Wildlife","floor":13,"turns":3},{"damage":9,"enemies":"Gremlin Gang","floor":14,"turns":3},{"damage":42,"enemies":"Fading Forest","floor":16,"turns":11},{"damage":0,"enemies":"Shell Parasite","floor":18,"turns":3},{"damage":13,"enemies":"3 Byrds","floor":20,"turns":3},{"damage":7,"enemies":"Cultist and Chosen","floor":21,"turns":5},{"damage":2,"enemies":"Book of Stabbing","floor":24,"turns":7},{"damage":31,"enemies":"Snake Plant","floor":27,"turns":4},{"damage":29,"enemies":"Gremlin Leader","floor":29,"turns":7},{"damage":0,"enemies":"HollowMod:Zote","floor":31,"turns":2},{"damage":38,"enemies":"Pondfish","floor":33,"turns":6},{"damage":21,"enemies":"Orb Walker","floor":35,"turns":4},{"damage":22,"enemies":"3 Darklings","floor":36,"turns":4},{"damage":23,"enemies":"Maw","floor":38,"turns":8},{"damage":8,"enemies":"Reptomancer","floor":41,"turns":6},{"damage":25,"enemies":"Jaw Worm Horde","floor":44,"turns":3},{"damage":11,"enemies":"Spire Growth","floor":46,"turns":3},{"damage":13,"enemies":"3 Darklings","floor":47,"turns":3},{"damage":52,"enemies":"Nemesis","floor":48,"turns":7},{"damage":125,"enemies":"Awakened One","floor":50,"turns":11}],"seed_played":"-4437948323519493167","potions_obtained":[{"floor":7,"key":"ColorlessPotion"},{"floor":12,"key":"Swift Potion"},{"floor":16,"key":"SpeedPotion"},{"floor":18,"key":"Venom Potion"},{"floor":21,"key":"BlessingOfTheForge"},{"floor":31,"key":"LiquidMemories"},{"floor":33,"key":"Languid Potion"},{"floor":35,"key":"CultistPotion"},{"floor":36,"key":"BlessingOfTheForge"},{"floor":38,"key":"Fire Potion"},{"floor":44,"key":"SteroidPotion"},{"floor":46,"key":"Weak Potion"},{"floor":47,"key":"Dexterity Potion"},{"floor":48,"key":"Swift Potion"}],"is_trial":false,"path_per_floor":["M","M","$","?","?","R","E","M","T","M","?","E","M","M","R","B",null,"M","$","M","M","?","R","E","R","T","M","?","E","$","?","R","B",null,"M","M","$","M","T","R","E","$","T","M","R","M","M","E","R","B",null],"character_chosen":"THE_BUGKNIGHT","items_purchased":["Flash of Steel","HollowMod:PureVessel","ReplayTheSpireMod:ShopPack","HollowMod:MantisMark","Finesse","Bag of Preparation"],"campfire_rested":3,"item_purchase_floors":[3,19,19,30,37,37],"current_hp_per_floor":[72,75,75,75,75,75,59,58,58,62,62,34,39,39,39,35,84,84,87,77,70,73,73,80,80,80,49,33,7,10,13,44,31,108,90,71,74,57,57,57,52,52,52,30,102,94,81,32,106,10],"gold":144,"neow_bonus":"THREE_CARDS","is_daily":false,"chose_seed":false,"campfire_upgraded":4,"win_rate":0.0,"timestamp":1610599843,"path_taken":["M","M","$","?","?","R","E","M","T","M","?","E","?","M","R","BOSS","M","$","M","M","?","R","E","R","T","?","?","E","$","?","R","BOSS","M","M","$","M","?","R","E","$","T","M","R","?","M","E","R","BOSS"],"items_purchased_type":["Card","Card","Relic","Card","Card","Relic"],"build_version":"2020-12-22","purchased_purges":0,"victory":true,"max_hp_per_floor":[75,75,75,75,75,75,75,75,75,75,75,75,78,81,81,84,84,84,87,90,90,93,93,96,96,96,96,96,99,102,105,105,105,108,111,114,117,117,117,117,120,120,120,123,123,126,126,129,129,129],"relic_stats":{"Regal Pillow":30,"Gremlin Horn":[3,3],"counters":[26,131],"Eternal Feather":42,"Pen Nib":[26],"Bag of Preparation":[14],"Smiling Mask":0,"Mummified Hand":[54],"Ornamental Fan":[68],"Pantograph":73,"Tiny Chest":1,"Black Star":4,"Art of War":[2],"obtain_stats":[{"Regal Pillow":41,"Gremlin Horn":48,"Enchiridion":28,"HollowMod:VesselMask":0,"Bag of Preparation":37,"Bottled Tornado":48,"PrismaticShard":4,"HollowMod:StagPassRelic":26,"Smiling Mask":43,"Replay:Rubber Ducky":9,"Replay:Ringing Soul":12,"Matryoshka":34,"Mummified Hand":29,"Pantograph":11,"Tiny Chest":24,"HollowMod:GreatKnightMask":31,"Eternal Feather":41,"Pen Nib":7,"Omamori":39,"Replay:Kaleidoscope":34,"White Beast Statue":29,"Calling Bell":34,"Bottled Flame":43,"Ornamental Fan":39,"Black Star":17,"Art of War":24,"Bag of Marbles":34,"ReplayTheSpireMod:ShopPack":19},{"Regal Pillow":21,"Gremlin Horn":25,"Enchiridion":14,"HollowMod:VesselMask":0,"Bag of Preparation":19,"Bottled Tornado":25,"PrismaticShard":2,"HollowMod:StagPassRelic":13,"Smiling Mask":21,"Replay:Rubber Ducky":4,"Replay:Ringing Soul":6,"Matryoshka":17,"Mummified Hand":15,"Pantograph":5,"Tiny Chest":13,"HollowMod:GreatKnightMask":16,"Eternal Feather":21,"Pen Nib":3,"Omamori":20,"Replay:Kaleidoscope":17,"White Beast Statue":15,"Calling Bell":17,"Bottled Flame":21,"Ornamental Fan":20,"Black Star":9,"Art of War":13,"Bag of Marbles":17,"ReplayTheSpireMod:ShopPack":10},{"Regal Pillow":104,"Gremlin Horn":120,"Enchiridion":67,"HollowMod:VesselMask":0,"Bag of Preparation":90,"Bottled Tornado":120,"PrismaticShard":7,"HollowMod:StagPassRelic":63,"Smiling Mask":104,"Replay:Rubber Ducky":17,"Replay:Ringing Soul":28,"Matryoshka":82,"Mummified Hand":74,"Pantograph":20,"Tiny Chest":63,"HollowMod:GreatKnightMask":76,"Eternal Feather":104,"Pen Nib":15,"Omamori":98,"Replay:Kaleidoscope":82,"White Beast Statue":74,"Calling Bell":82,"Bottled Flame":104,"Ornamental Fan":98,"Black Star":45,"Art of War":63,"Bag of Marbles":82,"ReplayTheSpireMod:ShopPack":48}]},"card_choices":[{"not_picked":["HollowMod:AbyssShriek","HollowMod:InfectedAttack"],"picked":"HollowMod:DoubleDash","floor":0},{"not_picked":["HollowMod:LifebloodCocoon","HollowMod:CornifersMapStart"],"picked":"HollowMod:GoodIntentions","floor":1},{"not_picked":["HollowMod:MonarchWings","HollowMod:WraithStrike"],"picked":"HollowMod:MantisMark","floor":2},{"not_picked":["theDuelist:InsectMetronome","theDuelist:DoomsdayHorror","theDuelist:WaterDragonCluster"],"picked":"SKIP","floor":7},{"not_picked":["theDuelist:MermailAbyssalacia","Steam"],"picked":"Double Energy","floor":8},{"not_picked":["theDuelist:RevendreadOrigin","theDuelist:ThousandEyesIdol"],"picked":"theDuelist:DefenseDraw","floor":10},{"not_picked":["theDuelist:OvertexQoatlus","theDuelist:AntiFusionDevice","theDuelist:HydraViper"],"picked":"SKIP","floor":12},{"not_picked":["theDuelist:SafeZone","theDuelist:Duoterion"],"picked":"theDuelist:LightningDarts","floor":13},{"not_picked":["theDuelist:AncientElf","theDuelist:JudgeMan"],"picked":"Pummel","floor":14},{"not_picked":["theDuelist:LinkSpider","theDuelist:Nameless:Magic:InsectQueen"],"picked":"theDuelist:Nameless:Magic:BerserkerCrush","floor":16},{"not_picked":["theDuelist:Mountain","theDuelist:BattleFusion+1","theDuelist:VendreadRevolution+1"],"picked":"SKIP","floor":18},{"not_picked":["Sadistic Nature","Metamorphosis"],"picked":"Magnetism","floor":19},{"not_picked":["Discovery","Finesse"],"picked":"Panache","floor":19},{"not_picked":["The Bomb","Purity"],"picked":"Transmutation","floor":19},{"not_picked":["theDuelist:Wightprince+1","theDuelist:VampireHunter+1"],"picked":"theDuelist:DrivenDaredevil","floor":20},{"not_picked":["theDuelist:SpiritReaper+1","Leap","theDuelist:GilfordLegend"],"picked":"SKIP","floor":21},{"not_picked":["theDuelist:GenesisDragon","theDuelist:TidalMetronome"],"picked":"theDuelist:Reinforcements","floor":24},{"not_picked":["HollowMod:VengefulVoid","theDuelist:FossilSkullKing","theDuelist:FireReaper+1"],"picked":"SKIP","floor":27},{"not_picked":["theDuelist:DarkGrepher","theDuelist:GemKnightAmethyst"],"picked":"Rampage","floor":29},{"not_picked":["theDuelist:FireReaper","theDuelist:BackupSoldier"],"picked":"Replay:Undeath\u0027s Touch","floor":31},{"not_picked":["theDuelist:BlazewingButterfly","theDuelist:ThousandEyesIdol"],"picked":"theDuelist:ArmorBreaker+1","floor":35},{"not_picked":["theDuelist:MotherSpider+1","theDuelist:CommonSpireMetronome+1"],"picked":"BowlingBash+1","floor":36},{"not_picked":["theDuelist:YukiOnnaIce+1","theDuelist:ForbiddenChalice+1","theDuelist:Sogen"],"picked":"SKIP","floor":38},{"not_picked":["theDuelist:GraydleCombat","theDuelist:DarkBurningMagic+1"],"picked":"Poisoned Strike","floor":41},{"not_picked":["Replay:Undeath\u0027s Touch","theDuelist:SkullServant+1"],"picked":"theDuelist:MagicalStone","floor":44},{"not_picked":["theDuelist:BusterBlader+1","theDuelist:VendreadRevolution+1"],"picked":"Steam","floor":46},{"not_picked":["theDuelist:HighTideGyojin+1","theDuelist:BlockMetronome+1","theDuelist:FishRain"],"picked":"SKIP","floor":47},{"not_picked":["theDuelist:MermailAbyssalacia","Bouncing Flask"],"picked":"theDuelist:BoneMouse+1","floor":48}],"player_experience":109512,"relics_obtained":[{"floor":7,"key":"Pen Nib"},{"floor":9,"key":"Replay:Rubber Ducky"},{"floor":11,"key":"Pantograph"},{"floor":12,"key":"Replay:Ringing Soul"},{"floor":24,"key":"Tiny Chest"},{"floor":24,"key":"Art of War"},{"floor":26,"key":"HollowMod:StagPassRelic"},{"floor":28,"key":"Enchiridion"},{"floor":29,"key":"Mummified Hand"},{"floor":29,"key":"White Beast Statue"},{"floor":31,"key":"HollowMod:GreatKnightMask"},{"floor":34,"key":"Bag of Marbles"},{"floor":34,"key":"Matryoshka"},{"floor":34,"key":"Replay:Kaleidoscope"},{"floor":39,"key":"Omamori"},{"floor":39,"key":"Ornamental Fan"},{"floor":41,"key":"Regal Pillow"},{"floor":41,"key":"Eternal Feather"},{"floor":43,"key":"Smiling Mask"},{"floor":43,"key":"Bottled Flame"},{"floor":48,"key":"Gremlin Horn"},{"floor":48,"key":"Bottled Tornado"}],"event_choices":[{"damage_healed":0,"gold_gain":0,"player_choice":"Ignored","damage_taken":0,"max_hp_gain":0,"max_hp_loss":0,"event_name":"Golden Wing","floor":5,"gold_loss":0},{"damage_healed":0,"gold_gain":0,"player_choice":"Relic","damage_taken":0,"max_hp_gain":0,"max_hp_loss":0,"event_name":"Wheel of Change","floor":11,"gold_loss":0},{"damage_healed":0,"gold_gain":0,"player_choice":"1 cards matched","damage_taken":0,"max_hp_gain":0,"max_hp_loss":0,"event_name":"Match and Keep!","floor":22,"gold_loss":0,"cards_obtained":["HollowMod:NewGlowingWomb"]},{"damage_healed":0,"gold_gain":0,"player_choice":"Obtained Book","damage_taken":16,"max_hp_gain":0,"max_hp_loss":0,"event_name":"Cursed Tome","floor":28,"gold_loss":0}],"is_beta":false,"boss_relics":[{"not_picked":["ChewingGum","Busted Crown"],"picked":"Black Star"},{"not_picked":["Replay:Bronze Core","Sozu"],"picked":"Calling Bell"}],"items_purged_floors":[],"is_endless":false,"potions_floor_spawned":[7,12,16,18,21,27,31,33,35,36,38,41,44,46,47,48],"ascension_level":0}}