{"host":"xkmvu47k9fdstweo","time":1610650386,"event":{"mods":["BaseMod","Colored Map","Conspire","Hubris","Minty Spire (QoL Compilation)","Quick Restart","Railgun Mod","Shop Mod","StSLib","The Alterego","The Servant 0.9.4","The Wild Card","TheBandit","WarShipGirlsR/??è≠èóR mod","vexMod"],"gold_per_floor":[110,12,12,12,12,145,145,163,163,194,204,238,38,55,55,152,152,171,187,206,91,6,6,31,46,125,125,44,57,57,91,91,194,244,261,123,123,123,143,170,170,190,260,290,308,308,308,2,2,2],"floor_reached":51,"language":"ENG","playtime":1238,"items_purged":["Strike_R","Strike_R","Strike_R"],"score":1435,"play_id":"f34f93a4-2421-424f-bb00-ad1ca77b657a","local_time":"20210114135306","is_ascension_mode":true,"campfire_choices":[{"data":"conspire:ExplosiveBarrier","floor":7.0,"key":"SMITH"},{"floor":15.0,"key":"REST"},{"data":"1","floor":23,"key":"LIFT"},{"data":"2","floor":27,"key":"LIFT"},{"data":"3","floor":30,"key":"LIFT"},{"data":"Limit Break","floor":32,"key":"SMITH"},{"data":"Strike_R","floor":41,"key":"PURGE"},{"data":"Strike_R","floor":47,"key":"PURGE"},{"data":"Armaments","floor":49,"key":"SMITH"}],"circlet_count":0,"master_deck":["AscendersBane","Defend_R","Defend_R","Defend_R","Defend_R","Bash","Twin Strike","Anger","conspire:ExplosiveBarrier+1","Cleave","Sword Boomerang","Armaments+1","Burning Pact","Dropkick","Anger","Sword Boomerang","Double Tap","Shrug It Off+1","Limit Break+1","Dropkick+1","True Grit","Limit Break+1","Ghostly Armor+1","Battle Trance+1","Pommel Strike+1","Exhume","Pommel Strike+1","Twin Strike","Sword Boomerang+1","Sentinel+1","Flex"],"relics":["conspire:SpecialSausage","hubris:Icosahedron","hubris:Towel","Nunchaku","conspire:DeflatedDodgeball","Girya","Eternal Feather","MerchantsRug","Peace Pipe","FossilizedHelix","Bottled Lightning","Omamori","Tiny House","Torii","conspire:BottledYoYo","HornCleat","ClockworkSouvenir"],"acts_visited":["Exordium","TheCity","TheBeyond"],"potions_floor_usage":[24,24,33],"damage_taken":[{"damage":8.0,"enemies":"Jaw Worm","floor":1.0,"turns":4.0},{"damage":16.0,"enemies":"Gremlin Nob","floor":6.0,"turns":3.0},{"damage":0.0,"enemies":"Small Slimes","floor":8.0,"turns":3.0},{"damage":35.0,"enemies":"3 Sentries","floor":10.0,"turns":7.0},{"damage":3.0,"enemies":"2 Louse","floor":11.0,"turns":2.0},{"damage":0.0,"enemies":"Gremlin Nob","floor":12.0,"turns":3.0},{"damage":0.0,"enemies":"Gremlin Gang","floor":14.0,"turns":3.0},{"damage":0.0,"enemies":"Slime Boss","floor":16.0,"turns":6.0},{"damage":0.0,"enemies":"Chosen","floor":18.0,"turns":1.0},{"damage":27.0,"enemies":"Shell Parasite","floor":19.0,"turns":3.0},{"damage":3,"enemies":"Centurion and Healer","floor":20,"turns":4},{"damage":17,"enemies":"Gremlin Leader","floor":24,"turns":3},{"damage":0,"enemies":"Snecko","floor":25,"turns":3},{"damage":0,"enemies":"Sentry and Sphere","floor":29,"turns":3},{"damage":0,"enemies":"Slavers","floor":31,"turns":4},{"damage":10,"enemies":"Champ","floor":33,"turns":5},{"damage":0,"enemies":"3 Shapes","floor":35,"turns":2},{"damage":0,"enemies":"Orb Walker","floor":39,"turns":1},{"damage":0,"enemies":"Nemesis","floor":40,"turns":7},{"damage":0,"enemies":"Spire Growth","floor":42,"turns":3},{"damage":8,"enemies":"Giant Head","floor":44,"turns":5},{"damage":0,"enemies":"Transient","floor":45,"turns":5},{"damage":12,"enemies":"conspire:OrnateMirror","floor":50,"turns":6}],"seed_played":"-4392018327820638020","potions_obtained":[{"floor":10.0,"key":"FearPotion"},{"floor":11.0,"key":"Energy Potion"},{"floor":16.0,"key":"FearPotion"},{"floor":19.0,"key":"Swift Potion"},{"floor":24,"key":"Regen Potion"},{"floor":29,"key":"LiquidMemories"},{"floor":33,"key":"SpeedPotion"},{"floor":34,"key":"Block Potion"},{"floor":42,"key":"Energy Potion"}],"is_trial":false,"path_per_floor":["M","$","?","?","T","E","R","M","T","E","M","E","$","M","R","B",null,"M","M","M","$","?","R","E","M","T","R","$","M","R","E","R","B",null,"M","$","?","?","M","E","R","M","T","E","M","?","R","$","R","B",null],"character_chosen":"IRONCLAD","items_purchased":["Anger","Fruit Juice","Dropkick","Anger","MerchantsRug","Limit Break","Exhume","Flex","ClockworkSouvenir"],"campfire_rested":1,"item_purchase_floors":[2,13,13,13,21,28,36,48,48],"current_hp_per_floor":[64,64,64,64,70,54,54,54,54,19,16,16,16,21,60,60,83,83,56,53,53,53,65,48,48,48,60,60,60,75,75,90,80,93,93,93,93,93,93,93,96,96,96,88,88,88,96,96,96,84],"gold":2,"neow_bonus":"BOSS_RELIC","is_daily":false,"chose_seed":false,"campfire_upgraded":3,"win_rate":0.0,"timestamp":1610650386,"path_taken":["M","$","?","?","?","E","R","M","T","E","M","E","$","M","R","BOSS","M","?","M","$","?","R","E","M","T","R","$","M","R","E","R","BOSS","M","$","?","?","M","E","R","?","T","E","M","?","R","$","R","BOSS"],"items_purchased_type":["Card","Potion","Card","Card","Relic","Card","Card","Card","Relic"],"build_version":"2020-12-22","purchased_purges":3,"victory":true,"max_hp_per_floor":[80,80,80,80,86,86,86,86,86,86,86,86,86,91,91,91,91,91,91,91,91,91,91,91,91,91,91,91,91,91,91,91,91,96,96,96,96,96,96,96,96,96,96,96,96,96,96,96,96,96],"card_choices":[{"not_picked":["Flex","Searing Blow"],"picked":"Twin Strike","floor":1.0},{"not_picked":["Seeing Red","Clash"],"picked":"conspire:ExplosiveBarrier","floor":6.0},{"not_picked":["Iron Wave","Warcry"],"picked":"Cleave","floor":8.0},{"not_picked":["Offering","Warcry"],"picked":"Sword Boomerang","floor":10.0},{"not_picked":["Seeing Red","Perfected Strike"],"picked":"Armaments","floor":11.0},{"not_picked":["Thunderclap","Sword Boomerang"],"picked":"Burning Pact","floor":12.0},{"not_picked":["Perfected Strike","Armaments"],"picked":"Sword Boomerang","floor":14.0},{"not_picked":["Barricade","hubris:StunningStrike"],"picked":"Double Tap","floor":16.0},{"not_picked":["Thunderclap+1","Searing Blow"],"picked":"Shrug It Off+1","floor":18.0},{"not_picked":["Thunderclap","Wild Strike","Iron Wave"],"picked":"SKIP","floor":19.0},{"not_picked":["Second Wind","hubris:ReadiedAction"],"picked":"Limit Break","floor":20},{"not_picked":["Dual Wield","Armaments"],"picked":"Dropkick+1","floor":24},{"not_picked":["Anger","Flex+1"],"picked":"True Grit","floor":25},{"not_picked":["Wild Strike","Twin Strike"],"picked":"Ghostly Armor","floor":29},{"not_picked":["Body Slam","Clothesline"],"picked":"Battle Trance","floor":31},{"not_picked":["Dark Embrace","Sever Soul"],"picked":"Pommel Strike+1","floor":34},{"not_picked":["Warcry+1","Wild Strike+1"],"picked":"Metallicize","floor":35},{"not_picked":["Disarm","Cleave+1"],"picked":"Pommel Strike+1","floor":39},{"not_picked":["Combust","Dark Embrace"],"picked":"Twin Strike","floor":40},{"not_picked":["Shrug It Off","Disarm+1"],"picked":"Sword Boomerang+1","floor":42},{"not_picked":["Searing Blow","Clothesline+1"],"picked":"Sentinel+1","floor":44},{"not_picked":["Reckless Charge+1","Clothesline+1","Anger+1"],"picked":"SKIP","floor":45}],"player_experience":312736,"relics_obtained":[{"floor":5.0,"key":"vexMod:BerryBomb"},{"floor":6.0,"key":"Nunchaku"},{"floor":9.0,"key":"conspire:DeflatedDodgeball"},{"floor":10.0,"key":"Girya"},{"floor":12.0,"key":"Eternal Feather"},{"floor":24,"key":"FossilizedHelix"},{"floor":26,"key":"Bottled Lightning"},{"floor":31,"key":"Omamori"},{"floor":40,"key":"Torii"},{"floor":43,"key":"conspire:BottledYoYo"},{"floor":44,"key":"HornCleat"}],"event_choices":[{"damage_healed":0,"gold_gain":0,"player_choice":"Obtained Relic","damage_taken":0,"relics_obtained":["Peace Pipe"],"max_hp_gain":0,"max_hp_loss":0,"event_name":"Addict","floor":22,"gold_loss":85},{"cards_removed":["Metallicize"],"damage_healed":0,"gold_gain":0,"player_choice":"Removed Power","damage_taken":0,"max_hp_gain":0,"max_hp_loss":0,"event_name":"Falling","floor":37,"gold_loss":0},{"damage_healed":0,"gold_gain":0,"player_choice":"Forge","damage_taken":0,"max_hp_gain":0,"max_hp_loss":0,"event_name":"Accursed Blacksmith","floor":38,"gold_loss":0,"cards_upgraded":["Limit Break"]}],"is_beta":false,"boss_relics":[{"not_picked":["conspire:SeveredTorchhead","vexMod:DeviousBotling"],"picked":"vexMod:MegatonBomb"},{"not_picked":["Pandora\u0027s Box","Calling Bell"],"picked":"Tiny House"}],"items_purged_floors":[2,21,48],"is_endless":false,"potions_floor_spawned":[10,11,16,19,24,29,33,42,44],"ascension_level":11}}