{"host":"a1eatafr7pisesky","time":1610643500,"event":{"mods":["AchievementEnabler","BaseMod","Colored Map","Keyboard Shortcuts","Minty Spire (QoL Compilation)","Say the Spire","StSLib","SuperFastMode","everything is the same but u backflip on backflip"],"gold_per_floor":[118,43,62,62,62,90,160,186,248,260,397,422,450,497,509,521,521],"floor_reached":16,"language":"KOR","playtime":276,"items_purged":["Strike_G"],"score":203,"play_id":"db674255-b299-44a6-afb4-bfe4e318519c","local_time":"20210115015820","is_ascension_mode":true,"campfire_choices":[{"data":"Dagger Spray","floor":10,"key":"SMITH"},{"floor":15,"key":"REST"}],"circlet_count":0,"master_deck":["Strike_G","Strike_G","Strike_G","Strike_G","Defend_G","Defend_G","Defend_G","Defend_G","Defend_G","Survivor","Neutralize","Dagger Spray+1","Footwork","Acrobatics","Accuracy","Finisher","Terror"],"relics":["Ring of the Snake","NeowsBlessing","SsserpentHead","StrikeDummy","MawBank","Bag of Marbles","Ninja Scroll"],"acts_visited":["Exordium"],"potions_floor_usage":[8,14],"damage_taken":[{"damage":0,"enemies":"Cultist","floor":1,"turns":1},{"damage":0,"enemies":"Small Slimes","floor":3,"turns":1},{"damage":0,"enemies":"Gremlin Nob","floor":6,"turns":1},{"damage":8,"enemies":"Jaw Worm","floor":7,"turns":3},{"damage":23,"enemies":"Lagavulin","floor":8,"turns":8},{"damage":2,"enemies":"Looter","floor":12,"turns":3},{"damage":0,"enemies":"3 Louse","floor":13,"turns":3},{"damage":11,"enemies":"Gremlin Nob","floor":14,"turns":4},{"damage":29,"enemies":"Hexaghost","floor":16,"turns":8}],"seed_played":"603093279181452679","potions_obtained":[{"floor":1,"key":"DistilledChaos"},{"floor":13,"key":"DistilledChaos"}],"is_trial":false,"path_per_floor":["M","$","M","$","?","E","M","E","T","R","?","M","M","E","R","B"],"character_chosen":"THE_SILENT","items_purchased":[],"campfire_rested":1,"item_purchase_floors":[],"current_hp_per_floor":[63,63,63,63,63,63,55,32,32,32,21,19,19,8,29,0,0],"gold":521,"neow_bonus":"THREE_ENEMY_KILL","is_daily":false,"chose_seed":false,"campfire_upgraded":1,"win_rate":0.0,"timestamp":1610643500,"path_taken":["M","?","M","$","?","E","?","E","T","R","?","M","M","E","R","BOSS"],"items_purchased_type":[],"build_version":"2020-12-22","purchased_purges":1,"victory":false,"max_hp_per_floor":[70,70,70,70,70,70,70,70,70,70,70,70,70,70,70,70,70],"card_choices":[{"not_picked":["PiercingWail","Predator"],"picked":"Dagger Spray","floor":1},{"not_picked":["Blade Dance","Blur"],"picked":"Footwork","floor":3},{"not_picked":["Dodge and Roll","Concentrate"],"picked":"Acrobatics","floor":6},{"not_picked":["Blur","Eviscerate"],"picked":"Accuracy","floor":7},{"not_picked":["Underhanded Strike","Bane"],"picked":"Finisher","floor":8},{"not_picked":["Footwork","Acrobatics"],"picked":"Terror","floor":12},{"not_picked":["Setup","Bane","Underhanded Strike"],"picked":"SKIP","floor":13},{"not_picked":["Flying Knee","Dodge and Roll","Terror"],"picked":"SKIP","floor":14}],"player_experience":319431,"relics_obtained":[{"floor":6,"key":"StrikeDummy"},{"floor":8,"key":"MawBank"},{"floor":9,"key":"Bag of Marbles"},{"floor":14,"key":"Ninja Scroll"}],"event_choices":[{"damage_healed":0,"gold_gain":0,"player_choice":"Trade","damage_taken":0,"relics_obtained":["SsserpentHead"],"max_hp_gain":0,"max_hp_loss":0,"event_name":"FaceTrader","floor":5,"gold_loss":0},{"damage_healed":0,"gold_gain":75,"player_choice":"Gather Gold","damage_taken":11,"max_hp_gain":0,"max_hp_loss":0,"event_name":"World of Goop","floor":11,"gold_loss":0}],"is_beta":false,"boss_relics":[],"items_purged_floors":[2],"is_endless":false,"potions_floor_spawned":[1,13],"killed_by":"Hexaghost","ascension_level":8}}