{"host":"fqepcc6wiujntn7y","time":1610624911,"event":{"mods":["BaseMod","Minty Spire (QoL Compilation)","StSLib","The Necromancer"],"gold_per_floor":[115,135,154,171,17,47,47,58,126,137,154,174,191,224,224,319,319,334,334,334,319,28,28,40,71,98,98,98,98],"floor_reached":28,"language":"ENG","playtime":2338,"items_purged":["Strike_W"],"score":279,"play_id":"35225dd4-a771-4d5b-92fe-61d5caa658a5","local_time":"20210114114831","is_ascension_mode":false,"campfire_choices":[{"floor":7,"key":"REST"},{"floor":15,"key":"REST"},{"data":"Pandemic","floor":23,"key":"SMITH"},{"floor":27,"key":"REST"}],"circlet_count":0,"master_deck":["Strike_W","Defend_W","Defend_W","Defend_W","Defend_W","Negative_Energy_Arrows","Bone_Wall","Toxic_Smoke_Screen","Finger_Of_Death","Pandemic+1","Toxic_Smoke_Screen","Summon_Undead_Army","Violent_Necrosis","Bone_Armor","Summon_Vampire_Lady","Pandemic","Negative_Energy_Burst","Bones_to_Steel","Bone_Armory","Summon_Vampire_Lady","Toxic_Smoke_Screen","Slay_Living","Summon_Vampire_Lady","Summon_Undead+1","Cloudkill","Bone_Prison","Negative_Energy_Burst","Toxic_Smoke_Screen","Summon_Death_Knight","Bones_to_Steel","Shackles_Of_Pain"],"relics":["Vampire_Amulet","Potion Belt","Bottled Lightning","Bird Faced Urn","Black Star","Letter Opener","Orrery","Bag of Preparation","Bottled Tornado","Bronze Scales"],"acts_visited":["Exordium","TheCity"],"potions_floor_usage":[10,18,21,28],"damage_taken":[{"damage":2,"enemies":"Small Slimes","floor":1,"turns":5},{"damage":0,"enemies":"Jaw Worm","floor":2,"turns":6},{"damage":4,"enemies":"Cultist","floor":3,"turns":4},{"damage":0,"enemies":"Exordium Wildlife","floor":4,"turns":4},{"damage":58,"enemies":"Gremlin Nob","floor":6,"turns":6},{"damage":10,"enemies":"3 Louse","floor":8,"turns":3},{"damage":33,"enemies":"Gremlin Gang","floor":10,"turns":4},{"damage":19,"enemies":"2 Fungi Beasts","floor":11,"turns":6},{"damage":4,"enemies":"Large Slime","floor":12,"turns":6},{"damage":26,"enemies":"Gremlin Gang","floor":13,"turns":3},{"damage":27,"enemies":"3 Sentries","floor":14,"turns":6},{"damage":48,"enemies":"Hexaghost","floor":16,"turns":12},{"damage":17,"enemies":"3 Byrds","floor":18,"turns":3},{"damage":36,"enemies":"2 Thieves","floor":21,"turns":5},{"damage":15,"enemies":"Snecko","floor":24,"turns":4},{"damage":57,"enemies":"Book of Stabbing","floor":25,"turns":6},{"damage":51,"enemies":"Gremlin Leader","floor":28,"turns":7}],"seed_played":"617525594571987553","potions_obtained":[{"floor":3,"key":"SteroidPotion"},{"floor":4,"key":"FairyPotion"},{"floor":6,"key":"PowerPotion"},{"floor":10,"key":"LiquidBronze"},{"floor":18,"key":"Strength Potion"},{"floor":25,"key":"Swift Potion"}],"is_trial":false,"path_per_floor":["M","M","M","M","$","E","R","M","T","M","M","M","M","E","R","B",null,"M","?","T","M","$","R","M","E","T","R","E"],"character_chosen":"NECROMANCER","items_purchased":["Summon_Undead_Army","Cloudkill","Orrery"],"campfire_rested":3,"item_purchase_floors":[5,22,22],"current_hp_per_floor":[82,82,80,82,82,26,50,46,46,21,6,15,35,32,56,49,82,75,75,75,62,62,62,62,19,19,43,0,0],"gold":98,"neow_bonus":"TEN_PERCENT_HP_BONUS","is_daily":false,"chose_seed":false,"campfire_upgraded":1,"win_rate":0.0,"timestamp":1610624911,"path_taken":["M","M","M","M","$","E","R","M","T","M","M","M","M","E","R","BOSS","M","?","?","M","$","R","M","E","T","R","E"],"items_purchased_type":["Card","Card","Relic"],"build_version":"2020-12-22","purchased_purges":1,"victory":false,"max_hp_per_floor":[82,82,82,82,82,82,82,82,82,82,82,82,82,82,82,82,82,82,82,82,82,82,82,82,82,82,82,82,82],"card_choices":[{"not_picked":["Negative_Energy_Javelin","Death_Coil"],"picked":"Toxic_Smoke_Screen","floor":1},{"not_picked":["Negative_Energy_Sphere","Death_Coil"],"picked":"Finger_Of_Death","floor":2},{"not_picked":["Deaths_Shadow","Necromantic_Selection"],"picked":"Pandemic","floor":3},{"not_picked":["Life_Drain","Shackles_Of_Pain"],"picked":"Toxic_Smoke_Screen","floor":4},{"not_picked":["Necromantic_Selection","Life_Tap"],"picked":"Violent_Necrosis","floor":6},{"not_picked":["Death_Coil","Spectral_Walk"],"picked":"Bone_Armor","floor":8},{"not_picked":["Summon_Undead","Consume_Illness"],"picked":"Summon_Vampire_Lady","floor":10},{"not_picked":["Uncharnel","Scare"],"picked":"Pandemic","floor":11},{"not_picked":["Scare","Flesh_Made_Foul"],"picked":"Negative_Energy_Burst","floor":12},{"not_picked":["Shade_Step","Spectral_Walk"],"picked":"Bones_to_Steel","floor":13},{"not_picked":["Bone_Armor","Strike_from_Beyond"],"picked":"Bone_Armory","floor":14},{"not_picked":["Hellfire","Negative_Energy_Bomb"],"picked":"Summon_Vampire_Lady","floor":16},{"not_picked":["Flesh_Made_Foul+1","Negative_Energy_Sphere"],"picked":"Toxic_Smoke_Screen","floor":18},{"not_picked":["Life_Drain","Chill_Blood"],"picked":"Summon_Undead+1","floor":21},{"not_picked":["Blood_Whip","Negative_Energy_Sphere"],"picked":"Bone_Prison","floor":22},{"not_picked":["Negative_Energy_Shield","Bone_Bullets"],"picked":"Negative_Energy_Burst","floor":22},{"not_picked":["Bone_Bullets","Flesh_Made_Foul"],"picked":"Toxic_Smoke_Screen","floor":22},{"not_picked":["Shackles_Of_Pain","Deaths_Shadow"],"picked":"Summon_Death_Knight","floor":22},{"not_picked":["Epidemic+1","Negative_Energy_Javelin"],"picked":"Bones_to_Steel","floor":22},{"not_picked":["Spectral_Walk","Life_Tap"],"picked":"Shackles_Of_Pain","floor":24},{"not_picked":["Chill_Blood+1","Scare","Blood_Magic"],"picked":"SKIP","floor":25}],"player_experience":1166,"relics_obtained":[{"floor":6,"key":"Potion Belt"},{"floor":9,"key":"Bottled Lightning"},{"floor":14,"key":"Bird Faced Urn"},{"floor":20,"key":"Letter Opener"},{"floor":25,"key":"Bag of Preparation"},{"floor":25,"key":"Bottled Tornado"},{"floor":26,"key":"Bronze Scales"}],"event_choices":[{"damage_healed":0,"gold_gain":0,"cards_transformed":["Strike_W","Strike_W"],"player_choice":"Became Test Subject","damage_taken":0,"max_hp_gain":0,"max_hp_loss":0,"event_name":"Drug Dealer","floor":19,"gold_loss":0,"cards_obtained":["Slay_Living","Summon_Vampire_Lady"]}],"is_beta":false,"boss_relics":[{"not_picked":["SlaversCollar","Fusion Hammer"],"picked":"Black Star"}],"items_purged_floors":[5],"is_endless":false,"potions_floor_spawned":[3,4,6,10,18,25],"killed_by":"Gremlin Leader","ascension_level":0}}