{"host":"w4qf11634cf28tiw","time":1610649042,"event":{"mods":["BaseMod","Colored Map","Colored Powertips","Minty Spire (QoL Compilation)","Quick Restart","StSLib"],"gold_per_floor":[119,194,213,224,224,252,252,268,268,303,315,315,57,69,69,169,169,187,187,207,207,207],"floor_reached":21,"language":"ENG","playtime":1532,"items_purged":["Strike_P"],"score":191,"play_id":"a38b54d8-7b0b-4ee5-bd19-f7d8affcbc9d","local_time":"20210114133042","is_ascension_mode":false,"campfire_choices":[{"data":"Eruption","floor":7,"key":"SMITH"},{"data":"Protect","floor":12,"key":"SMITH"},{"floor":15,"key":"REST"}],"circlet_count":0,"master_deck":["Strike_P","Strike_P","Strike_P","Defend_P","Defend_P","Defend_P","Defend_P","Eruption+1","Vigilance","BattleHymn","ReachHeaven","Swivel","ClearTheMind","Study","Protect+1","Magnetism","WheelKick","MasterReality"],"relics":["PureWater","Pantograph","Ornamental Fan","Bottled Lightning","Runic Pyramid"],"acts_visited":["Exordium","TheCity"],"potions_floor_usage":[10,10,16],"damage_taken":[{"damage":2,"enemies":"Small Slimes","floor":1,"turns":3},{"damage":0,"enemies":"Jaw Worm","floor":3,"turns":4},{"damage":1,"enemies":"2 Louse","floor":4,"turns":2},{"damage":19,"enemies":"Lagavulin","floor":6,"turns":7},{"damage":2,"enemies":"2 Fungi Beasts","floor":8,"turns":5},{"damage":4,"enemies":"3 Sentries","floor":10,"turns":6},{"damage":0,"enemies":"Looter","floor":11,"turns":2},{"damage":15,"enemies":"Lots of Slimes","floor":14,"turns":4},{"damage":44,"enemies":"Hexaghost","floor":16,"turns":7},{"damage":47,"enemies":"3 Byrds","floor":18,"turns":6},{"damage":4,"enemies":"Spheric Guardian","floor":20,"turns":3},{"damage":28,"enemies":"Snake Plant","floor":21,"turns":4}],"seed_played":"6364860978942116481","potions_obtained":[{"floor":4,"key":"Explosive Potion"},{"floor":8,"key":"SkillPotion"},{"floor":14,"key":"FearPotion"},{"floor":18,"key":"BlessingOfTheForge"}],"is_trial":false,"path_per_floor":["M","?","M","M","?","E","R","M","T","E","M","R","$","M","R","B",null,"M","?","M","M"],"character_chosen":"WATCHER","items_purchased":["Magnetism"],"campfire_rested":1,"item_purchase_floors":[13],"current_hp_per_floor":[77,66,66,65,65,46,46,44,44,40,40,40,40,25,48,29,79,32,32,28,0,0],"gold":207,"neow_bonus":"TEN_PERCENT_HP_BONUS","is_daily":false,"chose_seed":false,"campfire_upgraded":2,"win_rate":0.0,"timestamp":1610649042,"path_taken":["M","?","M","M","?","E","R","M","T","E","M","R","$","M","R","BOSS","M","?","M","M"],"items_purchased_type":["Card"],"build_version":"2020-12-22","purchased_purges":1,"victory":false,"max_hp_per_floor":[79,79,79,79,79,79,79,79,79,79,79,79,79,79,79,79,79,79,79,79,79,79],"card_choices":[{"not_picked":["Halt","CrushJoints"],"picked":"BattleHymn","floor":1},{"not_picked":["FlurryOfBlows","Halt"],"picked":"ReachHeaven","floor":3},{"not_picked":["ClearTheMind","DeusExMachina"],"picked":"Swivel","floor":4},{"not_picked":["SignatureMove","Prostrate"],"picked":"ClearTheMind","floor":6},{"not_picked":["PathToVictory","Conclude"],"picked":"Study","floor":8},{"not_picked":["Halt","BattleHymn","Nirvana"],"picked":"SKIP","floor":10},{"not_picked":["Halt","BattleHymn","Nirvana"],"picked":"SKIP","floor":10},{"not_picked":["Halt","EmptyBody"],"picked":"Protect","floor":11},{"not_picked":["Evaluate","Meditate"],"picked":"WheelKick","floor":14},{"not_picked":["LessonLearned","Brilliance"],"picked":"MasterReality","floor":16},{"not_picked":["Adaptation","Crescendo","SignatureMove+1"],"picked":"SKIP","floor":18},{"not_picked":["WheelKick","PathToVictory+1","Conclude"],"picked":"SKIP","floor":20}],"player_experience":37961,"relics_obtained":[{"floor":6,"key":"Pantograph"},{"floor":9,"key":"Ornamental Fan"},{"floor":10,"key":"Bottled Lightning"}],"event_choices":[{"damage_healed":0,"gold_gain":75,"player_choice":"Gather Gold","damage_taken":11,"max_hp_gain":0,"max_hp_loss":0,"event_name":"World of Goop","floor":2,"gold_loss":0},{"damage_healed":0,"gold_gain":0,"player_choice":"Ignored","damage_taken":0,"max_hp_gain":0,"max_hp_loss":0,"event_name":"Liars Game","floor":5,"gold_loss":0},{"damage_healed":0,"gold_gain":0,"player_choice":"Ignored","damage_taken":0,"max_hp_gain":0,"max_hp_loss":0,"event_name":"Ghosts","floor":19,"gold_loss":0}],"is_beta":false,"boss_relics":[{"not_picked":["Tiny House","Astrolabe"],"picked":"Runic Pyramid"}],"items_purged_floors":[13],"is_endless":false,"potions_floor_spawned":[4,8,14,18],"killed_by":"Snake Plant","ascension_level":0}}