{"host":"0v07cr0k93jhgkpm","time":1610606463,"event":{"mods":["BaseMod","Colored Map","DeckTracker","Minty Spire (QoL Compilation)","Quick Restart","SuperFastMode"],"gold_per_floor":[109,109,127,127,127,158,168,199,199,232,232,232,252,271,271,348,348,359,379,398,90,101,101,117,117,117,117,117,117,207,221,221,300,300,318,333,33,58,58,88,8,8,32,32,44,73,87,112,112,112,112,112,112,12,37,37],"floor_reached":57,"language":"KOR","playtime":3627,"items_purged":["Strike_P","Defend_P","Defend_P"],"score":2764,"play_id":"3410fdbb-e2a9-4950-8a39-9c06c7ec1338","local_time":"20210114154103","is_ascension_mode":true,"campfire_choices":[{"floor":11.0,"key":"REST"},{"data":"Ragnarok","floor":15.0,"key":"SMITH"},{"floor":23.0,"key":"REST"},{"floor":25.0,"key":"REST"},{"data":"ClearTheMind","floor":29.0,"key":"SMITH"},{"data":"SashWhip","floor":32.0,"key":"SMITH"},{"floor":42.0,"key":"RECALL"},{"data":"Scrawl","floor":44.0,"key":"SMITH"},{"floor":49.0,"key":"DIG"},{"floor":53.0,"key":"DIG"}],"circlet_count":0,"master_deck":["AscendersBane","Strike_P","Strike_P+1","Strike_P","Defend_P","Defend_P","Eruption+1","Vigilance","BowlingBash","Indignation","ClearTheMind+1","Ragnarok+1","EmptyBody","SashWhip+1","CutThroughFate","MentalFortress+1","DevaForm+1","Wallop","Protect+1","InnerPeace","FlurryOfBlows+1","FlurryOfBlows","Protect","Adaptation+1","MentalFortress+1","Scrawl+1","Adaptation+1","TalkToTheHand","Secret Technique","Wireheading+1"],"relics":["PureWater","NeowsBlessing","Pen Nib","Ornamental Fan","The Courier","Centennial Puzzle","Frozen Egg 2","StoneCalendar","SlaversCollar","Bag of Marbles","Eternal Feather","Black Star","Bag of Preparation","Medical Kit","Akabeko","Bronze Scales","Ancient Tea Set","Shovel","Mango","Torii","Letter Opener","TeardropLocket","Boot","Whetstone"],"acts_visited":["Exordium","TheCity","TheBeyond","TheEnding"],"potions_floor_usage":[56],"damage_taken":[{"damage":0.0,"enemies":"2 Louse","floor":1.0,"turns":1.0},{"damage":0.0,"enemies":"Small Slimes","floor":3.0,"turns":1.0},{"damage":0.0,"enemies":"Lagavulin","floor":6.0,"turns":1.0},{"damage":7.0,"enemies":"Jaw Worm","floor":7.0,"turns":4.0},{"damage":0.0,"enemies":"Gremlin Nob","floor":8.0,"turns":2.0},{"damage":40.0,"enemies":"Lagavulin","floor":10.0,"turns":4.0},{"damage":3.0,"enemies":"Looter","floor":13.0,"turns":2.0},{"damage":13.0,"enemies":"2 Fungi Beasts","floor":14.0,"turns":2.0},{"damage":0.0,"enemies":"Slime Boss","floor":16.0,"turns":3.0},{"damage":11.0,"enemies":"Spheric Guardian","floor":18.0,"turns":3.0},{"damage":14.0,"enemies":"Shell Parasite","floor":19.0,"turns":6.0},{"damage":22.0,"enemies":"Chosen and Byrds","floor":20.0,"turns":6.0},{"damage":0.0,"enemies":"Centurion and Healer","floor":22.0,"turns":6.0},{"damage":17.0,"enemies":"Snake Plant","floor":24.0,"turns":4.0},{"damage":0.0,"enemies":"Snecko","floor":27.0,"turns":2.0},{"damage":0.0,"enemies":"Centurion and Healer","floor":31.0,"turns":4.0},{"damage":34.0,"enemies":"Automaton","floor":33.0,"turns":7.0},{"damage":0.0,"enemies":"3 Darklings","floor":35.0,"turns":2.0},{"damage":9.0,"enemies":"3 Shapes","floor":36.0,"turns":5.0},{"damage":14.0,"enemies":"Nemesis","floor":40.0,"turns":7.0},{"damage":0.0,"enemies":"Maw","floor":45.0,"turns":5.0},{"damage":1.0,"enemies":"Giant Head","floor":46.0,"turns":5.0},{"damage":34.0,"enemies":"3 Darklings","floor":47.0,"turns":4.0},{"damage":14.0,"enemies":"Mind Bloom Boss Battle","floor":48.0,"turns":4.0},{"damage":21.0,"enemies":"Time Eater","floor":50.0,"turns":9.0},{"damage":21.0,"enemies":"Donu and Deca","floor":51.0,"turns":7.0},{"damage":38.0,"enemies":"Shield and Spear","floor":55.0,"turns":6.0},{"damage":14,"enemies":"The Heart","floor":56,"turns":8}],"seed_played":"-250841459785464108","potions_obtained":[{"floor":7.0,"key":"FearPotion"},{"floor":8.0,"key":"Explosive Potion"},{"floor":13.0,"key":"CultistPotion"},{"floor":14.0,"key":"SteroidPotion"},{"floor":16.0,"key":"Dexterity Potion"},{"floor":20.0,"key":"BottledMiracle"},{"floor":24.0,"key":"SmokeBomb"},{"floor":45.0,"key":"GamblersBrew"},{"floor":46.0,"key":"Explosive Potion"},{"floor":47.0,"key":"BlessingOfTheForge"},{"floor":48.0,"key":"DistilledChaos"},{"floor":55.0,"key":"StancePotion"}],"is_trial":false,"path_per_floor":["M","?","M","?","T","E","M","E","T","E","R","?","M","M","R","B",null,"M","M","M","$","M","R","M","R","T","M","?","R","?","M","R","B",null,"M","M","$","T","?","E","$","R","T","R","M","E","M","?","R","B","B",null,"R","$","E","B",null],"character_chosen":"WATCHER","items_purchased":["Bag of Marbles","InnerPeace","FlurryOfBlows","Bag of Preparation","TalkToTheHand","Medical Kit"],"campfire_rested":3,"item_purchase_floors":[21,21,21,37,37,37],"current_hp_per_floor":[61,61,61,56,56,56,49,49,49,9,29,29,26,13,13,13,54,43,29,7,7,7,27,10,30,30,30,30,45,33,33,48,14,55,55,46,46,46,46,32,32,50,50,68,68,81,47,33,51,30,9,64,82,82,44,30],"gold":37,"neow_bonus":"THREE_ENEMY_KILL","is_daily":false,"chose_seed":false,"campfire_upgraded":4,"win_rate":0.0,"timestamp":1610606463,"path_taken":["M","?","M","?","?","E","M","E","T","E","R","?","M","M","R","BOSS","M","M","M","$","M","R","M","R","T","M","?","R","?","M","R","BOSS","M","M","$","?","?","E","$","R","T","R","M","E","M","?","R","BOSS","BOSS","R","$","E","BOSS"],"items_purchased_type":["Relic","Card","Card","Relic","Card","Relic"],"build_version":"2020-12-22","purchased_purges":3,"victory":true,"max_hp_per_floor":[68,68,68,68,68,68,68,68,68,68,68,68,68,68,68,68,68,68,68,68,68,68,68,68,68,68,68,68,68,68,68,68,68,68,68,68,68,68,68,68,68,68,68,68,68,82,82,82,82,82,82,82,82,82,82,82],"card_choices":[{"not_picked":["Consecrate","Evaluate"],"picked":"BowlingBash","floor":1.0},{"not_picked":["JustLucky","Crescendo"],"picked":"Indignation","floor":3.0},{"not_picked":["Consecrate","Crescendo"],"picked":"ClearTheMind","floor":6.0},{"not_picked":["Weave","EmptyBody"],"picked":"Ragnarok","floor":7.0},{"not_picked":["WheelKick","ThirdEye"],"picked":"EmptyBody","floor":8.0},{"not_picked":["EmptyBody","Worship"],"picked":"SashWhip","floor":10.0},{"not_picked":["Prostrate","Evaluate"],"picked":"CutThroughFate","floor":13.0},{"not_picked":["EmptyBody","FlyingSleeves"],"picked":"MentalFortress+1","floor":14.0},{"not_picked":["MasterReality+1","Alpha"],"picked":"DevaForm+1","floor":16.0},{"not_picked":["Study+1","FollowUp"],"picked":"Wallop","floor":18.0},{"not_picked":["BowlingBash","Worship","FlyingSleeves"],"picked":"SKIP","floor":19.0},{"not_picked":["FlurryOfBlows","Evaluate"],"picked":"Protect+1","floor":20.0},{"not_picked":["CrushJoints","WreathOfFlame"],"picked":"FlurryOfBlows","floor":22.0},{"not_picked":["FollowUp","FlurryOfBlows"],"picked":"Protect","floor":24.0},{"not_picked":["Sanctity+1","FlurryOfBlows"],"picked":"MentalFortress+1","floor":31.0},{"not_picked":["LessonLearned","Omniscience"],"picked":"Scrawl","floor":33.0},{"not_picked":["Protect","Perseverance"],"picked":"Adaptation+1","floor":35.0},{"not_picked":["FollowUp","Collect","ClearTheMind"],"picked":"SKIP","floor":36.0},{"not_picked":["Swift Strike","Panache+1"],"picked":"Secret Technique","floor":39.0},{"not_picked":["PathToVictory","WreathOfFlame","Prostrate"],"picked":"SKIP","floor":40.0},{"not_picked":["EmptyBody","FlurryOfBlows","MentalFortress+1"],"picked":"SKIP","floor":45.0},{"not_picked":["ThirdEye","WindmillStrike"],"picked":"Wireheading+1","floor":46.0},{"not_picked":["Protect","Study+1","SashWhip+1"],"picked":"SKIP","floor":47.0},{"not_picked":["SashWhip","SandsOfTime","Crescendo"],"picked":"SKIP","floor":55.0}],"player_experience":2495491,"relics_obtained":[{"floor":5.0,"key":"Ornamental Fan"},{"floor":6.0,"key":"The Courier"},{"floor":8.0,"key":"Centennial Puzzle"},{"floor":9.0,"key":"Frozen Egg 2"},{"floor":10.0,"key":"StoneCalendar"},{"floor":26.0,"key":"Eternal Feather"},{"floor":40.0,"key":"Akabeko"},{"floor":40.0,"key":"Bronze Scales"},{"floor":43.0,"key":"Ancient Tea Set"},{"floor":46.0,"key":"Shovel"},{"floor":46.0,"key":"Mango"},{"floor":48.0,"key":"Torii"},{"floor":49.0,"key":"Letter Opener"},{"floor":53.0,"key":"TeardropLocket"},{"floor":55.0,"key":"Boot"},{"floor":55.0,"key":"Whetstone"}],"event_choices":[{"damage_healed":0.0,"max_hp_gain":0.0,"max_hp_loss":0.0,"gold_gain":0.0,"event_name":"Living Wall","player_choice":"Grow","floor":2.0,"gold_loss":0.0,"damage_taken":0.0,"cards_upgraded":["Eruption"]},{"damage_healed":0.0,"max_hp_gain":0.0,"max_hp_loss":0.0,"gold_gain":0.0,"event_name":"Scrap Ooze","player_choice":"Success","floor":4.0,"gold_loss":0.0,"damage_taken":5.0,"relics_obtained":["Pen Nib"]},{"damage_healed":0.0,"max_hp_gain":0.0,"max_hp_loss":0.0,"gold_gain":0.0,"event_name":"Shining Light","player_choice":"Ignored","floor":12.0,"gold_loss":0.0,"damage_taken":0.0},{"damage_healed":0.0,"max_hp_gain":0.0,"max_hp_loss":0.0,"gold_gain":0.0,"event_name":"The Library","player_choice":"Read","floor":28.0,"gold_loss":0.0,"damage_taken":0.0,"cards_obtained":["Adaptation"]},{"damage_healed":0.0,"max_hp_gain":0.0,"max_hp_loss":0.0,"gold_gain":90.0,"event_name":"Knowing Skull","player_choice":"GOLD ","floor":30.0,"potions_obtained":[],"gold_loss":0.0,"damage_taken":12.0,"cards_obtained":[]},{"damage_healed":0.0,"max_hp_gain":0.0,"max_hp_loss":0.0,"gold_gain":0.0,"event_name":"SensoryStone","player_choice":"Memory 1","floor":39.0,"gold_loss":0.0,"damage_taken":0.0},{"damage_healed":0.0,"max_hp_gain":0.0,"max_hp_loss":0.0,"gold_gain":0.0,"event_name":"MindBloom","player_choice":"Fight","floor":48.0,"gold_loss":0.0,"damage_taken":0.0}],"is_beta":false,"boss_relics":[{"not_picked":["Coffee Dripper","Fusion Hammer"],"picked":"SlaversCollar"},{"not_picked":["SacredBark","Runic Dome"],"picked":"Black Star"}],"items_purged_floors":[21,41,54],"is_endless":false,"potions_floor_spawned":[7,8,13,14,16,20,24,45,46,47,48,55],"ascension_level":20}}