{"host":"0cgp910o8339lr91","time":1610615473,"event":{"mods":["BaseMod","Block Reminder","Colored Map","Colored Powertips","Minty Spire (QoL Compilation)","Relic Stats","Slay-I","ojb\u0027s Better Paths Mod","ojb\u0027s Info Mod"],"gold_per_floor":[109,126,139,150,250,285,305,338,364,396,411,427,427,458,458,563,563,579,579,504,531,631,664,664,695,695,729,534,534,107,207,207,306,306,322,339,339,362,322,322,355,355,355,388,388,419,419,448,448,448,448,448,105,139,139],"floor_reached":56,"language":"ENG","playtime":8336,"items_purged":["Strike_B","Defend_B","FTL+1"],"score":2397,"play_id":"c00ef95d-95ae-4df3-b700-4b0aa914292a","local_time":"20210114101113","is_ascension_mode":true,"campfire_choices":[{"data":"Defragment","floor":15.0,"key":"SMITH"},{"data":"Echo Form","floor":24.0,"key":"SMITH"},{"data":"Electrodynamics","floor":29.0,"key":"SMITH"},{"data":"Seek","floor":32.0,"key":"SMITH"},{"data":"Zap","floor":40.0,"key":"SMITH"},{"floor":42.0,"key":"RECALL"},{"data":"Hologram","floor":47.0,"key":"SMITH"},{"data":"Reinforced Body","floor":49.0,"key":"SMITH"},{"data":"Glacier","floor":52.0,"key":"SMITH"}],"circlet_count":0,"master_deck":["AscendersBane","Defend_B+1","Zap+1","Dualcast+1","Seek+1","Darkness+1","Reinforced Body+1","Glacier+1","Hologram+1","Defragment+1","Defragment+1","Electrodynamics+1","Glacier+1","Echo Form+1","White Noise+1","Seek+1","Self Repair","BootSequence+1","Seek+1","Double Energy+1","Madness+1","Madness+1"],"relics":["Astrolabe","HornCleat","Regal Pillow","Smiling Mask","Bronze Scales","Juzu Bracelet","Runic Pyramid","Red Mask","Bag of Marbles","Toxic Egg 2","Letter Opener","Nunchaku","Runic Capacitor","Medical Kit","Omamori","Incense Burner","Meat on the Bone","Empty Cage","DataDisk","Gambling Chip","Dream Catcher","Art of War","MealTicket","War Paint","Toy Ornithopter","Happy Flower"],"acts_visited":["Exordium","TheCity","TheBeyond","TheEnding"],"potions_floor_usage":[55,55],"damage_taken":[{"damage":0.0,"enemies":"Cultist","floor":1.0,"turns":2.0},{"damage":0.0,"enemies":"Jaw Worm","floor":2.0,"turns":2.0},{"damage":0.0,"enemies":"2 Louse","floor":3.0,"turns":2.0},{"damage":0.0,"enemies":"Blue Slaver","floor":4.0,"turns":3.0},{"damage":0.0,"enemies":"Lagavulin","floor":6.0,"turns":4.0},{"damage":3.0,"enemies":"3 Louse","floor":7.0,"turns":5.0},{"damage":0.0,"enemies":"Gremlin Nob","floor":8.0,"turns":3.0},{"damage":0.0,"enemies":"Lagavulin","floor":10.0,"turns":7.0},{"damage":2.0,"enemies":"Red Slaver","floor":11.0,"turns":6.0},{"damage":0.0,"enemies":"Large Slime","floor":12.0,"turns":3.0},{"damage":0.0,"enemies":"3 Sentries","floor":14.0,"turns":4.0},{"damage":0.0,"enemies":"Slime Boss","floor":16.0,"turns":5.0},{"damage":0.0,"enemies":"Spheric Guardian","floor":18.0,"turns":5.0},{"damage":12.0,"enemies":"Masked Bandits","floor":21.0,"turns":3.0},{"damage":9.0,"enemies":"Gremlin Leader","floor":23.0,"turns":8.0},{"damage":10.0,"enemies":"Book of Stabbing","floor":25.0,"turns":5.0},{"damage":14.0,"enemies":"Slavers","floor":27.0,"turns":4.0},{"damage":0.0,"enemies":"Colosseum Slavers","floor":31.0,"turns":6.0},{"damage":5.0,"enemies":"Colosseum Nobs","floor":31.0,"turns":4.0},{"damage":0.0,"enemies":"Champ","floor":33.0,"turns":8.0},{"damage":6.0,"enemies":"3 Darklings","floor":35.0,"turns":4.0},{"damage":0.0,"enemies":"3 Shapes","floor":36.0,"turns":4.0},{"damage":0.0,"enemies":"Reptomancer","floor":41.0,"turns":4.0},{"damage":0.0,"enemies":"Giant Head","floor":44.0,"turns":5.0},{"damage":1.0,"enemies":"Reptomancer","floor":46.0,"turns":6.0},{"damage":5.0,"enemies":"Nemesis","floor":48.0,"turns":7.0},{"damage":7.0,"enemies":"Time Eater","floor":50.0,"turns":9.0},{"damage":0.0,"enemies":"Shield and Spear","floor":54.0,"turns":6.0},{"damage":28,"enemies":"The Heart","floor":55,"turns":6}],"seed_played":"-1963271744201024416","potions_obtained":[{"floor":2.0,"key":"Weak Potion"},{"floor":4.0,"key":"Energy Potion"},{"floor":8.0,"key":"Strength Potion"},{"floor":10.0,"key":"SkillPotion"},{"floor":16.0,"key":"Strength Potion"},{"floor":21.0,"key":"Regen Potion"},{"floor":25.0,"key":"Regen Potion"},{"floor":31.0,"key":"PowerPotion"}],"is_trial":false,"path_per_floor":["M","M","M","M","?","E","M","E","T","E","M","M","?","E","R","B",null,"M","?","?","?","?","E","R","E","T","E","$","R","$","?","R","B",null,"M","M","?","T","?","R","E","R","T","E","?","E","R","E","R","B",null,"R","$","E","B",null],"character_chosen":"DEFECT","items_purchased":["Runic Capacitor","Medical Kit","DuplicationPotion","Omamori","War Paint","Toy Ornithopter"],"campfire_rested":0,"item_purchase_floors":[28,30,30,30,53,53],"current_hp_per_floor":[68,68,68,68,68,68,65,65,65,65,63,63,48,48,48,48,68,68,54,54,42,42,33,33,37,37,35,35,35,35,58,58,65,76,80,80,70,70,70,70,77,77,77,80,80,80,80,80,80,80,80,80,80,80,52],"gold":139,"neow_bonus":"BOSS_RELIC","is_daily":false,"chose_seed":false,"campfire_upgraded":8,"win_rate":0.0,"timestamp":1610615473,"path_taken":["M","M","M","?","?","E","M","E","T","E","M","?","?","E","R","BOSS","M","?","?","?","?","E","R","E","T","E","$","R","$","?","R","BOSS","M","M","?","?","?","R","E","R","T","E","?","E","R","E","R","BOSS","R","$","E","BOSS"],"items_purchased_type":["Relic","Relic","Potion","Relic","Relic","Relic"],"build_version":"2020-12-22","purchased_purges":3,"victory":true,"max_hp_per_floor":[75,75,75,75,75,75,75,75,75,75,75,75,75,75,75,75,75,75,80,80,80,80,80,80,80,80,80,80,80,80,80,80,80,80,80,80,80,80,80,80,80,80,80,80,80,80,80,80,80,80,80,80,80,80,80],"relic_stats":{"Regal Pillow":0,"Happy Flower":[2],"counters":[29,140],"Astrolabe":["FTL","Seek","Darkness"],"Juzu Bracelet":2,"Letter Opener":[290],"War Paint":["Glacier"],"Smiling Mask":150,"Medical Kit":[10],"Nunchaku":[2],"Dream Catcher":0,"Bronze Scales":[407],"Gambling Chip":[9],"MealTicket":0,"Art of War":[19],"obtain_stats":[{"Regal Pillow":8,"Juzu Bracelet":14,"Runic Capacitor":28,"Incense Burner":31,"Smiling Mask":9,"Empty Cage":34,"Nunchaku":27,"Dream Catcher":44,"HornCleat":6,"Gambling Chip":41,"MealTicket":48,"Red Mask":21,"Toxic Egg 2":25,"Cracked Core":0,"Runic Pyramid":17,"Happy Flower":54,"Astrolabe":0,"Omamori":30,"Letter Opener":26,"War Paint":53,"Medical Kit":30,"DataDisk":38,"Bronze Scales":10,"Bag of Marbles":23,"Art of War":46,"Toy Ornithopter":53,"Meat on the Bone":31},{"Regal Pillow":7,"Juzu Bracelet":11,"Runic Capacitor":17,"Incense Burner":19,"Smiling Mask":7,"Empty Cage":20,"Nunchaku":17,"Dream Catcher":24,"HornCleat":5,"Gambling Chip":23,"MealTicket":26,"Red Mask":14,"Toxic Egg 2":16,"Cracked Core":0,"Runic Pyramid":12,"Happy Flower":28,"Astrolabe":0,"Omamori":17,"Letter Opener":16,"War Paint":27,"Medical Kit":17,"DataDisk":22,"Bronze Scales":8,"Bag of Marbles":15,"Art of War":25,"Toy Ornithopter":27,"Meat on the Bone":19},{"Regal Pillow":21,"Juzu Bracelet":41,"Runic Capacitor":71,"Incense Burner":81,"Smiling Mask":21,"Empty Cage":89,"Nunchaku":71,"Dream Catcher":106,"HornCleat":13,"Gambling Chip":101,"MealTicket":119,"Red Mask":54,"Toxic Egg 2":67,"Cracked Core":0,"Runic Pyramid":46,"Happy Flower":134,"Astrolabe":0,"Omamori":71,"Letter Opener":67,"War Paint":128,"Medical Kit":71,"DataDisk":97,"Bronze Scales":28,"Bag of Marbles":62,"Art of War":112,"Toy Ornithopter":128,"Meat on the Bone":81}],"Toy Ornithopter":0,"Meat on the Bone":0},"card_choices":[{"not_picked":["Sweeping Beam","Go for the Eyes"],"picked":"Reinforced Body","floor":1.0},{"not_picked":["Beam Cell","FTL"],"picked":"Glacier","floor":2.0},{"not_picked":["Redo","Blizzard","Reinforced Body"],"picked":"SKIP","floor":3.0},{"not_picked":["Turbo","Sweeping Beam"],"picked":"Hologram","floor":4.0},{"not_picked":["Hologram","Melter"],"picked":"Defragment","floor":6.0},{"not_picked":["Cold Snap","Rebound"],"picked":"Undo","floor":7.0},{"not_picked":["Doom and Gloom","Sweeping Beam"],"picked":"Defragment","floor":8.0},{"not_picked":["Steam","Barrage"],"picked":"Electrodynamics","floor":10.0},{"not_picked":["Consume","Doom and Gloom","Streamline"],"picked":"SKIP","floor":11.0},{"not_picked":["Conserve Battery","Aggregate"],"picked":"Glacier","floor":12.0},{"not_picked":["Fusion","Skim","Double Energy"],"picked":"SKIP","floor":14.0},{"not_picked":["Electrodynamics","Amplify"],"picked":"Echo Form","floor":16.0},{"not_picked":["Leap","Streamline"],"picked":"White Noise+1","floor":18.0},{"not_picked":["Heatsinks","Reinforced Body"],"picked":"Seek","floor":23.0},{"not_picked":["Sweeping Beam","Multi-Cast+1","Consume+1"],"picked":"SKIP","floor":25.0},{"not_picked":["Compile Driver","Hologram+1"],"picked":"Self Repair","floor":27.0},{"not_picked":["Lockon","Undo+1"],"picked":"BootSequence+1","floor":31.0},{"not_picked":["Creative AI","All For One"],"picked":"Seek+1","floor":33.0},{"not_picked":["Ball Lightning","Turbo+1"],"picked":"Double Energy+1","floor":35.0},{"not_picked":["Sweeping Beam","Conserve Battery+1","Coolheaded+1"],"picked":"SKIP","floor":36.0},{"not_picked":["Lockon","Barrage","Conserve Battery+1"],"picked":"SKIP","floor":41.0},{"not_picked":["Skim+1","FTL","Double Energy+1"],"picked":"SKIP","floor":44.0},{"not_picked":["Streamline+1","White Noise+1","Gash+1"],"picked":"SKIP","floor":46.0},{"not_picked":["Rip and Tear","Reprogram+1","Coolheaded+1"],"picked":"SKIP","floor":48.0},{"not_picked":["Compile Driver+1","Meteor Strike","Scrape"],"picked":"SKIP","floor":54.0}],"player_experience":1404787,"relics_obtained":[{"floor":6.0,"key":"HornCleat"},{"floor":8.0,"key":"Regal Pillow"},{"floor":9.0,"key":"Smiling Mask"},{"floor":10.0,"key":"Bronze Scales"},{"floor":14.0,"key":"Juzu Bracelet"},{"floor":21.0,"key":"Red Mask"},{"floor":23.0,"key":"Bag of Marbles"},{"floor":25.0,"key":"Toxic Egg 2"},{"floor":26.0,"key":"Letter Opener"},{"floor":27.0,"key":"Nunchaku"},{"floor":31.0,"key":"Incense Burner"},{"floor":31.0,"key":"Meat on the Bone"},{"floor":38.0,"key":"DataDisk"},{"floor":41.0,"key":"Gambling Chip"},{"floor":44.0,"key":"Dream Catcher"},{"floor":46.0,"key":"Art of War"},{"floor":48.0,"key":"MealTicket"},{"floor":54.0,"key":"Happy Flower"}],"event_choices":[{"damage_healed":0.0,"max_hp_gain":0.0,"max_hp_loss":0.0,"gold_gain":100.0,"event_name":"Golden Shrine","player_choice":"Pray","floor":5.0,"gold_loss":0.0,"damage_taken":0.0},{"damage_healed":0.0,"max_hp_gain":0.0,"max_hp_loss":0.0,"gold_gain":0.0,"event_name":"Shining Light","player_choice":"Entered Light","floor":13.0,"gold_loss":0.0,"damage_taken":15.0,"cards_upgraded":["Defragment","Defend_B"]},{"damage_healed":0.0,"max_hp_gain":5.0,"max_hp_loss":0.0,"gold_gain":0.0,"event_name":"Forgotten Altar","player_choice":"Shed Blood","floor":19.0,"gold_loss":0.0,"damage_taken":19.0},{"cards_removed":["Strike_B"],"damage_healed":0.0,"max_hp_gain":0.0,"max_hp_loss":0.0,"gold_gain":0.0,"event_name":"Beggar","player_choice":"Gave Gold","floor":20.0,"gold_loss":75.0,"damage_taken":0.0},{"damage_healed":0.0,"max_hp_gain":0.0,"max_hp_loss":0.0,"gold_gain":0.0,"event_name":"Masked Bandits","player_choice":"Fought Bandits","floor":21.0,"gold_loss":0.0,"damage_taken":0.0},{"damage_healed":0.0,"max_hp_gain":0.0,"max_hp_loss":0.0,"gold_gain":100.0,"event_name":"Golden Shrine","player_choice":"Pray","floor":22.0,"gold_loss":0.0,"damage_taken":0.0},{"damage_healed":0.0,"max_hp_gain":0.0,"max_hp_loss":0.0,"gold_gain":0.0,"event_name":"Colosseum","player_choice":"Fight","floor":31.0,"gold_loss":0.0,"damage_taken":0.0},{"damage_healed":0.0,"max_hp_gain":0.0,"max_hp_loss":0.0,"gold_gain":0.0,"event_name":"Colosseum","player_choice":"Fought Nobs","floor":31.0,"gold_loss":0.0,"damage_taken":0.0},{"damage_healed":0.0,"max_hp_gain":0.0,"max_hp_loss":0.0,"gold_gain":0.0,"event_name":"Winding Halls","player_choice":"Embrace Madness","floor":37.0,"gold_loss":0.0,"damage_taken":10.0,"cards_obtained":["Madness","Madness"]},{"damage_healed":0.0,"max_hp_gain":0.0,"max_hp_loss":0.0,"gold_gain":0.0,"event_name":"Designer","player_choice":"Upgrade","floor":39.0,"gold_loss":40.0,"damage_taken":0.0,"cards_upgraded":["Dualcast"]},{"damage_healed":0.0,"max_hp_gain":0.0,"max_hp_loss":0.0,"gold_gain":0.0,"event_name":"Tomb of Lord Red Mask","player_choice":"Ignored","floor":45.0,"gold_loss":0.0,"damage_taken":0.0}],"is_beta":false,"boss_relics":[{"not_picked":["Sozu","Philosopher\u0027s Stone"],"picked":"Runic Pyramid"},{"not_picked":["Calling Bell","Pandora\u0027s Box"],"picked":"Empty Cage"}],"items_purged_floors":[28,30,53],"is_endless":false,"potions_floor_spawned":[2,4,6,8,10,16,21,25,31,35,44,54],"ascension_level":12}}