{"host":"g7trc0x2teqyd8ye","time":1610653818,"event":{"mods":["BaseMod","Key Reminder","Minty Spire (QoL Compilation)","Relic Stats"],"gold_per_floor":[113,133,133,147,162,191,191,224,224,255,255,255,430,448,448,541,541,556,3,17,33,132,132,132],"floor_reached":23,"language":"ENG","playtime":1063,"items_purged":["Doubt"],"score":389,"play_id":"93707fa2-8d7a-476e-831a-17479896fa68","local_time":"20210114205018","is_ascension_mode":true,"campfire_choices":[{"floor":11,"key":"REST"},{"floor":15,"key":"REST"}],"circlet_count":0,"master_deck":["AscendersBane","Zap+1","Dualcast","Capacitor+1","Stack","Chill","White Noise","Force Field","Rebound","Conserve Battery","Melter","Sweeping Beam","All For One","Self Repair","Lockon","Gash","Hello World","Lockon","Rip and Tear","Aggregate+1","Ball Lightning","Tempest","Coolheaded","Panacea","Chrysalis","Stack","Beam Cell+1"],"relics":["Cracked Core","PreservedInsect","keyreminder:keyreminder","Golden Idol","Potion Belt","Strawberry","Sundial","Ice Cream","Pandora\u0027s Box"],"acts_visited":["Exordium","TheCity"],"potions_floor_usage":[6,6,16,23,23],"damage_taken":[{"damage":2,"enemies":"Jaw Worm","floor":1,"turns":4},{"damage":3,"enemies":"Small Slimes","floor":2,"turns":4},{"damage":0,"enemies":"2 Louse","floor":4,"turns":4},{"damage":4,"enemies":"Exordium Wildlife","floor":5,"turns":8},{"damage":0,"enemies":"Lagavulin","floor":6,"turns":10},{"damage":35,"enemies":"Gremlin Nob","floor":8,"turns":5},{"damage":3,"enemies":"Lagavulin","floor":10,"turns":6},{"damage":7,"enemies":"Blue Slaver","floor":14,"turns":4},{"damage":11,"enemies":"Slime Boss","floor":16,"turns":10},{"damage":19,"enemies":"3 Byrds","floor":18,"turns":5},{"damage":25,"enemies":"Spheric Guardian","floor":20,"turns":4},{"damage":15,"enemies":"Snecko","floor":21,"turns":5},{"damage":30,"enemies":"Book of Stabbing","floor":23,"turns":3}],"seed_played":"4628738474803800383","potions_obtained":[{"floor":1,"key":"Energy Potion"},{"floor":5,"key":"DistilledChaos"},{"floor":6,"key":"Ancient Potion"},{"floor":8,"key":"Strength Potion"},{"floor":16,"key":"EssenceOfSteel"}],"is_trial":false,"path_per_floor":["M","M","?","M","M","E","?","E","T","E","R","T","?","M","R","B",null,"M","$","M","M","?","E"],"character_chosen":"DEFECT","items_purchased":["Ball Lightning","Tempest","Coolheaded","AttackPotion","Panacea","Chrysalis"],"campfire_rested":2,"item_purchase_floors":[19,19,19,19,19,19],"current_hp_per_floor":[66,63,49,49,45,45,45,10,17,14,35,35,35,28,49,38,62,50,50,32,24,24,0,0],"gold":132,"neow_bonus":"TRANSFORM_TWO_CARDS","is_daily":false,"chose_seed":false,"campfire_upgraded":0,"win_rate":0.0,"timestamp":1610653818,"path_taken":["M","M","?","M","M","E","?","E","T","E","R","?","?","?","R","BOSS","M","$","M","M","?","E"],"items_purchased_type":["Card","Card","Card","Potion","Card","Card"],"build_version":"2020-12-22","purchased_purges":1,"victory":false,"max_hp_per_floor":[68,68,68,68,68,68,63,63,70,70,70,70,70,70,70,70,70,70,70,70,70,70,70,70],"relic_stats":{"counters":[13,72],"Golden Idol":45,"Sundial":[2],"Pandora\u0027s Box":["Self Repair","Lockon","Gash","Hello World","Lockon","Rip and Tear"],"PreservedInsect":92,"obtain_stats":[{"keyreminder:keyreminder":6,"Potion Belt":8,"Ice Cream":12,"Golden Idol":7,"Sundial":10,"Strawberry":9,"Pandora\u0027s Box":17,"PreservedInsect":6,"Cracked Core":0},{"keyreminder:keyreminder":5,"Potion Belt":6,"Ice Cream":7,"Golden Idol":5,"Sundial":7,"Strawberry":6,"Pandora\u0027s Box":9,"PreservedInsect":5,"Cracked Core":0},{"keyreminder:keyreminder":30,"Potion Belt":35,"Ice Cream":41,"Golden Idol":30,"Sundial":41,"Strawberry":35,"Pandora\u0027s Box":55,"PreservedInsect":30,"Cracked Core":0}]},"card_choices":[{"not_picked":["Genetic Algorithm","Sweeping Beam"],"picked":"Chill","floor":1},{"not_picked":["Go for the Eyes","Rebound"],"picked":"White Noise","floor":2},{"not_picked":["Rebound","Double Energy"],"picked":"Force Field","floor":4},{"not_picked":["Hologram","Streamline"],"picked":"Rebound","floor":5},{"not_picked":["Stack","Reprogram","Steam"],"picked":"SKIP","floor":6},{"not_picked":["Leap","Double Energy"],"picked":"Conserve Battery","floor":8},{"not_picked":["Double Energy","Skim"],"picked":"Melter","floor":10},{"not_picked":["Go for the Eyes","Chaos"],"picked":"Sweeping Beam","floor":14},{"not_picked":["Biased Cognition","Amplify"],"picked":"All For One","floor":16},{"not_picked":["Go for the Eyes","Undo"],"picked":"Aggregate+1","floor":18},{"not_picked":["Streamline+1","Storm"],"picked":"Stack","floor":20},{"not_picked":["Fusion","Streamline"],"picked":"Beam Cell+1","floor":21}],"player_experience":913325,"relics_obtained":[{"floor":6,"key":"PreservedInsect"},{"floor":8,"key":"Potion Belt"},{"floor":9,"key":"Strawberry"},{"floor":10,"key":"Sundial"},{"floor":12,"key":"Ice Cream"}],"event_choices":[{"damage_healed":0,"gold_gain":0,"player_choice":"Entered Light","damage_taken":14,"max_hp_gain":0,"max_hp_loss":0,"event_name":"Shining Light","floor":3,"gold_loss":0,"cards_upgraded":["Zap","Capacitor"]},{"damage_healed":0,"gold_gain":0,"player_choice":"Lose Max HP","damage_taken":0,"relics_obtained":["Golden Idol"],"max_hp_gain":0,"max_hp_loss":5,"event_name":"Golden Idol","floor":7,"gold_loss":0},{"damage_healed":0,"gold_gain":175,"player_choice":"AGREE","damage_taken":0,"max_hp_gain":0,"max_hp_loss":0,"event_name":"Liars Game","floor":13,"gold_loss":0,"cards_obtained":["Doubt"]},{"damage_healed":0,"gold_gain":99,"player_choice":"Stole From Cult","damage_taken":0,"max_hp_gain":0,"max_hp_loss":0,"event_name":"Nest","floor":22,"gold_loss":0}],"is_beta":false,"boss_relics":[{"not_picked":["Empty Cage","Inserter"],"picked":"Pandora\u0027s Box"}],"items_purged_floors":[19],"is_endless":false,"potions_floor_spawned":[1,5,6,8,16],"killed_by":"Book of Stabbing","ascension_level":13}}