{"host":"ecaj4hn004xnnrw9","time":1610632976,"event":{"mods":["AchievementEnabler","BaseMod","Better Third Choice","Hermit","Hubris","Infinite Spire","Jorbs\u0027s Wanderer Trilogy","Minty Spire (QoL Compilation)","Quick Restart","Shop Mod","StSLib","The Construct","The Jungle","The Runesmith"],"gold_per_floor":[111,111,61,79,79,79,114,114,138,10,21,21,50,64,64,159,159,177,197,209,109,109,109],"floor_reached":22,"language":"ENG","playtime":498,"items_purged":["Defend_P","Strike_P"],"score":230,"play_id":"8b219708-a6e3-4b52-830e-d42ea755cd5f","local_time":"20210114140256","is_ascension_mode":true,"campfire_choices":[{"data":"TalkToTheHand","floor":6,"key":"SMITH"},{"data":"FlyingSleeves","floor":8,"key":"SMITH"},{"data":"FlurryOfBlows","floor":12,"key":"SMITH"},{"data":"CrushJoints","floor":15,"key":"SMITH"}],"circlet_count":0,"master_deck":["Defend_P","Defend_P","Eruption+1","Vigilance","FlyingSleeves+1","TalkToTheHand+1","FlurryOfBlows+1","CrushJoints+1","FollowUp","Consecrate","JustLucky","Blasphemy","Adaptation","Wallop"],"relics":["Empty Cage","hubris:Icosahedron"],"acts_visited":["Exordium","TheCity"],"potions_floor_usage":[],"damage_taken":[{"damage":0,"enemies":"Cultist","floor":1,"turns":4},{"damage":0,"enemies":"Jaw Worm","floor":4,"turns":2},{"damage":19,"enemies":"Lagavulin","floor":7,"turns":6},{"damage":0,"enemies":"2 Louse","floor":11,"turns":2},{"damage":0,"enemies":"Gremlin Nob","floor":13,"turns":2},{"damage":0,"enemies":"Blue Slaver","floor":14,"turns":2},{"damage":8,"enemies":"Slime Boss","floor":16,"turns":5},{"damage":10,"enemies":"Shell Parasite","floor":18,"turns":4},{"damage":2,"enemies":"Chosen","floor":19,"turns":2},{"damage":18,"enemies":"Snake Plant","floor":20,"turns":4}],"seed_played":"-6395386248802382895","potions_obtained":[{"floor":11,"key":"Dexterity Potion"},{"floor":16,"key":"EntropicBrew"},{"floor":18,"key":"Regen Potion"}],"is_trial":false,"path_per_floor":["M","?","?","M","?","R","E","R","T","$","M","R","E","M","R","B",null,"M","M","M","$","?"],"character_chosen":"WATCHER","items_purchased":["CrushJoints"],"campfire_rested":0,"item_purchase_floors":[10],"current_hp_per_floor":[72,72,72,72,65,65,46,46,46,46,46,46,46,46,46,38,72,62,60,42,42,42,42],"gold":109,"neow_bonus":"BOSS_RELIC","is_daily":false,"chose_seed":false,"campfire_upgraded":4,"win_rate":0.0,"timestamp":1610632976,"path_taken":["M","?","?","M","?","R","E","R","T","?","M","R","E","?","R","BOSS","M","M","M","$","?"],"items_purchased_type":["Card"],"build_version":"2020-12-22","purchased_purges":2,"victory":false,"max_hp_per_floor":[72,72,72,72,72,72,72,72,72,72,72,72,72,72,72,72,72,72,72,72,72,72,72],"card_choices":[{"not_picked":["BowlingBash","ThirdEye"],"picked":"FlyingSleeves","floor":1},{"not_picked":["JustLucky","EmptyBody"],"picked":"TalkToTheHand","floor":4},{"not_picked":["CrushJoints","FollowUp"],"picked":"FlurryOfBlows","floor":7},{"not_picked":["Evaluate","Vengeance"],"picked":"FollowUp","floor":11},{"not_picked":["EmptyBody","DevaForm"],"picked":"Consecrate","floor":13},{"not_picked":["Evaluate","WreathOfFlame"],"picked":"JustLucky","floor":14},{"not_picked":["Vault","DevaForm"],"picked":"Blasphemy","floor":16},{"not_picked":["Sanctity+1","CrushJoints"],"picked":"Adaptation","floor":18},{"not_picked":["FollowUp","CutThroughFate","Study"],"picked":"SKIP","floor":19},{"not_picked":["Sanctity","Fasting2"],"picked":"Wallop","floor":20}],"player_experience":339921,"relics_obtained":[],"event_choices":[{"damage_healed":0,"gold_gain":0,"player_choice":"Grow","damage_taken":0,"max_hp_gain":0,"max_hp_loss":0,"event_name":"Living Wall","floor":2,"gold_loss":0,"cards_upgraded":["Eruption"]},{"cards_removed":["Strike_P"],"damage_healed":0,"gold_gain":0,"player_choice":"Card Removal","damage_taken":0,"max_hp_gain":0,"max_hp_loss":0,"event_name":"The Cleric","floor":3,"gold_loss":50},{"cards_removed":["Strike_P"],"damage_healed":0,"gold_gain":0,"player_choice":"Card Removal","damage_taken":7,"max_hp_gain":0,"max_hp_loss":0,"event_name":"Golden Wing","floor":5,"gold_loss":0}],"is_beta":false,"boss_relics":[{"not_picked":["Runic Pyramid","hubris:CrackedHourglass","hubris:RunicObelisk"]}],"items_purged_floors":[10,21],"is_endless":false,"potions_floor_spawned":[11,16,18],"ascension_level":1}}