{"host":"kqe6w2igxc79vo14","time":1610639654,"event":{"mods":["AchievementEnabler","BaseMod","Downfall","Minty Spire (QoL Compilation)","Quick Restart","StSLib"],"gold_per_floor":[99,109,23,42,42,42,68,92,117,117,127,145,163,174,185,185,185,185],"floor_reached":16,"language":"ENG","playtime":550,"items_purged":[],"score":104,"play_id":"47d6a7ff-519f-4f80-b793-9730e6b197a0","local_time":"20210114175414","is_ascension_mode":false,"campfire_choices":[{"data":"Guardian:StasisStrike","floor":1,"key":"SMITH"},{"floor":10,"key":"REST"}],"circlet_count":0,"master_deck":["Guardian:Strike_Guardian","Guardian:Strike_Guardian","Guardian:Strike_Guardian","Guardian:Defend_Guardian","Guardian:Defend_Guardian","Guardian:Defend_Guardian","Guardian:Defend_Guardian","Guardian:CurlUp","Guardian:TwinSlam","Guardian:StasisStrike+1","Guardian:Repulse","Guardian:TemporalStrike","Guardian:FloatingOrbs","Guardian:Orbwalk","Guardian:GuardianWhirl","Guardian:FloatingOrbs","Guardian:ShieldSpikes","Guardian:Gem_Green","Guardian:FloatingOrbs"],"relics":["Guardian:ModeShifter","Pen Nib","Ancient Tea Set","Smiling Mask","Nunchaku"],"acts_visited":["Exordium"],"potions_floor_usage":[16,16],"damage_taken":[{"damage":7,"enemies":"Small Slimes","floor":2,"turns":4},{"damage":10,"enemies":"downfall:FleeingMerchant","floor":3,"turns":4},{"damage":13,"enemies":"Jaw Worm","floor":4,"turns":3},{"damage":20,"enemies":"Lagavulin","floor":9,"turns":5},{"damage":0,"enemies":"Cultist","floor":11,"turns":2},{"damage":9,"enemies":"Red Slaver","floor":12,"turns":3},{"damage":12,"enemies":"Exordium Thugs","floor":13,"turns":3},{"damage":2,"enemies":"Large Slime","floor":14,"turns":4},{"damage":6,"enemies":"Exordium Wildlife","floor":15,"turns":4},{"damage":29,"enemies":"downfall:Defect","floor":16,"turns":4}],"seed_played":"6974017165370864376","potions_obtained":[{"floor":2,"key":"SteroidPotion"},{"floor":9,"key":"ColorlessPotion"},{"floor":13,"key":"Regen Potion"},{"floor":14,"key":"Guardian:StasisDiscoveryPotion"}],"is_trial":false,"path_per_floor":["R","M","$","M","?","?","T","T","E","R","M","M","M","M","M","B"],"character_chosen":"GUARDIAN","items_purchased":["Guardian:FloatingOrbs"],"campfire_rested":1,"item_purchase_floors":[3],"current_hp_per_floor":[72,65,55,42,30,30,30,30,10,31,31,22,10,8,2,0,0,0],"gold":185,"neow_bonus":"THREE_RARE_CARDS","is_daily":false,"chose_seed":false,"campfire_upgraded":1,"win_rate":0.0,"timestamp":1610639654,"path_taken":["R","M","$","M","?","?","T","?","E","R","M","?","M","M","M","BOSS"],"items_purchased_type":["Card"],"build_version":"2020-12-22","purchased_purges":0,"victory":false,"max_hp_per_floor":[72,72,72,72,72,72,72,72,72,72,72,72,72,72,72,72,72,72],"card_choices":[{"not_picked":["Guardian:FastForward","Guardian:ConstructionForm"],"picked":"Guardian:StasisStrike","floor":0},{"not_picked":["Guardian:BronzeOrb","Guardian:Gem_Red"],"picked":"Guardian:Repulse","floor":2},{"not_picked":["Guardian:CrystalBeam","Guardian:Gem_Purple"],"picked":"Guardian:TemporalStrike","floor":3},{"not_picked":["Guardian:Incinerate","Guardian:PrismaticBarrier"],"picked":"Guardian:Orbwalk","floor":4},{"not_picked":["Guardian:Emergency","Guardian:EvasiveProtocol"],"picked":"Guardian:GuardianWhirl","floor":9},{"not_picked":["Guardian:Gem_Green","Guardian:PiercingHide"],"picked":"Guardian:FloatingOrbs","floor":11},{"not_picked":["Guardian:VentSteam","Guardian:PrismaticBarrier"],"picked":"Guardian:ShieldSpikes","floor":12},{"not_picked":["Guardian:RefractedBeam","Guardian:Gem_Lightblue"],"picked":"Guardian:Gem_Green","floor":13},{"not_picked":["Guardian:PrimingBeam","Guardian:WalkerClaw","Guardian:Gem_Lightblue"],"picked":"SKIP","floor":14},{"not_picked":["Guardian:Incinerate","Guardian:Suspension"],"picked":"Guardian:FloatingOrbs","floor":15}],"player_experience":905111,"relics_obtained":[{"floor":7,"key":"Ancient Tea Set"},{"floor":8,"key":"Smiling Mask"},{"floor":9,"key":"Nunchaku"}],"event_choices":[{"damage_healed":0,"gold_gain":0,"player_choice":"Success","damage_taken":12,"relics_obtained":["Pen Nib"],"max_hp_gain":0,"max_hp_loss":0,"event_name":"Scrap Ooze","floor":5,"gold_loss":0}],"is_beta":false,"boss_relics":[],"items_purged_floors":[],"is_endless":false,"potions_floor_spawned":[2,9,13,14],"killed_by":"downfall:Defect","ascension_level":0}}