{"host":"jpol0bbzretdyr3c","time":1610600343,"event":{"mods":["100% Spire Juice","Act Like it!","BaseMod","Colored Map","Downfall","Gensokyo","Googly Eyes","Infinite Spire","Koishi","Marisa????????","Minty Spire (QoL Compilation)","Replay The Spire","StSLib","The Servant 0.9.4"],"gold_per_floor":[111,130,146,163,163,163,163],"floor_reached":6,"language":"ENG","playtime":319,"items_purged":[],"score":48,"play_id":"386f9fe9-27cf-467a-b589-78afafacdff0","local_time":"20210113205903","is_ascension_mode":true,"campfire_choices":[],"circlet_count":0,"master_deck":["Koishi:BasicStrike","Koishi:BasicStrike","Koishi:BasicStrike","Koishi:BasicDefend","Koishi:BasicDefend","Koishi:BasicDefend","Koishi:BasicDefend","Koishi:Provoke","Koishi:HauntingSlash","Koishi:HeartAttack","Koishi:UnconsciousUrges","Koishi:JumpScare","Koishi:Vanish","Koishi:SubconsciousSweep"],"relics":["Koishi:ImaginaryFriend","Letter Opener"],"acts_visited":["Gensokyo:Gensokyo"],"potions_floor_usage":[],"damage_taken":[{"damage":19,"enemies":"Gensokyo:3_Fairies","floor":1,"turns":7},{"damage":1,"enemies":"Gensokyo:Python","floor":2,"turns":3},{"damage":9,"enemies":"Gensokyo:Gryphon","floor":3,"turns":5},{"damage":10,"enemies":"Gensokyo:Kitsune","floor":4,"turns":4},{"damage":20,"enemies":"Gensokyo:Mamizou","floor":6,"turns":3}],"seed_played":"-2802700991435260690","potions_obtained":[{"floor":2,"key":"Elixir"}],"is_trial":false,"path_per_floor":["M","M","M","M","?","E"],"character_chosen":"KOISHI","items_purchased":[],"campfire_rested":0,"item_purchase_floors":[],"current_hp_per_floor":[41,41,35,27,15,0,0],"gold":163,"neow_bonus":"TRANSFORM_CARD","is_daily":false,"chose_seed":false,"campfire_upgraded":0,"win_rate":0.0,"timestamp":1610600343,"path_taken":["M","M","M","M","?","E"],"items_purchased_type":[],"build_version":"2020-12-22","purchased_purges":0,"victory":false,"max_hp_per_floor":[60,60,60,60,60,60,60],"card_choices":[{"not_picked":["Koishi:HeartfeltFancy","Koishi:ApparitionsStalkTheNight"],"picked":"Koishi:UnconsciousUrges","floor":1},{"not_picked":["Koishi:RacingHeart","Koishi:Untouchable"],"picked":"Koishi:JumpScare","floor":2},{"not_picked":["Koishi:ReflexRadar","Koishi:Jaunt"],"picked":"Koishi:Vanish","floor":3},{"not_picked":["Koishi:UnansweredLove","Koishi:ReflexRadar"],"picked":"Koishi:SubconsciousSweep","floor":4}],"player_experience":451895,"relics_obtained":[],"event_choices":[],"is_beta":false,"boss_relics":[],"items_purged_floors":[],"is_endless":false,"potions_floor_spawned":[2],"killed_by":"Gensokyo:Mamizou","ascension_level":5}}