{"host":"a3oe3gstxz77c7qu","time":1610625842,"event":{"mods":["2.2 Compatiblity","Act Like it!","Astrologer","BaseMod","Bestiary","Better Altar","Better Match","Better Note","Better Skull","Better Third Choice","Block Reminder","Curses Come First","Custom Start","Dark Map","Downfall","Friendly Minions","GifTheSpireLib","Hermit","Jorbs\u0027s Wanderer Trilogy","Lobotomy","LobotomyExtend","Marisa????????","Minty Spire (QoL Compilation)","Permanent Neow","Quick Restart","Relic Stats","Replay The Spire","StSLib","The Bug Knight","The Cursed","The Disciple","Uncapped","Unknown Chances","Wandering Minibosses"],"gold_per_floor":[99,111,123,140,160,85,108,95,95,114,139,24,38,38,53,156,156,156,232,142,142,156,156,156,167,167,177,211,211,311,327,346,451,451,451,465,482,493,493,541,541,541,551,568,586,596,596,609,627,627,627],"floor_reached":52,"language":"ENG","playtime":4858,"items_purged":["Delirium","Guardian:Strike_Guardian"],"score":795,"play_id":"b32754f5-4a6d-4136-9794-83abf29249be","local_time":"20210114120402","is_ascension_mode":true,"campfire_choices":[{"floor":1.0,"key":"RECALL"},{"data":"Guardian:Orbwalk","floor":6.0,"key":"SMITH"},{"data":"Guardian:StasisStrike","floor":18.0,"key":"SMITH"},{"floor":23.0,"key":"REST"},{"data":"Guardian:PolyBeam","floor":29.0,"key":"SMITH"},{"data":"Guardian:Clone","floor":35,"key":"SMITH"},{"floor":42,"key":"REST"}],"circlet_count":0,"master_deck":["Guardian:Strike_Guardian+1","Guardian:Strike_Guardian","Guardian:Strike_Guardian","Guardian:Defend_Guardian","Guardian:Defend_Guardian","Guardian:CurlUp","Guardian:TwinSlam","Guardian:FierceBash+1","Guardian:Orbwalk","Guardian:Clone+1","Guardian:Orbwalk+1","Guardian:WalkerClaw+1","Guardian:StasisStrike+1","Guardian:PolyBeam+1","Guardian:FloatingOrbs+1","Guardian:Recover","Pot Of Greed","Pot Of Greed"],"relics":["LetterFromLob","downfall:HeartBlessingRed","Ring of Fury","Ring of Peace","Guardian:PocketSentry","ReplayTheSpireMod:DimensionalGlitch","Akabeko","Guardian:ModeShifter","wanderingMiniBosses:ThiefScarf","Whetstone","OrangePellets","downfall:GremlinWheel","Empty Cage","Grinning Jar","Boot"],"acts_visited":["Exordium","TheCity","TheBeyond"],"potions_floor_usage":[37,38,46,50,50,50],"damage_taken":[{"damage":1.0,"enemies":"Cultist","floor":2.0,"turns":4.0},{"damage":2.0,"enemies":"Jaw Worm","floor":3.0,"turns":4.0},{"damage":10.0,"enemies":"2 Louse","floor":4.0,"turns":4.0},{"damage":1.0,"enemies":"Gremlin Gang","floor":5.0,"turns":6.0},{"damage":16.0,"enemies":"Large Slime","floor":8.0,"turns":6.0},{"damage":0.0,"enemies":"Blue Slaver","floor":10.0,"turns":3.0},{"damage":8.0,"enemies":"3 Sentries","floor":11.0,"turns":6.0},{"damage":1.0,"enemies":"downfall:FleeingMerchant","floor":12.0,"turns":6.0},{"damage":2.0,"enemies":"Red Slaver","floor":13.0,"turns":3.0},{"damage":1.0,"enemies":"3 Louse","floor":15.0,"turns":3.0},{"damage":7.0,"enemies":"downfall:Watcher","floor":16.0,"turns":6.0},{"damage":39.0,"enemies":"3 Byrds","floor":19.0,"turns":6.0},{"damage":4.0,"enemies":"downfall:FleeingMerchant","floor":20.0,"turns":4.0},{"damage":0.0,"enemies":"Spheric Guardian","floor":22.0,"turns":3.0},{"damage":0.0,"enemies":"Centurion and Healer","floor":25.0,"turns":4.0},{"damage":0.0,"enemies":"Sentry and Sphere","floor":27.0,"turns":3.0},{"damage":9.0,"enemies":"downfall:FleeingMerchant","floor":28.0,"turns":5.0},{"damage":6.0,"enemies":"downfall:FleeingMerchant","floor":30.0,"turns":3.0},{"damage":0.0,"enemies":"Snake Plant","floor":31.0,"turns":3.0},{"damage":0.0,"enemies":"3 Cultists","floor":32.0,"turns":4.0},{"damage":6,"enemies":"downfall:Defect","floor":33,"turns":6},{"damage":6,"enemies":"3 Darklings","floor":36,"turns":5},{"damage":30,"enemies":"3 Shapes","floor":37,"turns":6},{"damage":12,"enemies":"Jaw Worm Horde","floor":38,"turns":3},{"damage":0,"enemies":"Maw","floor":43,"turns":5},{"damage":8,"enemies":"Sphere and 2 Shapes","floor":44,"turns":4},{"damage":0,"enemies":"4 Shapes","floor":45,"turns":3},{"damage":0,"enemies":"Jaw Worm Horde","floor":46,"turns":3},{"damage":0,"enemies":"Writhing Mass","floor":48,"turns":4},{"damage":9,"enemies":"3 Darklings","floor":49,"turns":4},{"damage":15,"enemies":"downfall:Silent","floor":50,"turns":5}],"seed_played":"-1888718584076841134","potions_obtained":[{"floor":3.0,"key":"SpeedPotion"},{"floor":4.0,"key":"sneckomod:MuddlingPotion"},{"floor":8.0,"key":"SkillPotion"},{"floor":11.0,"key":"LifebloodPotion"},{"floor":13.0,"key":"LifebloodPotion"},{"floor":16.0,"key":"PowerPotion"},{"floor":27.0,"key":"Flashbang"},{"floor":30.0,"key":"sneckomod:MuddlingPotion"},{"floor":32.0,"key":"champ:CounterPotion"},{"floor":33,"key":"Energy Potion"},{"floor":38,"key":"EssenceOfSteel"},{"floor":43,"key":"PowerPotion"},{"floor":46,"key":"Strength Potion"}],"is_trial":false,"path_per_floor":["R","M","M","M","M","R","T","M","?","M","E","$","M","?","M","B",null,"R","M","$","?","M","R","T","M","?","M","$","R","?","M","M","B",null,"R","M","M","M","?","?","T","R","M","M","M","M","?","M","M","B",null,null],"character_chosen":"GUARDIAN","items_purchased":["Guardian:Gem_Fragmented","OrangePellets","Guardian:Recover"],"campfire_rested":2,"item_purchase_floors":[12,28,28],"current_hp_per_floor":[80,79,77,67,66,66,66,50,50,50,42,41,39,39,38,31,68,68,29,25,25,25,49,49,49,49,49,40,40,34,34,34,28,67,67,61,31,19,19,19,19,43,43,35,35,35,35,35,26,11,11],"gold":627,"neow_bonus":"ONE_RANDOM_RARE_CARD","is_daily":false,"chose_seed":false,"campfire_upgraded":4,"win_rate":0.0,"timestamp":1610625842,"path_taken":["R","M","M","?","M","R","T","M","?","M","E","$","M","?","M","BOSS","R","M","?","?","M","R","T","M","?","?","$","R","?","M","M","BOSS","R","M","M","M","?","?","T","R","?","M","M","M","?","M","M","BOSS"],"items_purchased_type":["Card","Relic","Card"],"build_version":"2020-12-22","purchased_purges":2,"victory":true,"max_hp_per_floor":[80,80,80,80,80,80,80,80,80,80,80,80,80,80,80,80,80,80,80,80,80,80,80,80,80,80,80,80,80,80,80,80,80,80,80,80,80,80,80,80,80,80,80,80,80,80,80,80,80,80,80],"relic_stats":{"OrangePellets":[31],"counters":[31,133],"Whetstone":["Guardian:Strike_Guardian","Guardian:WalkerClaw"],"Boot":[9],"obtain_stats":[{"ReplayFunnel":27,"Regal Pillow":46,"CeramicFish":22,"sneckomod:BlankCard":48,"StoneCalendar":32,"Whetstone":24,"Replay:Mystery Machine":33,"Empty Cage":34,"Boot":41,"Replay:Rubber Ducky":43,"Replay:Ringing Soul":31,"downfall:GremlinWheel":30,"Mummified Hand":31,"Ring of Peace":9,"Chemical X":27,"ReplayTheSpireMod:Ninjato":37,"downfall:HeartBlessingRed":6,"wanderingMiniBosses:ThiefScarf":19,"Guardian:ModeShifter":0,"Ring of Chaos":38,"The Courier":45,"Guardian:PocketSentry":11,"Replay:Kaleidoscope":25,"Orichalcum":25,"Question Card":20,"sneckomod:SneckoTalon":46,"Medical Kit":48,"Akabeko":7,"White Beast Statue":28,"Replay:Arrowhead":49,"Peace Pipe":22,"SlaversCollar":20,"OrangePellets":28,"ReplayTheSpireMod:Shallot":32,"Ornamental Fan":36,"Ring of Fury":9,"Onion Ring":33,"LetterFromLob":2,"Black Star":37,"Art of War":50,"Grinning Jar":40,"ReplayTheSpireMod:Onyx Gauntlets":44,"ReplayTheSpireMod:DimensionalGlitch":17,"StrikeDummy":30,"FossilizedHelix":28,"Pocketwatch":36},{"ReplayFunnel":15,"Regal Pillow":27,"CeramicFish":13,"sneckomod:BlankCard":28,"StoneCalendar":19,"Whetstone":14,"Replay:Mystery Machine":20,"Empty Cage":21,"Boot":24,"Replay:Rubber Ducky":24,"Replay:Ringing Soul":18,"downfall:GremlinWheel":18,"Mummified Hand":18,"Ring of Peace":5,"Chemical X":15,"ReplayTheSpireMod:Ninjato":22,"downfall:HeartBlessingRed":4,"wanderingMiniBosses:ThiefScarf":12,"Guardian:ModeShifter":0,"Ring of Chaos":23,"The Courier":26,"Guardian:PocketSentry":7,"Replay:Kaleidoscope":14,"Orichalcum":14,"Question Card":12,"sneckomod:SneckoTalon":27,"Medical Kit":28,"Akabeko":4,"White Beast Statue":16,"Replay:Arrowhead":29,"Peace Pipe":13,"SlaversCollar":12,"OrangePellets":17,"ReplayTheSpireMod:Shallot":19,"Ornamental Fan":21,"Ring of Fury":5,"Onion Ring":20,"LetterFromLob":1,"Black Star":22,"Art of War":30,"Grinning Jar":24,"ReplayTheSpireMod:Onyx Gauntlets":25,"ReplayTheSpireMod:DimensionalGlitch":11,"StrikeDummy":17,"FossilizedHelix":16,"Pocketwatch":21},{"ReplayFunnel":67,"Regal Pillow":117,"CeramicFish":60,"sneckomod:BlankCard":120,"StoneCalendar":81,"Whetstone":63,"Replay:Mystery Machine":85,"Empty Cage":91,"Boot":105,"Replay:Rubber Ducky":105,"Replay:Ringing Soul":78,"downfall:GremlinWheel":78,"Mummified Hand":78,"Ring of Peace":24,"Chemical X":67,"ReplayTheSpireMod:Ninjato":96,"downfall:HeartBlessingRed":18,"wanderingMiniBosses:ThiefScarf":56,"Guardian:ModeShifter":0,"Ring of Chaos":102,"The Courier":114,"Guardian:PocketSentry":33,"Replay:Kaleidoscope":63,"Orichalcum":63,"Question Card":56,"sneckomod:SneckoTalon":117,"Medical Kit":120,"Akabeko":18,"White Beast Statue":70,"Replay:Arrowhead":124,"Peace Pipe":60,"SlaversCollar":56,"OrangePellets":75,"ReplayTheSpireMod:Shallot":81,"Ornamental Fan":91,"Ring of Fury":24,"Onion Ring":85,"LetterFromLob":4,"Black Star":96,"Art of War":128,"Grinning Jar":105,"ReplayTheSpireMod:Onyx Gauntlets":110,"ReplayTheSpireMod:DimensionalGlitch":50,"StrikeDummy":75,"FossilizedHelix":70,"Pocketwatch":91}]},"card_choices":[{"not_picked":["Guardian:PrimingBeam","Guardian:DecasProtection"],"picked":"Guardian:Orbwalk","floor":2.0},{"not_picked":["Guardian:ChargeCore","Guardian:Gem_Cyan"],"picked":"Guardian:Clone","floor":3.0},{"not_picked":["Guardian:VentSteam","Guardian:CrystalBeam"],"picked":"Guardian:Orbwalk","floor":4.0},{"not_picked":["Guardian:PrismaticBarrier","Guardian:Gem_White","Guardian:TemporalShield"],"picked":"SKIP","floor":5.0},{"not_picked":["Guardian:Reroute","Guardian:RollAttack"],"picked":"Guardian:WalkerClaw","floor":8.0},{"not_picked":["Guardian:VentSteam","Guardian:Reroute","Guardian:Suspension"],"picked":"SKIP","floor":10.0},{"not_picked":["Guardian:Gem_Purple","Guardian:Gem_Cyan"],"picked":"Guardian:Gem_Crimson","floor":11.0},{"not_picked":["Guardian:ShieldCharger","Guardian:GuardianWhirl","Guardian:WalkerClaw"],"picked":"SKIP","floor":12.0},{"not_picked":["Guardian:ShieldSpikes","Guardian:TimeBomb","Guardian:Gem_Purple"],"picked":"SKIP","floor":13.0},{"not_picked":["Guardian:Gem_Green","Guardian:TimeBomb","Guardian:PiercingHide"],"picked":"SKIP","floor":15.0},{"not_picked":["Guardian:FastForward","Guardian:GemFire"],"picked":"Guardian:StasisStrike","floor":16.0},{"not_picked":["Guardian:PrimingBeam","Guardian:PiercingHide+1"],"picked":"Guardian:PolyBeam","floor":19.0},{"not_picked":["Guardian:TemporalShield","Guardian:ChargeUp","Guardian:SentryBeam"],"picked":"SKIP","floor":20.0},{"not_picked":["Guardian:PrimingBeam+1","Guardian:WalkerClaw+1"],"picked":"Guardian:FloatingOrbs","floor":22.0},{"not_picked":["Guardian:CrystalBeam","Guardian:Gem_Fragmented","Guardian:AncientConstruct"],"picked":"SKIP","floor":25.0},{"not_picked":["Guardian:CrystalBeam+1","Guardian:TimeCapacitor","Guardian:RefractedBeam"],"picked":"SKIP","floor":27.0},{"not_picked":["Guardian:Gem_Green","Guardian:Gem_Red","Guardian:Orbwalk"],"picked":"SKIP","floor":28.0},{"not_picked":["Guardian:Preprogram+1","Guardian:ChargeCore+1","Guardian:EvasiveProtocol"],"picked":"SKIP","floor":31.0},{"not_picked":["Guardian:PrismaticBarrier","Guardian:TemporalShield","Guardian:PrismaticBeam"],"picked":"SKIP","floor":32.0},{"not_picked":["Guardian:PiercingHide","Guardian:Repulse+1"],"picked":"Guardian:Gem_White","floor":36},{"not_picked":["Guardian:TemporalStrike","Guardian:Recover"],"picked":"Guardian:Gem_Lightblue","floor":37},{"not_picked":["Guardian:RevengeProtocol","Guardian:Suspension+1","Guardian:ChargeCore+1"],"picked":"SKIP","floor":38},{"not_picked":["Guardian:TemporalStrike+1","Guardian:SentryBeam+1","Guardian:RollAttack"],"picked":"SKIP","floor":43},{"not_picked":["Guardian:Gem_Green","Guardian:Gem_Lightblue","Guardian:ChargeCore+1"],"picked":"SKIP","floor":44},{"not_picked":["Guardian:Incinerate","Guardian:Gem_Green","Guardian:PrimingBeam"],"picked":"SKIP","floor":45},{"not_picked":["Guardian:Gem_Green","Guardian:WalkerClaw","Guardian:Emergency+1"],"picked":"SKIP","floor":46},{"not_picked":["Guardian:Recover+1","Guardian:PolyBeam","Guardian:Emergency"],"picked":"SKIP","floor":48},{"not_picked":["Guardian:PiercingHide+1","Guardian:AncientConstruct","Guardian:ChargeUp+1"],"picked":"SKIP","floor":49}],"player_experience":1009096,"relics_obtained":[{"floor":2.0,"key":"LetterFromLob"},{"floor":7.0,"key":"Akabeko"},{"floor":9.0,"key":"Ring of Fury"},{"floor":9.0,"key":"Ring of Peace"},{"floor":11.0,"key":"Guardian:PocketSentry"},{"floor":19.0,"key":"Akabeko"},{"floor":19.0,"key":"Guardian:ModeShifter"},{"floor":19.0,"key":"wanderingMiniBosses:ThiefScarf"},{"floor":24.0,"key":"Whetstone"},{"floor":30.0,"key":"downfall:GremlinWheel"},{"floor":40,"key":"Grinning Jar"},{"floor":41,"key":"Boot"}],"event_choices":[{"damage_healed":0.0,"max_hp_gain":0.0,"max_hp_loss":0.0,"gold_gain":0.0,"event_name":"Upgrade Shrine","player_choice":"Upgraded","floor":14.0,"gold_loss":0.0,"damage_taken":0.0,"cards_upgraded":["Guardian:FierceBash"]},{"damage_healed":0.0,"max_hp_gain":0.0,"max_hp_loss":0.0,"gold_gain":0.0,"event_name":"Ghosts","player_choice":"Ignored","floor":21.0,"gold_loss":0.0,"damage_taken":0.0},{"damage_healed":0.0,"max_hp_gain":0.0,"max_hp_loss":0.0,"gold_gain":0.0,"event_name":"Upgrade Shrine","player_choice":"Upgraded","floor":26.0,"gold_loss":0.0,"damage_taken":0.0,"cards_upgraded":["Guardian:FloatingOrbs"]}],"is_beta":false,"boss_relics":[{"not_picked":["Replay:Grab Bag","Kintsugi"],"picked":"ReplayTheSpireMod:DimensionalGlitch"},{"not_picked":["Coffee Dripper","Replay:Ancient Bell"],"picked":"Empty Cage"}],"items_purged_floors":[20,28],"is_endless":false,"potions_floor_spawned":[3,4,8,11,13,16,27,30,32,33,38,43,46],"ascension_level":5}}