{"host":"oeqgep2lwmjgysjb","time":1610602006,"event":{"mods":["AchievementEnabler","Aspiration","BaseMod","Colored Powertips","Custom Start","Hubris","Infinite Spire","Minty Spire (QoL Compilation)","Quick Restart","Replay The Spire","Shop Mod","StSLib"],"gold_per_floor":[147,199,199,149,149,251,251,293,318,81,168,228,315,363,363,669,669,717,768,229,229,229,304,340,442,465,465,32,107,107,107,107,401,401,437,20,20,20,77,77,167,167,221,314,344,437,437,530,530,530],"floor_reached":51,"language":"ENG","playtime":2519,"items_purged":["Sweeping Beam","Rip and Tear","BasicCrystalCard","Iron Wave"],"score":1337,"play_id":"2f3a7fc3-2bab-4c59-be43-48817b1260fe","local_time":"20210114162646","daily_mods":["SealedDeck","Heirloom","Elite Swarm","Midas"],"is_ascension_mode":true,"campfire_choices":[{"floor":15,"key":"REST"},{"floor":27,"key":"REST"},{"floor":32,"key":"REST"},{"floor":40,"key":"REST"},{"floor":47,"key":"REST"},{"floor":49,"key":"REST"}],"circlet_count":0,"master_deck":["Sweeping Beam","Doom and Gloom","Ball Lightning","BasicCrystalCard","Cold Snap","Glacier","Darkness","Fission","ReplayTheSpireMod:System Scan","Echo Form","Machine Learning","Rainbow","Fission","CurseOfTheBell","BasicCrystalCard+1","Creative AI","Redo","Reboot","Loop","Crystallizer","Loop","Biased Cognition","ReplayTheSpireMod:??????????????????????","Creative AI","FIFO Queue","Loop","Defragment","hubris:PowerSurge","Mirror Shield","Amplify","Buffer","ReplayTheSpireMod:Fabricate Wheel"],"relics":["FrozenCore","Torii","NeowsBlessing","NeowsBlessing","Gambling Chip","NeowsBlessing","infinitespire:Freezer","Lantern","Gremlin Horn","Calling Bell","Replay:Rubber Ducky","hubris:CrystalStatue","StoneCalendar","Lee\u0027s Waffle","Regal Pillow","NeowsBlessing","The Courier","hubris:MedicalManual","aspiration:ChemicalBlood","ReplayTheSpireMod:Lightbulb","hubris:BundleOfHerbs","Ice Cream","Membership Card","NeowsBlessing","NeowsBlessing","Toy Ornithopter","NeowsBlessing","Replay:Baseball","Oddly Smooth Stone","hubris:TenFootPole","aspiration:Lifesprig"],"acts_visited":["Exordium","TheCity","TheBeyond"],"potions_floor_usage":[29,33,33,41],"damage_taken":[{"damage":0,"enemies":"2 Louse","floor":1,"turns":2},{"damage":0,"enemies":"Lagavulin","floor":6,"turns":1},{"damage":0,"enemies":"Jaw Worm","floor":8,"turns":1},{"damage":0,"enemies":"Gremlin Nob","floor":11,"turns":1},{"damage":0,"enemies":"Cultist","floor":12,"turns":1},{"damage":0,"enemies":"Lagavulin","floor":13,"turns":1},{"damage":0,"enemies":"2 Fungi Beasts","floor":14,"turns":1},{"damage":0,"enemies":"Hexaghost","floor":16,"turns":1},{"damage":0,"enemies":"Chosen","floor":18,"turns":4},{"damage":0,"enemies":"3 Byrds","floor":19,"turns":4},{"damage":0,"enemies":"Slavers","floor":23,"turns":1},{"damage":0,"enemies":"Centurion and Healer","floor":24,"turns":1},{"damage":0,"enemies":"Gremlin Leader","floor":25,"turns":1},{"damage":0,"enemies":"Replay:Snechameleon","floor":29,"turns":7},{"damage":0,"enemies":"Champ","floor":33,"turns":13},{"damage":19,"enemies":"3 Darklings","floor":35,"turns":4},{"damage":1,"enemies":"Orb Walker","floor":39,"turns":2},{"damage":0,"enemies":"Nemesis","floor":41,"turns":2},{"damage":0,"enemies":"R_Hoarder","floor":44,"turns":1},{"damage":0,"enemies":"Writhing Mass","floor":45,"turns":1},{"damage":0,"enemies":"Giant Head","floor":46,"turns":1},{"damage":0,"enemies":"Nemesis","floor":48,"turns":1},{"damage":0,"enemies":"Time Eater","floor":50,"turns":1}],"seed_played":"4415510601665180600","potions_obtained":[{"floor":1,"key":"Strength Potion"},{"floor":8,"key":"FairyPotion"},{"floor":12,"key":"DistilledChaos"},{"floor":16,"key":"Swift Potion"},{"floor":29,"key":"Weak Potion"},{"floor":35,"key":"GamblersBrew"},{"floor":41,"key":"FocusPotion"},{"floor":48,"key":"Languid Potion"}],"is_trial":true,"path_per_floor":["M","?","WH","?","WH","E","WH","M","T","$","E","M","E","M","R","B",null,"M","M","$","WH","WH","E","M","E","T","R","$","E","AVR","?","R","B",null,"M","$","WH","WH","M","R","E","WH","T","E","M","E","R","E","R","B",null],"character_chosen":"DEFECT","items_purchased":["Echo Form","Lee\u0027s Waffle","Regal Pillow","infinitespire:BlackPotion","Loop","ReplayTheSpireMod:Lightbulb","Crystallizer","Loop","FIFO Queue","Membership Card","Loop","Defragment","hubris:PowerSurge","DuplicationPotion"],"campfire_rested":6,"item_purchase_floors":[10,20,20,20,28,28,28,28,36,36,36,36,36,36],"current_hp_per_floor":[75,75,75,75,75,75,75,75,75,75,75,75,75,75,75,75,75,75,75,82,82,90,90,90,90,90,90,90,90,90,90,90,90,90,71,71,71,71,70,90,90,90,90,90,90,90,90,90,90,90],"gold":530,"neow_bonus":"THREE_ENEMY_KILL","is_daily":false,"chose_seed":false,"campfire_upgraded":0,"win_rate":0.0,"timestamp":1610602006,"path_taken":["M","?","WH","?","WH","E","WH","M","T","$","E","M","E","M","R","BOSS","M","M","$","WH","WH","E","M","E","T","R","$","E","AVR","?","R","BOSS","M","$","WH","WH","M","R","E","WH","T","E","M","E","R","E","R","BOSS"],"items_purchased_type":["Card","Relic","Relic","Potion","Card","Relic","Card","Card","Card","Relic","Card","Card","Card","Potion"],"build_version":"2020-12-22","purchased_purges":4,"victory":true,"max_hp_per_floor":[75,75,75,75,75,75,75,75,75,75,75,75,75,75,75,75,75,75,75,82,82,90,90,90,90,90,90,90,90,90,90,90,90,90,90,90,90,90,90,90,90,90,90,90,90,90,90,90,90,90],"card_choices":[{"not_picked":["BasicCrystalCard","Turbo"],"picked":"Darkness","floor":1},{"not_picked":["Rainbow","hubris:Prefetch"],"picked":"Fission","floor":6},{"not_picked":["Streamline","Cold Snap"],"picked":"ReplayTheSpireMod:System Scan","floor":8},{"not_picked":["Amplify","Biased Cognition"],"picked":"Machine Learning","floor":11},{"not_picked":["Stack","hubris:Ukulele","Compile Driver"],"picked":"SKIP","floor":12},{"not_picked":["ReplayRNGCard","Biased Cognition"],"picked":"Rainbow","floor":13},{"not_picked":["Aggregate","Rebound"],"picked":"Rip and Tear","floor":14},{"not_picked":["Thunder Strike","Meteor Strike"],"picked":"Fission","floor":16},{"not_picked":["Turbo","Aggregate"],"picked":"BasicCrystalCard+1","floor":18},{"not_picked":["Stack","Beam Cell","Ball Lightning+1"],"picked":"SKIP","floor":19},{"not_picked":["Buffer","Meteor Strike"],"picked":"Creative AI","floor":23},{"not_picked":["Panic Button","ReplayTheSpireMod:Calculation Training"],"picked":"Redo","floor":24},{"not_picked":["ReplayRNGCard","All For One"],"picked":"Reboot","floor":25},{"not_picked":["Seek","Meteor Strike"],"picked":"Biased Cognition","floor":29},{"not_picked":["Machine Learning","Buffer"],"picked":"Creative AI","floor":33},{"not_picked":["Leap+1","Steam","Auto Shields+1"],"picked":"SKIP","floor":35},{"not_picked":["Turbo+1","Beam Cell+1","BasicCrystalCard+1"],"picked":"SKIP","floor":39},{"not_picked":["Thunder Strike","Biased Cognition"],"picked":"Mirror Shield","floor":41},{"not_picked":["Echo Form","Seek"],"picked":"Amplify","floor":44},{"not_picked":["Stack+1","Streamline","Conserve Battery"],"picked":"SKIP","floor":45},{"not_picked":["ReplayRNGCard","Meteor Strike"],"picked":"Buffer","floor":46},{"not_picked":["hubris:DoWhile","Amplify"],"picked":"ReplayTheSpireMod:Fabricate Wheel","floor":48}],"player_experience":264145,"relics_obtained":[{"floor":6,"key":"Gambling Chip"},{"floor":9,"key":"infinitespire:Freezer"},{"floor":11,"key":"Lantern"},{"floor":13,"key":"Gremlin Horn"},{"floor":17,"key":"Replay:Rubber Ducky"},{"floor":17,"key":"hubris:CrystalStatue"},{"floor":17,"key":"StoneCalendar"},{"floor":23,"key":"The Courier"},{"floor":25,"key":"hubris:MedicalManual"},{"floor":26,"key":"aspiration:ChemicalBlood"},{"floor":29,"key":"hubris:BundleOfHerbs"},{"floor":41,"key":"Toy Ornithopter"},{"floor":43,"key":"Replay:Baseball"},{"floor":44,"key":"Oddly Smooth Stone"},{"floor":46,"key":"hubris:TenFootPole"},{"floor":48,"key":"aspiration:Lifesprig"}],"event_choices":[{"damage_healed":0,"gold_gain":52,"player_choice":"Gained Gold","damage_taken":0,"max_hp_gain":0,"max_hp_loss":0,"event_name":"Golden Wing","floor":2,"gold_loss":0},{"cards_removed":["Compile Driver"],"damage_healed":0,"gold_gain":0,"player_choice":"Card Removal","damage_taken":0,"max_hp_gain":0,"max_hp_loss":0,"event_name":"The Cleric","floor":4,"gold_loss":50},{"cards_removed":["Fusion"],"damage_healed":0,"gold_gain":0,"player_choice":"Took Card","damage_taken":0,"max_hp_gain":0,"max_hp_loss":0,"event_name":"NoteForYourself","floor":31,"gold_loss":0,"cards_obtained":["Iron Wave"]}],"is_beta":false,"boss_relics":[{"not_picked":["Snecko Heart","Busted Crown"],"picked":"Calling Bell"},{"not_picked":["ReplayTheSpireMod:DimensionalGlitch","Velvet Choker"],"picked":"FrozenCore"}],"items_purged_floors":[10,20,28,36],"is_endless":false,"potions_floor_spawned":[1,8,12,16,19,29,35,41,48],"ascension_level":3}}