{"host":"jfbo3eu2ui08ej1u","time":1610663850,"event":{"mods":["2.2 Compatiblity","AchievementEnabler","Act Like it!","Aspiration","BaseMod","Better Altar","Better Match","Better Note","Better Sensory Stone","Better Skull","Better Third Choice","Block Reminder","Colored Map","Colored Powertips","Conspire","DeckTracker","Displayed Cursed Tome","Downfall","Energized Spire","Fox Events","GifTheSpireLib","Hubris","Infinite Spire","Marked Mod","Minty Spire (QoL Compilation)","Pale of the Ancients","Quick Restart","RRrroohrrRGHHhhh!!","Relic Filter","Reorder Act Four","Replay The Spire","Shop Mod","Spicy Shops","StSLib","Stuff the Spire","The Blue Laboratory","The Disciple","The Forsaken","The Hierophant","The Marked","Uncapped","Unceasing Turn Reminder","Wandering Minibosses"],"gold_per_floor":[114,28,44,61,78,106,156,183,210,210,220,240,257,290,290,362,362,380,380,395,414,280,280,280],"floor_reached":23,"language":"ENG","playtime":948,"items_purged":["Strike_G"],"score":430,"play_id":"b9689db7-f09f-4558-bce4-d0c76f1c21c0","local_time":"20210114173730","is_ascension_mode":true,"campfire_choices":[{"floor":10,"key":"REST"},{"data":"conspire:PoisonWeapons","floor":15,"key":"SMITH"}],"circlet_count":0,"master_deck":["AscendersBane","Strike_G","Strike_G","Strike_G","Strike_G","Defend_G","Defend_G","Defend_G","Defend_G","Defend_G","Survivor","Neutralize","Die Die Die","Hidden Blade","All Out Attack","Poisoned Stab","conspire:PoisonWeapons+1","Cloak And Dagger","Leg Sweep","Bouncing Flask","Bouncing Flask","Adrenaline","Bane"],"relics":["Ring of the Snake","ClockworkSouvenir","infinitespire:FocusingShard","StuffTheSpire:WitherSkull","Lantern","aspiration:ChemicalBlood","Replay:Bronze Core","hubris:BottledHeart"],"acts_visited":["Exordium","TheCity"],"potions_floor_usage":[6,14,23],"damage_taken":[{"damage":6,"enemies":"Cultist","floor":1,"turns":6},{"damage":1,"enemies":"2 Louse","floor":3,"turns":3},{"damage":2,"enemies":"Small Slimes","floor":4,"turns":4},{"damage":5,"enemies":"Red Slaver","floor":5,"turns":5},{"damage":19,"enemies":"Lagavulin","floor":6,"turns":8},{"damage":3,"enemies":"Gremlin Nob","floor":8,"turns":3},{"damage":0,"enemies":"3 Louse","floor":11,"turns":1},{"damage":0,"enemies":"Gremlin Gang","floor":12,"turns":1},{"damage":0,"enemies":"Lots of Slimes","floor":13,"turns":2},{"damage":8,"enemies":"Lagavulin","floor":14,"turns":5},{"damage":22,"enemies":"Hexaghost","floor":16,"turns":9},{"damage":14,"enemies":"Spheric Guardian","floor":18,"turns":7},{"damage":0,"enemies":"3 Byrds","floor":20,"turns":5},{"damage":0,"enemies":"Snake Plant","floor":21,"turns":5},{"damage":1,"enemies":"Gremlin Leader","floor":23,"turns":3}],"seed_played":"-3342763632775130114","potions_obtained":[{"floor":4,"key":"blueLaboratory:HorrorPotion"},{"floor":8,"key":"SkillPotion"},{"floor":11,"key":"FearPotion"},{"floor":21,"key":"blueLaboratory:LouseDecoction"}],"is_trial":false,"path_per_floor":["M","$","M","M","M","E","?","E","T","R","M","M","M","E","R","B",null,"M","?","M","M","$","E"],"character_chosen":"THE_SILENT","items_purchased":["ClockworkSouvenir","Bane"],"campfire_rested":1,"item_purchase_floors":[2,22],"current_hp_per_floor":[53,53,52,50,45,26,26,23,23,42,42,42,42,34,34,12,53,39,1,1,1,1,0,0],"gold":280,"neow_bonus":"ONE_RANDOM_RARE_CARD","is_daily":false,"chose_seed":false,"campfire_upgraded":1,"win_rate":0.0,"timestamp":1610663850,"path_taken":["M","$","M","M","M","E","?","E","T","R","M","?","M","E","R","BOSS","M","?","M","M","$","E"],"items_purchased_type":["Relic","Card"],"build_version":"2020-12-22","purchased_purges":1,"victory":false,"max_hp_per_floor":[66,66,66,66,66,66,66,66,66,66,66,66,66,66,66,66,66,66,1,1,1,1,1,1],"card_choices":[{"not_picked":["StuffTheSpire:BumpUp","StuffTheSpire:Injection"],"picked":"Hidden Blade","floor":1},{"not_picked":["Crippling Poison","Dagger Spray","StuffTheSpire:Fury"],"picked":"SKIP","floor":3},{"not_picked":["StuffTheSpire:BumpUp","PiercingWail"],"picked":"All Out Attack","floor":4},{"not_picked":["PiercingWail","Footwork"],"picked":"Poisoned Stab","floor":5},{"not_picked":["rorgmod:Tendon Slice","Hidden Blade"],"picked":"conspire:PoisonWeapons","floor":6},{"not_picked":["Toxin Wave","Hidden Blade"],"picked":"Cloak And Dagger","floor":8},{"not_picked":["Toxin Wave","Dodge and Roll"],"picked":"Leg Sweep","floor":11},{"not_picked":["hubris:SlightOfHand","Hidden Blade","Quick Slash"],"picked":"SKIP","floor":12},{"not_picked":["rorgmod:Tendon Slice","rorgmod:Catalyst"],"picked":"Bouncing Flask","floor":13},{"not_picked":["Deflect","Predator"],"picked":"Bouncing Flask","floor":14},{"not_picked":["Malaise","A Thousand Cuts"],"picked":"Adrenaline","floor":16},{"not_picked":["Expertise","StuffTheSpire:Incursion+1","All Out Attack"],"picked":"SKIP","floor":18},{"not_picked":["StuffTheSpire:Incantation","rorgmod:Slice","Expertise"],"picked":"SKIP","floor":20},{"not_picked":["StuffTheSpire:Incursion","rorgmod:Tendon Slice","Skewer"],"picked":"SKIP","floor":21}],"player_experience":1220986,"relics_obtained":[{"floor":6,"key":"infinitespire:FocusingShard"},{"floor":8,"key":"StuffTheSpire:WitherSkull"},{"floor":9,"key":"Lantern"},{"floor":14,"key":"aspiration:ChemicalBlood"}],"event_choices":[{"damage_healed":0,"gold_gain":50,"player_choice":"Pray","damage_taken":0,"max_hp_gain":0,"max_hp_loss":0,"event_name":"Golden Shrine","floor":7,"gold_loss":0}],"is_beta":false,"boss_relics":[{"not_picked":["ReplayTheSpireMod:SealedPack","conspire:SpecialSausage"],"picked":"Replay:Bronze Core"}],"items_purged_floors":[22],"is_endless":false,"potions_floor_spawned":[4,8,11,13,21],"killed_by":"Gremlin Leader","ascension_level":20}}