{"host":"gsu59bb6ixcbb7gk","time":1610667223,"event":{"mods":["BaseMod","Colored Powertips","Downfall","Googly Eyes","Infinite Spire","Minty Spire (QoL Compilation)","Replay The Spire","StSLib"],"gold_per_floor":[114,129,129,141,151,177,195,221,221,221,235,235,251,263,263,366,366,381,401,419,432,81,81,100,100,100,135,135,135,135,35,35,35,35],"floor_reached":33,"language":"ENG","playtime":4309,"items_purged":["Strike_G","Defend_G"],"score":320,"play_id":"f4f9eb60-8ebd-4cae-abc0-4f3aa00a2abd","local_time":"20210114183343","is_ascension_mode":true,"campfire_choices":[{"floor":10,"key":"REST"},{"floor":12,"key":"REST"},{"data":"Backflip","floor":15,"key":"SMITH"},{"floor":23,"key":"REST"},{"data":"Crippling Poison","floor":23,"key":"SMITH"},{"floor":25,"key":"REST"},{"data":"ReplayTheSpireMod:Necrosis","floor":25,"key":"SMITH"},{"data":"Poisoned Stab","floor":28,"key":"SMITH"},{"floor":32,"key":"REST"},{"data":"Poison Darts","floor":32,"key":"SMITH"}],"circlet_count":0,"master_deck":["Strike_G","Strike_G","Strike_G","Strike_G","Defend_G","Defend_G","Defend_G","Defend_G","Survivor","Neutralize","Poisoned Stab","Deadly Poison","Poisoned Stab","Backflip+1","Toxin Wave","Prepared","Toxin Wave","ReplayTheSpireMod:Necrosis+1","CurseOfTheBell","Poisoned Stab","Poison Darts+1","Poisoned Stab+1","Crippling Poison+1","Backflip"],"relics":["Ring of the Snake","Bag of Marbles","Strawberry","Chameleon Ring","Calling Bell","Regal Pillow","Eternal Feather","infinitespire:Magic Flask","BargainBundle","Oddly Smooth Stone","Pantograph","Replay:Wax Seal","Nilry\u0027s Codex"],"acts_visited":["Exordium","TheCity"],"potions_floor_usage":[8,14,16,16,19,24,27,27,27,27,33,33,33],"damage_taken":[{"damage":1,"enemies":"Cultist","floor":1,"turns":3},{"damage":6,"enemies":"Small Slimes","floor":2,"turns":3},{"damage":1,"enemies":"Jaw Worm","floor":4,"turns":3},{"damage":8,"enemies":"3 Louse","floor":5,"turns":4},{"damage":13,"enemies":"Replay:BlueRogue","floor":6,"turns":5},{"damage":0,"enemies":"Exordium Wildlife","floor":7,"turns":3},{"damage":25,"enemies":"Lagavulin","floor":8,"turns":5},{"damage":8,"enemies":"Blue Slaver","floor":11,"turns":3},{"damage":4,"enemies":"Looter","floor":13,"turns":3},{"damage":0,"enemies":"Large Slime","floor":14,"turns":4},{"damage":27,"enemies":"Slime Boss","floor":16,"turns":9},{"damage":0,"enemies":"Spheric Guardian","floor":18,"turns":2},{"damage":12,"enemies":"2 Thieves","floor":19,"turns":3},{"damage":25,"enemies":"Snecko","floor":20,"turns":6},{"damage":35,"enemies":"Snake Plant","floor":21,"turns":5},{"damage":0,"enemies":"Centurion and Healer","floor":24,"turns":3},{"damage":15,"enemies":"Book of Stabbing","floor":27,"turns":4},{"damage":93,"enemies":"Collector","floor":33,"turns":6}],"seed_played":"3270378418395140451","potions_obtained":[{"floor":6,"key":"Energy Potion"},{"floor":7,"key":"FearPotion"},{"floor":11,"key":"DuplicationPotion"},{"floor":13,"key":"Fire Potion"},{"floor":16,"key":"hexamod:EctoCoolerPotion"},{"floor":24,"key":"Explosive Potion"},{"floor":27,"key":"Weak Potion"}],"is_trial":false,"path_per_floor":["M","M","$","M","M","E","M","E","T","R","M","R","M","M","R","B",null,"M","M","M","M","$","R","M","R","T","E","R","?","?","$","R","B"],"character_chosen":"THE_SILENT","items_purchased":["BargainBundle","Crippling Poison","Oddly Smooth Stone","Block Potion","Energy Potion","EntropicBrew"],"campfire_rested":5,"item_purchase_floors":[22,22,22,22,22,22],"current_hp_per_floor":[69,63,63,62,54,41,41,23,23,46,38,61,57,57,57,30,77,77,65,40,5,5,55,55,77,77,62,77,63,47,47,82,0,0],"gold":35,"neow_bonus":"THREE_CARDS","is_daily":false,"chose_seed":false,"campfire_upgraded":5,"win_rate":0.0,"timestamp":1610667223,"path_taken":["M","M","$","M","M","E","?","E","T","R","M","R","M","M","R","BOSS","M","?","M","M","$","R","M","R","T","E","R","?","?","?","R","BOSS"],"items_purchased_type":["Relic","Card","Relic","Potion","Potion","Potion"],"build_version":"2020-12-22","purchased_purges":2,"victory":false,"max_hp_per_floor":[70,70,70,70,70,70,70,77,77,77,77,77,77,77,77,77,77,77,77,77,77,77,77,77,77,77,77,77,82,82,82,82,82,82],"card_choices":[{"not_picked":["Dagger Spray","Outmaneuver"],"picked":"Poisoned Stab","floor":0},{"not_picked":["Leg Sweep","Quick Slash"],"picked":"Deadly Poison","floor":1},{"not_picked":["Dagger Spray","Bane","Hidden Blade"],"picked":"SKIP","floor":2},{"not_picked":["Sucker Punch","Cloak And Dagger"],"picked":"Poisoned Stab","floor":4},{"not_picked":["Flying Knee","Setup","Sucker Punch"],"picked":"SKIP","floor":5},{"not_picked":["Masterful Stab","Choke","Sucker Punch"],"picked":"SKIP","floor":6},{"not_picked":["Masterful Stab","Underhanded Strike"],"picked":"Backflip","floor":7},{"not_picked":["Deflect","Concentrate"],"picked":"Toxin Wave","floor":8},{"not_picked":["ReplayTheSpireMod:Tripwire","Atom Bomb","Underhanded Strike"],"picked":"SKIP","floor":11},{"not_picked":["Acrobatics","Dagger Spray"],"picked":"Prepared","floor":13},{"not_picked":["Cloak And Dagger","Deflect"],"picked":"Toxin Wave","floor":14},{"not_picked":["Tools of the Trade","Burst"],"picked":"ReplayTheSpireMod:Necrosis","floor":16},{"not_picked":["Flying Knee","Sucker Punch"],"picked":"Poisoned Stab","floor":18},{"not_picked":["Caltrops","Backflip"],"picked":"Poison Darts","floor":19},{"not_picked":["Choke+1","Deadly Poison"],"picked":"Poisoned Stab","floor":20},{"not_picked":["Outmaneuver","Sucker Punch+1","Dodge and Roll+1"],"picked":"SKIP","floor":21},{"not_picked":["All Out Attack","Acrobatics+1","Concentrate+1"],"picked":"SKIP","floor":24},{"not_picked":["Accuracy","Cloak And Dagger+1"],"picked":"Backflip","floor":27}],"player_experience":235840,"relics_obtained":[{"floor":6,"key":"Bag of Marbles"},{"floor":8,"key":"Strawberry"},{"floor":9,"key":"Chameleon Ring"},{"floor":17,"key":"Regal Pillow"},{"floor":17,"key":"Eternal Feather"},{"floor":17,"key":"infinitespire:Magic Flask"},{"floor":26,"key":"Pantograph"},{"floor":27,"key":"Replay:Wax Seal"},{"floor":30,"key":"Nilry\u0027s Codex"}],"event_choices":[{"damage_healed":0,"gold_gain":0,"player_choice":"Shed Blood","damage_taken":19,"max_hp_gain":5,"max_hp_loss":0,"event_name":"Forgotten Altar","floor":29,"gold_loss":0},{"damage_healed":0,"gold_gain":0,"player_choice":"Obtained Book","damage_taken":16,"max_hp_gain":0,"max_hp_loss":0,"event_name":"Cursed Tome","floor":30,"gold_loss":0}],"is_beta":false,"boss_relics":[{"not_picked":["Pandora\u0027s Box","Philosopher\u0027s Stone"],"picked":"Calling Bell"}],"items_purged_floors":[22,31],"is_endless":false,"potions_floor_spawned":[6,7,11,13,16,24,27],"killed_by":"Collector","ascension_level":1}}