{"host":"Stephanie","time":1610586230,"event":{"mods":["BaseMod","Colored Powertips","Minty Spire (QoL Compilation)","Rare Cards Sparkle","Relic Stats","StSLib","The Marked"],"gold_per_floor":[110,124,124,142,142,181,181,181,181],"floor_reached":8,"language":"ENG","playtime":369,"items_purged":[],"score":70,"play_id":"a4fda283-15d1-4a20-a608-fb62b90bc25c","local_time":"20210113200350","is_ascension_mode":true,"campfire_choices":[{"floor":7,"key":"REST"}],"circlet_count":0,"master_deck":["Strike_B","Strike_B","Strike_B","Defend_B","Defend_B","Defend_B","Defend_B","Zap","Dualcast","Genetic Algorithm","Defragment","Auto Shields","Pain","Sweeping Beam"],"relics":["Inserter","WarpedTongs","CeramicFish"],"acts_visited":["Exordium"],"potions_floor_usage":[6],"damage_taken":[{"damage":8,"enemies":"2 Louse","floor":1,"turns":2},{"damage":14,"enemies":"Jaw Worm","floor":2,"turns":6},{"damage":9,"enemies":"Cultist","floor":4,"turns":5},{"damage":30,"enemies":"Lagavulin","floor":6,"turns":9},{"damage":31,"enemies":"3 Sentries","floor":8,"turns":6}],"seed_played":"-7478983824549925327","potions_obtained":[{"floor":1,"key":"Ancient Potion"},{"floor":4,"key":"BlessingOfTheForge"},{"floor":6,"key":"FocusPotion"}],"is_trial":false,"path_per_floor":["M","M","?","M","?","E","R","E"],"character_chosen":"DEFECT","items_purchased":[],"campfire_rested":1,"item_purchase_floors":[],"current_hp_per_floor":[67,53,46,37,37,7,29,0,0],"gold":181,"neow_bonus":"BOSS_RELIC","is_daily":false,"chose_seed":false,"campfire_upgraded":0,"win_rate":0.0,"timestamp":1610586230,"path_taken":["M","M","?","M","?","E","R","E"],"items_purchased_type":[],"build_version":"2020-12-18","purchased_purges":0,"victory":false,"max_hp_per_floor":[75,75,75,75,75,75,75,75,75],"relic_stats":{"Inserter":[14],"counters":[5,28],"CeramicFish":9,"obtain_stats":[{"Inserter":0,"CeramicFish":6,"Cracked Core":0,"WarpedTongs":5},{"Inserter":0,"CeramicFish":4,"Cracked Core":0,"WarpedTongs":3},{"Inserter":0,"CeramicFish":22,"Cracked Core":0,"WarpedTongs":13}],"WarpedTongs":[13]},"card_choices":[{"not_picked":["Steam Power","Stack"],"picked":"Genetic Algorithm","floor":1},{"not_picked":["Blizzard","Beam Cell"],"picked":"Defragment","floor":2},{"not_picked":["Steam","Redo"],"picked":"Auto Shields","floor":4},{"not_picked":["Gash","Reinforced Body"],"picked":"Sweeping Beam","floor":6}],"player_experience":848837,"relics_obtained":[{"floor":6,"key":"CeramicFish"}],"event_choices":[{"cards_removed":["Strike_B"],"damage_healed":0,"gold_gain":0,"player_choice":"Card Removal","damage_taken":7,"max_hp_gain":0,"max_hp_loss":0,"event_name":"Golden Wing","floor":3,"gold_loss":0},{"damage_healed":0,"gold_gain":0,"player_choice":"Rummage","damage_taken":0,"relics_obtained":["WarpedTongs"],"max_hp_gain":0,"max_hp_loss":0,"event_name":"Accursed Blacksmith","floor":5,"gold_loss":0,"cards_obtained":["Pain"]}],"is_beta":true,"boss_relics":[],"items_purged_floors":[],"is_endless":false,"potions_floor_spawned":[1,4,6],"killed_by":"3 Sentries","ascension_level":5}}