{"host":"jksa5rawk3m4gilz","time":1610651990,"event":{"mods":["BaseMod","Colored Map","Highlight Path","Minty Spire (QoL Compilation)","Quick Restart"],"gold_per_floor":[117,117,131,148,161,194,194,206,206,237,250,280,280,280,280,280,280],"floor_reached":16,"language":"ENG","playtime":1651,"items_purged":[],"score":226,"play_id":"b479967f-0cf7-4595-bdf8-fdab5e9fe213","local_time":"20210114201950","is_ascension_mode":true,"campfire_choices":[{"floor":7,"key":"REST"},{"floor":15,"key":"REST"}],"circlet_count":0,"master_deck":["AscendersBane","Strike_P","Strike_P","Defend_P","Defend_P","Defend_P","Defend_P","Eruption","Vigilance","Devotion","BattleHymn","Wireheading","Conclude","Indignation","FearNoEvil","Protect","SpiritShield","Fasting2+1"],"relics":["PureWater","Lantern","Frozen Egg 2","Lizard Tail","Odd Mushroom","WingedGreaves"],"acts_visited":["Exordium"],"potions_floor_usage":[11],"damage_taken":[{"damage":3,"enemies":"Small Slimes","floor":1,"turns":6},{"damage":1,"enemies":"Cultist","floor":3,"turns":4},{"damage":14,"enemies":"2 Louse","floor":4,"turns":2},{"damage":10,"enemies":"Exordium Wildlife","floor":5,"turns":3},{"damage":32,"enemies":"3 Sentries","floor":6,"turns":5},{"damage":6,"enemies":"Looter","floor":8,"turns":2},{"damage":0,"enemies":"Gremlin Nob","floor":10,"turns":2},{"damage":16,"enemies":"Exordium Thugs","floor":11,"turns":4},{"damage":4,"enemies":"The Mushroom Lair","floor":12,"turns":4},{"damage":21,"enemies":"Hexaghost","floor":16,"turns":5}],"seed_played":"-811323077448977809","potions_obtained":[{"floor":4,"key":"SkillPotion"},{"floor":8,"key":"Explosive Potion"},{"floor":11,"key":"EssenceOfSteel"}],"is_trial":false,"path_per_floor":["M","?","M","M","M","E","R","M","T","E","M","?","T","?","R","B"],"character_chosen":"WATCHER","items_purchased":[],"campfire_rested":2,"item_purchase_floors":[],"current_hp_per_floor":[44,72,71,57,47,15,36,30,30,30,14,10,10,10,31,10,10],"gold":280,"neow_bonus":"TRANSFORM_TWO_CARDS","is_daily":false,"chose_seed":false,"campfire_upgraded":0,"win_rate":0.0,"timestamp":1610651990,"path_taken":["M","?","M","M","M","E","R","M","T","E","?","?","?","?","R","BOSS"],"items_purchased_type":[],"build_version":"2020-12-22","purchased_purges":0,"victory":false,"max_hp_per_floor":[72,72,72,72,72,72,72,72,72,72,72,72,72,72,72,72,72],"card_choices":[{"not_picked":["JustLucky","BattleHymn"],"picked":"Study","floor":1},{"not_picked":["CrushJoints","Evaluate"],"picked":"Wireheading","floor":3},{"not_picked":["CrushJoints","ClearTheMind"],"picked":"Conclude","floor":4},{"not_picked":["Swivel","EmptyBody"],"picked":"Indignation","floor":5},{"not_picked":["Consecrate","SashWhip"],"picked":"FearNoEvil","floor":6},{"not_picked":["Prostrate","EmptyFist"],"picked":"Protect","floor":8},{"not_picked":["Blasphemy","LikeWater+1"],"picked":"SpiritShield","floor":10},{"not_picked":["SashWhip","EmptyBody"],"picked":"Fasting2+1","floor":11}],"player_experience":2124821,"relics_obtained":[{"floor":6,"key":"Lantern"},{"floor":9,"key":"Frozen Egg 2"},{"floor":10,"key":"Lizard Tail"},{"floor":12,"key":"Odd Mushroom"},{"floor":13,"key":"WingedGreaves"}],"event_choices":[{"cards_removed":["Study"],"damage_healed":28,"gold_gain":0,"player_choice":"Offered Uncommon","damage_taken":0,"max_hp_gain":0,"max_hp_loss":0,"event_name":"Bonfire Elementals","floor":2,"gold_loss":0},{"damage_healed":0,"gold_gain":0,"player_choice":"Fought Mushrooms","damage_taken":0,"max_hp_gain":0,"max_hp_loss":0,"event_name":"Mushrooms","floor":12,"gold_loss":0},{"damage_healed":0,"gold_gain":0,"player_choice":"Ignored","damage_taken":0,"max_hp_gain":0,"max_hp_loss":0,"event_name":"Shining Light","floor":14,"gold_loss":0}],"is_beta":false,"boss_relics":[],"items_purged_floors":[],"is_endless":false,"potions_floor_spawned":[4,8,11,12],"killed_by":"Hexaghost","ascension_level":13}}