{"host":"2zw05eexjythz74b","time":1610590964,"event":{"mods":["AchievementEnabler","BaseMod","Better Altar","Colored Map","Minty Spire (QoL Compilation)","StSLib","everything is the same but u backflip on backflip"],"gold_per_floor":[114,130,130,130,130,159,334,353,399,399,399,399],"floor_reached":11,"language":"ENG","playtime":281,"items_purged":[],"score":78,"play_id":"6966bb8e-1c95-4b1c-b441-c8611f18bf15","local_time":"20210113202244","is_ascension_mode":true,"campfire_choices":[{"floor":10,"key":"REST"}],"circlet_count":0,"master_deck":["Strike_B","Strike_B","Strike_B","Strike_B+1","Defend_B","Defend_B","Defend_B","Defend_B+1","Zap","Dualcast","Lockon","Consume","Storm","Doubt"],"relics":["Cracked Core","Smiling Mask","Tiny Chest","Happy Flower"],"acts_visited":["Exordium"],"potions_floor_usage":[6],"damage_taken":[{"damage":0,"enemies":"Cultist","floor":1,"turns":2},{"damage":7,"enemies":"2 Louse","floor":2,"turns":2},{"damage":36,"enemies":"3 Sentries","floor":6,"turns":5},{"damage":0,"enemies":"Small Slimes","floor":8,"turns":3},{"damage":41,"enemies":"Lagavulin","floor":11,"turns":5}],"seed_played":"-2562331329136863992","potions_obtained":[{"floor":2,"key":"Fire Potion"},{"floor":6,"key":"SteroidPotion"}],"is_trial":false,"path_per_floor":["M","M","T","?","?","E","?","M","T","R","E"],"character_chosen":"DEFECT","items_purchased":[],"campfire_rested":1,"item_purchase_floors":[],"current_hp_per_floor":[75,68,68,53,53,17,17,17,17,39,0,0],"gold":399,"neow_bonus":"THREE_CARDS","is_daily":false,"chose_seed":false,"campfire_upgraded":0,"win_rate":0.0,"timestamp":1610590964,"path_taken":["M","M","?","?","?","E","?","M","T","R","E"],"items_purchased_type":[],"build_version":"2020-12-22","purchased_purges":0,"victory":false,"max_hp_per_floor":[75,75,75,75,75,75,75,75,75,75,75,75],"card_choices":[{"not_picked":["Auto Shields","Compile Driver"],"picked":"Lockon","floor":0},{"not_picked":["Compile Driver","Steam","Chill"],"picked":"SKIP","floor":1},{"not_picked":["Rip and Tear","Compile Driver"],"picked":"Consume","floor":2},{"not_picked":["BootSequence","Beam Cell"],"picked":"Storm","floor":6},{"not_picked":["Conserve Battery","Sunder","Blizzard"],"picked":"SKIP","floor":8}],"player_experience":220626,"relics_obtained":[{"floor":3,"key":"Smiling Mask"},{"floor":6,"key":"Tiny Chest"},{"floor":9,"key":"Happy Flower"}],"event_choices":[{"damage_healed":0,"gold_gain":0,"player_choice":"Entered Light","damage_taken":15,"max_hp_gain":0,"max_hp_loss":0,"event_name":"Shining Light","floor":4,"gold_loss":0,"cards_upgraded":["Defend_B","Strike_B"]},{"damage_healed":0,"gold_gain":0,"player_choice":"Ignored","damage_taken":0,"max_hp_gain":0,"max_hp_loss":0,"event_name":"Golden Wing","floor":5,"gold_loss":0},{"damage_healed":0,"gold_gain":175,"player_choice":"AGREE","damage_taken":0,"max_hp_gain":0,"max_hp_loss":0,"event_name":"Liars Game","floor":7,"gold_loss":0,"cards_obtained":["Doubt"]}],"is_beta":false,"boss_relics":[],"items_purged_floors":[],"is_endless":false,"potions_floor_spawned":[2,6],"killed_by":"Lagavulin","ascension_level":2}}