{"host":"7m635teefjn47zxe","time":1610619170,"event":{"mods":["BaseMod","Colored Map","Minty Spire (QoL Compilation)","Permanent Neow","Relic Stats","StSLib","everything is the same but u backflip on backflip"],"gold_per_floor":[111,111,121,121,139,139,180,180,180,180,180,214,244,319,319,319,319],"floor_reached":16,"language":"ENG","playtime":428,"items_purged":[],"score":228,"play_id":"913464c2-0925-4f64-a4a2-cedcebfca9f8","local_time":"20210114111250","is_ascension_mode":true,"campfire_choices":[{"floor":6,"key":"REST"},{"data":"Armaments","floor":8,"key":"SMITH"},{"data":"Flex","floor":10,"key":"SMITH"},{"data":"Armaments","floor":15,"key":"SMITH"}],"circlet_count":0,"master_deck":["AscendersBane","Strike_R","Strike_R","Strike_R","Strike_R","Defend_R","Defend_R","Defend_R","Bash","Heavy Blade","Whirlwind","Armaments+1","Flex+1","Ghostly Armor","Sword Boomerang","Armaments+1"],"relics":["Burning Blood","Golden Idol","Mango","HornCleat","Akabeko","Turnip","Lantern"],"acts_visited":["Exordium"],"potions_floor_usage":[7,16],"damage_taken":[{"damage":3,"enemies":"2 Louse","floor":1,"turns":3},{"damage":9,"enemies":"Small Slimes","floor":3,"turns":4},{"damage":9,"enemies":"Jaw Worm","floor":5,"turns":3},{"damage":15,"enemies":"3 Sentries","floor":7,"turns":4},{"damage":0,"enemies":"Gremlin Nob","floor":12,"turns":2},{"damage":51,"enemies":"Slime Boss","floor":16,"turns":7}],"seed_played":"-425777338595268552","potions_obtained":[{"floor":5,"key":"DuplicationPotion"},{"floor":12,"key":"ColorlessPotion"}],"is_trial":false,"path_per_floor":["M","?","M","?","M","R","E","R","T","R","?","E","?","?","R","B"],"character_chosen":"IRONCLAD","items_purchased":[],"campfire_rested":1,"item_purchase_floors":[],"current_hp_per_floor":[54,59,56,35,32,57,62,62,62,62,55,61,61,50,50,0,0],"gold":319,"neow_bonus":"TRANSFORM_TWO_CARDS","is_daily":false,"chose_seed":false,"campfire_upgraded":3,"win_rate":0.0,"timestamp":1610619170,"path_taken":["M","?","M","?","M","R","E","R","T","R","?","E","?","?","R","BOSS"],"items_purchased_type":[],"build_version":"2020-12-22","purchased_purges":0,"victory":false,"max_hp_per_floor":[80,85,85,85,85,85,99,99,99,99,99,99,99,99,99,99,99],"relic_stats":{"counters":[6,23],"Golden Idol":19,"Turnip":[4],"obtain_stats":[{"Lantern":13,"HornCleat":9,"Golden Idol":4,"Mango":7,"Turnip":12,"Burning Blood":0,"Akabeko":11},{"Lantern":5,"HornCleat":4,"Golden Idol":2,"Mango":4,"Turnip":5,"Burning Blood":0,"Akabeko":4},{"Lantern":16,"HornCleat":14,"Golden Idol":7,"Mango":14,"Turnip":16,"Burning Blood":0,"Akabeko":14}],"Burning Blood":30},"card_choices":[{"not_picked":["Combust","Dual Wield"],"picked":"Armaments","floor":1},{"not_picked":["Wild Strike","Armaments"],"picked":"Flex","floor":3},{"not_picked":["True Grit","Thunderclap"],"picked":"Ghostly Armor","floor":5},{"not_picked":["Burning Pact","Entrench"],"picked":"Sword Boomerang","floor":7},{"not_picked":["Twin Strike","Searing Blow"],"picked":"Armaments","floor":12}],"player_experience":179099,"relics_obtained":[{"floor":7,"key":"Mango"},{"floor":9,"key":"HornCleat"},{"floor":12,"key":"Turnip"}],"event_choices":[{"damage_healed":0,"gold_gain":0,"player_choice":"Donut","damage_taken":0,"max_hp_gain":5,"max_hp_loss":0,"event_name":"Big Fish","floor":2,"gold_loss":0},{"damage_healed":0,"gold_gain":0,"player_choice":"Take Damage","damage_taken":21,"relics_obtained":["Golden Idol"],"max_hp_gain":0,"max_hp_loss":0,"event_name":"Golden Idol","floor":4,"gold_loss":0},{"damage_healed":0,"gold_gain":0,"player_choice":"Success","damage_taken":7,"relics_obtained":["Akabeko"],"max_hp_gain":0,"max_hp_loss":0,"event_name":"Scrap Ooze","floor":11,"gold_loss":0},{"damage_healed":0,"gold_gain":30,"player_choice":"Searched \u00272\u0027 times","damage_taken":0,"relics_obtained":["Lantern"],"max_hp_gain":0,"max_hp_loss":0,"event_name":"Dead Adventurer","floor":13,"gold_loss":0},{"damage_healed":0,"gold_gain":75,"player_choice":"Gather Gold","damage_taken":11,"max_hp_gain":0,"max_hp_loss":0,"event_name":"World of Goop","floor":14,"gold_loss":0}],"is_beta":false,"boss_relics":[],"items_purged_floors":[],"is_endless":false,"potions_floor_spawned":[5,12],"killed_by":"Slime Boss","ascension_level":11}}