{"host":"h0xw20cia6ppa69g","time":1610624363,"event":{"mods":["AchievementEnabler","BaseMod","Colored Map","Filter the Spire","Googly Eyes","Minty Spire (QoL Compilation)","Relic Stats","StSLib","The Awakened One except there are too many feathers","everything is the same but u backflip on backflip"],"gold_per_floor":[113,125,125,125,138,167,167,177,226,258,273,126,126,186,186,288,288,304,304,61,75,91,91,190,215,240,259,277,313,80,120,120,226,285,314,314,244,262,323,364,388,436,475,236,236,247,247,290,290,290,290],"floor_reached":50,"language":"ENG","playtime":3518,"items_purged":["Zap"],"score":802,"play_id":"ecc8f2a5-3b90-449e-abe9-44dae7676661","local_time":"20210114053923","is_ascension_mode":true,"campfire_choices":[{"data":"Stack","floor":7,"key":"SMITH"},{"data":"Go for the Eyes","floor":13,"key":"SMITH"},{"data":"Loop","floor":15,"key":"SMITH"},{"data":"Echo Form","floor":23,"key":"SMITH"},{"data":"Consume","floor":32,"key":"SMITH"},{"floor":47,"key":"RECALL"},{"data":"Biased Cognition","floor":49,"key":"SMITH"}],"circlet_count":0,"master_deck":["Dualcast","Multi-Cast","BootSequence","All For One","Chill","Go for the Eyes+1","Force Field","Self Repair","Stack+1","Conserve Battery","Tempest","Electrodynamics","Ball Lightning","Melter","Go for the Eyes+1","Force Field","Scrape","Loop+1","Hologram","Beam Cell","Turbo","Echo Form+1","Genetic Algorithm","Leap","Loop","Storm","Hologram","Consume+1","Undo+1","Doom and Gloom","Electrodynamics","Capacitor","Stack","Reinforced Body+1","All For One","Leap","Turbo+1","Storm","Coolheaded","Panacea","Madness","Madness","Stack+1","Hologram+1","Biased Cognition+1","Stack","Static Discharge","Chill+1"],"relics":["Pandora\u0027s Box","Pear","DataDisk","MealTicket","Orrery","Unceasing Top","Black Star","OrangePellets","Regal Pillow","Orichalcum","Happy Flower","CeramicFish","Bag of Marbles","Membership Card","Boot","Omamori","Tiny House","Pocketwatch","MawBank","Oddly Smooth Stone","Question Card","White Beast Statue","Strawberry","Bronze Scales","HandDrill","HornCleat","StrikeDummy","Bottled Flame"],"acts_visited":["Exordium","TheCity","TheBeyond"],"potions_floor_usage":[29,39,40],"damage_taken":[{"damage":0,"enemies":"2 Louse","floor":1,"turns":4},{"damage":0,"enemies":"Small Slimes","floor":2,"turns":6},{"damage":0,"enemies":"Cultist","floor":5,"turns":6},{"damage":31,"enemies":"3 Sentries","floor":6,"turns":11},{"damage":0,"enemies":"Red Slaver","floor":8,"turns":3},{"damage":0,"enemies":"Gremlin Nob","floor":10,"turns":3},{"damage":0,"enemies":"Looter","floor":11,"turns":3},{"damage":0,"enemies":"3 Sentries","floor":14,"turns":3},{"damage":6,"enemies":"Slime Boss","floor":16,"turns":6},{"damage":9,"enemies":"Shell Parasite","floor":18,"turns":5},{"damage":0,"enemies":"3 Byrds","floor":21,"turns":4},{"damage":14,"enemies":"Shelled Parasite and Fungi","floor":22,"turns":5},{"damage":15,"enemies":"Gremlin Leader","floor":25,"turns":7},{"damage":0,"enemies":"Centurion and Healer","floor":27,"turns":10},{"damage":24,"enemies":"3 Cultists","floor":28,"turns":5},{"damage":24,"enemies":"Slavers","floor":29,"turns":3},{"damage":17,"enemies":"Book of Stabbing","floor":31,"turns":7},{"damage":7,"enemies":"Collector","floor":33,"turns":10},{"damage":15,"enemies":"3 Darklings","floor":35,"turns":15},{"damage":52,"enemies":"2 Orb Walkers","floor":39,"turns":5},{"damage":18,"enemies":"Nemesis","floor":40,"turns":13},{"damage":0,"enemies":"3 Shapes","floor":41,"turns":14},{"damage":15,"enemies":"Giant Head","floor":42,"turns":11},{"damage":7,"enemies":"3 Darklings","floor":46,"turns":11},{"damage":12,"enemies":"Reptomancer","floor":48,"turns":6},{"damage":74,"enemies":"Awakened One","floor":50,"turns":12}],"seed_played":"-5488001758909742442","potions_obtained":[{"floor":2,"key":"DuplicationPotion"},{"floor":4,"key":"DuplicationPotion"},{"floor":4,"key":"EssenceOfDarkness"},{"floor":29,"key":"DistilledChaos"},{"floor":39,"key":"BlessingOfTheForge"},{"floor":42,"key":"FearPotion"},{"floor":46,"key":"Regen Potion"}],"is_trial":false,"path_per_floor":["M","M","?","?","M","E","R","M","T","E","M","$","R","?","R","B",null,"M","?","$","M","M","R","?","E","T","M","M","E","$","E","R","B",null,"M","?","$","?","?","E","M","E","T","$","T","M","R","E","R","B"],"character_chosen":"DEFECT","items_purchased":["Orrery","OrangePellets","Leap","Loop","Membership Card","Capacitor","Stack","Storm","Coolheaded","Panacea","Stack","Strawberry","Bronze Scales","HandDrill","Static Discharge"],"campfire_rested":0,"item_purchase_floors":[12,20,20,20,30,30,30,37,37,37,44,44,44,44,44],"current_hp_per_floor":[75,75,75,75,75,61,61,68,68,75,82,85,85,85,85,85,85,83,83,85,85,78,78,78,77,77,85,68,44,59,42,42,42,90,89,89,90,79,34,30,44,43,43,65,65,72,72,74,74,0,0],"gold":290,"neow_bonus":"BOSS_RELIC","is_daily":false,"chose_seed":false,"campfire_upgraded":6,"win_rate":0.0,"timestamp":1610624363,"path_taken":["M","M","?","?","?","E","R","M","T","E","M","?","R","?","R","BOSS","M","?","$","M","M","R","?","E","T","M","M","E","$","E","R","BOSS","M","?","$","?","?","E","M","E","T","$","?","M","R","E","R","BOSS"],"items_purchased_type":["Relic","Relic","Card","Card","Relic","Card","Card","Card","Card","Card","Card","Relic","Relic","Relic","Card"],"build_version":"2020-12-22","purchased_purges":1,"victory":false,"max_hp_per_floor":[75,75,75,75,75,85,85,85,85,85,85,85,85,85,85,85,85,85,85,85,85,85,85,85,85,85,85,85,85,85,85,85,85,90,90,90,90,90,90,90,90,90,90,97,97,97,97,97,97,97,97],"relic_stats":{"Regal Pillow":0,"Happy Flower":[40],"counters":[26,184],"CeramicFish":162,"Orichalcum":[78],"Boot":[63],"MawBank":48,"Question Card":2,"OrangePellets":[2],"Bronze Scales":[182],"Pandora\u0027s Box":["Multi-Cast","BootSequence","All For One","Chill","Go for the Eyes","Force Field","Self Repair","Stack"],"MealTicket":36,"Black Star":6,"HandDrill":[2],"obtain_stats":[{"Regal Pillow":25,"Tiny House":34,"CeramicFish":29,"Boot":31,"HornCleat":45,"Strawberry":44,"MealTicket":10,"HandDrill":44,"Cracked Core":0,"Pear":6,"Happy Flower":26,"Oddly Smooth Stone":40,"Omamori":31,"Orichalcum":25,"MawBank":40,"Question Card":42,"White Beast Statue":42,"OrangePellets":20,"DataDisk":9,"Bottled Flame":48,"Bronze Scales":44,"Orrery":12,"Pandora\u0027s Box":0,"Black Star":17,"Bag of Marbles":29,"Membership Card":30,"StrikeDummy":48,"Unceasing Top":14,"Pocketwatch":39},{"Regal Pillow":13,"Tiny House":18,"CeramicFish":16,"Boot":17,"HornCleat":23,"Strawberry":23,"MealTicket":6,"HandDrill":23,"Cracked Core":0,"Pear":4,"Happy Flower":13,"Oddly Smooth Stone":21,"Omamori":17,"Orichalcum":13,"MawBank":21,"Question Card":23,"White Beast Statue":23,"OrangePellets":10,"DataDisk":5,"Bottled Flame":25,"Bronze Scales":23,"Orrery":7,"Pandora\u0027s Box":0,"Black Star":9,"Bag of Marbles":16,"Membership Card":16,"StrikeDummy":25,"Unceasing Top":8,"Pocketwatch":20},{"Regal Pillow":64,"Tiny House":98,"CeramicFish":82,"Boot":88,"HornCleat":155,"Strawberry":155,"MealTicket":33,"HandDrill":155,"Cracked Core":0,"Pear":27,"Happy Flower":64,"Oddly Smooth Stone":130,"Omamori":88,"Orichalcum":64,"MawBank":130,"Question Card":155,"White Beast Statue":155,"OrangePellets":49,"DataDisk":30,"Bottled Flame":172,"Bronze Scales":155,"Orrery":36,"Pandora\u0027s Box":0,"Black Star":44,"Bag of Marbles":82,"Membership Card":82,"StrikeDummy":172,"Unceasing Top":38,"Pocketwatch":118}],"Unceasing Top":[11],"Pocketwatch":[67]},"card_choices":[{"not_picked":["Stack","Reprogram"],"picked":"Conserve Battery","floor":1},{"not_picked":["Genetic Algorithm","Fusion","Double Energy"],"picked":"SKIP","floor":2},{"not_picked":["Steam","Gash"],"picked":"Tempest","floor":5},{"not_picked":["Cold Snap","Coolheaded"],"picked":"Electrodynamics","floor":6},{"not_picked":["Steam","Multi-Cast"],"picked":"Ball Lightning","floor":8},{"not_picked":["Compile Driver","Blizzard"],"picked":"Melter","floor":10},{"not_picked":["Gash","Stack"],"picked":"Go for the Eyes","floor":11},{"not_picked":["Turbo","Hologram"],"picked":"Force Field","floor":12},{"not_picked":["Steam","Conserve Battery"],"picked":"Scrape","floor":12},{"not_picked":["Heatsinks","Recycle"],"picked":"Loop","floor":12},{"not_picked":["Reprogram","Streamline"],"picked":"Hologram","floor":12},{"not_picked":["Multi-Cast","FTL"],"picked":"Beam Cell","floor":12},{"not_picked":["Conserve Battery","Rainbow"],"picked":"Turbo","floor":14},{"not_picked":["Fission","Buffer"],"picked":"Echo Form","floor":16},{"not_picked":["Hello World+1","Beam Cell"],"picked":"Genetic Algorithm","floor":18},{"not_picked":["Chill+1","Aggregate+1"],"picked":"Storm","floor":21},{"not_picked":["Aggregate","Streamline"],"picked":"Hologram","floor":22},{"not_picked":["Rebound","Self Repair"],"picked":"Consume","floor":25},{"not_picked":["Fusion","Tempest"],"picked":"Undo+1","floor":27},{"not_picked":["Chaos","Gash"],"picked":"Doom and Gloom","floor":28},{"not_picked":["Reprogram","Ball Lightning"],"picked":"Electrodynamics","floor":29},{"not_picked":["Turbo","Leap+1"],"picked":"Reinforced Body+1","floor":31},{"not_picked":["Machine Learning","Multi-Cast"],"picked":"All For One","floor":33},{"not_picked":["Barrage","Blizzard"],"picked":"Leap","floor":34},{"not_picked":["Leap","Hello World"],"picked":"Turbo+1","floor":35},{"not_picked":["Go for the Eyes","Redo"],"picked":"Stack+1","floor":39},{"not_picked":["Steam Power","Go for the Eyes+1"],"picked":"Hologram+1","floor":40},{"not_picked":["Streamline+1","Sweeping Beam+1","Conserve Battery"],"picked":"SKIP","floor":41},{"not_picked":["Beam Cell","Hello World+1"],"picked":"Biased Cognition","floor":42},{"not_picked":["Reprogram","Leap","Streamline","Rebound"],"picked":"SKIP","floor":46},{"not_picked":["Conserve Battery","Gash+1","Loop"],"picked":"Chill+1","floor":48}],"player_experience":3701414,"relics_obtained":[{"floor":6,"key":"Pear"},{"floor":9,"key":"DataDisk"},{"floor":10,"key":"MealTicket"},{"floor":14,"key":"Unceasing Top"},{"floor":25,"key":"Regal Pillow"},{"floor":25,"key":"Orichalcum"},{"floor":26,"key":"Happy Flower"},{"floor":29,"key":"CeramicFish"},{"floor":29,"key":"Bag of Marbles"},{"floor":31,"key":"Boot"},{"floor":31,"key":"Omamori"},{"floor":39,"key":"Pocketwatch"},{"floor":40,"key":"MawBank"},{"floor":40,"key":"Oddly Smooth Stone"},{"floor":42,"key":"Question Card"},{"floor":42,"key":"White Beast Statue"},{"floor":45,"key":"HornCleat"},{"floor":48,"key":"StrikeDummy"},{"floor":48,"key":"Bottled Flame"}],"event_choices":[{"damage_healed":0,"gold_gain":0,"player_choice":"Ignored","damage_taken":0,"max_hp_gain":0,"max_hp_loss":0,"event_name":"Liars Game","floor":3,"gold_loss":0},{"damage_healed":0,"gold_gain":0,"player_choice":"Got Potions","damage_taken":0,"max_hp_gain":0,"max_hp_loss":0,"event_name":"Lab","floor":4,"gold_loss":0},{"damage_healed":0,"gold_gain":30,"player_choice":"Searched \u00273\u0027 times","damage_taken":0,"max_hp_gain":0,"max_hp_loss":0,"event_name":"Dead Adventurer","floor":14,"gold_loss":0},{"damage_healed":0,"gold_gain":0,"player_choice":"Ignored","damage_taken":0,"max_hp_gain":0,"max_hp_loss":0,"event_name":"Ghosts","floor":19,"gold_loss":0},{"damage_healed":0,"gold_gain":99,"player_choice":"Stole From Cult","damage_taken":0,"max_hp_gain":0,"max_hp_loss":0,"event_name":"Nest","floor":24,"gold_loss":0},{"damage_healed":0,"gold_gain":0,"player_choice":"Ignored","damage_taken":0,"max_hp_gain":0,"max_hp_loss":0,"event_name":"Tomb of Lord Red Mask","floor":36,"gold_loss":0},{"damage_healed":0,"gold_gain":0,"player_choice":"Embrace Madness","damage_taken":11,"max_hp_gain":0,"max_hp_loss":0,"event_name":"Winding Halls","floor":38,"gold_loss":0,"cards_obtained":["Madness","Madness"]},{"damage_healed":0,"gold_gain":0,"player_choice":"Fight","damage_taken":0,"max_hp_gain":0,"max_hp_loss":0,"event_name":"Mysterious Sphere","floor":39,"gold_loss":0}],"is_beta":false,"boss_relics":[{"not_picked":["Astrolabe","Nuclear Battery"],"picked":"Black Star"},{"not_picked":["Runic Dome","Velvet Choker"],"picked":"Tiny House"}],"items_purged_floors":[30],"is_endless":false,"potions_floor_spawned":[2,5,6,14,16,22,27,29,35,39,42,46,48],"killed_by":"Awakened One","ascension_level":1}}