{"host":"ELF","time":1610638173,"event":{"mods":["BaseMod","Minty Spire (QoL Compilation)"],"gold_per_floor":[114,130,130,95,108,108,134,134,185,185,185],"floor_reached":10,"language":"ENG","playtime":364,"items_purged":[],"score":129,"play_id":"e8a0baa2-c341-48dc-b20a-93e9479b68d0","local_time":"20210114092933","is_ascension_mode":true,"campfire_choices":[{"floor":6,"key":"REST"},{"floor":8,"key":"REST"}],"circlet_count":0,"master_deck":["AscendersBane","Strike_B","Strike_B","Strike_B","Strike_B","Defend_B","Defend_B","Defend_B","Defend_B","Zap","Dualcast","Magnetism","Capacitor","Leap","Auto Shields","Barrage"],"relics":["Cracked Core","Vajra","FossilizedHelix","Tiny Chest"],"acts_visited":["Exordium"],"potions_floor_usage":[],"damage_taken":[{"damage":11,"enemies":"Jaw Worm","floor":1,"turns":5},{"damage":14,"enemies":"2 Louse","floor":2,"turns":4},{"damage":3,"enemies":"Small Slimes","floor":5,"turns":4},{"damage":37,"enemies":"Lagavulin","floor":7,"turns":9},{"damage":35,"enemies":"3 Sentries","floor":10,"turns":5}],"seed_played":"-112224012626866106","potions_obtained":[],"is_trial":false,"path_per_floor":["M","M","?","?","M","R","E","R","T","E"],"character_chosen":"DEFECT","items_purchased":[],"campfire_rested":2,"item_purchase_floors":[],"current_hp_per_floor":[35,21,16,33,30,51,14,35,35,0,0],"gold":185,"neow_bonus":"RANDOM_COLORLESS_2","is_daily":false,"chose_seed":false,"campfire_upgraded":0,"win_rate":0.0,"timestamp":1610638173,"path_taken":["M","M","?","?","M","R","E","R","T","E"],"items_purchased_type":[],"build_version":"2020-12-18","purchased_purges":0,"victory":false,"max_hp_per_floor":[71,71,71,71,71,71,71,71,71,71,71],"card_choices":[{"not_picked":["Secret Weapon","Chrysalis"],"picked":"Magnetism","floor":0},{"not_picked":["Compile Driver","Gash"],"picked":"Capacitor","floor":1},{"not_picked":["Stack","Go for the Eyes"],"picked":"Leap","floor":2},{"not_picked":["Meteor Strike","Conserve Battery"],"picked":"Auto Shields","floor":5},{"not_picked":["Rebound","Tempest"],"picked":"Barrage","floor":7}],"player_experience":3197382,"relics_obtained":[{"floor":7,"key":"FossilizedHelix"},{"floor":9,"key":"Tiny Chest"}],"event_choices":[{"damage_healed":0,"gold_gain":0,"player_choice":"Success","damage_taken":5,"relics_obtained":["Vajra"],"max_hp_gain":0,"max_hp_loss":0,"event_name":"Scrap Ooze","floor":3,"gold_loss":0},{"damage_healed":17,"gold_gain":0,"player_choice":"Healed","damage_taken":0,"max_hp_gain":0,"max_hp_loss":0,"event_name":"The Cleric","floor":4,"gold_loss":35}],"is_beta":true,"boss_relics":[],"items_purged_floors":[],"is_endless":false,"potions_floor_spawned":[],"killed_by":"3 Sentries","ascension_level":19}}