{"host":"xh3brefae6wm9kl8","time":1610593167,"event":{"mods":["AchievementEnabler","BaseMod","GifTheSpireLib","Keyboard Shortcuts","Minty Spire (QoL Compilation)","Permanent Neow","Relic Stats","StSLib","SuperFastMode"],"gold_per_floor":[16,36,36,56,71,98,98,173,173,173,205,223,248,91,91,164,164,184,144,144,59,59,59],"floor_reached":22,"language":"KOR","playtime":808,"items_purged":[],"score":408,"play_id":"13a375bb-507e-489e-b33c-09fafaf86b46","local_time":"20210114115927","is_ascension_mode":true,"campfire_choices":[{"data":"Carnage","floor":7,"key":"SMITH"},{"floor":10,"key":"REST"},{"data":"Perfected Strike","floor":15,"key":"SMITH"}],"circlet_count":0,"master_deck":["AscendersBane","Strike_R","Strike_R","Strike_R","Strike_R","Strike_R","Defend_R","Defend_R","Defend_R","Defend_R","Bash","Iron Wave","Evolve","Carnage+1","Shrug It Off","Perfected Strike+1","Impervious","Feed","Shrug It Off","Wild Strike","Necronomicurse"],"relics":["Burning Blood","StoneCalendar","Gremlin Horn","Eternal Feather","TungstenRod","MealTicket","SlaversCollar","Necronomicon","Ornamental Fan"],"acts_visited":["Exordium","TheCity"],"potions_floor_usage":[6,6,22],"damage_taken":[{"damage":12,"enemies":"Small Slimes","floor":1,"turns":4},{"damage":16,"enemies":"Jaw Worm","floor":2,"turns":5},{"damage":3,"enemies":"2 Louse","floor":4,"turns":3},{"damage":17,"enemies":"Lots of Slimes","floor":5,"turns":5},{"damage":27,"enemies":"Gremlin Nob","floor":6,"turns":4},{"damage":12,"enemies":"3 Sentries","floor":11,"turns":7},{"damage":15,"enemies":"Exordium Wildlife","floor":12,"turns":4},{"damage":8,"enemies":"Gremlin Nob","floor":13,"turns":3},{"damage":32,"enemies":"Slime Boss","floor":16,"turns":7},{"damage":33,"enemies":"Spheric Guardian","floor":18,"turns":7},{"damage":19,"enemies":"2 Thieves","floor":19,"turns":5},{"damage":22,"enemies":"Cultist and Chosen","floor":22,"turns":5}],"seed_played":"-4213579434054732173","potions_obtained":[{"floor":2,"key":"Energy Potion"},{"floor":4,"key":"SneckoOil"},{"floor":11,"key":"SpeedPotion"},{"floor":19,"key":"SteroidPotion"}],"is_trial":false,"path_per_floor":["M","M","?","M","M","E","R","?","T","R","E","M","E","$","R","B",null,"M","M","?","?","M"],"character_chosen":"IRONCLAD","items_purchased":["MealTicket"],"campfire_rested":1,"item_purchase_floors":[14],"current_hp_per_floor":[76,66,66,69,58,37,37,26,26,52,46,37,35,35,44,18,71,44,31,14,14,0,0],"gold":59,"neow_bonus":"TWENTY_PERCENT_HP_BONUS","is_daily":false,"chose_seed":false,"campfire_upgraded":2,"win_rate":0.0,"timestamp":1610593167,"path_taken":["M","M","?","M","M","E","R","?","T","R","E","M","E","$","R","BOSS","M","M","?","?","M"],"items_purchased_type":["Relic"],"build_version":"2020-12-22","purchased_purges":0,"victory":false,"max_hp_per_floor":[89,89,89,89,89,89,89,89,89,89,89,89,89,89,89,89,89,89,89,89,89,89,89],"relic_stats":{"Gremlin Horn":[6,6],"counters":[12,59],"Ornamental Fan":[8],"StoneCalendar":[54],"Eternal Feather":9,"MealTicket":0,"Necronomicon":[2],"obtain_stats":[{"SlaversCollar":17,"Gremlin Horn":9,"Ornamental Fan":21,"StoneCalendar":6,"Eternal Feather":11,"MealTicket":14,"Necronomicon":20,"Burning Blood":0,"TungstenRod":13},{"SlaversCollar":9,"Gremlin Horn":5,"Ornamental Fan":11,"StoneCalendar":5,"Eternal Feather":6,"MealTicket":8,"Necronomicon":11,"Burning Blood":0,"TungstenRod":8},{"SlaversCollar":42,"Gremlin Horn":21,"Ornamental Fan":54,"StoneCalendar":21,"Eternal Feather":28,"MealTicket":35,"Necronomicon":54,"Burning Blood":0,"TungstenRod":35}],"Burning Blood":66,"TungstenRod":15},"card_choices":[{"not_picked":["Body Slam","Havoc"],"picked":"Iron Wave","floor":1},{"not_picked":["Flex","Armaments"],"picked":"Evolve","floor":2},{"not_picked":["Anger","Armaments"],"picked":"Carnage","floor":4},{"not_picked":["Havoc","Iron Wave","Clothesline"],"picked":"SKIP","floor":5},{"not_picked":["Metallicize","Havoc"],"picked":"Shrug It Off","floor":6},{"not_picked":["Dropkick","Warcry","Anger"],"picked":"SKIP","floor":11},{"not_picked":["Infernal Blade","Havoc"],"picked":"Perfected Strike","floor":12},{"not_picked":["Anger","Pommel Strike"],"picked":"Impervious","floor":13},{"not_picked":["Barricade","Juggernaut"],"picked":"Feed","floor":16},{"not_picked":["Clothesline","Headbutt"],"picked":"Shrug It Off","floor":18},{"not_picked":["Warcry","Reaper"],"picked":"Wild Strike","floor":19}],"player_experience":380834,"relics_obtained":[{"floor":6,"key":"StoneCalendar"},{"floor":9,"key":"Gremlin Horn"},{"floor":11,"key":"Eternal Feather"},{"floor":13,"key":"TungstenRod"},{"floor":20,"key":"Necronomicon"}],"event_choices":[{"damage_healed":0,"gold_gain":0,"player_choice":"Ignored","damage_taken":0,"max_hp_gain":0,"max_hp_loss":0,"event_name":"Liars Game","floor":3,"gold_loss":0},{"damage_healed":0,"gold_gain":75,"player_choice":"Gather Gold","damage_taken":11,"max_hp_gain":0,"max_hp_loss":0,"event_name":"World of Goop","floor":8,"gold_loss":0},{"damage_healed":0,"gold_gain":0,"player_choice":"Obtained Book","damage_taken":21,"max_hp_gain":0,"max_hp_loss":0,"event_name":"Cursed Tome","floor":20,"gold_loss":0},{"damage_healed":0,"gold_gain":0,"player_choice":"Obtained Relic","damage_taken":0,"relics_obtained":["Ornamental Fan"],"max_hp_gain":0,"max_hp_loss":0,"event_name":"Addict","floor":21,"gold_loss":85}],"is_beta":false,"boss_relics":[{"not_picked":["SacredBark","Runic Cube"],"picked":"SlaversCollar"}],"items_purged_floors":[],"is_endless":false,"potions_floor_spawned":[2,4,11,19],"killed_by":"Cultist and Chosen","ascension_level":20}}