{"host":"tq6qmx9nj4kgfpqr","time":1610664784,"event":{"mods":["AchievementEnabler","Bard","BaseMod","Bestiary","Better Match","Better Third Choice","ChefMod","Colored Map","Colored Powertips","Gremlin Skip","Hermit","Minty Spire (QoL Compilation)","Quarter Circle Forward PUNCH!","Quick Restart","READ ME - Guardian Mod","Somnambulant","StSLib","The Bladedancer","The Blue Laboratory","The Construct","The Cursed","The Juggle","The Poker Player","The Sage","themimic"],"gold_per_floor":[111,111,125,125,125,150,175,208,208,242,268,76,109,129,129,239,239,253,253,253,253,293,323,323,364,364,395,433,480,513,539,539,644,671,697,697,722,731,773,814,853,862,885,923,474,94,133,177,177,177],"floor_reached":51,"language":"ENG","playtime":5415,"items_purged":[],"score":1892,"play_id":"f8a6d56a-f5e9-427d-affb-6f8b63ee0b5d","local_time":"20210114175304","daily_mods":["SealedDeck","Colorless Cards","Heirloom","Time Dilation","Flight","DeadlyEvents","Elite Swarm"],"is_ascension_mode":false,"campfire_choices":[{"data":"1","floor":15.0,"key":"LIFT"},{"data":"2","floor":24.0,"key":"LIFT"},{"data":"3","floor":32,"key":"LIFT"},{"floor":42,"key":"REST"},{"data":"blademaster:Empower","floor":49,"key":"SMITH"}],"circlet_count":0,"master_deck":["blademaster:Frontflip+1","Swift Strike+1","blademaster:AirSlash+1","blademaster:Vortex+1","blademaster:Safeguard+1","blademaster:DaggerAndCloak+1","blademaster:AspectOfWind+1","blademaster:AspectOfLightning+1","Panacea+1","blademaster:Empower+1","blademaster:Empower+1","blademaster:ColdBlood+1","Panache+1","blademaster:Empower+1","blademaster:Thrust+1","blademaster:Empower+1","blademaster:DaggerAndCloak+1","blademaster:FuryOfTheElements+1","Master of Strategy+1","Master of Strategy+1","LessonLearned+1","Panache+1","Sadistic Nature+1","FlurryOfBlows+1","jugglermod: PalmLift+1","Mind Blast+1","Panacea+1","blademaster:Empower+1","Panache+1","Master of Strategy+1","Sadistic Nature+1","blademaster:DaggerAndCloak+1","blademaster:EnchantedCuirass+1","blademaster:AirSlash+1","blademaster:Stability+1","Panache+1","blademaster:Frontflip+1","blademaster:ThreePointStrike+1","blademaster:Empower+1"],"relics":["blademaster:DancersAmulet","construct:RocketBooster","StrikeDummy","construct:FoamFinger","Molten Egg 2","qcfpunch:Wrestler\u0027s_Cloak","sagemod:Red_Beast_Statue","Girya","Pear","CeramicFish","Turnip","Strawberry","qcfpunch:School_Backpack","Frozen Egg 2","qcfpunch:Combat_Fatigues","qcfpunch:White_Boots","Omamori","sagemod:Creepy_Carousel","qcfpunch:Killian_Engine_Alpha","Bronze Scales","Potion Belt","Dream Catcher","Boot","qcfpunch:Broken_Tusk","Bottled Flame","Pen Nib","Orichalcum","Anchor"],"acts_visited":["Exordium","TheCity","TheBeyond"],"potions_floor_usage":[47,50,50,50,50,50],"damage_taken":[{"damage":0.0,"enemies":"Small Slimes","floor":1.0,"turns":2.0},{"damage":0.0,"enemies":"Cultist","floor":3.0,"turns":1.0},{"damage":0.0,"enemies":"3 Sentries","floor":6.0,"turns":3.0},{"damage":0.0,"enemies":"Lagavulin","floor":7.0,"turns":1.0},{"damage":0.0,"enemies":"3 Sentries","floor":8.0,"turns":1.0},{"damage":0.0,"enemies":"Gremlin Nob","floor":10.0,"turns":1.0},{"damage":0.0,"enemies":"Lagavulin","floor":11.0,"turns":1.0},{"damage":0.0,"enemies":"Gremlin Nob","floor":13.0,"turns":1.0},{"damage":0.0,"enemies":"2 Louse","floor":14.0,"turns":1.0},{"damage":0.0,"enemies":"Hexaghost","floor":16.0,"turns":1.0},{"damage":0.0,"enemies":"Shell Parasite","floor":18.0,"turns":1.0},{"damage":0.0,"enemies":"Book of Stabbing","floor":22.0,"turns":2.0},{"damage":0.0,"enemies":"Gremlin Leader","floor":23.0,"turns":2.0},{"damage":0.0,"enemies":"Slavers","floor":25.0,"turns":1.0},{"damage":0.0,"enemies":"Book of Stabbing","floor":27.0,"turns":1.0},{"damage":0,"enemies":"Slavers","floor":28,"turns":1},{"damage":0,"enemies":"Book of Stabbing","floor":29,"turns":1},{"damage":0,"enemies":"Slavers","floor":30,"turns":1},{"damage":0,"enemies":"Gremlin Leader","floor":31,"turns":1},{"damage":0,"enemies":"Collector","floor":33,"turns":1},{"damage":0,"enemies":"3 Darklings","floor":35,"turns":1},{"damage":0,"enemies":"Orb Walker","floor":37,"turns":1},{"damage":0,"enemies":"Giant Head","floor":39,"turns":1},{"damage":0,"enemies":"Reptomancer","floor":40,"turns":1},{"damage":0,"enemies":"Giant Head","floor":41,"turns":1},{"damage":0,"enemies":"Reptomancer","floor":44,"turns":1},{"damage":0,"enemies":"Giant Head","floor":47,"turns":1},{"damage":0,"enemies":"Reptomancer","floor":48,"turns":1},{"damage":0,"enemies":"Time Eater","floor":50,"turns":2}],"seed_played":"3932151213312558066","potions_obtained":[{"floor":8.0,"key":"blueLaboratory:HorrorPotion"},{"floor":11.0,"key":"Weak Potion"},{"floor":13.0,"key":"Weak Potion"},{"floor":14.0,"key":"LiquidMemories"},{"floor":16.0,"key":"Swift Potion"},{"floor":18.0,"key":"EssenceOfSteel"},{"floor":28,"key":"EntropicBrew"},{"floor":41,"key":"blueLaboratory:PhilterOfMotion"},{"floor":48,"key":"FearPotion"}],"is_trial":true,"path_per_floor":["M","?","M","?","T","E","E","E","T","E","E","$","E","M","R","B",null,"M","$","?","?","E","E","R","E","T","E","E","E","E","E","R","B",null,"M","?","M","?","E","E","E","R","T","E","$","$","E","E","R","B",null],"character_chosen":"THE_BLADEMASTER","items_purchased":["blademaster:Thrust+1","blademaster:Empower","Bottled Flame","blademaster:AirSlash+1","blueLaboratory:RecallPotion","blademaster:Stability+1","Pen Nib","Panache+1","blademaster:Frontflip"],"campfire_rested":1,"item_purchase_floors":[12,12,45,45,45,46,46,46,46],"current_hp_per_floor":[75,75,75,60,60,60,60,66,66,72,85,85,85,85,85,85,85,85,85,85,85,85,85,85,92,92,92,92,92,92,92,92,92,92,92,92,92,92,92,92,92,92,92,92,92,92,92,92,92,92],"gold":177,"neow_bonus":"","is_daily":false,"chose_seed":false,"campfire_upgraded":1,"win_rate":0.0,"timestamp":1610664784,"path_taken":["M","?","?","?","?","E","E","E","T","E","E","$","E","M","R","BOSS","M","$","?","?","?","E","R","E","T","E","E","E","E","E","R","BOSS","M","?","?","?","?","E","E","R","T","?","$","$","E","E","R","BOSS"],"items_purchased_type":["Card","Card","Relic","Card","Potion","Card","Relic","Card","Card"],"build_version":"2020-12-22","purchased_purges":0,"victory":true,"max_hp_per_floor":[75,75,75,75,75,75,75,75,75,75,85,85,85,85,85,85,85,85,85,85,85,85,85,85,92,92,92,92,92,92,92,92,92,92,92,92,92,92,92,92,92,92,92,92,92,92,92,92,92,92],"card_choices":[{"not_picked":["blademaster:Flurry","blademaster:CullingStrike","blademaster:ParryingStrike"],"picked":"SKIP","floor":1.0},{"not_picked":["blademaster:Havoc","Purity"],"picked":"blademaster:Empower","floor":3.0},{"not_picked":["blademaster:BladeDance","Magnetism"],"picked":"blademaster:Empower","floor":6.0},{"not_picked":["blademaster:StanceMastery","Panache"],"picked":"blademaster:ColdBlood","floor":7.0},{"not_picked":["blademaster:BladeDance","blademaster:RollingTyphoon+1"],"picked":"Panache","floor":8.0},{"not_picked":["blademaster:RollingTyphoon+1","Secret Technique"],"picked":"blademaster:Empower","floor":10.0},{"not_picked":["blademaster:HighVoltage","blademaster:Blindside+1","blademaster:ColdBlood"],"picked":"SKIP","floor":11.0},{"not_picked":["blademaster:Flash+1","blademaster:EnchantedCuirass","blademaster:RollingTyphoon+1"],"picked":"SKIP","floor":13.0},{"not_picked":["Magnetism","blademaster:Reversal+1"],"picked":"blademaster:DaggerAndCloak","floor":14.0},{"not_picked":["Chrysalis","blademaster:BladeDance"],"picked":"blademaster:FuryOfTheElements+1","floor":16.0},{"not_picked":["blademaster:AspectOfWind","Dark Shackles","blademaster:SlyStabs"],"picked":"SKIP","floor":18.0},{"not_picked":["Magnetism","The Bomb"],"picked":"Master of Strategy","floor":22.0},{"not_picked":["blademaster:LightningDraw+1","The Bomb","blademaster:Flash+1"],"picked":"SKIP","floor":23.0},{"not_picked":["blademaster:StanceMastery","Secret Weapon"],"picked":"Master of Strategy","floor":25.0},{"not_picked":["Secret Technique","Mayhem+1","Thinking Ahead"],"picked":"SKIP","floor":27},{"not_picked":["Alpha","Blasphemy"],"picked":"LessonLearned+1","floor":28},{"not_picked":["blademaster:UnrelentingWind","blademaster:BladeDance+1","Mayhem+1"],"picked":"SKIP","floor":28},{"not_picked":["HandOfGreed+1","Chrysalis"],"picked":"Panache+1","floor":29},{"not_picked":["Demon Form+1","Fiend Fire+1"],"picked":"Berserk+1","floor":29},{"not_picked":["Corpse Explosion","Storm of Steel","Grand Finale+1"],"picked":"SKIP","floor":30},{"not_picked":["blademaster:HighVoltage","Magnetism+1","Mayhem+1"],"picked":"SKIP","floor":30},{"not_picked":["Phantasmal Killer","Corpse Explosion","A Thousand Cuts+1"],"picked":"SKIP","floor":31},{"not_picked":["blademaster:HighVoltage","blademaster:Flash+1","HandOfGreed+1"],"picked":"SKIP","floor":31},{"not_picked":["blademaster:LightningDraw+1","Chrysalis"],"picked":"Sadistic Nature+1","floor":33},{"not_picked":["blademaster:DancingEdge+1","blademaster:AspectOfWind"],"picked":"Mind Blast+1","floor":35},{"not_picked":["blademaster:BloodyBlow+1","blademaster:Cut+1"],"picked":"Panacea","floor":37},{"not_picked":["Magnetism+1","blademaster:FlockOfBlades+1"],"picked":"Panache+1","floor":39},{"not_picked":["blademaster:RagingBlow+1","Apotheosis"],"picked":"Master of Strategy","floor":40},{"not_picked":["The Bomb","Mayhem+1"],"picked":"Sadistic Nature+1","floor":41},{"not_picked":["Discovery+1","blademaster:Quickstep+1"],"picked":"blademaster:DaggerAndCloak","floor":42},{"not_picked":["blademaster:RagingBlow+1","Mayhem+1"],"picked":"blademaster:EnchantedCuirass+1","floor":44},{"not_picked":["blademaster:EnchantedCuirass+1","Transmutation"],"picked":"blademaster:ThreePointStrike+1","floor":47},{"not_picked":["Magnetism+1","Transmutation"],"picked":"blademaster:Empower","floor":48}],"player_experience":212981,"relics_obtained":[{"floor":5.0,"key":"StrikeDummy"},{"floor":6.0,"key":"construct:FoamFinger"},{"floor":6.0,"key":"blademaster:StrongPerk"},{"floor":7.0,"key":"Molten Egg 2"},{"floor":7.0,"key":"blademaster:StanceHealPerk"},{"floor":8.0,"key":"qcfpunch:Wrestler\u0027s_Cloak"},{"floor":8.0,"key":"blademaster:BleedingLaceratePerk"},{"floor":9.0,"key":"sagemod:Red_Beast_Statue"},{"floor":10.0,"key":"Girya"},{"floor":10.0,"key":"blademaster:DextrousPerk"},{"floor":11.0,"key":"Pear"},{"floor":11.0,"key":"blademaster:BonusComboPerk"},{"floor":13.0,"key":"CeramicFish"},{"floor":13.0,"key":"blademaster:FuryEveryTurnPerk"},{"floor":22.0,"key":"blademaster:BonusFuryPerk"},{"floor":23.0,"key":"Turnip"},{"floor":23.0,"key":"blademaster:FinisherDrawCardPerk"},{"floor":25.0,"key":"Strawberry"},{"floor":25.0,"key":"blademaster:RandomBladePerk"},{"floor":26.0,"key":"qcfpunch:School_Backpack"},{"floor":27,"key":"Frozen Egg 2"},{"floor":27,"key":"blademaster:BleedingMoreDamagePerk"},{"floor":28,"key":"qcfpunch:Combat_Fatigues"},{"floor":28,"key":"blademaster:LightningChargePerk"},{"floor":29,"key":"qcfpunch:White_Boots"},{"floor":29,"key":"blademaster:ComboEveryTurnPerk"},{"floor":30,"key":"Omamori"},{"floor":30,"key":"blademaster:RandomStancePerk"},{"floor":31,"key":"sagemod:Creepy_Carousel"},{"floor":31,"key":"blademaster:WindChargePerk"},{"floor":39,"key":"Bronze Scales"},{"floor":39,"key":"blademaster:OnAttackedChargePerk"},{"floor":40,"key":"Potion Belt"},{"floor":41,"key":"Dream Catcher"},{"floor":43,"key":"Boot"},{"floor":44,"key":"qcfpunch:Broken_Tusk"},{"floor":47,"key":"Orichalcum"},{"floor":48,"key":"Anchor"}],"event_choices":[{"damage_healed":0.0,"max_hp_gain":0.0,"max_hp_loss":0.0,"gold_gain":0.0,"cards_transformed":["Finesse"],"event_name":"Transmorgrifier","player_choice":"Transformed","floor":2.0,"gold_loss":0.0,"damage_taken":0.0,"cards_obtained":["Panacea"]},{"damage_healed":75.0,"max_hp_gain":0.0,"max_hp_loss":75.0,"gold_gain":0.0,"event_name":"betterThird:BetterShining","player_choice":"Upgrade","floor":4.0,"gold_loss":0.0,"damage_taken":15.0,"cards_upgraded":["blademaster:DaggerAndCloak","blademaster:Vortex"]},{"damage_healed":0.0,"max_hp_gain":0.0,"max_hp_loss":0.0,"gold_gain":0.0,"event_name":"The Mausoleum","player_choice":"Ignored","floor":20.0,"gold_loss":0.0,"damage_taken":0.0},{"damage_healed":0,"gold_gain":0,"player_choice":"Ignored","damage_taken":0,"max_hp_gain":0,"max_hp_loss":0,"event_name":"Tomb of Lord Red Mask","floor":36,"gold_loss":0},{"damage_healed":0,"gold_gain":0,"player_choice":"Copied","damage_taken":0,"max_hp_gain":0,"max_hp_loss":0,"event_name":"Duplicator","floor":38,"gold_loss":0,"cards_obtained":["blademaster:Empower"]}],"is_beta":false,"boss_relics":[{"not_picked":["Calling Bell","Snecko Eye","Runic Pyramid"]},{"not_picked":["construct:ClawGrip","qcfpunch:Dark_Gi"],"picked":"qcfpunch:Killian_Engine_Alpha"}],"items_purged_floors":[],"is_endless":false,"potions_floor_spawned":[8,11,13,14,16,18,23,28,31,33,41,47,48],"ascension_level":0}}