{"host":"jvd5k9mqzerszifx","time":1610639221,"event":{"mods":["AchievementEnabler","Act Like it!","BaseMod","Better Note","Better Third Choice","Colored Map","Colored Powertips","Conspire","Gensokyo","Hallownest","Hermit","Hubris","Koishi","Marisa（F雨　魔理沙）","Minty Spire (QoL Compilation)","MostiFishMod","Relic Stats","Replay The Spire","Reworked Bosses","Spicy Shops","StSLib","The Administrix","The Bug Knight","The Factory","The Hierophant","The Jungle","【功能Mod】聪明的最终Boss"],"gold_per_floor":[134,185,236,329,377,377,482,167,245,225,44,77,107,11,11,291,291,330,330,330,390,400,502,502,502,502,592,49,100,100,142,142,427,427,484,529,565,604,637,637,691,739,814,913,970,1048,1048,1078,1078,1078,1078,1078,23,113,113],"floor_reached":56,"language":"ZHS","playtime":2511,"items_purged":[],"score":1807,"play_id":"8f5749d6-5180-4f9c-8a7e-2e3f957c2278","local_time":"20210114234701","is_ascension_mode":false,"campfire_choices":[{"data":"hierophant:Strike_Hierophant","floor":6,"key":"PURGE"},{"data":"hierophant:Strike_Hierophant","floor":6,"key":"PURGE"},{"data":"hierophant:Defend_Hierophant","floor":6,"key":"PURGE"},{"data":"hierophant:Defend_Hierophant","floor":6,"key":"PURGE"},{"data":"hierophant:Defend_Hierophant","floor":6,"key":"PURGE"},{"data":"hierophant:Strike_Hierophant","floor":6,"key":"PURGE"},{"data":"hierophant:Strike_Hierophant","floor":6,"key":"SMITH"},{"data":"hierophant:Punish","floor":6,"key":"SMITH"},{"data":"hierophant:Defend_Hierophant","floor":6,"key":"SMITH"},{"data":"hierophant:ChurchCoffers","floor":6,"key":"SMITH"},{"data":"hierophant:Chorus","floor":6,"key":"SMITH"},{"data":"hierophant:Martyrdom","floor":6,"key":"SMITH"},{"data":"hierophant:Smite","floor":6,"key":"SMITH"},{"data":"hierophant:Sermon","floor":6,"key":"SMITH"},{"data":"hierophant:Exaltation","floor":6,"key":"SMITH"},{"data":"hierophant:MorningPrayer","floor":6,"key":"SMITH"},{"floor":6,"key":"REST"},{"floor":6,"key":"REST"},{"data":"hierophant:ThreeLashes","floor":15,"key":"SMITH"},{"data":"hierophant:HolyVerse","floor":15,"key":"SMITH"},{"data":"hierophant:ArchangelShield","floor":15,"key":"SMITH"},{"data":"hierophant:Sermon","floor":15,"key":"SMITH"},{"data":"Trip","floor":15,"key":"SMITH"},{"data":"hierophant:ThreeLashes","floor":15,"key":"SMITH"},{"floor":15,"key":"RECALL"},{"data":"hierophant:Batter","floor":25,"key":"SMITH"},{"data":"hierophant:RepressedViolence","floor":25,"key":"SMITH"},{"data":"hierophant:Flagellation","floor":25,"key":"SMITH"},{"floor":25,"key":"REST"},{"data":"hierophant:Exaltation","floor":32,"key":"SMITH"},{"data":"Replay:Bootleg Shield Generator","floor":32,"key":"SMITH"},{"data":"Replay:Parry","floor":32,"key":"SMITH"},{"data":"ReplayTheSpireMod:Private Reserves","floor":32,"key":"SMITH"},{"data":"Trip","floor":32,"key":"SMITH"},{"data":"Pot Of Greed","floor":32,"key":"SMITH"},{"data":"Pot Of Greed","floor":32,"key":"SMITH"},{"data":"Pot Of Greed","floor":32,"key":"SMITH"},{"data":"hierophant:ThreeLashes","floor":32,"key":"SMITH"},{"data":"hierophant:PassingBell","floor":32,"key":"SMITH"},{"data":"theJungle:Gourd","floor":32,"key":"SMITH"},{"data":"hierophant:Strike_Hierophant+1","floor":32,"key":"PURGE"},{"data":"theJungle:Gourd+1","floor":32,"key":"PURGE"},{"data":"theJungle:Gourd","floor":32,"key":"PURGE"},{"data":"theJungle:Gourd","floor":32,"key":"PURGE"},{"data":"theJungle:Gourd","floor":32,"key":"PURGE"},{"data":"theJungle:Gourd","floor":32,"key":"SMITH"},{"data":"hierophant:Endure","floor":32,"key":"SMITH"},{"floor":32,"key":"REST"},{"data":"hierophant:TollTheBells","floor":40,"key":"SMITH"},{"data":"Pot Of Greed","floor":40,"key":"SMITH"},{"floor":40,"key":"REST"},{"data":"hierophant:Endure","floor":47,"key":"SMITH"},{"floor":47,"key":"REST"},{"floor":49,"key":"REST"},{"floor":52,"key":"REST"}],"circlet_count":0,"master_deck":["hierophant:Punish+1","hierophant:ChurchCoffers+1","hierophant:Chorus+1","hierophant:Martyrdom+1","hierophant:Smite+1","hierophant:Sermon+1","hierophant:Exaltation+1","hierophant:MorningPrayer+1","hierophant:ThreeLashes+1","hierophant:HolyVerse+1","hierophant:ArchangelShield+1","hierophant:Sermon+1","Trip+1","hierophant:ThreeLashes+1","hierophant:Batter+1","hierophant:Flagellation+1","hierophant:RepressedViolence+1","hierophant:Flagellation+1","hierophant:Sermon+1","hierophant:Exaltation+1","Replay:Bootleg Shield Generator+1","Replay:Parry+1","ReplayTheSpireMod:Private Reserves+1","Trip+1","Pot Of Greed+1","Pot Of Greed+1","Pot Of Greed+1","hierophant:ThreeLashes+1","hierophant:PassingBell+1","theJungle:Gourd+1","hierophant:Endure+1","hierophant:ThreeLashes+1","hierophant:TollTheBells+1","Pot Of Greed+1","hierophant:HolyVerse+1","hierophant:FieryStrike+1","hierophant:Zeal+1","hierophant:Endure+1","hierophant:Doomsaying+1","hierophant:ThreeLashes+1","hierophant:Smite+1","hierophant:ThreeLashes+1","Master of Strategy","Replay:Sssssssssstrike"],"relics":["hierophant:PropheticMaskRelic","Peace Pipe","Ginger","Turnip","Unceasing Top","Omamori","Ice Cream","The Courier","Medical Kit","WingedGreaves","HandDrill","Frozen Eye","Blue Candle","DaveBox","SynthV:TestCard","Civilization","hubris:TenFootPole","ReplayTheSpireMod:Ninjato","Pear","Membership Card","Vajra","SynthV","Coffee Dripper","Shuriken","theJungle:SneckoAutograph","HollowMod:LifeEnderRelic","hubris:Reverence","Replay:Accelerometer","HollowMod:PaleOreRelic","ChiLing","Chi","Ling","Nunchaku","Tiny Chest","Orichalcum","Grinning Jar","Pen Nib","Replay:Ancient Bell","Replay:Rubber Ducky","Replay:WaspNest","DianDianMeat","PreservedInsect","hubris:SlimyHat","Bird Faced Urn","Bottled Tornado","BargainBundle","ReplayTheSpireMod:TigerMarble","Happy Flower","conspire:BottledYoYo","Mirror","Chameleon Ring","Orrery","Lantern","Strawberry","hubris:Spice","HornCleat","Letter Opener","Du-Vu Doll"],"acts_visited":["Exordium","Exordium","TheBeyond","TheEnding"],"potions_floor_usage":[],"damage_taken":[{"damage":4,"enemies":"Cultist","floor":1,"turns":4},{"damage":12,"enemies":"Small Slimes","floor":2,"turns":3},{"damage":0,"enemies":"Jaw Worm","floor":3,"turns":4},{"damage":12,"enemies":"Looter","floor":4,"turns":3},{"damage":21,"enemies":"Exordium Wildlife","floor":5,"turns":3},{"damage":12,"enemies":"Gremlin Nob","floor":7,"turns":3},{"damage":0,"enemies":"Large Slime","floor":12,"turns":2},{"damage":10,"enemies":"Lots of Slimes","floor":13,"turns":2},{"damage":48,"enemies":"Fading Forest","floor":16,"turns":8},{"damage":0,"enemies":"theJungle:5_Spyders","floor":18,"turns":3},{"damage":0,"enemies":"theJungle:GiantWrat","floor":21,"turns":2},{"damage":16,"enemies":"theJungle:2_Flameangoes","floor":22,"turns":1},{"damage":0,"enemies":"theJungle:2_Phrogs","floor":23,"turns":1},{"damage":0,"enemies":"theJungle:MamaSnecko","floor":27,"turns":2},{"damage":1,"enemies":"theJungle:Lyon","floor":29,"turns":1},{"damage":0,"enemies":"theJungle:Snecko_Cultist_And_Trap","floor":31,"turns":2},{"damage":0,"enemies":"theJungle:QueenSpyder","floor":33,"turns":1},{"damage":2,"enemies":"3 Darklings","floor":35,"turns":1},{"damage":6,"enemies":"3 Shapes","floor":36,"turns":1},{"damage":0,"enemies":"Transient","floor":37,"turns":1},{"damage":1,"enemies":"Sphere and 2 Shapes","floor":38,"turns":1},{"damage":1,"enemies":"3 Darklings","floor":39,"turns":1},{"damage":0,"enemies":"Writhing Mass","floor":41,"turns":1},{"damage":0,"enemies":"4 Shapes","floor":42,"turns":2},{"damage":2,"enemies":"R_Hoarder","floor":44,"turns":1},{"damage":0,"enemies":"Jaw Worm Horde","floor":45,"turns":1},{"damage":0,"enemies":"Giant Head","floor":46,"turns":1},{"damage":2,"enemies":"HollowMod:SlobberingHusk","floor":48,"turns":2},{"damage":0,"enemies":"bossMod:newShapes","floor":50,"turns":1},{"damage":1,"enemies":"Shield and Spear","floor":54,"turns":1},{"damage":3,"enemies":"The Heart","floor":55,"turns":3}],"seed_played":"6713456488416462781","potions_obtained":[{"floor":1,"key":"Dexterity Potion"},{"floor":2,"key":"SkillPotion"},{"floor":4,"key":"GamblersBrew"},{"floor":10,"key":"Strength Potion"},{"floor":13,"key":"LiquidBronze"},{"floor":20,"key":"Swift Potion"}],"is_trial":false,"path_per_floor":["M","M","M","M","M","R","E","$","T","?","$","M","M","$","R","B",null,"M","?","?","M","M","E","?","R","T","E","$","M","?","M","R","B",null,"M","M","M","M","M","R","M","M","T","E","M","E","R","M","R","B",null,"R","$","E","B",null],"character_chosen":"HIEROPHANT","items_purchased":["hierophant:HolyVerse","ReplayTheSpireMod:Ninjato","Pear","Membership Card","Vajra","SynthV","Trip","hierophant:ThreeLashes","HollowMod:PaleOreRelic","ChiLing","Nunchaku","Tiny Chest","Orichalcum","Replay:Bootleg Shield Generator","Replay:Parry","ReplayTheSpireMod:Private Reserves","Trip","Grinning Jar","Pen Nib","hierophant:ThreeLashes","Bottled Tornado","BargainBundle","ReplayTheSpireMod:TigerMarble","Happy Flower","conspire:BottledYoYo","Mirror","Chameleon Ring","Orrery","Lantern","Strawberry","hubris:Spice","Master of Strategy","HornCleat","Letter Opener","Replay:Sssssssssstrike"],"campfire_rested":8,"item_purchase_floors":[8,8,8,11,11,14,14,14,28,28,28,28,28,28,28,28,28,28,28,28,53,53,53,53,53,53,53,53,53,53,53,53,53,53,53],"current_hp_per_floor":[71,61,64,56,41,90,85,95,95,95,95,103,106,106,106,85,145,167,167,167,190,199,226,226,242,242,273,273,304,304,338,339,374,374,414,457,502,549,606,616,676,741,741,799,862,933,935,1007,1009,1077,1077,1077,1147,1217,1288],"gold":113,"neow_bonus":"THREE_CARDS","is_daily":false,"chose_seed":false,"campfire_upgraded":35,"win_rate":0.0,"timestamp":1610639221,"path_taken":["M","M","M","?","M","R","E","$","T","?","?","M","M","?","R","BOSS","M","?","?","?","M","E","?","R","T","E","$","M","?","?","R","BOSS","M","M","M","M","M","R","M","M","T","E","M","E","R","M","R","BOSS","R","$","E","BOSS"],"items_purchased_type":["Card","Relic","Relic","Relic","Relic","Relic","Card","Card","Relic","Relic","Relic","Relic","Relic","Card","Card","Card","Card","Relic","Relic","Card","Relic","Relic","Relic","Relic","Relic","Relic","Relic","Relic","Relic","Relic","Relic","Card","Relic","Relic","Card"],"build_version":"2020-12-22","purchased_purges":0,"victory":true,"max_hp_per_floor":[75,77,80,84,90,90,97,107,107,107,107,115,128,128,128,145,145,167,167,167,190,215,242,242,242,242,273,273,305,305,339,339,374,374,416,465,510,558,616,616,676,741,741,801,864,935,935,1009,1009,1077,1077,1077,1147,1217,1288],"relic_stats":{"Happy Flower":[1],"counters":[31,63],"Blue Candle":[0],"Pen Nib":[4],"PreservedInsect":268,"Ginger":[2],"Letter Opener":[15],"Orichalcum":[24],"Medical Kit":[9],"Peace Pipe":11,"Nunchaku":[4],"Shuriken":[9],"Bird Faced Urn":[4],"Tiny Chest":0,"Turnip":[5],"HandDrill":[16],"obtain_stats":[{"Ice Cream":0,"Replay:Accelerometer":28,"Chi":28,"Vajra":11,"Ginger":0,"Bottled Tornado":53,"theJungle:SneckoAutograph":24,"HornCleat":53,"Strawberry":53,"HandDrill":0,"HollowMod:PaleOreRelic":28,"DianDianMeat":34,"Pear":8,"Happy Flower":53,"Blue Candle":0,"Pen Nib":28,"Replay:Ancient Bell":34,"Letter Opener":53,"Du-Vu Doll":54,"Ling":28,"Shuriken":23,"Bird Faced Urn":46,"hubris:TenFootPole":7,"ReplayTheSpireMod:TigerMarble":53,"conspire:BottledYoYo":53,"Grinning Jar":28,"Mirror":53,"Unceasing Top":0,"hubris:Reverence":27,"ChiLing":28,"Lantern":53,"DaveBox":0,"SynthV":14,"hierophant:PropheticMaskRelic":0,"hubris:SlimyHat":44,"Replay:Rubber Ducky":34,"Frozen Eye":0,"Civilization":1,"Nunchaku":28,"Chameleon Ring":53,"Tiny Chest":28,"WingedGreaves":0,"BargainBundle":53,"ReplayTheSpireMod:Ninjato":8,"HollowMod:LifeEnderRelic":26,"The Courier":0,"Replay:WaspNest":34,"PreservedInsect":43,"Omamori":0,"Orichalcum":28,"Medical Kit":0,"Peace Pipe":0,"SynthV:TestCard":1,"hubris:Spice":53,"Orrery":53,"Turnip":0,"Coffee Dripper":17,"Membership Card":11},{"Ice Cream":0,"Replay:Accelerometer":14,"Chi":14,"Vajra":6,"Ginger":0,"Bottled Tornado":29,"theJungle:SneckoAutograph":13,"HornCleat":29,"Strawberry":29,"HandDrill":0,"HollowMod:PaleOreRelic":14,"DianDianMeat":17,"Pear":6,"Happy Flower":29,"Blue Candle":0,"Pen Nib":14,"Replay:Ancient Bell":17,"Letter Opener":29,"Du-Vu Doll":30,"Ling":14,"Shuriken":13,"Bird Faced Urn":27,"hubris:TenFootPole":6,"ReplayTheSpireMod:TigerMarble":29,"conspire:BottledYoYo":29,"Grinning Jar":14,"Mirror":29,"Unceasing Top":0,"hubris:Reverence":14,"ChiLing":14,"Lantern":29,"DaveBox":0,"SynthV":8,"hierophant:PropheticMaskRelic":0,"hubris:SlimyHat":25,"Replay:Rubber Ducky":17,"Frozen Eye":0,"Civilization":1,"Nunchaku":14,"Chameleon Ring":29,"Tiny Chest":14,"WingedGreaves":0,"BargainBundle":29,"ReplayTheSpireMod:Ninjato":6,"HollowMod:LifeEnderRelic":13,"The Courier":0,"Replay:WaspNest":17,"PreservedInsect":24,"Omamori":0,"Orichalcum":14,"Medical Kit":0,"Peace Pipe":0,"SynthV:TestCard":1,"hubris:Spice":29,"Orrery":29,"Turnip":0,"Coffee Dripper":9,"Membership Card":6},{"Ice Cream":0,"Replay:Accelerometer":41,"Chi":41,"Vajra":20,"Ginger":0,"Bottled Tornado":59,"theJungle:SneckoAutograph":39,"HornCleat":59,"Strawberry":59,"HandDrill":0,"HollowMod:PaleOreRelic":41,"DianDianMeat":45,"Pear":20,"Happy Flower":59,"Blue Candle":0,"Pen Nib":41,"Replay:Ancient Bell":45,"Letter Opener":59,"Du-Vu Doll":60,"Ling":41,"Shuriken":39,"Bird Faced Urn":56,"hubris:TenFootPole":20,"ReplayTheSpireMod:TigerMarble":59,"conspire:BottledYoYo":59,"Grinning Jar":41,"Mirror":59,"Unceasing Top":0,"hubris:Reverence":41,"ChiLing":41,"Lantern":59,"DaveBox":0,"SynthV":24,"hierophant:PropheticMaskRelic":0,"hubris:SlimyHat":54,"Replay:Rubber Ducky":45,"Frozen Eye":0,"Civilization":4,"Nunchaku":41,"Chameleon Ring":59,"Tiny Chest":41,"WingedGreaves":0,"BargainBundle":59,"ReplayTheSpireMod:Ninjato":20,"HollowMod:LifeEnderRelic":39,"The Courier":0,"Replay:WaspNest":45,"PreservedInsect":53,"Omamori":0,"Orichalcum":41,"Medical Kit":0,"Peace Pipe":0,"SynthV:TestCard":4,"hubris:Spice":59,"Orrery":59,"Turnip":0,"Coffee Dripper":32,"Membership Card":20}],"Unceasing Top":[8]},"card_choices":[{"not_picked":["hierophant:DisplayOfPower","hierophant:Embezzle"],"picked":"hierophant:Chorus","floor":0},{"not_picked":["hierophant:Encroach","hierophant:HammerAndAnvil"],"picked":"hierophant:Martyrdom","floor":1},{"not_picked":["hierophant:MorningPrayer","hierophant:Shelter","hierophant:MirrorShield","hierophant:HammerAndAnvil"],"picked":"hierophant:Smite","floor":2},{"not_picked":["hierophant:HammerAndAnvil","hierophant:FlamingChariot","hierophant:Mercenaries","hierophant:MorningPrayer"],"picked":"hierophant:Sermon","floor":3},{"not_picked":["hierophant:OrnateBuckler","hierophant:Charity","hierophant:Patience","hierophant:Encroach"],"picked":"hierophant:Exaltation","floor":4},{"not_picked":["hierophant:RepressedViolence","hierophant:Embezzle","hierophant:Remorse","hierophant:AuricBeam"],"picked":"hierophant:MorningPrayer","floor":5},{"not_picked":["hierophant:RustyCrate","hierophant:FaithHealing","hierophant:Racketeering","hierophant:Purify"],"picked":"hierophant:ThreeLashes","floor":7},{"not_picked":["hierophant:Purify","hierophant:Encroach","hierophant:Generosity","hierophant:Remorse"],"picked":"hierophant:ArchangelShield","floor":12},{"not_picked":["hierophant:RecallFunds","hierophant:Doubloon","hierophant:TollTheBells","hierophant:Prophecy"],"picked":"hierophant:Sermon","floor":13},{"not_picked":["hierophant:Determination","hierophant:DivineIntervention","hierophant:Cornucopia","hierophant:AuricForm"],"picked":"hierophant:Batter","floor":16},{"not_picked":["hierophant:Smite","hierophant:RustyCrate","hierophant:Doubloon","hierophant:AuricBeam"],"picked":"hierophant:Flagellation+1","floor":18},{"not_picked":["hierophant:DisplayOfPower","hierophant:ThreeLashes","hierophant:Encroach","hierophant:Upheaval"],"picked":"hierophant:RepressedViolence","floor":21},{"not_picked":["hierophant:HolyVerse+1","hierophant:Smite","hierophant:AuricBeam","hierophant:Repentance"],"picked":"hierophant:Flagellation","floor":22},{"not_picked":["hierophant:Shelter","hierophant:LocustPlague","hierophant:Community+1","hierophant:Remorse"],"picked":"hierophant:Sermon+1","floor":23},{"not_picked":["hierophant:Doomsaying","hierophant:MorningPrayer+1","hierophant:ArchangelShield+1","hierophant:Encroach"],"picked":"hierophant:Exaltation","floor":27},{"not_picked":["hierophant:Community","hierophant:RecallFunds","hierophant:SolarFlare+1","hierophant:Martyrdom"],"picked":"hierophant:PassingBell","floor":29},{"not_picked":["hierophant:Alms","hierophant:ThreeLashes","hierophant:Exaltation","hierophant:Refuge"],"picked":"hierophant:Endure","floor":31},{"not_picked":["Replay:Sluggish","hubris:Despair","Clumsy","Pain"],"picked":"Sickly","floor":34},{"not_picked":["Overencumbered","Writhe","conspire:NecroticWound","Replay:Sluggish"],"picked":"Normality","floor":34},{"not_picked":["conspire:Blindness","ReplayTheSpireMod:Splinters","Pain","Voices"],"picked":"Normality","floor":34},{"not_picked":["hierophant:OrnateBuckler","hierophant:Sermon+1","hierophant:Shelter","hierophant:Purify"],"picked":"hierophant:ThreeLashes+1","floor":35},{"not_picked":["hierophant:Upheaval","hierophant:Bribe+1","hierophant:OrnateJavelin+1","hierophant:OrnateBuckler+1"],"picked":"hierophant:TollTheBells","floor":36},{"not_picked":["hierophant:FieryStrike","hierophant:Purify+1","hierophant:Zeal","hierophant:Determination","hierophant:RustyCrate"],"picked":"SKIP","floor":37},{"not_picked":["hierophant:Refuge","hierophant:DisplayOfPower+1","hierophant:Charity","hierophant:HolyVerse","hierophant:Shelter"],"picked":"SKIP","floor":38},{"not_picked":["hierophant:OrnateBuckler+1","hierophant:Racketeering+1","hierophant:TollTheBells","hierophant:DisplayOfPower"],"picked":"hierophant:HolyVerse+1","floor":39},{"not_picked":["hierophant:MorningPrayer+1","hierophant:TollTheBells","hierophant:Doomsaying","hierophant:AuricBeam"],"picked":"hierophant:FieryStrike+1","floor":41},{"not_picked":["hierophant:DeathKnell","hierophant:AuricBeam+1","hierophant:Doubloon","hierophant:Embezzle"],"picked":"hierophant:Zeal+1","floor":42},{"not_picked":["hierophant:Dazzle+1","hierophant:WrathOfGod","hierophant:Purify","hierophant:FlamingChariot+1","hierophant:RecallFunds+1"],"picked":"SKIP","floor":44},{"not_picked":["hierophant:MorningPrayer","hierophant:Rebuild+1","hierophant:Bribe","hierophant:DisplayOfPower","hierophant:Glossolalia+1"],"picked":"SKIP","floor":45},{"not_picked":["hierophant:PassingBell","hierophant:PristineSoul","hierophant:Racketeering","hierophant:AuricBeam+1"],"picked":"hierophant:Endure","floor":46},{"not_picked":["hierophant:PristineSoul","hierophant:FieryStrike+1","hierophant:Community","hierophant:Exaltation"],"picked":"hierophant:Doomsaying+1","floor":48},{"not_picked":["hierophant:AuricShield+1","hierophant:DeathKnell","hierophant:Purify+1","hierophant:OrnateJavelin"],"picked":"hierophant:ThreeLashes+1","floor":53},{"not_picked":["hierophant:Bribe+1","hierophant:HammerAndAnvil","hierophant:SolarFlare","hierophant:Patience"],"picked":"hierophant:Smite+1","floor":53},{"not_picked":["hierophant:AuricShield","hierophant:MorningPrayer","hierophant:Dazzle","hierophant:Racketeering+1"],"picked":"hierophant:ThreeLashes+1","floor":53},{"not_picked":["hierophant:Invocation","hierophant:Prophecy+1","hierophant:Bribe","hierophant:WrathOfGod","hierophant:Doubloon+1"],"picked":"SKIP","floor":54}],"player_experience":248346,"relics_obtained":[{"floor":1,"key":"SynthV:TestCard"},{"floor":7,"key":"hubris:TenFootPole"},{"floor":23,"key":"Shuriken"},{"floor":26,"key":"HollowMod:LifeEnderRelic"},{"floor":27,"key":"hubris:Reverence"},{"floor":43,"key":"PreservedInsect"},{"floor":44,"key":"hubris:SlimyHat"},{"floor":46,"key":"Bird Faced Urn"},{"floor":54,"key":"Du-Vu Doll"}],"event_choices":[{"damage_healed":0,"gold_gain":0,"player_choice":"Bought 1 Potion","damage_taken":0,"max_hp_gain":0,"max_hp_loss":0,"event_name":"The Woman in Blue","floor":10,"gold_loss":0},{"cards_removed":["hierophant:ThreeLashes"],"damage_healed":0,"gold_gain":0,"player_choice":"Give","damage_taken":0,"max_hp_gain":0,"max_hp_loss":0,"event_name":"betterNote:BetterNote","floor":19,"gold_loss":0,"cards_obtained":["None"]},{"damage_healed":0,"gold_gain":0,"player_choice":"Got Potions","damage_taken":0,"max_hp_gain":0,"max_hp_loss":0,"event_name":"Lab","floor":20,"gold_loss":0}],"is_beta":false,"boss_relics":[{"not_picked":["SynthV:MejaisSoulstealer","Snecko Eye"],"picked":"Coffee Dripper"},{"not_picked":["EE1DDrone","Sozu"],"picked":"Replay:Ancient Bell"},{"not_picked":["MawBank","Pet Ghost"],"picked":"Replay:Rubber Ducky"},{"not_picked":["Mummified Hand","hubris:DeckOfHolding"],"picked":"Replay:WaspNest"},{"not_picked":["Girya","Old Coin"],"picked":"DianDianMeat"}],"items_purged_floors":[],"is_endless":false,"potions_floor_spawned":[1,2,4,13,18,22,29,36,37,42,44,45,46],"ascension_level":0}}