{"host":"ecuvtzmejf7hhjpv","time":1610587070,"event":{"mods":["AchievementEnabler","Act Like it!","Aspiration","BaseMod","Better Altar","Better Match","Better Note","Better Sensory Stone","Better Skull","Better Third Choice","BetterRewards","Conspire","Custom Start","Gensokyo","GifTheSpireLib","Hallownest","Hermit","Hubris","Kratos Character Expansion","Marisa????????","Minty Spire (QoL Compilation)","Prisma Mod","Replay The Spire","Spicy Shops","StSLib","The Animator","The Blackbeard","The Bug Knight","The Forsaken","The Hierophant","The Jungle","The Necromancer","The Poker Player","The Wild Card"],"gold_per_floor":[125,137,167,197,272,298,298,333,386,386,722,722,732,751,751,759,759],"floor_reached":16,"language":"ENG","playtime":668,"items_purged":[],"score":128,"play_id":"8b15d9ee-34ec-4695-8626-e9d539166607","local_time":"20210113191750","is_ascension_mode":true,"campfire_choices":[{"data":"animator:Millim","floor":10,"key":"SMITH"},{"floor":15,"key":"REST"}],"circlet_count":0,"master_deck":["animator:Strike_HitsugiNoChaika","animator:Defend_HitsugiNoChaika","animator:Strike","animator:Strike","animator:Strike","animator:Defend","animator:Defend","animator:Defend","animator:AcuraAkari","animator:Gillette","animator:Shuna","animator:Sloth","animator:RoyMustang","animator:Scar","animator:Millim+1","animator:ElricAlphonse","animator:Chris","animator:Vesta","animator:Sloth","animator:Shuna"],"relics":["animator:LivingPicture","animator:TheMissingPiece","Eternal Feather","WingedGreaves","theForsaken:Gavel","Old Coin"],"acts_visited":["Exordium"],"potions_floor_usage":[11,11,16],"damage_taken":[{"damage":0,"enemies":"Jaw Worm","floor":1,"turns":4},{"damage":0,"enemies":"Small Slimes","floor":2,"turns":2},{"damage":0,"enemies":"conspire:RoseBush","floor":3,"turns":3},{"damage":10,"enemies":"conspire:2 RoseBushes","floor":4,"turns":4},{"damage":14,"enemies":"3 Sentries","floor":6,"turns":7},{"damage":1,"enemies":"Replay:BlueRogue","floor":8,"turns":7},{"damage":24,"enemies":"HollowMod:MossKnight","floor":11,"turns":5},{"damage":9,"enemies":"2 Fungi Beasts","floor":13,"turns":4},{"damage":0,"enemies":"3 Louse","floor":14,"turns":2},{"damage":50,"enemies":"Slime Boss","floor":16,"turns":11}],"seed_played":"-3999415397703300274","potions_obtained":[{"floor":2,"key":"GamblersBrew"},{"floor":8,"key":"ColorlessPotion"},{"floor":13,"key":"animator:GrowthPotion"}],"is_trial":false,"path_per_floor":["M","M","M","M","?","E","?","E","T","R","E","?","M","M","R","B"],"character_chosen":"THE_ANIMATOR","items_purchased":["animator:Shuna","animator:Sloth"],"campfire_rested":1,"item_purchase_floors":[0,0],"current_hp_per_floor":[66,67,67,57,46,32,32,31,31,40,17,24,15,15,47,0,0],"gold":759,"neow_bonus":"","is_daily":false,"chose_seed":false,"campfire_upgraded":1,"win_rate":0.0,"timestamp":1610587070,"path_taken":["M","M","M","M","?","E","?","E","T","R","E","?","M","M","R","BOSS"],"items_purchased_type":["Card","Card"],"build_version":"2020-12-22","purchased_purges":0,"victory":false,"max_hp_per_floor":[66,67,67,67,67,67,67,67,67,67,68,68,68,68,68,68,68],"card_choices":[{"not_picked":["animator:AcuraTooru","animator:Verdia"],"picked":"animator:RoyMustang","floor":1},{"not_picked":["animator:HighElfArcher","animator:ZankiKiguchi"],"picked":"animator:Scar","floor":2},{"not_picked":["animator:Vanir","animator:YunYun"],"picked":"animator:Millim","floor":3},{"not_picked":["animator:RoyMustang","animator:Father"],"picked":"animator:ElricAlphonse","floor":4},{"not_picked":["animator:Viivi","animator:TsurugaMeisai"],"picked":"animator:Chris","floor":6},{"not_picked":["animator:Laby","animator:Guy","animator:Kazuma"],"picked":"SKIP","floor":8},{"not_picked":["animator:Chung","animator:HighElfArcher"],"picked":"animator:Vesta","floor":11},{"not_picked":["animator:ElricAlphonse","animator:MaesHughes"],"picked":"animator:Sloth","floor":13},{"not_picked":["animator:Fredrika","animator:Chris"],"picked":"animator:Shuna","floor":14}],"player_experience":936542,"relics_obtained":[{"floor":6,"key":"Eternal Feather"},{"floor":8,"key":"WingedGreaves"},{"floor":9,"key":"theForsaken:Gavel"},{"floor":11,"key":"Old Coin"}],"event_choices":[{"damage_healed":0,"gold_gain":75,"player_choice":"Gold","damage_taken":11,"max_hp_gain":0,"max_hp_loss":0,"event_name":"betterThird:BetterGoop","floor":5,"gold_loss":0},{"damage_healed":0,"gold_gain":0,"player_choice":"Leave","damage_taken":0,"max_hp_gain":0,"max_hp_loss":0,"event_name":"The Cleric","floor":7,"gold_loss":0}],"is_beta":false,"boss_relics":[],"items_purged_floors":[],"is_endless":false,"potions_floor_spawned":[2,8,13],"killed_by":"Slime Boss","ascension_level":1}}