{"host":"5m10t6it4baan8nq","time":1610593263,"event":{"mods":["AchievementEnabler","Act Like it!","Ascension Reborn","Bard","BaseMod","Better Third Choice","Colored Powertips","Conspire","Downfall","Energized Spire","Friendly Minions","Hermit","Minty Spire (QoL Compilation)","Quick Restart","Replay The Spire","Shop Mod","StSLib","The Factory","The Hierophant","The Jungle","The Marked","The Necromancer"],"gold_per_floor":[116,134,134,144,154,179,31,31,31,31,8,43,43,56,56,56,56],"floor_reached":16,"language":"ENG","playtime":438,"items_purged":[],"score":110,"play_id":"892d4fe6-dbfe-4132-bc89-fa1e702dfc07","local_time":"20210113220103","is_ascension_mode":false,"campfire_choices":[{"floor":8,"key":"REST"},{"floor":15,"key":"REST"}],"circlet_count":0,"master_deck":["Strike_R","Strike_R","Strike_R","Strike_R","Strike_R","Defend_R","Defend_R","Defend_R","Defend_R","Bash","Cleave+1","Twin Strike","Run Through","Wild Strike","Flex","Sword Boomerang","Anger","Infernal Blade+1","Spot Weakness","Pommel Strike","Twin Strike","Whirlwind","Sword Boomerang"],"relics":["Burning Blood","Boot","ReplayTheSpireMod:Lightbulb","Orrery","Pocketwatch","Golden Idol"],"acts_visited":["Exordium"],"potions_floor_usage":[6],"damage_taken":[{"damage":6,"enemies":"Jaw Worm","floor":1,"turns":4},{"damage":8,"enemies":"conspire:RoseBush","floor":2,"turns":2},{"damage":1,"enemies":"Cultist","floor":4,"turns":3},{"damage":22,"enemies":"conspire:2 RoseBushes","floor":5,"turns":3},{"damage":14,"enemies":"Replay:BlueRogue","floor":6,"turns":6},{"damage":30,"enemies":"Gremlin Nob","floor":12,"turns":4},{"damage":10,"enemies":"Large Slime","floor":14,"turns":4},{"damage":58,"enemies":"The Guardian","floor":16,"turns":7}],"seed_played":"2429068674196088564","potions_obtained":[{"floor":1,"key":"SpeedPotion"},{"floor":2,"key":"AttackPotion"},{"floor":6,"key":"Elixir"}],"is_trial":false,"path_per_floor":["M","M","?","M","M","E","$","R","T","?","$","E","?","M","R","B"],"character_chosen":"IRONCLAD","items_purchased":["Orrery","Twin Strike"],"campfire_rested":2,"item_purchase_floors":[7,11],"current_hp_per_floor":[80,78,78,80,64,56,56,80,80,80,80,56,36,32,56,0,0],"gold":56,"neow_bonus":"RANDOM_COMMON_RELIC","is_daily":false,"chose_seed":false,"campfire_upgraded":0,"win_rate":0.0,"timestamp":1610593263,"path_taken":["M","M","?","M","M","E","?","R","T","?","$","E","?","?","R","BOSS"],"items_purchased_type":["Relic","Card"],"build_version":"2020-12-22","purchased_purges":0,"victory":false,"max_hp_per_floor":[80,80,80,80,80,80,80,80,80,80,80,80,80,80,80,80,80],"card_choices":[{"not_picked":["Entrench","Spot Weakness"],"picked":"Cleave","floor":1},{"not_picked":["Burning Pact","Spot Weakness"],"picked":"Twin Strike","floor":2},{"not_picked":["Shrug It Off","Corruption"],"picked":"Run Through","floor":4},{"not_picked":["Clash","ReplayTheSpireMod:Corrosion Curse"],"picked":"Wild Strike","floor":5},{"not_picked":["Armaments","Clothesline"],"picked":"Flex","floor":6},{"not_picked":["Clothesline","Shockwave"],"picked":"Sword Boomerang","floor":7},{"not_picked":["Defy Death","Shrug It Off"],"picked":"Anger","floor":7},{"not_picked":["Havoc","Inflame"],"picked":"Infernal Blade","floor":7},{"not_picked":["Headbutt","conspire:Purge"],"picked":"Spot Weakness","floor":7},{"not_picked":["Heavy Blade","Perfected Strike"],"picked":"Pommel Strike","floor":7},{"not_picked":["Impervious","Shockwave"],"picked":"Whirlwind","floor":12},{"not_picked":["Combust","Shrug It Off"],"picked":"Sword Boomerang","floor":14}],"player_experience":131462,"relics_obtained":[{"floor":6,"key":"ReplayTheSpireMod:Lightbulb"},{"floor":12,"key":"Pocketwatch"}],"event_choices":[{"damage_healed":0,"gold_gain":0,"player_choice":"Upgraded","damage_taken":0,"max_hp_gain":0,"max_hp_loss":0,"event_name":"Upgrade Shrine","floor":3,"gold_loss":0,"cards_upgraded":["Cleave"]},{"damage_healed":0,"gold_gain":0,"player_choice":"Grow","damage_taken":0,"max_hp_gain":0,"max_hp_loss":0,"event_name":"Living Wall","floor":10,"gold_loss":0,"cards_upgraded":["Infernal Blade"]},{"damage_healed":0,"gold_gain":0,"player_choice":"Take Damage","damage_taken":20,"relics_obtained":["Golden Idol"],"max_hp_gain":0,"max_hp_loss":0,"event_name":"Golden Idol","floor":13,"gold_loss":0}],"is_beta":false,"boss_relics":[],"items_purged_floors":[],"is_endless":false,"potions_floor_spawned":[1,2,6],"killed_by":"The Guardian","ascension_level":0}}