{"host":"3y2rtlgteqp2nuo3","time":1610638526,"event":{"mods":["2.2 Compatiblity","AchievementEnabler","BaseMod","Colored Map","DeckTracker","Highlight Path","Keyboard Shortcuts","Minty Spire (QoL Compilation)","Permanent Neow","Quick Restart","StSLib","SuperFastMode","everything is the same but u backflip on backflip"],"gold_per_floor":[112,130,144,154,168,193,193,193,217,227,260,277,277,296,296,393,393,412,430,529,545,565,597,597,512,562,562,27,56,82,8,8,8,8],"floor_reached":33,"language":"KOR","playtime":918,"items_purged":["Strike_G"],"score":488,"play_id":"8118a600-9b2b-4752-950d-a0f9fe5f6071","local_time":"20210115003526","is_ascension_mode":true,"campfire_choices":[{"data":"Poisoned Stab","floor":7.0,"key":"SMITH"},{"data":"Deadly Poison","floor":13.0,"key":"SMITH"},{"data":"Night Terror","floor":15.0,"key":"SMITH"},{"floor":24,"key":"REST"},{"data":"Deadly Poison","floor":27,"key":"SMITH"},{"floor":32,"key":"REST"}],"circlet_count":0,"master_deck":["AscendersBane","Strike_G","Strike_G","Strike_G","Strike_G","Defend_G","Defend_G","Defend_G","Defend_G","Defend_G","Survivor","Neutralize+1","PiercingWail","Blade Dance","Poisoned Stab+1","Deadly Poison+1","Backstab","Night Terror+1","Calculated Gamble","Escape Plan","Deadly Poison+1","Corpse Explosion","Leg Sweep+1","Outmaneuver","Crippling Poison","Well Laid Plans"],"relics":["Ring of the Snake","Singing Bowl","Strawberry","Toy Ornithopter","SacredBark","PreservedInsect","Molten Egg 2","Blood Vial","Prayer Wheel","Orrery","Red Mask","Boot"],"acts_visited":["Exordium","TheCity"],"potions_floor_usage":[23],"damage_taken":[{"damage":0.0,"enemies":"Cultist","floor":1.0,"turns":5.0},{"damage":2.0,"enemies":"Small Slimes","floor":2.0,"turns":6.0},{"damage":0.0,"enemies":"2 Louse","floor":3.0,"turns":3.0},{"damage":1.0,"enemies":"Looter","floor":4.0,"turns":4.0},{"damage":7.0,"enemies":"Exordium Wildlife","floor":5.0,"turns":4.0},{"damage":25.0,"enemies":"3 Sentries","floor":6.0,"turns":9.0},{"damage":1.0,"enemies":"3 Louse","floor":10.0,"turns":2.0},{"damage":14.0,"enemies":"Gremlin Nob","floor":11.0,"turns":4.0},{"damage":13.0,"enemies":"Large Slime","floor":12.0,"turns":5.0},{"damage":2.0,"enemies":"Red Slaver","floor":14.0,"turns":4.0},{"damage":19.0,"enemies":"The Guardian","floor":16.0,"turns":9.0},{"damage":19.0,"enemies":"Spheric Guardian","floor":18.0,"turns":4.0},{"damage":9.0,"enemies":"3 Byrds","floor":19.0,"turns":3.0},{"damage":7.0,"enemies":"Snecko","floor":21.0,"turns":4.0},{"damage":0,"enemies":"Centurion and Healer","floor":22,"turns":3},{"damage":28,"enemies":"Slavers","floor":23,"turns":6},{"damage":44,"enemies":"Masked Bandits","floor":29,"turns":4},{"damage":61,"enemies":"Book of Stabbing","floor":30,"turns":7},{"damage":59,"enemies":"Automaton","floor":33,"turns":6}],"seed_played":"-7393812357494691535","potions_obtained":[{"floor":2.0,"key":"FairyPotion"},{"floor":4.0,"key":"Fire Potion"},{"floor":6.0,"key":"ColorlessPotion"},{"floor":19.0,"key":"LiquidMemories"},{"floor":21.0,"key":"Weak Potion"},{"floor":29,"key":"SpeedPotion"}],"is_trial":false,"path_per_floor":["M","M","M","M","M","E","R","?","T","M","E","M","R","M","R","B",null,"M","M","?","M","M","E","R","?","T","R","$","?","E","$","R","B"],"character_chosen":"THE_SILENT","items_purchased":["Prayer Wheel","Orrery","Well Laid Plans"],"campfire_rested":2,"item_purchase_floors":[28,28,31],"current_hp_per_floor":[63,61,61,60,53,28,28,51,58,57,43,30,30,30,30,11,62,45,38,38,38,38,15,40,40,40,40,50,10,12,12,41,0,0],"gold":8,"neow_bonus":"UPGRADE_CARD","is_daily":false,"chose_seed":false,"campfire_upgraded":4,"win_rate":0.0,"timestamp":1610638526,"path_taken":["M","M","M","?","M","E","R","?","T","M","E","M","R","M","R","BOSS","M","M","?","M","M","E","R","?","T","R","$","?","E","$","R","BOSS"],"items_purchased_type":["Relic","Relic","Card"],"build_version":"2020-12-22","purchased_purges":1,"victory":false,"max_hp_per_floor":[70,70,70,70,70,70,70,70,77,77,77,77,77,79,79,79,79,81,83,83,85,85,85,85,85,85,85,95,97,97,97,97,97,97],"card_choices":[{"not_picked":["Dodge and Roll","Backflip"],"picked":"PiercingWail","floor":1.0},{"not_picked":["Distraction","Infinite Blades"],"picked":"Blade Dance","floor":2.0},{"not_picked":["Backstab","Deflect"],"picked":"Poisoned Stab","floor":3.0},{"not_picked":["Quick Slash","Outmaneuver"],"picked":"Deadly Poison","floor":4.0},{"not_picked":["Tactician","Slice"],"picked":"Backstab","floor":5.0},{"not_picked":["Choke","Dagger Spray"],"picked":"Night Terror","floor":6.0},{"not_picked":["Dodge and Roll","Underhanded Strike"],"picked":"Calculated Gamble","floor":10.0},{"not_picked":["Underhanded Strike","PiercingWail"],"picked":"Escape Plan","floor":11.0},{"not_picked":["Underhanded Strike","Prepared"],"picked":"Deadly Poison","floor":12.0},{"not_picked":["Heel Hook","Deflect","Glass Knife"],"picked":"Singing Bowl","floor":14.0},{"not_picked":["Die Die Die","Tools of the Trade"],"picked":"Corpse Explosion","floor":16.0},{"not_picked":["Deflect","Poisoned Stab","Blur"],"picked":"Singing Bowl","floor":18.0},{"not_picked":["Deflect","Flying Knee","Cloak And Dagger"],"picked":"Singing Bowl","floor":19.0},{"not_picked":["Infinite Blades","Masterful Stab","Outmaneuver"],"picked":"Singing Bowl","floor":21.0},{"not_picked":["Underhanded Strike+1","Slice+1"],"picked":"Leg Sweep+1","floor":22},{"not_picked":["Envenom","Bane"],"picked":"Outmaneuver","floor":23},{"not_picked":["Die Die Die+1","Backflip","Finisher+1"],"picked":"Singing Bowl","floor":28},{"not_picked":["Flying Knee+1","Choke+1","Storm of Steel"],"picked":"Singing Bowl","floor":28},{"not_picked":["Setup+1","Infinite Blades","PiercingWail"],"picked":"Singing Bowl","floor":28},{"not_picked":["Acrobatics","PiercingWail+1","Poisoned Stab+1"],"picked":"Singing Bowl","floor":28},{"not_picked":["Prepared","PiercingWail","Noxious Fumes+1"],"picked":"Singing Bowl","floor":28},{"not_picked":["Blade Dance","Deflect","Dodge and Roll"],"picked":"Singing Bowl","floor":29},{"not_picked":["Quick Slash+1","Endless Agony+1"],"picked":"Crippling Poison","floor":30}],"player_experience":691672,"relics_obtained":[{"floor":6.0,"key":"Singing Bowl"},{"floor":9.0,"key":"Strawberry"},{"floor":11.0,"key":"Toy Ornithopter"},{"floor":23,"key":"PreservedInsect"},{"floor":26,"key":"Blood Vial"},{"floor":29,"key":"Red Mask"},{"floor":30,"key":"Boot"}],"event_choices":[{"damage_healed":23.0,"max_hp_gain":0.0,"max_hp_loss":0.0,"gold_gain":0.0,"event_name":"Big Fish","player_choice":"Banana","floor":8.0,"gold_loss":0.0,"damage_taken":0.0},{"damage_healed":0.0,"max_hp_gain":0.0,"max_hp_loss":0.0,"gold_gain":99.0,"event_name":"Nest","player_choice":"Stole From Cult","floor":20.0,"gold_loss":0.0,"damage_taken":0.0},{"damage_healed":0,"gold_gain":0,"player_choice":"Obtained Relic","damage_taken":0,"relics_obtained":["Molten Egg 2"],"max_hp_gain":0,"max_hp_loss":0,"event_name":"Addict","floor":25,"gold_loss":85},{"damage_healed":0,"gold_gain":0,"player_choice":"Fought Bandits","damage_taken":0,"max_hp_gain":0,"max_hp_loss":0,"event_name":"Masked Bandits","floor":29,"gold_loss":0}],"is_beta":false,"boss_relics":[{"not_picked":["Black Star","Fusion Hammer"],"picked":"SacredBark"}],"items_purged_floors":[28],"is_endless":false,"potions_floor_spawned":[2,4,6,11,12,19,21,22,29],"killed_by":"Automaton","ascension_level":11}}