{"host":"abdxwahegzejqccj","time":1610614345,"event":{"mods":["BaseMod","Better Note","BetterRewards","Colored Powertips","Downfall","Hermit","Minty Spire (QoL Compilation)","Replay The Spire","StSLib","The Cursed","The Hierophant"],"gold_per_floor":[349,83,183,200,214,227,227,262,281,281,206,206,221,221,238,335,335,335,347,347,364,379,379,455,440,440,466,55,84,84,115,135,135,135,135],"floor_reached":33,"language":"ENG","playtime":1744,"items_purged":["Slimebound:Strike_Slimebound"],"score":351,"play_id":"173b6e07-3806-4a5f-a57e-e56a82c7d09c","local_time":"20210114195225","is_ascension_mode":true,"campfire_choices":[{"data":"Slimebound:Split","floor":1.0,"key":"SMITH"},{"data":"Slimebound:RainOfGoop","floor":11.0,"key":"SMITH"},{"floor":23,"key":"REST"},{"data":"Slimebound:AcidTongue","floor":26,"key":"PURGE"},{"data":"Replay:SS_fish_3","floor":30,"key":"PURGE"}],"circlet_count":0,"master_deck":["Slimebound:Strike_Slimebound","Slimebound:Strike_Slimebound","Slimebound:Tackle","Slimebound:Defend_Slimebound","Slimebound:Defend_Slimebound","Slimebound:Defend_Slimebound","Slimebound:Defend_Slimebound","Slimebound:CorrosiveSpit","Slimebound:SamplingLick","Slimebound:SplitBruiser+1","Slimebound:ComboTackle","Slimebound:BestDefense+1","Slimebound:RainOfGoop+1","Slimebound:LivingWall","Slimebound:HungryTackle","Slimebound:PrepareCrush+1","Slimebound:SpikyOuterGoop","Slimebound:CheckThePlaybook","Slimebound:SlimeSpikes+1","Slimebound:BestDefense","Slimebound:GrowthPunch","Slimebound:Repurpose","Slimebound:GrowthPunch","Slimebound:BestDefense","Slimebound:Repurpose+1"],"relics":["Slimebound:AbsorbEndCombat","Mirror","Bottled Lightning","Slimebound:ScrapOozeRelic","downfall:HeartBlessingGreen","SlaversCollar","Bottled Tornado","Matryoshka","ReplayTheSpireMod:Shallot","Slimebound:AggressiveSlimeRelic","Torii"],"acts_visited":["Exordium","TheCity"],"potions_floor_usage":[19,22,22,28,32],"damage_taken":[{"damage":8.0,"enemies":"downfall:FleeingMerchant","floor":2.0,"turns":4.0},{"damage":15.0,"enemies":"Jaw Worm","floor":4.0,"turns":2.0},{"damage":12.0,"enemies":"Small Slimes","floor":5.0,"turns":2.0},{"damage":8.0,"enemies":"2 Louse","floor":6.0,"turns":3.0},{"damage":35.0,"enemies":"3 Sentries","floor":8.0,"turns":7.0},{"damage":10.0,"enemies":"2 Fungi Beasts","floor":9.0,"turns":3.0},{"damage":13.0,"enemies":"Large Slime","floor":13.0,"turns":4.0},{"damage":9.0,"enemies":"Gremlin Gang","floor":15.0,"turns":6.0},{"damage":33.0,"enemies":"downfall:Silent","floor":16.0,"turns":6.0},{"damage":5,"enemies":"3 Byrds","floor":19,"turns":4},{"damage":1,"enemies":"Cultist and Chosen","floor":21,"turns":4},{"damage":43,"enemies":"3 Cultists","floor":22,"turns":5},{"damage":16,"enemies":"downfall:FleeingMerchant","floor":25,"turns":4},{"damage":47,"enemies":"Gremlin Leader","floor":27,"turns":7},{"damage":11,"enemies":"downfall:FleeingMerchant","floor":28,"turns":4},{"damage":37,"enemies":"Slavers","floor":29,"turns":5},{"damage":28,"enemies":"Book of Stabbing","floor":31,"turns":5},{"damage":25,"enemies":"Centurion and Healer","floor":32,"turns":5},{"damage":38,"enemies":"downfall:Watcher","floor":33,"turns":4}],"seed_played":"-6475237557591480925","potions_obtained":[{"floor":4.0,"key":"Slimebound:SlimyTonguePotion"},{"floor":6.0,"key":"Strength Potion"},{"floor":15.0,"key":"SteroidPotion"},{"floor":16.0,"key":"LiquidMemories"},{"floor":19,"key":"Explosive Potion"},{"floor":21,"key":"AttackPotion"},{"floor":31,"key":"AttackPotion"},{"floor":32,"key":"champ:CounterPotion"}],"is_trial":false,"path_per_floor":["R","$","?","M","M","M","T","E","M","?","R","?","M","?","M","B",null,"R","M","?","M","M","R","T","$","R","E","$","E","R","E","M","B"],"character_chosen":"SLIMEBOUND","items_purchased":["Slimebound:SplitBruiser+1","Slimebound:AcidTongue","Replay:Rubber Ducky","ReplayTheSpireMod:Shallot","Slimebound:BestDefense"],"campfire_rested":1,"item_purchase_floors":[2,2,2,28,28],"current_hp_per_floor":[54,54,54,54,54,54,54,43,49,49,49,49,54,54,54,35,54,54,54,54,54,23,39,39,35,35,16,43,28,28,22,15,0,0,0],"gold":135,"neow_bonus":"TWO_FIFTY_GOLD","is_daily":false,"chose_seed":false,"campfire_upgraded":2,"win_rate":0.0,"timestamp":1610614345,"path_taken":["R","$","?","M","M","M","T","E","M","?","R","?","M","?","M","BOSS","R","M","?","M","?","R","T","$","R","E","$","E","R","E","M","BOSS"],"items_purchased_type":["Card","Card","Relic","Relic","Card"],"build_version":"2020-12-22","purchased_purges":1,"victory":false,"max_hp_per_floor":[54,54,54,54,54,54,54,54,54,54,54,54,54,54,54,54,54,54,54,54,54,54,54,54,54,54,54,54,54,54,54,54,54,54,54],"card_choices":[{"not_picked":["Slimebound:SlimeTap","Slimebound:FinishingTackle"],"picked":"Slimebound:SamplingLick","floor":2.0},{"not_picked":["Slimebound:Dissolve","Slimebound:Grow"],"picked":"Slimebound:ComboTackle","floor":4.0},{"not_picked":["Slimebound:SamplingLick","Slimebound:ServeAndProtect"],"picked":"Slimebound:BestDefense","floor":5.0},{"not_picked":["Slimebound:TongueLash","Slimebound:MegaLick"],"picked":"Slimebound:RainOfGoop","floor":6.0},{"not_picked":["Slimebound:LeechingTouch","Slimebound:SplitAcid"],"picked":"Slimebound:LivingWall","floor":8.0},{"not_picked":["Slimebound:ServeAndProtect","Slimebound:LeechEnergy"],"picked":"Slimebound:HungryTackle","floor":9.0},{"not_picked":["Slimebound:Dissolve","Slimebound:AcidTongue","Slimebound:DivideAndConquer"],"picked":"SKIP","floor":13.0},{"not_picked":["Slimebound:DivideAndConquer","Slimebound:Repurpose"],"picked":"Slimebound:SpikyOuterGoop","floor":15.0},{"not_picked":["Slimebound:SlimeSlap","Slimebound:PrepareCrush"],"picked":"Slimebound:CheckThePlaybook","floor":16.0},{"not_picked":["Slimebound:PressTheAttack","Slimebound:SplitMire+1"],"picked":"Slimebound:SlimeSpikes+1","floor":19},{"not_picked":["Slimebound:SplitAcid+1","Slimebound:SplitBruiser"],"picked":"Slimebound:BestDefense","floor":21},{"not_picked":["Slimebound:SplitAcid+1","Slimebound:LeechEnergy"],"picked":"Slimebound:GrowthPunch","floor":22},{"not_picked":["Slimebound:Replication+1","Slimebound:LeechEnergy"],"picked":"Slimebound:Repurpose","floor":25},{"not_picked":["Slimebound:ComboTackle","Slimebound:SlimeTap"],"picked":"Slimebound:GrowthPunch","floor":27},{"not_picked":["Slimebound:GoopSpray+1","Slimebound:Overexert","Slimebound:SlimeSpikes"],"picked":"SKIP","floor":28},{"not_picked":["Slimebound:ComboTackle","Slimebound:LeechEnergy","Slimebound:TongueLash+1"],"picked":"SKIP","floor":29},{"not_picked":["Slimebound:SplitSpecialist+1","Slimebound:ServeAndProtect","Slimebound:Nibble"],"picked":"SKIP","floor":31},{"not_picked":["Slimebound:LeechingTouch","Slimebound:RainOfGoop+1"],"picked":"Slimebound:Repurpose+1","floor":32}],"player_experience":392313,"relics_obtained":[{"floor":7.0,"key":"Mirror"},{"floor":8.0,"key":"Bottled Lightning"},{"floor":24,"key":"Bottled Tornado"},{"floor":27,"key":"Matryoshka"},{"floor":29,"key":"Slimebound:AggressiveSlimeRelic"},{"floor":31,"key":"Torii"}],"event_choices":[],"is_beta":false,"boss_relics":[{"not_picked":["Velvet Choker","Runic Dome"],"picked":"SlaversCollar"}],"items_purged_floors":[28],"is_endless":false,"potions_floor_spawned":[4,6,15,16,19,21,31,32],"killed_by":"downfall:Watcher","ascension_level":3}}