{"host":"os7ajuuouznx3pj7","time":1610588816,"event":{"mods":["AchievementEnabler","BaseMod","Bestiary","Block Reminder","Colored Map","Colored Powertips","Keyboard Shortcuts","Minty Spire (QoL Compilation)","Quick Restart","Relic Sorter","Relic Stats","SuperFastMode"],"gold_per_floor":[119,119,193,193,164,164,192,192,192,218,238,271,271,287,287,361,361,379,379,379,110,186,219,219,250,332,332,332,361,377,377,377,377,377],"floor_reached":33,"language":"ENG","playtime":4714,"items_purged":["Shame"],"score":817,"play_id":"c7cd3254-26e1-4fa8-bd42-905460598229","local_time":"20210113234656","is_ascension_mode":true,"campfire_choices":[{"data":"Leg Sweep","floor":6.0,"key":"SMITH"},{"data":"Masterful Stab","floor":8.0,"key":"SMITH"},{"data":"Skewer","floor":13.0,"key":"SMITH"},{"data":"Acrobatics","floor":15.0,"key":"SMITH"},{"data":"Unload","floor":24,"key":"SMITH"},{"data":"Concentrate","floor":27,"key":"SMITH"},{"data":"Calculated Gamble","floor":32,"key":"SMITH"}],"circlet_count":0,"master_deck":["AscendersBane","Defend_G","Defend_G","Defend_G","Defend_G","Defend_G","Survivor","Neutralize+1","Backstab+1","Leg Sweep+1","Masterful Stab+1","Skewer+1","Concentrate+1","Backflip","Acrobatics+1","Unload+1","Bite","Bite","Bite","Bite","Bite","Calculated Gamble+1","Dagger Throw+1","Ghostly","Ghostly","Ghostly","Ghostly","Ghostly","Escape Plan"],"relics":["Ring of the Snake","Blue Candle","Pear","NeowsBlessing","Molten Egg 2","HornCleat","Coffee Dripper","The Courier","Toy Ornithopter","White Beast Statue","Ginger","Shuriken","PreservedInsect","Tiny Chest","Art of War","MutagenicStrength"],"acts_visited":["Exordium","TheCity"],"potions_floor_usage":[23,25,33],"damage_taken":[{"damage":0.0,"enemies":"Jaw Worm","floor":1.0,"turns":1.0},{"damage":0.0,"enemies":"3 Sentries","floor":7.0,"turns":1.0},{"damage":0.0,"enemies":"Lagavulin","floor":10.0,"turns":1.0},{"damage":0.0,"enemies":"2 Louse","floor":11.0,"turns":1.0},{"damage":6.0,"enemies":"Gremlin Nob","floor":12.0,"turns":4.0},{"damage":0.0,"enemies":"Cultist","floor":14.0,"turns":2.0},{"damage":0.0,"enemies":"Slime Boss","floor":16.0,"turns":1.0},{"damage":6.0,"enemies":"Shell Parasite","floor":18.0,"turns":6.0},{"damage":0,"enemies":"Slavers","floor":23,"turns":4},{"damage":0,"enemies":"Gremlin Leader","floor":25,"turns":3},{"damage":2,"enemies":"Book of Stabbing","floor":29,"turns":6},{"damage":0,"enemies":"Spheric Guardian","floor":30,"turns":4},{"damage":50,"enemies":"Champ","floor":33,"turns":11}],"seed_played":"-7955931528042478822","potions_obtained":[{"floor":1.0,"key":"DistilledChaos"},{"floor":7.0,"key":"Strength Potion"},{"floor":10.0,"key":"CultistPotion"},{"floor":11.0,"key":"DuplicationPotion"},{"floor":14.0,"key":"FearPotion"},{"floor":16.0,"key":"DuplicationPotion"},{"floor":18.0,"key":"Weak Potion"},{"floor":23,"key":"GamblersBrew"},{"floor":25,"key":"Swift Potion"}],"is_trial":false,"path_per_floor":["M","?","T","?","$","R","E","R","T","E","M","E","R","M","R","B",null,"M","?","?","$","T","E","R","E","T","R","?","E","M","?","R","B"],"character_chosen":"THE_SILENT","items_purchased":["Leg Sweep","HornCleat"],"campfire_rested":0,"item_purchase_floors":[5,21],"current_hp_per_floor":[63,49,49,54,54,54,54,54,54,54,54,48,48,48,48,58,71,65,65,52,52,52,52,52,52,62,62,31,31,31,31,31,0,0],"gold":377,"neow_bonus":"THREE_ENEMY_KILL","is_daily":false,"chose_seed":false,"campfire_upgraded":7,"win_rate":0.0,"timestamp":1610588816,"path_taken":["M","?","?","?","?","R","E","R","T","E","M","E","R","?","R","BOSS","M","?","?","$","?","E","R","E","T","R","?","E","?","?","R","BOSS"],"items_purchased_type":["Card","Relic"],"build_version":"2020-12-22","purchased_purges":1,"victory":false,"max_hp_per_floor":[70,70,70,75,75,75,75,75,75,75,75,75,75,75,75,75,75,75,75,52,52,52,52,52,52,62,62,31,31,31,31,31,31,31],"relic_stats":{"counters":[13,45],"Shuriken":[17],"Blue Candle":[0],"Tiny Chest":0,"PreservedInsect":131,"Art of War":[2],"Ginger":[6],"obtain_stats":[{"Pear":26,"NeowsBlessing":0,"Blue Candle":25,"The Courier":3,"PreservedInsect":19,"Ginger":10,"White Beast Statue":9,"HornCleat":21,"Shuriken":12,"MutagenicStrength":31,"Molten Egg 2":22,"Tiny Chest":23,"Coffee Dripper":17,"Art of War":29,"Toy Ornithopter":7,"Ring of the Snake":0},{"Pear":10,"NeowsBlessing":0,"Blue Candle":10,"The Courier":1,"PreservedInsect":8,"Ginger":3,"White Beast Statue":2,"HornCleat":8,"Shuriken":5,"MutagenicStrength":12,"Molten Egg 2":8,"Tiny Chest":9,"Coffee Dripper":7,"Art of War":11,"Toy Ornithopter":2,"Ring of the Snake":0},{"Pear":24,"NeowsBlessing":0,"Blue Candle":24,"The Courier":1,"PreservedInsect":17,"Ginger":3,"White Beast Statue":2,"HornCleat":17,"Shuriken":8,"MutagenicStrength":34,"Molten Egg 2":17,"Tiny Chest":21,"Coffee Dripper":11,"Art of War":30,"Toy Ornithopter":2,"Ring of the Snake":0}],"Toy Ornithopter":10,"Ring of the Snake":[26]},"card_choices":[{"not_picked":["PiercingWail","Outmaneuver"],"picked":"Backstab","floor":1.0},{"not_picked":["Deflect","Backflip"],"picked":"Masterful Stab","floor":7.0},{"not_picked":["Dagger Throw","PiercingWail"],"picked":"Skewer","floor":10.0},{"not_picked":["Deadly Poison","Bouncing Flask"],"picked":"Concentrate","floor":11.0},{"not_picked":["Glass Knife","Cloak And Dagger"],"picked":"Backflip","floor":12.0},{"not_picked":["Underhanded Strike","Blade Dance"],"picked":"Acrobatics","floor":14.0},{"not_picked":["Grand Finale","A Thousand Cuts"],"picked":"Unload","floor":16.0},{"not_picked":["Deadly Poison+1","Poisoned Stab","Distraction"],"picked":"SKIP","floor":18.0},{"not_picked":["Poisoned Stab+1","Slice+1"],"picked":"Calculated Gamble","floor":23},{"not_picked":["Envenom","Choke+1"],"picked":"Dagger Throw+1","floor":25},{"not_picked":["Dodge and Roll","Blur","Poisoned Stab+1"],"picked":"SKIP","floor":29},{"not_picked":["PiercingWail","Bane+1"],"picked":"Escape Plan","floor":30}],"player_experience":958937,"relics_obtained":[{"floor":3.0,"key":"The Courier"},{"floor":7.0,"key":"Toy Ornithopter"},{"floor":9.0,"key":"White Beast Statue"},{"floor":10.0,"key":"Ginger"},{"floor":12.0,"key":"Shuriken"},{"floor":22.0,"key":"Molten Egg 2"},{"floor":23,"key":"Tiny Chest"},{"floor":25,"key":"Blue Candle"},{"floor":26,"key":"Pear"},{"floor":29,"key":"Art of War"}],"event_choices":[{"damage_healed":0.0,"max_hp_gain":0.0,"max_hp_loss":0.0,"gold_gain":0.0,"event_name":"Shining Light","player_choice":"Entered Light","floor":2.0,"gold_loss":0.0,"damage_taken":14.0,"cards_upgraded":["Neutralize","Backstab"]},{"damage_healed":0.0,"max_hp_gain":5.0,"max_hp_loss":0.0,"gold_gain":0.0,"event_name":"Big Fish","player_choice":"Donut","floor":4.0,"gold_loss":0.0,"damage_taken":0.0},{"damage_healed":0.0,"max_hp_gain":0.0,"max_hp_loss":0.0,"gold_gain":0.0,"event_name":"Addict","player_choice":"Stole Relic","floor":19.0,"gold_loss":0.0,"damage_taken":0.0,"relics_obtained":["PreservedInsect"],"cards_obtained":["Shame"]},{"damage_healed":0.0,"max_hp_gain":0.0,"max_hp_loss":23.0,"gold_gain":0.0,"event_name":"Vampires","player_choice":"Became a vampire","floor":20.0,"gold_loss":0.0,"damage_taken":0.0,"cards_obtained":["Bite","Bite","Bite","Bite","Bite"]},{"damage_healed":0,"gold_gain":0,"player_choice":"Became a Ghost","damage_taken":0,"max_hp_gain":0,"max_hp_loss":31,"event_name":"Ghosts","floor":28,"gold_loss":0,"cards_obtained":["Ghostly","Ghostly","Ghostly","Ghostly","Ghostly"]},{"damage_healed":0,"gold_gain":0,"player_choice":"Inject Mutagens","damage_taken":0,"relics_obtained":["MutagenicStrength"],"max_hp_gain":0,"max_hp_loss":0,"event_name":"Drug Dealer","floor":31,"gold_loss":0}],"is_beta":false,"boss_relics":[{"not_picked":["Empty Cage","Tiny House"],"picked":"Coffee Dripper"}],"items_purged_floors":[21],"is_endless":false,"potions_floor_spawned":[1,7,10,11,12,14,16,18,23,25,29,30],"killed_by":"Champ","ascension_level":13}}