{"host":"7k7fhzlbqzyu5ijh","time":1610600637,"event":{"mods":["AchievementEnabler","BaseMod","Bestiary","Colored Powertips","Filter the Spire","Highlight Path","Minty Spire (QoL Compilation)","Potion Indicator Mod","RNG Fix","Relic Stats"],"gold_per_floor":[109,409,428,448,458,458,490,23,77,77,90,90,90,109,109,209,209,228,183,183],"floor_reached":19,"language":"ENG","playtime":1073,"items_purged":["Strike_R"],"score":228,"play_id":"f17196b7-5366-4093-969c-5fd12ad9c81e","local_time":"20210114000357","is_ascension_mode":true,"campfire_choices":[{"data":"Bash","floor":6.0,"key":"SMITH"},{"data":"1","floor":10.0,"key":"LIFT"},{"data":"2","floor":12.0,"key":"LIFT"},{"data":"3","floor":15.0,"key":"LIFT"}],"circlet_count":0,"master_deck":["Strike_R","Strike_R","Strike_R","Strike_R","Defend_R","Defend_R","Defend_R","Defend_R","Bash+1","True Grit","Reckless Charge","Shockwave","Shrug It Off","Rage","Sentinel","Body Slam","Disarm","Brutality","Cleave"],"relics":["Burning Blood","NeowsBlessing","Old Coin","Kunai","Girya","Omamori","Snecko Eye"],"acts_visited":["Exordium","TheCity"],"potions_floor_usage":[],"damage_taken":[{"damage":0.0,"enemies":"Jaw Worm","floor":1.0,"turns":1.0},{"damage":0.0,"enemies":"Cultist","floor":3.0,"turns":1.0},{"damage":0.0,"enemies":"2 Louse","floor":4.0,"turns":1.0},{"damage":13.0,"enemies":"Looter","floor":5.0,"turns":4.0},{"damage":17.0,"enemies":"3 Sentries","floor":7.0,"turns":7.0},{"damage":5.0,"enemies":"Lots of Slimes","floor":11.0,"turns":5.0},{"damage":12.0,"enemies":"Exordium Thugs","floor":14.0,"turns":5.0},{"damage":28.0,"enemies":"The Guardian","floor":16.0,"turns":12.0},{"damage":23.0,"enemies":"Spheric Guardian","floor":18.0,"turns":5.0},{"damage":10,"enemies":"2 Thieves","floor":19,"turns":4}],"seed_played":"5856624918549962445","potions_obtained":[{"floor":1.0,"key":"SkillPotion"},{"floor":4.0,"key":"Explosive Potion"},{"floor":7.0,"key":"ColorlessPotion"},{"floor":16.0,"key":"Explosive Potion"}],"is_trial":false,"path_per_floor":["M","?","M","M","M","R","E","$","T","R","M","R","?","M","R","B",null,"M","M"],"character_chosen":"IRONCLAD","items_purchased":["Girya","PowerPotion","Sentinel"],"campfire_rested":0,"item_purchase_floors":[8,8,8],"current_hp_per_floor":[78,71,77,80,73,73,62,62,62,62,63,63,63,57,57,35,69,52,42,42],"gold":183,"neow_bonus":"THREE_ENEMY_KILL","is_daily":false,"chose_seed":false,"campfire_upgraded":1,"win_rate":0.0,"timestamp":1610600637,"path_taken":["M","?","M","M","M","R","E","?","T","R","M","R","?","M","R","BOSS","M","M"],"items_purchased_type":["Relic","Potion","Card"],"build_version":"2020-12-22","purchased_purges":1,"victory":false,"max_hp_per_floor":[80,80,80,80,80,80,80,80,80,80,80,80,80,80,80,80,80,80,80,80],"relic_stats":{"counters":[10,45],"Snecko Eye":[13,18,17,13],"Kunai":[4],"obtain_stats":[{"Girya":8,"NeowsBlessing":0,"Snecko Eye":17,"Omamori":9,"Kunai":7,"Burning Blood":0,"Old Coin":2},{"Girya":5,"NeowsBlessing":0,"Snecko Eye":8,"Omamori":5,"Kunai":5,"Burning Blood":0,"Old Coin":1},{"Girya":14,"NeowsBlessing":0,"Snecko Eye":36,"Omamori":14,"Kunai":14,"Burning Blood":0,"Old Coin":1}],"Burning Blood":51},"card_choices":[{"not_picked":["Burning Pact","Evolve"],"picked":"True Grit","floor":1.0},{"not_picked":["Dropkick","Warcry"],"picked":"Reckless Charge","floor":3.0},{"not_picked":["Reckless Charge","Havoc"],"picked":"Shockwave","floor":4.0},{"not_picked":["Second Wind","Anger"],"picked":"Shrug It Off","floor":5.0},{"not_picked":["Body Slam","Warcry"],"picked":"Rage","floor":7.0},{"not_picked":["Wild Strike","Iron Wave"],"picked":"Body Slam","floor":11.0},{"not_picked":["Combust","Armaments"],"picked":"Disarm","floor":14.0},{"not_picked":["Corruption","Bludgeon"],"picked":"Brutality","floor":16.0},{"not_picked":["Armaments","Clash"],"picked":"Cleave","floor":18.0}],"player_experience":433170,"relics_obtained":[{"floor":7.0,"key":"Kunai"},{"floor":9.0,"key":"Omamori"}],"event_choices":[{"damage_healed":0.0,"max_hp_gain":0.0,"max_hp_loss":0.0,"gold_gain":0.0,"event_name":"Scrap Ooze","player_choice":"Success","floor":2.0,"gold_loss":0.0,"damage_taken":7.0,"relics_obtained":["Old Coin"]},{"damage_healed":0.0,"max_hp_gain":0.0,"max_hp_loss":0.0,"gold_gain":0.0,"event_name":"Liars Game","player_choice":"Ignored","floor":13.0,"gold_loss":0.0,"damage_taken":0.0}],"is_beta":false,"boss_relics":[{"not_picked":["Fusion Hammer","SacredBark"],"picked":"Snecko Eye"}],"items_purged_floors":[8],"is_endless":false,"potions_floor_spawned":[1,4,7,16],"killed_by":"2 Thieves","ascension_level":7}}