{"host":"yuoancq4cku3x8wq","time":1610636419,"event":{"mods":["AchievementEnabler","BaseMod","Minty Spire (QoL Compilation)","Quick Restart","StSLib","SuperFastMode"],"gold_per_floor":[114,126,136,11,29,55,55,90,140,165,165,165,176,176,176,176,176],"floor_reached":16,"language":"ZHS","playtime":320,"items_purged":["Defend_P"],"score":340,"play_id":"8d491c3e-08cd-4aad-a36f-181e302a0b99","local_time":"20210114230019","is_ascension_mode":true,"campfire_choices":[{"data":"Eruption","floor":7.0,"key":"SMITH"},{"data":"Tantrum","floor":12,"key":"SMITH"},{"data":"BowlingBash","floor":15,"key":"SMITH"}],"circlet_count":0,"master_deck":["AscendersBane","Strike_P","Strike_P","Strike_P","Strike_P","Defend_P","Defend_P","Eruption+1","Vigilance","CarveReality","Indignation","BowlingBash+1","Tantrum+1"],"relics":["PureWater","NeowsBlessing","Eternal Feather","Smiling Mask"],"acts_visited":["Exordium"],"potions_floor_usage":[10],"damage_taken":[{"damage":0.0,"enemies":"Cultist","floor":1.0,"turns":1.0},{"damage":0.0,"enemies":"Jaw Worm","floor":2.0,"turns":1.0},{"damage":0.0,"enemies":"Small Slimes","floor":3.0,"turns":1.0},{"damage":11.0,"enemies":"Exordium Wildlife","floor":5.0,"turns":3.0},{"damage":12.0,"enemies":"Lagavulin","floor":6.0,"turns":4.0},{"damage":3,"enemies":"Gremlin Nob","floor":8,"turns":3},{"damage":12,"enemies":"3 Sentries","floor":10,"turns":4},{"damage":15,"enemies":"Gremlin Gang","floor":13,"turns":3}],"seed_played":"8273704137151516725","potions_obtained":[{"floor":1.0,"key":"BottledMiracle"},{"floor":3.0,"key":"ColorlessPotion"},{"floor":6.0,"key":"SmokeBomb"},{"floor":10,"key":"Fruit Juice"}],"is_trial":false,"path_per_floor":["M","M","M","$","M","E","R","E","T","E","?","R","M","?","R","B"],"character_chosen":"WATCHER","items_purchased":["BowlingBash"],"campfire_rested":0,"item_purchase_floors":[4],"current_hp_per_floor":[61,61,61,61,50,38,38,35,35,28,28,34,19,19,25,0,0],"gold":176,"neow_bonus":"THREE_ENEMY_KILL","is_daily":false,"chose_seed":false,"campfire_upgraded":3,"win_rate":0.0,"timestamp":1610636419,"path_taken":["M","M","?","$","M","E","R","E","T","E","?","R","?","?","R","BOSS"],"items_purchased_type":["Card"],"build_version":"2020-12-22","purchased_purges":1,"victory":false,"max_hp_per_floor":[68,68,68,68,68,68,68,68,68,73,73,73,73,73,73,73,73],"card_choices":[{"not_picked":["ClearTheMind","Collect"],"picked":"CarveReality","floor":1.0},{"not_picked":["SashWhip","ClearTheMind"],"picked":"Indignation","floor":2.0},{"not_picked":["ForeignInfluence","Perseverance","Study"],"picked":"SKIP","floor":3.0},{"not_picked":["Protect","SashWhip","ForeignInfluence"],"picked":"SKIP","floor":5.0},{"not_picked":["SashWhip","SandsOfTime","ThirdEye"],"picked":"SKIP","floor":6.0},{"not_picked":["Vault","SashWhip"],"picked":"Tantrum","floor":8},{"not_picked":["WheelKick","Weave","Swivel"],"picked":"SKIP","floor":10},{"not_picked":["EmptyFist","CrushJoints","BowlingBash"],"picked":"SKIP","floor":13}],"player_experience":273777,"relics_obtained":[{"floor":8,"key":"Eternal Feather"},{"floor":10,"key":"Smiling Mask"}],"event_choices":[{"cards_removed":["Defend_P"],"damage_healed":0,"gold_gain":0,"player_choice":"Offered Basic","damage_taken":0,"max_hp_gain":0,"max_hp_loss":0,"event_name":"Bonfire Elementals","floor":11,"gold_loss":0},{"damage_healed":0,"gold_gain":0,"player_choice":"Ignored","damage_taken":0,"max_hp_gain":0,"max_hp_loss":0,"event_name":"Shining Light","floor":14,"gold_loss":0}],"is_beta":false,"boss_relics":[],"items_purged_floors":[4],"is_endless":false,"potions_floor_spawned":[1,3,6,10],"killed_by":"The Guardian","ascension_level":20}}