{"host":"sh8ot41fo7a0kahq","time":1610629844,"event":{"mods":["ATMod(°¢èªMod)","BaseMod","Better Third Choice","Colored Powertips","Displayed Cursed Tome","Minty Spire (QoL Compilation)","Quick Restart","Spicy Shops","StSLib","UnlockEverythingMod","¡¾ÒÅÎï¿¨ÅÆ¡¿REMEMod"],"gold_per_floor":[110,110,130,130,147,147,175,175,224,224,224,235,248,248,248],"floor_reached":14,"language":"ZHS","playtime":310,"items_purged":[],"score":126,"play_id":"1e58086f-b005-49a5-a868-b7b58c2e1d59","local_time":"20210114211044","is_ascension_mode":true,"campfire_choices":[{"data":"Adrenaline","floor":6.0,"key":"SMITH"},{"data":"Shrug It Off","floor":8.0,"key":"SMITH"},{"data":"Evolve","floor":11,"key":"SMITH"}],"circlet_count":0,"master_deck":["Strike_R","Strike_R","Strike_R","Defend_R","Defend_R","Defend_R","Defend_R","Bash","AT_ChampionKick","Adrenaline+1","Shrug It Off+1","Blood for Blood","Evolve+1","Pommel Strike","Dark Embrace"],"relics":["Burning Blood","AT_ATBox","REME_ComplimentaryCards","NeowsBlessing","Smiling Mask"],"acts_visited":["Exordium"],"potions_floor_usage":[14],"damage_taken":[{"damage":0.0,"enemies":"Jaw Worm","floor":1.0,"turns":1.0},{"damage":0.0,"enemies":"Cultist","floor":3.0,"turns":1.0},{"damage":0.0,"enemies":"2 Louse","floor":5.0,"turns":1.0},{"damage":32.0,"enemies":"Gremlin Nob","floor":7.0,"turns":4.0},{"damage":17,"enemies":"Exordium Thugs","floor":12,"turns":7},{"damage":8,"enemies":"Blue Slaver","floor":13,"turns":3},{"damage":40,"enemies":"Lagavulin","floor":14,"turns":9}],"seed_played":"-4531872846833032499","potions_obtained":[{"floor":5.0,"key":"Swift Potion"},{"floor":7.0,"key":"LiquidBronze"},{"floor":12,"key":"Ancient Potion"}],"is_trial":false,"path_per_floor":["M","?","M","?","M","R","E","R","T","?","R","M","M","E"],"character_chosen":"IRONCLAD","items_purchased":[],"campfire_rested":0,"item_purchase_floors":[],"current_hp_per_floor":[78,78,80,80,80,80,54,54,54,54,54,43,41,1,1],"gold":248,"neow_bonus":"THREE_ENEMY_KILL","is_daily":false,"chose_seed":false,"campfire_upgraded":3,"win_rate":0.0,"timestamp":1610629844,"path_taken":["M","?","?","?","M","R","E","R","T","?","R","M","M","E"],"items_purchased_type":[],"build_version":"2020-12-22","purchased_purges":0,"victory":false,"max_hp_per_floor":[80,80,80,80,80,80,80,80,80,80,80,80,80,80,80],"card_choices":[{"not_picked":["Flame Barrier","Thunderclap","Headbutt"],"picked":"SKIP","floor":1.0},{"not_picked":["Clash","Iron Wave"],"picked":"Shrug It Off","floor":3.0},{"not_picked":["Iron Wave","Perfected Strike"],"picked":"Blood for Blood","floor":5.0},{"not_picked":["Heavy Blade","Berserk"],"picked":"Evolve","floor":7.0},{"not_picked":["Iron Wave","Heavy Blade"],"picked":"Pommel Strike","floor":12},{"not_picked":["Sword Boomerang","Whirlwind"],"picked":"Dark Embrace","floor":13}],"player_experience":325667,"relics_obtained":[{"floor":7.0,"key":"Smiling Mask"}],"event_choices":[{"cards_removed":["Strike_R"],"damage_healed":0.0,"max_hp_gain":0.0,"max_hp_loss":0.0,"gold_gain":0.0,"event_name":"Purifier","player_choice":"Purged","floor":2.0,"gold_loss":0.0,"damage_taken":0.0},{"damage_healed":80.0,"max_hp_gain":0.0,"max_hp_loss":80.0,"gold_gain":0.0,"event_name":"betterThird:BetterShining","player_choice":"Leave","floor":4.0,"gold_loss":0.0,"damage_taken":0.0},{"cards_removed":["Strike_R"],"damage_healed":0,"gold_gain":0,"player_choice":"Forget","damage_taken":0,"max_hp_gain":0,"max_hp_loss":0,"event_name":"Living Wall","floor":10,"gold_loss":0}],"is_beta":false,"boss_relics":[],"items_purged_floors":[],"is_endless":false,"potions_floor_spawned":[5,7,12],"killed_by":"Lagavulin","ascension_level":8}}