{"host":"h4lp0eeso8a0ssq0","time":1610602910,"event":{"mods":["2.2 Compatiblity","BaseMod","CapriCore","Colored Map","Hermit","Minty Spire (QoL Compilation)","StSLib","SuperFastMode","The Cursed","The Hierophant"],"gold_per_floor":[112,146,163,209,252,252,312,371,398,460,122,217,217,217,217,189,189],"floor_reached":16,"language":"KOR","playtime":765,"items_purged":["hierophant:Strike_Hierophant"],"score":123,"play_id":"645ce900-ae2d-48e2-b317-de574afa0643","local_time":"20210114144150","is_ascension_mode":false,"campfire_choices":[{"data":"hierophant:RustyCrate","floor":6.0,"key":"SMITH"},{"data":"Mind Blast","floor":13.0,"key":"SMITH"},{"data":"hierophant:RustyCrate","floor":15.0,"key":"SMITH"}],"circlet_count":0,"master_deck":["hierophant:Strike_Hierophant","hierophant:Strike_Hierophant","hierophant:Strike_Hierophant","hierophant:Punish","hierophant:Defend_Hierophant","hierophant:Defend_Hierophant","hierophant:Defend_Hierophant","hierophant:Defend_Hierophant","hierophant:ChurchCoffers+1","hierophant:RustyCrate+1","hierophant:Doubloon","hierophant:Doubloon","hierophant:OrnateBuckler","hierophant:Community","hierophant:Doubloon","hierophant:Dazzle","hierophant:HolyVerse","hierophant:Doubloon","hierophant:Remorse","hierophant:Doubloon","hierophant:Remorse","Mind Blast+1","hierophant:RustyCrate+1","hierophant:Doubloon","hierophant:Doubloon","Decay"],"relics":["hierophant:PropheticMaskRelic","Smiling Mask","Strawberry"],"acts_visited":["Exordium"],"potions_floor_usage":[16],"damage_taken":[{"damage":6.0,"enemies":"Cultist","floor":1.0,"turns":3.0},{"damage":2.0,"enemies":"2 Louse","floor":2.0,"turns":3.0},{"damage":11.0,"enemies":"Jaw Worm","floor":3.0,"turns":5.0},{"damage":5.0,"enemies":"3 Louse","floor":4.0,"turns":3.0},{"damage":4.0,"enemies":"Gremlin Gang","floor":5.0,"turns":4.0},{"damage":7.0,"enemies":"2 Fungi Beasts","floor":7.0,"turns":4.0},{"damage":0.0,"enemies":"Lots of Slimes","floor":8.0,"turns":2.0},{"damage":9.0,"enemies":"Blue Slaver","floor":10.0,"turns":6.0},{"damage":10.0,"enemies":"3 Louse","floor":12.0,"turns":4.0},{"damage":30,"enemies":"The Guardian","floor":16,"turns":7}],"seed_played":"-2041020196959685867","potions_obtained":[{"floor":1.0,"key":"DuplicationPotion"},{"floor":2.0,"key":"Explosive Potion"},{"floor":4.0,"key":"Swift Potion"},{"floor":8.0,"key":"SneckoOil"}],"is_trial":false,"path_per_floor":["M","M","M","M","M","R","M","M","T","M","$","M","R","?","R","B"],"character_chosen":"HIEROPHANT","items_purchased":["Mind Blast","hierophant:RustyCrate","Strawberry"],"campfire_rested":0,"item_purchase_floors":[11,11,11],"current_hp_per_floor":[69,67,56,51,47,47,40,40,40,31,38,28,28,28,28,0,0],"gold":189,"neow_bonus":"UPGRADE_CARD","is_daily":false,"chose_seed":false,"campfire_upgraded":3,"win_rate":0.0,"timestamp":1610602910,"path_taken":["M","M","M","M","M","R","M","M","T","?","$","M","R","?","R","BOSS"],"items_purchased_type":["Card","Card","Relic"],"build_version":"2020-12-22","purchased_purges":1,"victory":false,"max_hp_per_floor":[75,75,75,75,75,75,75,75,75,75,82,82,82,82,82,82,82],"card_choices":[{"not_picked":["hierophant:SecretStash","hierophant:AuricBeam"],"picked":"hierophant:RustyCrate","floor":1.0},{"not_picked":["hierophant:Invocation","hierophant:Zeal","hierophant:Empathy"],"picked":"SKIP","floor":2.0},{"not_picked":["hierophant:Upheaval","hierophant:MorningPrayer"],"picked":"hierophant:OrnateBuckler","floor":3.0},{"not_picked":["hierophant:Blessing","hierophant:Shelter"],"picked":"hierophant:Community","floor":4.0},{"not_picked":["hierophant:Zeal","hierophant:Martyrdom"],"picked":"hierophant:Dazzle","floor":5.0},{"not_picked":["hierophant:OrnateJavelin","hierophant:ArchangelShield"],"picked":"hierophant:HolyVerse","floor":7.0},{"not_picked":["hierophant:SolarFlare","hierophant:Bribe"],"picked":"hierophant:Remorse","floor":8.0},{"not_picked":["hierophant:Patience","hierophant:Racketeering"],"picked":"hierophant:Remorse","floor":10.0},{"not_picked":["hierophant:Flagellation","hierophant:SealAway","hierophant:Smite"],"picked":"SKIP","floor":12.0}],"player_experience":30418,"relics_obtained":[{"floor":9.0,"key":"Smiling Mask"}],"event_choices":[{"damage_healed":0.0,"max_hp_gain":0.0,"max_hp_loss":0.0,"gold_gain":0.0,"event_name":"Wheel of Change","player_choice":"Cursed","floor":14.0,"gold_loss":0.0,"damage_taken":0.0,"cards_obtained":["Decay"]}],"is_beta":false,"boss_relics":[],"items_purged_floors":[11],"is_endless":false,"potions_floor_spawned":[1,2,4,7,8],"killed_by":"The Guardian","ascension_level":0}}