{"host":"01gbg40krdpein5y","time":1610608890,"event":{"mods":["BaseMod","BetterRewards","Minty Spire (QoL Compilation)","SuperFastMode","Transform Curses"],"gold_per_floor":[109,126,137,137,102,136,136,136,136,14,14,30,30,30,30,127,127,109,109,17,27,37,37,54,54,54,54,67,19,34,69,69,170,170,183,201,249,249,249,249,276,33,33,44,44,44],"floor_reached":45,"language":"ENG","playtime":2557,"items_purged":["Strike_B"],"score":461,"play_id":"6e49b4ac-c28d-4ce5-938d-0a037001ba6b","local_time":"20210113232129","is_ascension_mode":false,"campfire_choices":[{"data":"Blizzard","floor":7,"key":"SMITH"},{"floor":13,"key":"REST"},{"floor":15,"key":"REST"},{"floor":23,"key":"REST"},{"data":"Discovery","floor":27,"key":"SMITH"},{"floor":32,"key":"REST"},{"floor":40,"key":"REST"}],"circlet_count":0,"master_deck":["Strike_B+1","Strike_B+1","Strike_B+1","Defend_B+1","Defend_B+1","Defend_B+1","Defend_B+1","Zap","Dualcast","Capacitor+1","Blizzard+1","Glacier","Coolheaded","Cold Snap","Sweeping Beam+1","Machine Learning","Barrage+1","Discovery+1","Hello World","Chill+1","Self Repair+1","Glacier","Melter+1","Core Surge+1","Cold Snap+1","Conserve Battery","Streamline+1","Dark Shackles","Redo+1"],"relics":["Cracked Core","NeowsBlessing","StoneCalendar","Juzu Bracelet","Symbiotic Virus","Molten Egg 2","Inserter","MutagenicStrength","Bottled Tornado","Mercury Hourglass","SlaversCollar","Du-Vu Doll","Anchor","TheAbacus","Bottled Flame"],"acts_visited":["Exordium","TheCity","TheBeyond"],"potions_floor_usage":[22,22,31,37],"damage_taken":[{"damage":0,"enemies":"Cultist","floor":1,"turns":1},{"damage":0,"enemies":"Small Slimes","floor":2,"turns":1},{"damage":0,"enemies":"Jaw Worm","floor":3,"turns":1},{"damage":27,"enemies":"3 Sentries","floor":6,"turns":7},{"damage":2,"enemies":"Red Slaver","floor":12,"turns":3},{"damage":26,"enemies":"Hexaghost","floor":16,"turns":10},{"damage":16,"enemies":"2 Thieves","floor":18,"turns":4},{"damage":16,"enemies":"Spheric Guardian","floor":21,"turns":4},{"damage":16,"enemies":"Snake Plant","floor":22,"turns":5},{"damage":5,"enemies":"Snecko","floor":24,"turns":6},{"damage":13,"enemies":"Shelled Parasite and Fungi","floor":28,"turns":6},{"damage":7,"enemies":"Sentry and Sphere","floor":30,"turns":6},{"damage":16,"enemies":"Slavers","floor":31,"turns":4},{"damage":7,"enemies":"Champ","floor":33,"turns":12},{"damage":26,"enemies":"3 Darklings","floor":35,"turns":5},{"damage":12,"enemies":"Orb Walker","floor":36,"turns":5},{"damage":40,"enemies":"2 Orb Walkers","floor":37,"turns":5},{"damage":19,"enemies":"Nemesis","floor":41,"turns":7},{"damage":18,"enemies":"Spire Growth","floor":44,"turns":7},{"damage":15,"enemies":"Maw","floor":45,"turns":4}],"seed_played":"-3824236809317138602","potions_obtained":[{"floor":1,"key":"Swift Potion"},{"floor":6,"key":"BlessingOfTheForge"},{"floor":16,"key":"Weak Potion"},{"floor":18,"key":"Ancient Potion"},{"floor":28,"key":"Strength Potion"},{"floor":33,"key":"Fire Potion"},{"floor":37,"key":"SteroidPotion"}],"is_trial":false,"path_per_floor":["M","M","M","?","?","E","R","?","T","$","?","M","R","$","R","B",null,"M","?","$","M","M","R","M","?","T","R","M","$","M","E","R","B",null,"M","M","?","?","?","R","E","$","T","M","M"],"character_chosen":"DEFECT","items_purchased":["Cold Snap","Discovery","FocusPotion","Dark Shackles","TheAbacus"],"campfire_rested":5,"item_purchase_floors":[10,20,29,42,42],"current_hp_per_floor":[75,75,75,50,68,41,41,26,26,26,26,24,46,46,68,42,75,59,59,59,43,27,49,44,44,44,44,41,41,44,38,60,53,75,59,57,17,17,10,32,23,23,23,5,0,0],"gold":44,"neow_bonus":"THREE_ENEMY_KILL","is_daily":false,"chose_seed":false,"campfire_upgraded":2,"win_rate":0.0,"timestamp":1610608889,"path_taken":["M","M","M","?","?","E","R","?","T","$","?","M","R","?","R","BOSS","M","?","?","M","M","R","M","?","T","R","M","?","M","E","R","BOSS","M","M","?","?","?","R","E","$","T","M","M"],"items_purchased_type":["Card","Card","Potion","Card","Relic"],"build_version":"2020-12-22","purchased_purges":1,"victory":false,"max_hp_per_floor":[75,75,75,75,75,75,75,75,75,75,75,75,75,75,75,75,75,75,75,75,75,75,75,75,75,75,75,75,75,75,75,75,75,75,75,75,75,75,75,75,75,75,75,75,75,75],"card_choices":[{"not_picked":["Scrape","Steam"],"picked":"Capacitor","floor":1},{"not_picked":["Go for the Eyes","Ball Lightning"],"picked":"Blizzard","floor":2},{"not_picked":["Cold Snap","Reboot"],"picked":"Glacier","floor":3},{"not_picked":["Stack","White Noise"],"picked":"Coolheaded","floor":6},{"not_picked":["Gash+1","Compile Driver+1"],"picked":"Sweeping Beam+1","floor":12},{"not_picked":["Thunder Strike+1","Multi-Cast"],"picked":"Machine Learning","floor":16},{"not_picked":["Steam Power","Chaos"],"picked":"Barrage+1","floor":18},{"not_picked":["Stack","Gash+1"],"picked":"Hello World","floor":21},{"not_picked":["Hologram","Barrage+1"],"picked":"Chill+1","floor":22},{"not_picked":["Blizzard+1","Conserve Battery"],"picked":"Self Repair+1","floor":24},{"not_picked":["Fusion","Gash+1"],"picked":"Glacier","floor":28},{"not_picked":["Conserve Battery","Ball Lightning+1"],"picked":"Melter+1","floor":30},{"not_picked":["Turbo","FTL+1"],"picked":"Core Surge+1","floor":31},{"not_picked":["Thunder Strike+1","Electrodynamics"],"picked":"Amplify","floor":33},{"not_picked":["Sweeping Beam+1","Rebound+1"],"picked":"Cold Snap+1","floor":35},{"not_picked":["Ball Lightning+1","Gash+1","Heatsinks"],"picked":"SKIP","floor":36},{"not_picked":["Barrage+1","Lockon+1"],"picked":"Conserve Battery","floor":37},{"not_picked":["Hyperbeam+1","Compile Driver+1"],"picked":"Streamline+1","floor":41},{"not_picked":["Reinforced Body","Beam Cell+1"],"picked":"Redo+1","floor":44}],"player_experience":313522,"relics_obtained":[{"floor":6,"key":"Juzu Bracelet"},{"floor":9,"key":"Symbiotic Virus"},{"floor":26,"key":"Bottled Tornado"},{"floor":31,"key":"Mercury Hourglass"},{"floor":37,"key":"Du-Vu Doll"},{"floor":41,"key":"Anchor"},{"floor":43,"key":"Bottled Flame"}],"event_choices":[{"damage_healed":0,"gold_gain":0,"player_choice":"Success","damage_taken":25,"relics_obtained":["StoneCalendar"],"max_hp_gain":0,"max_hp_loss":0,"event_name":"Scrap Ooze","floor":4,"gold_loss":0},{"damage_healed":18,"gold_gain":0,"player_choice":"Healed","damage_taken":0,"max_hp_gain":0,"max_hp_loss":0,"event_name":"The Cleric","floor":5,"gold_loss":35},{"damage_healed":0,"gold_gain":0,"player_choice":"Entered Light","damage_taken":15,"max_hp_gain":0,"max_hp_loss":0,"event_name":"Shining Light","floor":8,"gold_loss":0,"cards_upgraded":["Capacitor","Defend_B"]},{"damage_healed":0,"gold_gain":0,"player_choice":"Gave Potion","damage_taken":0,"relics_obtained":["Molten Egg 2"],"max_hp_gain":0,"max_hp_loss":0,"event_name":"WeMeetAgain","floor":11,"gold_loss":0},{"damage_healed":0,"gold_gain":0,"player_choice":"Inject Mutagens","damage_taken":0,"relics_obtained":["MutagenicStrength"],"max_hp_gain":0,"max_hp_loss":0,"event_name":"Drug Dealer","floor":19,"gold_loss":0},{"damage_healed":0,"gold_gain":0,"player_choice":"Simplicity","damage_taken":0,"max_hp_gain":0,"max_hp_loss":0,"event_name":"Back to Basics","floor":25,"gold_loss":0,"cards_upgraded":["Strike_B","Strike_B","Strike_B","Defend_B","Defend_B","Defend_B"]},{"damage_healed":0,"gold_gain":0,"player_choice":"Fight","damage_taken":0,"max_hp_gain":0,"max_hp_loss":0,"event_name":"Mysterious Sphere","floor":37,"gold_loss":0},{"cards_removed":["Amplify"],"damage_healed":0,"gold_gain":0,"player_choice":"Removed Skill","damage_taken":0,"max_hp_gain":0,"max_hp_loss":0,"event_name":"Falling","floor":38,"gold_loss":0},{"damage_healed":0,"gold_gain":0,"player_choice":"Damaged","damage_taken":7,"max_hp_gain":0,"max_hp_loss":0,"event_name":"Wheel of Change","floor":39,"gold_loss":0}],"is_beta":false,"boss_relics":[{"not_picked":["Fusion Hammer","Velvet Choker"],"picked":"Inserter"},{"not_picked":["Coffee Dripper","Tiny House"],"picked":"SlaversCollar"}],"items_purged_floors":[10],"is_endless":false,"potions_floor_spawned":[1,6,16,18,21,28,33,37,41],"killed_by":"Maw","ascension_level":0}}