{"host":"t7mx8yfj1no5p62f","time":1610639857,"event":{"mods":["BaseMod","Bestiary","Colored Map","Colored Powertips","Minty Spire (QoL Compilation)","Relic Stats","StSLib","ojb\u0027s Info Mod"],"gold_per_floor":[119,130,130,130,142,142,155,188,188,188,205,215,244,261,261,261,261],"floor_reached":16,"language":"ENG","playtime":383,"items_purged":[],"score":228,"play_id":"4c069d18-bdd3-4a71-84b2-510d267539d0","local_time":"20210114105737","is_ascension_mode":true,"campfire_choices":[{"data":"Blade Dance","floor":6,"key":"SMITH"},{"data":"Cloak And Dagger","floor":10,"key":"SMITH"},{"data":"Dagger Spray","floor":15,"key":"SMITH"}],"circlet_count":0,"master_deck":["AscendersBane","Strike_G","Strike_G","Strike_G","Strike_G","Strike_G","Defend_G","Defend_G","Defend_G","Defend_G","Defend_G","Survivor","Neutralize","Blade Dance+1","Dagger Spray+1","Cloak And Dagger+1","Deadly Poison","Dagger Throw"],"relics":["Ring of the Snake","NeowsBlessing","Gremlin Horn","The Courier","Ornamental Fan","Darkstone Periapt"],"acts_visited":["Exordium"],"potions_floor_usage":[8,13,16],"damage_taken":[{"damage":0,"enemies":"Small Slimes","floor":1,"turns":1},{"damage":0,"enemies":"Cultist","floor":2,"turns":1},{"damage":0,"enemies":"Jaw Worm","floor":5,"turns":1},{"damage":0,"enemies":"Blue Slaver","floor":7,"turns":3},{"damage":39,"enemies":"Gremlin Nob","floor":8,"turns":4},{"damage":6,"enemies":"3 Louse","floor":11,"turns":2},{"damage":0,"enemies":"Red Slaver","floor":12,"turns":2},{"damage":2,"enemies":"3 Sentries","floor":13,"turns":5},{"damage":0,"enemies":"Looter","floor":14,"turns":3},{"damage":31,"enemies":"Slime Boss","floor":16,"turns":7}],"seed_played":"1229805446375376285","potions_obtained":[{"floor":5,"key":"Swift Potion"},{"floor":8,"key":"Regen Potion"},{"floor":11,"key":"Swift Potion"},{"floor":12,"key":"SteroidPotion"},{"floor":14,"key":"SmokeBomb"}],"is_trial":false,"path_per_floor":["M","M","?","?","M","R","M","E","T","R","M","M","E","M","R","B"],"character_chosen":"THE_SILENT","items_purchased":[],"campfire_rested":0,"item_purchase_floors":[],"current_hp_per_floor":[59,59,64,64,64,64,64,25,25,25,19,19,31,31,31,0,0],"gold":261,"neow_bonus":"THREE_ENEMY_KILL","is_daily":false,"chose_seed":false,"campfire_upgraded":3,"win_rate":0.0,"timestamp":1610639857,"path_taken":["M","M","?","?","M","R","M","E","T","R","?","M","E","M","R","BOSS"],"items_purchased_type":[],"build_version":"2020-12-22","purchased_purges":0,"victory":false,"max_hp_per_floor":[66,66,71,71,71,71,71,71,71,71,71,71,71,71,71,71,71],"relic_stats":{"Darkstone Periapt":0,"Gremlin Horn":[4,4],"counters":[10,29],"Ornamental Fan":[80],"obtain_stats":[{"Darkstone Periapt":13,"NeowsBlessing":0,"Gremlin Horn":4,"Ornamental Fan":9,"The Courier":8,"Ring of the Snake":0},{"Darkstone Periapt":8,"NeowsBlessing":0,"Gremlin Horn":2,"Ornamental Fan":5,"The Courier":5,"Ring of the Snake":0},{"Darkstone Periapt":19,"NeowsBlessing":0,"Gremlin Horn":2,"Ornamental Fan":10,"The Courier":10,"Ring of the Snake":0}],"Ring of the Snake":[20]},"card_choices":[{"not_picked":["Outmaneuver","Deflect"],"picked":"Cloak And Dagger","floor":1},{"not_picked":["Outmaneuver","PiercingWail","Dodge and Roll"],"picked":"SKIP","floor":2},{"not_picked":["Concentrate","Bullet Time"],"picked":"Blade Dance","floor":5},{"not_picked":["Deflect","Flying Knee"],"picked":"Dagger Spray","floor":7},{"not_picked":["Acrobatics","PiercingWail"],"picked":"Cloak And Dagger","floor":8},{"not_picked":["Bane","Caltrops"],"picked":"Deadly Poison","floor":11},{"not_picked":["Dagger Spray","Escape Plan"],"picked":"Dagger Throw","floor":12},{"not_picked":["Deflect","Underhanded Strike","Deadly Poison"],"picked":"SKIP","floor":13},{"not_picked":["Quick Slash","Unload","Poisoned Stab"],"picked":"SKIP","floor":14}],"player_experience":1769947,"relics_obtained":[{"floor":8,"key":"The Courier"},{"floor":9,"key":"Ornamental Fan"},{"floor":13,"key":"Darkstone Periapt"}],"event_choices":[{"damage_healed":0,"gold_gain":0,"player_choice":"Donut","damage_taken":0,"max_hp_gain":5,"max_hp_loss":0,"event_name":"Big Fish","floor":3,"gold_loss":0},{"cards_removed":["Cloak And Dagger"],"damage_healed":0,"gold_gain":0,"player_choice":"Gave Card","damage_taken":0,"relics_obtained":["Gremlin Horn"],"max_hp_gain":0,"max_hp_loss":0,"event_name":"WeMeetAgain","floor":4,"gold_loss":0}],"is_beta":false,"boss_relics":[],"items_purged_floors":[],"is_endless":false,"potions_floor_spawned":[5,8,11,12,14],"killed_by":"Slime Boss","ascension_level":20}}