{"host":"xrbutm0tzv4qwo7u","time":1610667359,"event":{"mods":["AchievementEnabler","BaseMod","Colored Map","Colored Powertips","Dark Map","Hermit","Minty Spire (QoL Compilation)","Quick Restart","Rare Cards Sparkle","Relic Stats","StSLib","The Cursed","The Marked"],"gold_per_floor":[112,122,122,47,47,47,72,72,72,72,105,24,24,44,44,147,147,157,171,185,185,205,205,219,253,292,304,327,339,366,391,403,415,415],"floor_reached":33,"language":"ENG","playtime":1290,"items_purged":["Pain"],"score":302,"play_id":"27d8ede9-67aa-480d-8217-8087cb65754a","local_time":"20210114173559","is_ascension_mode":false,"campfire_choices":[{"data":"theMarked:EmpowerWeapon","floor":6,"key":"SMITH"},{"floor":8,"key":"RECALL"},{"data":"theMarked:SoldierOfQuellstein","floor":10,"key":"SMITH"},{"data":"theMarked:SelfDefenseTraining","floor":13,"key":"SMITH"},{"data":"theMarked:ResourceFulStrike","floor":15,"key":"SMITH"},{"floor":23,"key":"REST"},{"floor":29,"key":"REST"},{"floor":32,"key":"REST"}],"circlet_count":0,"master_deck":["theMarked:Strike+1","theMarked:Strike+1","theMarked:Strike+1","theMarked:Strike+1","theMarked:Strike+1","theMarked:Defend+1","theMarked:Defend+1","theMarked:Defend+1","theMarked:Defend+1","theMarked:SoldierOfQuellstein+1","theMarked:EmpowerWeapon+1","theMarked:SelfDefenseTraining+1","theMarked:ElectricStrings","theMarked:Snap","theMarked:ComboAttacks","theMarked:ResourceFulStrike+1","theMarked:BindingBlade","CurseOfTheBell","theMarked:SwordAndMagic","theMarked:WardOff+1","theMarked:ElementalBlade","theMarked:Aftermath+1","theMarked:Seal","theMarked:ResourceFulStrike+1","theMarked:TakeOffHeels","theMarked:ReduceFriction+1","theMarked:BanishingStrike"],"relics":["theMarked:ArtifactOfAir","NeowsBlessing","WarpedTongs","Tiny Chest","theMarked:KettuFlask","Calling Bell","Smiling Mask","InkBottle","CaptainsWheel","MealTicket","MawBank","Ancient Tea Set"],"acts_visited":["Exordium","TheCity"],"potions_floor_usage":[11,25,33,33],"damage_taken":[{"damage":0,"enemies":"Small Slimes","floor":1,"turns":1},{"damage":0,"enemies":"Cultist","floor":2,"turns":1},{"damage":0,"enemies":"3 Sentries","floor":7,"turns":1},{"damage":10,"enemies":"Gremlin Nob","floor":11,"turns":4},{"damage":1,"enemies":"Jaw Worm","floor":14,"turns":2},{"damage":19,"enemies":"The Guardian","floor":16,"turns":11},{"damage":0,"enemies":"Shell Parasite","floor":18,"turns":6},{"damage":0,"enemies":"Spheric Guardian","floor":19,"turns":4},{"damage":10,"enemies":"Snecko","floor":20,"turns":5},{"damage":24,"enemies":"Snake Plant","floor":22,"turns":3},{"damage":13,"enemies":"3 Cultists","floor":24,"turns":5},{"damage":39,"enemies":"Slavers","floor":25,"turns":7},{"damage":8,"enemies":"Centurion and Healer","floor":28,"turns":6},{"damage":0,"enemies":"Cultist and Chosen","floor":30,"turns":4},{"damage":24,"enemies":"Snake Plant","floor":31,"turns":3},{"damage":67,"enemies":"Collector","floor":33,"turns":7}],"seed_played":"1361176325439885718","potions_obtained":[{"floor":1,"key":"SkillPotion"},{"floor":2,"key":"theMarked:ChargePotion"},{"floor":7,"key":"FairyPotion"},{"floor":22,"key":"LiquidMemories"},{"floor":24,"key":"Fire Potion"},{"floor":25,"key":"LiquidBronze"},{"floor":28,"key":"Dexterity Potion"},{"floor":31,"key":"FearPotion"}],"is_trial":false,"path_per_floor":["M","M","?","$","$","R","E","R","T","R","E","$","R","M","R","B",null,"M","M","M","?","M","R","M","E","T","?","M","R","M","M","R","B"],"character_chosen":"THE_DEFAULT","items_purchased":["theMarked:ComboAttacks"],"campfire_rested":3,"item_purchase_floors":[12],"current_hp_per_floor":[70,70,70,70,70,70,70,70,70,70,60,60,60,59,59,40,70,70,70,60,60,36,57,44,5,5,5,21,42,42,18,39,0,0],"gold":415,"neow_bonus":"THREE_ENEMY_KILL","is_daily":false,"chose_seed":false,"campfire_upgraded":4,"win_rate":0.0,"timestamp":1610667359,"path_taken":["M","M","?","?","$","R","E","R","T","R","E","?","R","M","R","BOSS","M","M","M","?","M","R","M","E","T","?","M","R","M","M","R","BOSS"],"items_purchased_type":["Card"],"build_version":"2020-12-22","purchased_purges":1,"victory":false,"max_hp_per_floor":[70,70,70,70,70,70,70,70,70,70,70,70,70,70,70,70,70,70,70,70,70,70,70,70,70,70,70,70,70,70,70,70,70,70],"relic_stats":{"counters":[16,70],"Tiny Chest":0,"MealTicket":0,"Smiling Mask":0,"MawBank":96,"obtain_stats":[{"Calling Bell":17,"theMarked:ArtifactOfAir":0,"CaptainsWheel":17,"NeowsBlessing":0,"Tiny Chest":7,"MealTicket":21,"Smiling Mask":17,"MawBank":25,"Ancient Tea Set":26,"InkBottle":17,"WarpedTongs":3,"theMarked:KettuFlask":11},{"Calling Bell":6,"theMarked:ArtifactOfAir":0,"CaptainsWheel":6,"NeowsBlessing":0,"Tiny Chest":3,"MealTicket":9,"Smiling Mask":6,"MawBank":12,"Ancient Tea Set":12,"InkBottle":6,"WarpedTongs":2,"theMarked:KettuFlask":4},{"Calling Bell":20,"theMarked:ArtifactOfAir":0,"CaptainsWheel":20,"NeowsBlessing":0,"Tiny Chest":3,"MealTicket":35,"Smiling Mask":20,"MawBank":50,"Ancient Tea Set":50,"InkBottle":20,"WarpedTongs":2,"theMarked:KettuFlask":7}],"InkBottle":[15],"WarpedTongs":[61]},"card_choices":[{"not_picked":["theMarked:ComboAttacks","theMarked:SwordAndMagic"],"picked":"theMarked:EmpowerWeapon","floor":1},{"not_picked":["theMarked:Parkour","theMarked:PowerFlow"],"picked":"theMarked:SelfDefenseTraining","floor":2},{"not_picked":["theMarked:RepellingDischarge","theMarked:Standoff"],"picked":"theMarked:ElectricStrings","floor":7},{"not_picked":["theMarked:WastefulAttack","theMarked:Parkour"],"picked":"theMarked:Snap","floor":11},{"not_picked":["theMarked:DeterminationOfTheMarked","theMarked:TakeCover"],"picked":"theMarked:ResourceFulStrike","floor":14},{"not_picked":["theMarked:Snap","theMarked:Defy"],"picked":"theMarked:BindingBlade","floor":16},{"not_picked":["theMarked:Reabsorb","theMarked:WastefulAttack"],"picked":"theMarked:SwordAndMagic","floor":18},{"not_picked":["theMarked:Electrocute","theMarked:Standoff"],"picked":"theMarked:WardOff+1","floor":19},{"not_picked":["theMarked:Convert","theMarked:Aftermath"],"picked":"theMarked:ElementalBlade","floor":20},{"not_picked":["theMarked:KeepCalmAndFightOn","theMarked:ChainLightning"],"picked":"theMarked:Aftermath+1","floor":22},{"not_picked":["theMarked:GodGivenPower","theMarked:ElectricStrings"],"picked":"theMarked:Seal","floor":24},{"not_picked":["theMarked:Electrocute","theMarked:Indomitable"],"picked":"theMarked:ResourceFulStrike+1","floor":25},{"not_picked":["theMarked:ReduceFriction+1","theMarked:EnhanceMovement"],"picked":"theMarked:TakeOffHeels","floor":28},{"not_picked":["theMarked:Static+1","theMarked:LightningStrikesTwice+1"],"picked":"theMarked:ReduceFriction+1","floor":30},{"not_picked":["theMarked:ResourceFulStrike","theMarked:HeightenedSenses"],"picked":"theMarked:BanishingStrike","floor":31}],"player_experience":54702,"relics_obtained":[{"floor":7,"key":"Tiny Chest"},{"floor":11,"key":"theMarked:KettuFlask"},{"floor":17,"key":"Smiling Mask"},{"floor":17,"key":"InkBottle"},{"floor":17,"key":"CaptainsWheel"},{"floor":25,"key":"MawBank"},{"floor":26,"key":"Ancient Tea Set"}],"event_choices":[{"damage_healed":0,"gold_gain":0,"player_choice":"Rummage","damage_taken":0,"relics_obtained":["WarpedTongs"],"max_hp_gain":0,"max_hp_loss":0,"event_name":"Accursed Blacksmith","floor":3,"gold_loss":0,"cards_obtained":["Pain"]},{"damage_healed":0,"gold_gain":0,"player_choice":"Opened","damage_taken":0,"relics_obtained":["MealTicket"],"max_hp_gain":0,"max_hp_loss":0,"event_name":"The Mausoleum","floor":21,"gold_loss":0},{"damage_healed":0,"gold_gain":0,"player_choice":"Simplicity","damage_taken":0,"max_hp_gain":0,"max_hp_loss":0,"event_name":"Back to Basics","floor":27,"gold_loss":0,"cards_upgraded":["theMarked:Strike","theMarked:Strike","theMarked:Strike","theMarked:Strike","theMarked:Strike","theMarked:Defend","theMarked:Defend","theMarked:Defend","theMarked:Defend"]}],"is_beta":false,"boss_relics":[{"not_picked":["theMarked:Eyepatch","Runic Pyramid"],"picked":"Calling Bell"}],"items_purged_floors":[4],"is_endless":false,"potions_floor_spawned":[1,2,7,22,24,25,28,31],"killed_by":"Collector","ascension_level":0}}