{"host":"kn32u0f2pym5bozc","time":1610596015,"event":{"mods":["2.2 Compatiblity","BaseMod","Better Third Choice","Minty Spire (QoL Compilation)","Permanent Neow","Relic Stats","StSLib","The Animator"],"gold_per_floor":[27,38,50,62,81,81,114,132,132,176,176,203,203,223,223,300,300,320,245,245,256,269,269,17,21,21],"floor_reached":25,"language":"ENG","playtime":1621,"items_purged":[],"score":438,"play_id":"d8f8d4ec-4138-4a2f-8491-8a4ec1b63b47","local_time":"20210113224655","is_ascension_mode":true,"campfire_choices":[{"data":"animator:SuzuneAmano","floor":6,"key":"SMITH"},{"data":"animator:YachiyoNanami","floor":11,"key":"SMITH"},{"data":"animator:Mitsurugi","floor":13,"key":"SMITH"},{"data":"animator:KyokoSakura","floor":15,"key":"SMITH"},{"floor":23,"key":"REST"}],"circlet_count":0,"master_deck":["AscendersBane","animator:Strike_MadokaMagica","animator:Defend_MadokaMagica","animator:Strike","animator:Strike","animator:Strike","animator:Defend+1","animator:Defend","animator:Defend","animator:IrohaTamaki","animator:YuiTsuruno","animator:KyokoSakura+1","animator:Mitsurugi+1","animator:Raven","animator:SuzuneAmano+1","animator:Gillette","animator:Chung+1","animator:YachiyoNanami+1","animator:Fredrika","animator:Rimuru","animator:Shinoa","animator:SayakaMiki","animator:Berserker","animator:Saber","animator:GuildGirl","animator:Vesta"],"relics":["animator:VividPicture","animator:TheMissingPiece","animator:PurgingStone","Charon\u0027s Ashes","Centennial Puzzle","War Paint","Gremlin Horn","animator:WornHelmet"],"acts_visited":["Exordium","TheCity"],"potions_floor_usage":[7,12,12],"damage_taken":[{"damage":4.0,"enemies":"2 Louse","floor":1.0,"turns":4.0},{"damage":7.0,"enemies":"Jaw Worm","floor":2.0,"turns":3.0},{"damage":0,"enemies":"Cultist","floor":3,"turns":2},{"damage":5,"enemies":"Blue Slaver","floor":4,"turns":3},{"damage":3,"enemies":"3 Louse","floor":5,"turns":2},{"damage":0,"enemies":"Lagavulin","floor":7,"turns":3},{"damage":0,"enemies":"2 Fungi Beasts","floor":8,"turns":2},{"damage":16,"enemies":"Gremlin Nob","floor":10,"turns":3},{"damage":2,"enemies":"3 Sentries","floor":12,"turns":5},{"damage":6,"enemies":"Red Slaver","floor":14,"turns":2},{"damage":9,"enemies":"Hexaghost","floor":16,"turns":7},{"damage":11,"enemies":"Shell Parasite","floor":18,"turns":3},{"damage":1,"enemies":"2 Thieves","floor":21,"turns":3},{"damage":11,"enemies":"Snake Plant","floor":22,"turns":5},{"damage":36,"enemies":"animator:HornedBat","floor":25,"turns":5}],"seed_played":"-712987833784264745","potions_obtained":[{"floor":3,"key":"ColorlessPotion"},{"floor":4,"key":"Block Potion"},{"floor":7,"key":"Regen Potion"},{"floor":14,"key":"Swift Potion"},{"floor":18,"key":"BlessingOfTheForge"}],"is_trial":false,"path_per_floor":["M","M","M","M","M","R","E","M","T","E","R","E","R","M","R","B",null,"M","?","?","M","M","R","$","E"],"character_chosen":"THE_ANIMATOR","items_purchased":["animator:Saber","animator:GuildGirl","animator:Vesta"],"campfire_rested":1,"item_purchase_floors":[24,24,24],"current_hp_per_floor":[50,43,43,39,36,36,36,36,36,20,20,32,32,26,26,17,50,39,39,23,23,12,32,32,0,0],"gold":21,"neow_bonus":"ONE_RARE_RELIC","is_daily":false,"chose_seed":false,"campfire_upgraded":4,"win_rate":0.0,"timestamp":1610596015,"path_taken":["M","M","M","M","M","R","E","M","T","E","R","E","R","M","R","BOSS","M","?","?","M","M","R","?","E"],"items_purchased_type":["Card","Card","Card"],"build_version":"2020-12-22","purchased_purges":0,"victory":false,"max_hp_per_floor":[60,60,60,61,61,61,61,61,61,61,61,61,61,61,61,61,61,61,61,66,67,67,67,67,67,67],"relic_stats":{"Centennial Puzzle":[24],"Gremlin Horn":[4,4],"counters":[15,52],"Charon\u0027s Ashes":[149],"War Paint":["animator:Defend","animator:Chung"],"obtain_stats":[{"Centennial Puzzle":7,"animator:PurgingStone":0,"Gremlin Horn":10,"animator:TheMissingPiece":0,"animator:LivingPicture":0,"Charon\u0027s Ashes":0,"War Paint":9,"animator:WornHelmet":12,"animator:VividPicture":17},{"Centennial Puzzle":6,"animator:PurgingStone":0,"Gremlin Horn":8,"animator:TheMissingPiece":0,"animator:LivingPicture":0,"Charon\u0027s Ashes":0,"War Paint":7,"animator:WornHelmet":9,"animator:VividPicture":11},{"Centennial Puzzle":17,"animator:PurgingStone":0,"Gremlin Horn":22,"animator:TheMissingPiece":0,"animator:LivingPicture":0,"Charon\u0027s Ashes":0,"War Paint":19,"animator:WornHelmet":27,"animator:VividPicture":36}]},"card_choices":[{"not_picked":["animator:Sloth","animator:Verdia"],"picked":"animator:KyokoSakura","floor":1.0},{"not_picked":["animator:Verdia","animator:Berserker"],"picked":"animator:Mitsurugi","floor":2},{"not_picked":["animator:TukaLunaMarceau","animator:FielNirvalen"],"picked":"animator:Raven","floor":3},{"not_picked":["animator:MamiTomoe","animator:IrohaTamaki"],"picked":"animator:SuzuneAmano","floor":4},{"not_picked":["animator:Darkness","animator:Hitei"],"picked":"animator:Lu","floor":5},{"not_picked":["animator:Bozes","animator:TukaLunaMarceau"],"picked":"animator:Gillette","floor":7},{"not_picked":["animator:Azekura","animator:Aqua"],"picked":"animator:Chung","floor":8},{"not_picked":["animator:NagisaMomoe","animator:OrikoMikuni"],"picked":"animator:YachiyoNanami","floor":10},{"not_picked":["animator:Kyubey","animator:ElricEdward"],"picked":"animator:Fredrika","floor":12},{"not_picked":["animator:ElricEdward","animator:RoryMercury","animator:Lu"],"picked":"SKIP","floor":14},{"not_picked":["animator:Gilgamesh","animator:Guren"],"picked":"animator:Rimuru","floor":16},{"not_picked":["animator:Chris+1","animator:YachiyoNanami"],"picked":"animator:Shinoa","floor":18},{"not_picked":["animator:SuzuneAmano","animator:YuiTsuruno"],"picked":"animator:SayakaMiki","floor":21},{"not_picked":["animator:Mitsuba","animator:Aqua"],"picked":"animator:Berserker","floor":22}],"player_experience":837866,"relics_obtained":[{"floor":7,"key":"Centennial Puzzle"},{"floor":9,"key":"War Paint"},{"floor":10,"key":"Gremlin Horn"},{"floor":12,"key":"animator:WornHelmet"}],"event_choices":[{"cards_removed":["animator:Lu"],"damage_healed":0,"gold_gain":0,"player_choice":"Gave Gold","damage_taken":0,"max_hp_gain":0,"max_hp_loss":0,"event_name":"Beggar","floor":19,"gold_loss":75},{"damage_healed":0,"gold_gain":0,"player_choice":"Shed Blood","damage_taken":21,"max_hp_gain":5,"max_hp_loss":0,"event_name":"Forgotten Altar","floor":20,"gold_loss":0}],"is_beta":false,"boss_relics":[{"not_picked":["Fusion Hammer","Tiny House"],"picked":"animator:VividPicture"}],"items_purged_floors":[],"is_endless":false,"potions_floor_spawned":[3,4,7,10,14,18],"killed_by":"animator:HornedBat","ascension_level":15}}