{"host":"w8hjdfrntrrvtiu5","time":1610602776,"event":{"mods":["AchievementEnabler","BaseMod","BetterRewards","Conspire","Hubris","Marisa????????","Minty Spire (QoL Compilation)","Shop Mod","StSLib","Td1madao Mod","The Animator","egg","everything is the same but u backflip on backflip"],"gold_per_floor":[118,118,15,30,30,30,63,73,99,110,127,27,38,38,38,38,38],"floor_reached":16,"language":"ENG","playtime":1240,"items_purged":[],"score":163,"play_id":"02ceef15-dd05-4998-941a-0d5570d1886c","local_time":"20210114003936","is_ascension_mode":true,"campfire_choices":[{"data":"Whirlwind","floor":6,"key":"SMITH"},{"data":"Ghostly","floor":15,"key":"SMITH"}],"circlet_count":0,"master_deck":["AscendersBane","Flame Barrier+1","Strike_R","Strike_R","Strike_R","Strike_R","Strike_R","Defend_R","Defend_R","Defend_R","Defend_R","Bash","Master of Strategy","Perfected Strike","Limit Break","Combust","Shrug It Off","hubris:SharpeningStone","Whirlwind+1","Perfected Strike","Rage","conspire:Charge","DarkMatter","Ghostly+1","Shockwave"],"relics":["Burning Blood","hubris:DisguiseKit","PreservedInsect"],"acts_visited":["Exordium"],"potions_floor_usage":[7,16],"damage_taken":[{"damage":1,"enemies":"Jaw Worm","floor":1,"turns":5},{"damage":1,"enemies":"Cultist","floor":4,"turns":3},{"damage":36,"enemies":"Lagavulin","floor":7,"turns":6},{"damage":11,"enemies":"Small Slimes","floor":8,"turns":3},{"damage":6,"enemies":"Looter","floor":10,"turns":3},{"damage":1,"enemies":"Large Slime","floor":11,"turns":3},{"damage":0,"enemies":"3 Louse","floor":13,"turns":1},{"damage":40,"enemies":"The Guardian","floor":16,"turns":10}],"seed_played":"-8017126737923701001","potions_obtained":[{"floor":1,"key":"AttackPotion"},{"floor":7,"key":"Dexterity Potion"},{"floor":8,"key":"ElixirPotion"}],"is_trial":false,"path_per_floor":["M","?","$","M","?","R","E","M","T","M","M","?","M","$","R","B"],"character_chosen":"IRONCLAD","items_purchased":["Combust","Shrug It Off"],"campfire_rested":0,"item_purchase_floors":[3,3],"current_hp_per_floor":[72,72,72,72,72,72,42,37,37,37,42,42,48,48,48,8,8],"gold":38,"neow_bonus":"RANDOM_COLORLESS_2","is_daily":false,"chose_seed":false,"campfire_upgraded":2,"win_rate":0.0,"timestamp":1610602776,"path_taken":["M","?","?","M","?","R","E","M","T","M","M","?","M","?","R","BOSS"],"items_purchased_type":["Card","Card"],"build_version":"2020-12-22","purchased_purges":0,"victory":false,"max_hp_per_floor":[72,72,72,72,72,72,72,72,72,72,72,72,72,72,72,72,72],"card_choices":[{"not_picked":["Secret Weapon","Violence"],"picked":"Master of Strategy","floor":0},{"not_picked":["Dark Embrace","Uppercut"],"picked":"Perfected Strike","floor":1},{"not_picked":["Bloodletting","Sword Boomerang"],"picked":"hubris:SharpeningStone","floor":4},{"not_picked":["Warcry","Dark Embrace"],"picked":"Perfected Strike","floor":7},{"not_picked":["Heavy Blade","hubris:ReadiedAction","DragonMeteor"],"picked":"Rage","floor":8},{"not_picked":["hubris:SharpeningStone","hubris:ReadiedAction","AlicesGift"],"picked":"conspire:Charge","floor":10},{"not_picked":["Flex","Iron Wave","Sword Boomerang"],"picked":"DarkMatter","floor":11},{"not_picked":["Feel No Pain","Flex","MilkyWay"],"picked":"Shockwave","floor":13}],"player_experience":2393699,"relics_obtained":[{"floor":7,"key":"hubris:DisguiseKit"},{"floor":9,"key":"PreservedInsect"}],"event_choices":[{"damage_healed":0,"gold_gain":0,"player_choice":"1 cards matched","damage_taken":0,"max_hp_gain":0,"max_hp_loss":0,"event_name":"Match and Keep!","floor":2,"gold_loss":0,"cards_obtained":["Limit Break"]},{"damage_healed":0,"gold_gain":0,"player_choice":"Argue","damage_taken":0,"max_hp_gain":0,"max_hp_loss":0,"event_name":"conspire:LoneGhost","floor":12,"gold_loss":0}],"is_beta":false,"boss_relics":[],"items_purged_floors":[],"is_endless":false,"potions_floor_spawned":[1,7,8,10,11],"killed_by":"The Guardian","ascension_level":12}}