{"host":"g01l53quoe6lrer0","time":1610631294,"event":{"mods":["2.2 Compatiblity","AchievementEnabler","BaseMod","Colored Map","Highlight Path","Keyboard Shortcuts","Minty Spire (QoL Compilation)","Permanent Neow","StSLib","SuperFastMode","everything is the same but u backflip on backflip"],"gold_per_floor":[119,133,53,63,77,77,87,87,87,105,105,116,116,133,133,210,210,135,17,17,30,30,30,0,0,0,15,15,28,28,47,47,119,119,130,149,149,174,190,190,207,207,230,230,247,247,4,14,14,14],"floor_reached":51,"language":"KOR","playtime":2665,"items_purged":[],"score":1134,"play_id":"368886aa-9920-4fb0-9abd-d01c3cab11f3","local_time":"20210114223454","is_ascension_mode":true,"campfire_choices":[{"data":"1","floor":6.0,"key":"LIFT"},{"data":"Zap","floor":8.0,"key":"SMITH"},{"data":"Dualcast","floor":11.0,"key":"SMITH"},{"data":"2","floor":15.0,"key":"LIFT"},{"floor":23.0,"key":"REST"},{"data":"Blizzard","floor":30.0,"key":"SMITH"},{"data":"Aggregate","floor":32.0,"key":"SMITH"},{"floor":40.0,"key":"REST"},{"data":"Hologram","floor":44.0,"key":"SMITH"},{"data":"Apotheosis","floor":49,"key":"SMITH"}],"circlet_count":0,"master_deck":["AscendersBane","Strike_B+1","Strike_B+1","Strike_B+1","Strike_B+1","Defend_B+1","Defend_B+1","Defend_B+1","Defend_B+1","Dualcast+1","Glacier","Conserve Battery","Consume","Turbo","Hologram+1","Skim","Glacier","Undo","Aggregate+1","Echo Form","Stack","Blizzard+1","Steam Power","Shame","Turbo","Double Energy","Seek","Coolheaded+1","Stack","Stack","Hologram","Clumsy","Apotheosis+1","Hologram","Consume"],"relics":["Cracked Core","Girya","Thread and Needle","FaceOfCleric","Cursed Key","HornCleat","Turnip","Inserter","CaptainsWheel","Boot"],"acts_visited":["Exordium","TheCity","TheBeyond"],"potions_floor_usage":[],"damage_taken":[{"damage":11.0,"enemies":"Small Slimes","floor":1.0,"turns":4.0},{"damage":0.0,"enemies":"Cultist","floor":2.0,"turns":3.0},{"damage":0.0,"enemies":"2 Louse","floor":4.0,"turns":3.0},{"damage":5.0,"enemies":"2 Fungi Beasts","floor":5.0,"turns":4.0},{"damage":2.0,"enemies":"Large Slime","floor":7.0,"turns":10.0},{"damage":7.0,"enemies":"Exordium Wildlife","floor":10.0,"turns":5.0},{"damage":0.0,"enemies":"2 Fungi Beasts","floor":12.0,"turns":3.0},{"damage":0.0,"enemies":"Gremlin Gang","floor":14.0,"turns":6.0},{"damage":10.0,"enemies":"The Guardian","floor":16.0,"turns":20.0},{"damage":5.0,"enemies":"2 Thieves","floor":18.0,"turns":5.0},{"damage":4.0,"enemies":"Shell Parasite","floor":21.0,"turns":9.0},{"damage":7.0,"enemies":"Snecko","floor":27.0,"turns":7.0},{"damage":0.0,"enemies":"Centurion and Healer","floor":29.0,"turns":8.0},{"damage":0.0,"enemies":"Shelled Parasite and Fungi","floor":31.0,"turns":7.0},{"damage":30.0,"enemies":"Automaton","floor":33.0,"turns":17.0},{"damage":0.0,"enemies":"Orb Walker","floor":35.0,"turns":6.0},{"damage":0.0,"enemies":"3 Darklings","floor":36.0,"turns":9.0},{"damage":0.0,"enemies":"Mind Bloom Boss Battle","floor":38.0,"turns":15.0},{"damage":16.0,"enemies":"Spire Growth","floor":39.0,"turns":31.0},{"damage":6.0,"enemies":"Jaw Worm Horde","floor":41.0,"turns":7.0},{"damage":0.0,"enemies":"3 Darklings","floor":45.0,"turns":7.0},{"damage":0.0,"enemies":"Sphere and 2 Shapes","floor":48.0,"turns":9.0},{"damage":15,"enemies":"Donu and Deca","floor":50,"turns":17}],"seed_played":"5778237897215914500","potions_obtained":[{"floor":2.0,"key":"LiquidMemories"},{"floor":5.0,"key":"BlessingOfTheForge"},{"floor":14.0,"key":"FocusPotion"},{"floor":16.0,"key":"GamblersBrew"},{"floor":21.0,"key":"FocusPotion"},{"floor":33.0,"key":"Fruit Juice"},{"floor":39.0,"key":"Swift Potion"},{"floor":45.0,"key":"GamblersBrew"}],"is_trial":false,"path_per_floor":["M","M","$","M","M","R","M","R","T","M","R","M","?","M","R","B",null,"M","$","?","M","?","R","?","?","T","M","?","M","R","M","R","B",null,"M","M","?","?","M","R","M","?","T","R","M","?","$","M","R","B",null],"character_chosen":"DEFECT","items_purchased":["Consume","Blizzard","ColorlessPotion","Apotheosis","Hologram"],"campfire_rested":2,"item_purchase_floors":[3,19,19,47,47],"current_hp_per_floor":[53,53,53,53,48,48,46,46,46,39,39,39,39,40,40,31,57,53,53,35,32,32,53,53,53,53,47,47,48,48,49,49,25,68,69,70,70,71,56,81,76,76,76,76,77,77,77,78,78,64],"gold":14,"neow_bonus":"ONE_RARE_RELIC","is_daily":false,"chose_seed":false,"campfire_upgraded":6,"win_rate":0.0,"timestamp":1610631294,"path_taken":["M","M","$","M","M","R","M","R","T","M","R","M","?","M","R","BOSS","M","$","?","M","?","R","?","?","T","?","?","M","R","?","R","BOSS","M","?","?","?","M","R","M","?","T","R","M","?","$","M","R","BOSS"],"items_purchased_type":["Card","Card","Potion","Card","Card"],"build_version":"2020-12-22","purchased_purges":0,"victory":true,"max_hp_per_floor":[64,64,64,64,64,64,64,64,64,64,64,64,64,65,65,66,66,67,67,72,73,73,73,73,73,73,74,74,75,75,76,76,82,82,83,84,84,85,86,86,87,87,87,87,88,88,88,89,89,90],"card_choices":[{"not_picked":["Go for the Eyes","Streamline"],"picked":"Glacier","floor":1.0},{"not_picked":["Gash","Turbo"],"picked":"Conserve Battery","floor":2.0},{"not_picked":["Conserve Battery","Loop"],"picked":"Turbo","floor":4.0},{"not_picked":["Stack","Go for the Eyes"],"picked":"Hologram","floor":5.0},{"not_picked":["Redo","Self Repair"],"picked":"Skim","floor":7.0},{"not_picked":["Blizzard","Leap"],"picked":"Glacier","floor":10.0},{"not_picked":["Multi-Cast","Static Discharge"],"picked":"Undo","floor":12.0},{"not_picked":["Sweeping Beam","Static Discharge"],"picked":"Aggregate","floor":14.0},{"not_picked":["Buffer","Core Surge"],"picked":"Echo Form","floor":16.0},{"not_picked":["Cold Snap","Beam Cell"],"picked":"Stack","floor":18.0},{"not_picked":["Sweeping Beam","Auto Shields"],"picked":"Steam Power","floor":21.0},{"not_picked":["Gash+1","Heatsinks"],"picked":"Turbo","floor":27.0},{"not_picked":["Sunder","Hologram"],"picked":"Double Energy","floor":29.0},{"not_picked":["BootSequence","Double Energy","Consume"],"picked":"SKIP","floor":31.0},{"not_picked":["Multi-Cast","Fission"],"picked":"Seek","floor":33.0},{"not_picked":["Stack","Force Field+1"],"picked":"Coolheaded+1","floor":35.0},{"not_picked":["Hologram","Turbo"],"picked":"Stack","floor":36.0},{"not_picked":["Hello World","Aggregate"],"picked":"Stack","floor":38.0},{"not_picked":["Barrage+1","Ball Lightning+1"],"picked":"Hologram","floor":39.0},{"not_picked":["Loop","Cold Snap","Darkness"],"picked":"SKIP","floor":41.0},{"not_picked":["Coolheaded","Blizzard","Gash+1"],"picked":"SKIP","floor":45.0},{"not_picked":["Ball Lightning+1","Hello World"],"picked":"Consume","floor":48}],"player_experience":187129,"relics_obtained":[{"floor":9.0,"key":"Thread and Needle"},{"floor":26.0,"key":"HornCleat"},{"floor":38.0,"key":"CaptainsWheel"},{"floor":43.0,"key":"Boot"}],"event_choices":[{"damage_healed":0.0,"max_hp_gain":0.0,"max_hp_loss":0.0,"gold_gain":0.0,"event_name":"FaceTrader","player_choice":"Trade","floor":13.0,"gold_loss":0.0,"damage_taken":0.0,"relics_obtained":["FaceOfCleric"]},{"damage_healed":0.0,"max_hp_gain":5.0,"max_hp_loss":0.0,"gold_gain":0.0,"event_name":"Forgotten Altar","player_choice":"Shed Blood","floor":20.0,"gold_loss":0.0,"damage_taken":23.0},{"damage_healed":0.0,"max_hp_gain":0.0,"max_hp_loss":0.0,"gold_gain":0.0,"event_name":"Vampires","player_choice":"Ignored","floor":22.0,"gold_loss":0.0,"damage_taken":0.0},{"damage_healed":0.0,"max_hp_gain":0.0,"max_hp_loss":0.0,"gold_gain":0.0,"event_name":"Masked Bandits","player_choice":"Paid Fearfully","floor":24.0,"gold_loss":30.0,"damage_taken":0.0},{"damage_healed":0.0,"max_hp_gain":0.0,"max_hp_loss":0.0,"gold_gain":0.0,"event_name":"Back to Basics","player_choice":"Simplicity","floor":25.0,"gold_loss":0.0,"damage_taken":0.0,"cards_upgraded":["Strike_B","Strike_B","Strike_B","Strike_B","Defend_B","Defend_B","Defend_B","Defend_B"]},{"damage_healed":0.0,"max_hp_gain":0.0,"max_hp_loss":0.0,"gold_gain":0.0,"event_name":"WeMeetAgain","player_choice":"Gave Potion","floor":28.0,"gold_loss":0.0,"damage_taken":0.0,"relics_obtained":["Turnip"]},{"damage_healed":0.0,"max_hp_gain":0.0,"max_hp_loss":0.0,"gold_gain":0.0,"event_name":"SensoryStone","player_choice":"Memory 1","floor":37.0,"gold_loss":0.0,"damage_taken":0.0},{"damage_healed":0.0,"max_hp_gain":0.0,"max_hp_loss":0.0,"gold_gain":0.0,"event_name":"MindBloom","player_choice":"Fight","floor":38.0,"gold_loss":0.0,"damage_taken":0.0},{"damage_healed":0.0,"max_hp_gain":0.0,"max_hp_loss":0.0,"gold_gain":0.0,"event_name":"Mysterious Sphere","player_choice":"Ignored","floor":42.0,"gold_loss":0.0,"damage_taken":0.0},{"cards_removed":["Zap"],"damage_healed":0.0,"max_hp_gain":0.0,"max_hp_loss":0.0,"gold_gain":0.0,"event_name":"Falling","player_choice":"Removed Skill","floor":46.0,"gold_loss":0.0,"damage_taken":0.0}],"is_beta":false,"boss_relics":[{"not_picked":["Calling Bell","Busted Crown"],"picked":"Cursed Key"},{"not_picked":["Nuclear Battery","Black Star"],"picked":"Inserter"}],"items_purged_floors":[],"is_endless":false,"potions_floor_spawned":[2,5,7,14,16,21,27,33,39,45],"ascension_level":15}}