{"host":"ji1fk25fd1ga4ji1","time":1610618455,"event":{"mods":["2.2 Compatiblity","BaseMod","Colored Map","DeckTracker","Minty Spire (QoL Compilation)","Permanent Neow","Quick Restart","StSLib","SuperFastMode"],"gold_per_floor":[13,32,32,44,54,79,79,79,102,102,141,141,156,167,167,167,167],"floor_reached":16,"language":"KOR","playtime":387,"items_purged":[],"score":118,"play_id":"434d4578-ca1d-4d89-a007-71a40545334c","local_time":"20210114190055","is_ascension_mode":true,"campfire_choices":[{"data":"Defend_R","floor":7.0,"key":"PURGE"},{"data":"Strike_R","floor":10.0,"key":"PURGE"},{"data":"Rampage","floor":15,"key":"SMITH"}],"circlet_count":0,"master_deck":["Strike_R","Strike_R","Strike_R","Defend_R","Defend_R","Defend_R","Bash","Pommel Strike","Clash","Hemokinesis","Rampage+1"],"relics":["Burning Blood","Peace Pipe","Bag of Preparation","Centennial Puzzle","CeramicFish"],"acts_visited":["Exordium"],"potions_floor_usage":[16],"damage_taken":[{"damage":2.0,"enemies":"2 Louse","floor":1.0,"turns":3.0},{"damage":4.0,"enemies":"Small Slimes","floor":2.0,"turns":4.0},{"damage":11.0,"enemies":"Jaw Worm","floor":4.0,"turns":2.0},{"damage":3.0,"enemies":"Gremlin Gang","floor":5.0,"turns":5.0},{"damage":51.0,"enemies":"3 Sentries","floor":6.0,"turns":19.0},{"damage":30.0,"enemies":"Lagavulin","floor":11.0,"turns":7.0},{"damage":4,"enemies":"Blue Slaver","floor":13,"turns":2},{"damage":5,"enemies":"Lots of Slimes","floor":14,"turns":4},{"damage":38,"enemies":"Hexaghost","floor":16,"turns":8}],"seed_played":"8564241737560899323","potions_obtained":[{"floor":1.0,"key":"SkillPotion"},{"floor":5.0,"key":"SkillPotion"},{"floor":11.0,"key":"LiquidBronze"}],"is_trial":false,"path_per_floor":["M","M","?","M","M","E","R","?","T","R","E","?","M","M","R","B"],"character_chosen":"IRONCLAD","items_purchased":[],"campfire_rested":0,"item_purchase_floors":[],"current_hp_per_floor":[80,80,80,75,78,33,33,59,59,59,35,35,37,38,38,0,0],"gold":167,"neow_bonus":"ONE_RARE_RELIC","is_daily":false,"chose_seed":false,"campfire_upgraded":1,"win_rate":0.0,"timestamp":1610618455,"path_taken":["M","M","?","M","M","E","R","?","T","R","E","?","M","M","R","BOSS"],"items_purchased_type":[],"build_version":"2020-12-22","purchased_purges":0,"victory":false,"max_hp_per_floor":[80,80,80,80,80,80,80,80,80,80,80,80,80,80,80,80,80],"card_choices":[{"not_picked":["Infernal Blade","Clash"],"picked":"Pommel Strike","floor":1.0},{"not_picked":["True Grit","Havoc","Warcry"],"picked":"SKIP","floor":2.0},{"not_picked":["Whirlwind","Thunderclap"],"picked":"Clash","floor":4.0},{"not_picked":["Body Slam","Pommel Strike","Heavy Blade"],"picked":"SKIP","floor":5.0},{"not_picked":["Fire Breathing","Infernal Blade"],"picked":"Hemokinesis","floor":6.0},{"not_picked":["Clothesline","Whirlwind"],"picked":"Rampage","floor":11.0},{"not_picked":["Metallicize","Ghostly Armor","Warcry"],"picked":"SKIP","floor":13},{"not_picked":["Shockwave","Body Slam","Clothesline"],"picked":"SKIP","floor":14}],"player_experience":474808,"relics_obtained":[{"floor":6.0,"key":"Bag of Preparation"},{"floor":9.0,"key":"Centennial Puzzle"},{"floor":11.0,"key":"CeramicFish"}],"event_choices":[{"cards_removed":["Strike_R"],"damage_healed":0.0,"max_hp_gain":0.0,"max_hp_loss":0.0,"gold_gain":0.0,"event_name":"Living Wall","player_choice":"Forget","floor":3.0,"gold_loss":0.0,"damage_taken":0.0},{"damage_healed":26.0,"max_hp_gain":0.0,"max_hp_loss":0.0,"gold_gain":0.0,"event_name":"Big Fish","player_choice":"Banana","floor":8.0,"gold_loss":0.0,"damage_taken":0.0},{"damage_healed":0.0,"max_hp_gain":0.0,"max_hp_loss":0.0,"gold_gain":0.0,"event_name":"Scrap Ooze","player_choice":"Fled","floor":12.0,"gold_loss":0.0,"damage_taken":0.0}],"is_beta":false,"boss_relics":[],"items_purged_floors":[],"is_endless":false,"potions_floor_spawned":[1,5,11],"killed_by":"Hexaghost","ascension_level":1}}