{"host":"caz9phlr9zt22rnt","time":1610633054,"event":{"mods":["AchievementEnabler","BaseMod","Colored Map","Custom Start","Minty Spire (QoL Compilation)","Rare Cards Sparkle","Relic Stats","StSLib","The Cursed"],"gold_per_floor":[111,111,111,111,131,131,165,182,207,29,41,41,60,75,75,177,177,193,120,66,66,66,93,93,57,57,77,77,24,24,24,24,24,24],"floor_reached":33,"language":"ENG","playtime":2435,"items_purged":[],"score":261,"play_id":"ada7ce0e-ef48-4113-b156-5394fbb584cb","local_time":"20210114080414","is_ascension_mode":false,"campfire_choices":[{"floor":6,"key":"REST"},{"floor":12,"key":"REST"},{"floor":15,"key":"REST"},{"floor":24,"key":"REST"},{"floor":30,"key":"RECALL"},{"data":"Eruption","floor":32,"key":"SMITH"}],"circlet_count":0,"master_deck":["Strike_P+1","Strike_P+1","Defend_P","Defend_P","Defend_P","Eruption+1","Vigilance","Indignation","Halt","FlurryOfBlows","EmptyBody","SashWhip","MentalFortress+1","CrushJoints","Consecrate","Sanctity+1","LikeWater+1","Establishment+1","DeceiveReality","LessonLearned","Protect","RitualDagger","Adaptation","Crescendo"],"relics":["PureWater","Ancient Tea Set","Oddly Smooth Stone","Astrolabe","Eternal Feather","Bottled Flame","Matryoshka","Regal Pillow"],"acts_visited":["Exordium","TheCity"],"potions_floor_usage":[13,13,14,14,14,16,18,23,33],"damage_taken":[{"damage":8,"enemies":"Cultist","floor":1,"turns":4},{"damage":1,"enemies":"Jaw Worm","floor":5,"turns":5},{"damage":24,"enemies":"Gremlin Nob","floor":7,"turns":3},{"damage":0,"enemies":"Small Slimes","floor":8,"turns":2},{"damage":15,"enemies":"Exordium Thugs","floor":11,"turns":3},{"damage":0,"enemies":"Gremlin Gang","floor":13,"turns":3},{"damage":16,"enemies":"Lots of Slimes","floor":14,"turns":3},{"damage":16,"enemies":"Slime Boss","floor":16,"turns":9},{"damage":33,"enemies":"2 Thieves","floor":18,"turns":5},{"damage":6,"enemies":"Book of Stabbing","floor":23,"turns":7},{"damage":0,"enemies":"Spheric Guardian","floor":27,"turns":4},{"damage":123,"enemies":"Automaton","floor":33,"turns":12}],"seed_played":"181659868078362605","potions_obtained":[{"floor":1,"key":"Swift Potion"},{"floor":7,"key":"PowerPotion"},{"floor":11,"key":"LiquidMemories"},{"floor":13,"key":"EntropicBrew"},{"floor":16,"key":"DistilledChaos"},{"floor":18,"key":"ColorlessPotion"},{"floor":27,"key":"EssenceOfSteel"}],"is_trial":false,"path_per_floor":["M","?","?","?","M","R","E","M","T","$","M","R","M","M","R","B",null,"M","$","$","?","?","E","R","$","T","M","T","$","R","?","R","B"],"character_chosen":"WATCHER","items_purchased":["MentalFortress","Oddly Smooth Stone","LessonLearned","Protect","Adaptation","Crescendo"],"campfire_rested":4,"item_purchase_floors":[10,10,19,20,25,29],"current_hp_per_floor":[64,64,50,50,49,70,46,46,46,46,31,52,52,36,57,41,72,39,39,39,39,33,27,60,60,60,60,60,60,72,72,72,0,0],"gold":24,"neow_bonus":"THREE_CARDS","is_daily":false,"chose_seed":false,"campfire_upgraded":1,"win_rate":0.0,"timestamp":1610633054,"path_taken":["M","?","?","?","?","R","E","?","T","$","M","R","M","M","R","BOSS","M","?","$","?","?","E","R","$","T","M","?","?","R","?","R","BOSS"],"items_purchased_type":["Card","Relic","Card","Card","Card","Card"],"build_version":"2020-12-22","purchased_purges":0,"victory":false,"max_hp_per_floor":[72,72,72,72,72,72,72,72,72,72,72,72,72,72,72,72,72,72,72,72,72,72,72,72,72,72,72,72,72,72,72,72,72,72],"relic_stats":{"Regal Pillow":0,"counters":[12,60],"Astrolabe":["Sanctity","LikeWater","Establishment"],"Eternal Feather":24,"obtain_stats":[{"Bottled Flame":26,"Regal Pillow":31,"Matryoshka":28,"Astrolabe":17,"Oddly Smooth Stone":10,"Eternal Feather":23,"PureWater":0,"Ancient Tea Set":7},{"Bottled Flame":10,"Regal Pillow":11,"Matryoshka":11,"Astrolabe":8,"Oddly Smooth Stone":4,"Eternal Feather":10,"PureWater":0,"Ancient Tea Set":3},{"Bottled Flame":44,"Regal Pillow":48,"Matryoshka":48,"Astrolabe":32,"Oddly Smooth Stone":14,"Eternal Feather":44,"PureWater":0,"Ancient Tea Set":12}]},"card_choices":[{"not_picked":["Prostrate","Protect"],"picked":"Indignation","floor":0},{"not_picked":["SashWhip","Study"],"picked":"Halt","floor":1},{"not_picked":["TalkToTheHand","JustLucky"],"picked":"FlurryOfBlows","floor":5},{"not_picked":["Prostrate","Worship"],"picked":"EmptyBody","floor":7},{"not_picked":["CutThroughFate","Nirvana"],"picked":"SashWhip","floor":8},{"not_picked":["Protect","FollowUp","Alpha"],"picked":"SKIP","floor":11},{"not_picked":["Worship","ThirdEye"],"picked":"CrushJoints","floor":13},{"not_picked":["ClearTheMind","EmptyBody"],"picked":"Consecrate","floor":14},{"not_picked":["Sanctity","Nirvana+1"],"picked":"DeceiveReality","floor":18},{"not_picked":["ThirdEye+1","EmptyBody","Consecrate"],"picked":"SKIP","floor":23},{"not_picked":["Prostrate","WaveOfTheHand","ThirdEye"],"picked":"SKIP","floor":27}],"player_experience":503394,"relics_obtained":[{"floor":7,"key":"Ancient Tea Set"},{"floor":23,"key":"Eternal Feather"},{"floor":26,"key":"Bottled Flame"},{"floor":28,"key":"Matryoshka"}],"event_choices":[{"damage_healed":0,"gold_gain":0,"player_choice":"Ignored","damage_taken":0,"max_hp_gain":0,"max_hp_loss":0,"event_name":"Golden Wing","floor":2,"gold_loss":0},{"damage_healed":0,"gold_gain":0,"player_choice":"Entered Light","damage_taken":14,"max_hp_gain":0,"max_hp_loss":0,"event_name":"Shining Light","floor":3,"gold_loss":0,"cards_upgraded":["Strike_P","Strike_P"]},{"damage_healed":0,"gold_gain":0,"player_choice":"Ignored","damage_taken":0,"max_hp_gain":0,"max_hp_loss":0,"event_name":"NoteForYourself","floor":4,"gold_loss":0},{"damage_healed":0,"gold_gain":0,"player_choice":"Ignored","damage_taken":0,"max_hp_gain":0,"max_hp_loss":0,"event_name":"The Mausoleum","floor":21,"gold_loss":0},{"damage_healed":0,"gold_gain":0,"player_choice":"Joined the Cult","damage_taken":6,"max_hp_gain":0,"max_hp_loss":0,"event_name":"Nest","floor":22,"gold_loss":0,"cards_obtained":["RitualDagger"]},{"damage_healed":0,"gold_gain":0,"player_choice":"Gave Potion","damage_taken":0,"relics_obtained":["Regal Pillow"],"max_hp_gain":0,"max_hp_loss":0,"event_name":"WeMeetAgain","floor":31,"gold_loss":0}],"is_beta":false,"boss_relics":[{"not_picked":["Runic Pyramid","Ectoplasm"],"picked":"Astrolabe"}],"items_purged_floors":[],"is_endless":false,"potions_floor_spawned":[1,7,11,13,16,18,27],"killed_by":"Automaton","ascension_level":0}}