{"host":"t7mx8yfj1no5p62f","time":1610639464,"event":{"mods":["BaseMod","Bestiary","Colored Map","Colored Powertips","Minty Spire (QoL Compilation)","Relic Stats","StSLib","ojb\u0027s Info Mod"],"gold_per_floor":[110,127,147,147,72,72,103,114,114,114,79,89,106,132,132,206,206,221,221,236,252,267,267,298,298,298,324,324,92,124,134,134,211,211,211,211,230,230,240,240,240],"floor_reached":40,"language":"ENG","playtime":1358,"items_purged":["Strike_R","Strike_R"],"score":1066,"play_id":"326e8de6-2c3b-46f2-8456-6bf8f1de41d2","local_time":"20210114105104","is_ascension_mode":true,"campfire_choices":[{"data":"Blood for Blood","floor":6.0,"key":"SMITH"},{"data":"Hemokinesis","floor":10.0,"key":"SMITH"},{"data":"Bludgeon","floor":15.0,"key":"SMITH"},{"data":"Disarm","floor":23.0,"key":"SMITH"},{"data":"Armaments","floor":25.0,"key":"SMITH"},{"data":"Bash","floor":32.0,"key":"SMITH"}],"circlet_count":0,"master_deck":["AscendersBane","Strike_R","Defend_R","Defend_R","Defend_R","Defend_R","Bash+1","Hemokinesis+1","Blood for Blood+1","Cleave","Bludgeon+1","Evolve","Anger+1","Armaments+1","Fiend Fire+1","Spot Weakness","Disarm+1","True Grit+1","Necronomicurse","Disarm","Shrug It Off","Feed","The Bomb","Panacea"],"relics":["Burning Blood","White Beast Statue","Eternal Feather","Velvet Choker","Pantograph","Blood Vial","Kunai","Necronomicon","Whetstone","Philosopher\u0027s Stone"],"acts_visited":["Exordium","TheCity","TheBeyond"],"potions_floor_usage":[40,40],"damage_taken":[{"damage":10.0,"enemies":"Small Slimes","floor":1.0,"turns":3.0},{"damage":3.0,"enemies":"Cultist","floor":2.0,"turns":3.0},{"damage":11.0,"enemies":"2 Louse","floor":3.0,"turns":3.0},{"damage":27.0,"enemies":"Lagavulin","floor":7.0,"turns":6.0},{"damage":13.0,"enemies":"Exordium Wildlife","floor":8.0,"turns":3.0},{"damage":6.0,"enemies":"Lots of Slimes","floor":12.0,"turns":3.0},{"damage":10.0,"enemies":"Blue Slaver","floor":13.0,"turns":2.0},{"damage":2.0,"enemies":"Gremlin Nob","floor":14.0,"turns":2.0},{"damage":2.0,"enemies":"Slime Boss","floor":16.0,"turns":5.0},{"damage":9.0,"enemies":"Chosen","floor":18.0,"turns":3.0},{"damage":14.0,"enemies":"2 Thieves","floor":20.0,"turns":3.0},{"damage":26.0,"enemies":"Snake Plant","floor":21.0,"turns":4.0},{"damage":15.0,"enemies":"Snecko","floor":22.0,"turns":4.0},{"damage":22.0,"enemies":"Gremlin Leader","floor":24.0,"turns":5.0},{"damage":36.0,"enemies":"Slavers","floor":27.0,"turns":4.0},{"damage":12.0,"enemies":"Book of Stabbing","floor":30.0,"turns":4.0},{"damage":12.0,"enemies":"Cultist and Chosen","floor":31.0,"turns":4.0},{"damage":56.0,"enemies":"Automaton","floor":33.0,"turns":8.0},{"damage":0.0,"enemies":"3 Darklings","floor":35.0,"turns":1.0},{"damage":25.0,"enemies":"3 Shapes","floor":37.0,"turns":9.0},{"damage":13,"enemies":"Maw","floor":39,"turns":6},{"damage":37,"enemies":"Giant Head","floor":40,"turns":5}],"seed_played":"-5655603345774131161","potions_obtained":[{"floor":2.0,"key":"ElixirPotion"},{"floor":8.0,"key":"SpeedPotion"},{"floor":12.0,"key":"FearPotion"},{"floor":16.0,"key":"Dexterity Potion"},{"floor":20.0,"key":"BloodPotion"},{"floor":21.0,"key":"Fire Potion"},{"floor":22.0,"key":"EntropicBrew"},{"floor":24.0,"key":"SkillPotion"},{"floor":27.0,"key":"BloodPotion"},{"floor":30.0,"key":"Block Potion"},{"floor":31.0,"key":"SmokeBomb"},{"floor":33.0,"key":"Fire Potion"},{"floor":37.0,"key":"Block Potion"},{"floor":39,"key":"Swift Potion"}],"is_trial":false,"path_per_floor":["M","M","M","?","$","R","E","M","T","R","?","M","M","E","R","B",null,"M","?","M","M","M","R","E","R","T","E","?","$","E","M","R","B",null,"M","?","M","?","M","E"],"character_chosen":"IRONCLAD","items_purchased":["BloodPotion","Disarm"],"campfire_rested":0,"item_purchase_floors":[29,29],"current_hp_per_floor":[64,67,62,62,62,62,41,34,34,34,52,52,48,52,61,65,73,70,70,62,57,48,57,41,50,50,22,1,1,12,8,20,12,59,67,67,50,40,35,0,0],"gold":240,"neow_bonus":"REMOVE_CARD","is_daily":false,"chose_seed":false,"campfire_upgraded":6,"win_rate":0.0,"timestamp":1610639464,"path_taken":["M","M","M","?","?","R","E","M","T","R","?","M","M","E","R","BOSS","M","?","M","M","?","R","E","R","T","E","?","$","E","M","R","BOSS","M","?","M","?","M","E"],"items_purchased_type":["Potion","Card"],"build_version":"2020-12-22","purchased_purges":2,"victory":false,"max_hp_per_floor":[75,75,75,75,75,75,75,75,75,75,75,75,75,75,75,75,75,75,75,75,75,75,75,75,75,75,75,75,75,75,75,75,75,75,75,71,71,71,71,71,71],"relic_stats":{"Blood Vial":16,"counters":[22,90],"Pantograph":25,"Eternal Feather":39,"Necronomicon":[19],"Kunai":[11],"Whetstone":["Anger","Fiend Fire"],"obtain_stats":[{"Blood Vial":26,"Pantograph":24,"Velvet Choker":17,"Eternal Feather":14,"Philosopher\u0027s Stone":34,"Necronomicon":28,"Kunai":27,"Whetstone":30,"Burning Blood":0,"White Beast Statue":7},{"Blood Vial":14,"Pantograph":14,"Velvet Choker":9,"Eternal Feather":8,"Philosopher\u0027s Stone":18,"Necronomicon":15,"Kunai":15,"Whetstone":16,"Burning Blood":0,"White Beast Statue":4},{"Blood Vial":49,"Pantograph":49,"Velvet Choker":30,"Eternal Feather":25,"Philosopher\u0027s Stone":69,"Necronomicon":53,"Kunai":53,"Whetstone":57,"Burning Blood":0,"White Beast Statue":15}],"Burning Blood":126},"card_choices":[{"not_picked":["Warcry","True Grit"],"picked":"Hemokinesis","floor":1.0},{"not_picked":["Burning Pact","Wild Strike"],"picked":"Blood for Blood","floor":2.0},{"not_picked":["Fire Breathing","Iron Wave"],"picked":"Cleave","floor":3.0},{"not_picked":["Iron Wave","Dual Wield"],"picked":"Evolve","floor":7.0},{"not_picked":["Uppercut","Wild Strike"],"picked":"Anger","floor":8.0},{"not_picked":["Anger","Heavy Blade","Perfected Strike"],"picked":"SKIP","floor":12.0},{"not_picked":["Metallicize","Body Slam"],"picked":"Armaments","floor":13.0},{"not_picked":["Anger","Whirlwind","Sever Soul"],"picked":"SKIP","floor":14.0},{"not_picked":["Anger","Whirlwind","Sever Soul"],"picked":"SKIP","floor":14.0},{"not_picked":["Barricade","Juggernaut"],"picked":"Fiend Fire","floor":16.0},{"not_picked":["Iron Wave","Pommel Strike"],"picked":"Spot Weakness","floor":18.0},{"not_picked":["Dark Embrace","Perfected Strike"],"picked":"Disarm","floor":20.0},{"not_picked":["Sever Soul","Havoc","Anger+1"],"picked":"SKIP","floor":21.0},{"not_picked":["Heavy Blade","Armaments","Exhume"],"picked":"SKIP","floor":22.0},{"not_picked":["Flex+1","Entrench","Anger+1"],"picked":"SKIP","floor":24.0},{"not_picked":["Warcry","Whirlwind+1"],"picked":"True Grit+1","floor":27.0},{"not_picked":["Rage","Burning Pact"],"picked":"Shrug It Off","floor":30.0},{"not_picked":["Combust","Inflame","Blood for Blood"],"picked":"SKIP","floor":31.0},{"not_picked":["Exhume","Barricade"],"picked":"Feed","floor":33.0},{"not_picked":["Clash","Intimidate","Body Slam"],"picked":"SKIP","floor":37.0},{"not_picked":["Dramatic Entrance","Enlightenment"],"picked":"The Bomb","floor":38},{"not_picked":["Secret Weapon","Flash of Steel"],"picked":"Panacea","floor":38},{"not_picked":["Sentinel","Flex","Pommel Strike"],"picked":"SKIP","floor":39}],"player_experience":1768589,"relics_obtained":[{"floor":7.0,"key":"White Beast Statue"},{"floor":14.0,"key":"Eternal Feather"},{"floor":24.0,"key":"Pantograph"},{"floor":26.0,"key":"Blood Vial"},{"floor":27.0,"key":"Kunai"},{"floor":28.0,"key":"Necronomicon"},{"floor":30.0,"key":"Whetstone"}],"event_choices":[{"damage_healed":0.0,"max_hp_gain":0.0,"max_hp_loss":0.0,"gold_gain":0.0,"cards_transformed":["Strike_R"],"event_name":"Transmorgrifier","player_choice":"Transformed","floor":4.0,"gold_loss":0.0,"damage_taken":0.0,"cards_obtained":["Bludgeon"]},{"damage_healed":18.0,"max_hp_gain":0.0,"max_hp_loss":0.0,"gold_gain":0.0,"event_name":"The Cleric","player_choice":"Healed","floor":11.0,"gold_loss":35.0,"damage_taken":0.0},{"damage_healed":0.0,"max_hp_gain":0.0,"max_hp_loss":0.0,"gold_gain":0.0,"event_name":"N\u0027loth","player_choice":"Ignored","floor":19.0,"gold_loss":0.0,"damage_taken":0.0},{"damage_healed":0.0,"max_hp_gain":0.0,"max_hp_loss":0.0,"gold_gain":0.0,"event_name":"Cursed Tome","player_choice":"Obtained Book","floor":28.0,"gold_loss":0.0,"damage_taken":21.0},{"damage_healed":0.0,"max_hp_gain":0.0,"max_hp_loss":4.0,"gold_gain":0.0,"event_name":"Winding Halls","player_choice":"Max HP","floor":36.0,"gold_loss":0.0,"damage_taken":0.0},{"damage_healed":0,"gold_gain":0,"player_choice":"Memory 3","damage_taken":10,"max_hp_gain":0,"max_hp_loss":0,"event_name":"SensoryStone","floor":38,"gold_loss":0}],"is_beta":false,"boss_relics":[{"not_picked":["Runic Cube","Ectoplasm"],"picked":"Velvet Choker"},{"not_picked":["Calling Bell","Busted Crown"],"picked":"Philosopher\u0027s Stone"}],"items_purged_floors":[5,29],"is_endless":false,"potions_floor_spawned":[2,8,12,13,14,16,18,20,21,22,24,27,30,31,33,35,37,39],"killed_by":"Giant Head","ascension_level":20}}