{"host":"3twtdwjpiqhvvn5s","time":1610624725,"event":{"mods":["AchievementEnabler","Act Like it!","BaseMod","BetterRewards","Colored Map","Colored Powertips","Downfall","Duelist Mod","Friendly Minions","GifTheSpireLib","Hallownest","Hermit","Hubris","Infinite Spire","Jorbs\u0027s Wanderer Trilogy","Koishi","KomeijiMod","Marisa????????","Minty Spire (QoL Compilation)","Random Character Mod","Rare Cards Sparkle","Replay The Spire","Shop Mod","StSLib","Td1madao Mod","The Administrix","The Animator","The Bug Knight","The Caster","The Cursed","The Disciple","The Hierophant","The Necromancer","The Poker Player","The Runesmith","The Servant 0.9.4","TheFirefly"],"gold_per_floor":[116,131,151,219,242,242,242,242,291,342,342,342,396,465,465,548,548,756,756,891,1067,328,550,801,801,1084,1084,1084,1084,1084,1354,1621,1903,2193,2484,2484,2924,2924,3279,3652,4023,4396,4787,4787,5173,5595,5619,6029,6455,6936,7419,7419,7419,7419],"floor_reached":55,"playtime":40313,"items_purged":[],"score":1137,"play_id":"8adede1a-f251-4ec5-a2d8-5c49e53948e3","local_time":"20210114054525","daily_mods":["Draft","Heirloom","Cursed Run"],"is_ascension_mode":false,"campfire_choices":[{"floor":6,"key":"REST"},{"data":"Bone_Armory","floor":8,"key":"SMITH"},{"data":"Negative_Energy_Mist","floor":15,"key":"SMITH"},{"floor":17,"key":"DIG"},{"data":"Summon_Undead_Army","floor":25,"key":"SMITH"},{"data":"Negative_Energy_Mist","floor":27,"key":"SMITH"},{"data":"Vampiric_Strike","floor":36,"key":"SMITH"},{"data":"Strike_from_Beyond","floor":44,"key":"SMITH"},{"data":"Vampiric_Strike","floor":53,"key":"SMITH"}],"circlet_count":0,"master_deck":["Bone_Shift","Consume_Illness","Bones_to_Steel","Vampiric_Strike+1","Chill_Blood","Bones_to_Steel","Negative_Energy_Sphere","Bone_Armor","Negative_Energy_Burst","Bones_to_Steel","Bone_Armory+1","Negative_Energy_Mist+1","Toxic_Smoke_Screen","Bone_Shift","Blood_Curse","Bones_to_Steel","Negative_Energy_Mist+1","Vampiric_Strike+1","hubris:Greed","hubris:Greed","Negative_Energy_Shield","hubris:Gluttony","hubris:Greed","hubris:Greed","Bones_to_Steel","hubris:Greed","hubris:Greed","hubris:Greed","Negative_Energy_Shield","hubris:Greed","hubris:Greed","hubris:Greed","hubris:Greed","Bone_Shift","hubris:Greed","hubris:Greed","hubris:Greed","Negative_Energy_Shield","hubris:Greed","hubris:Greed","hubris:Greed","hubris:Greed","hubris:Greed","hubris:Greed","hubris:Greed","hubris:Sloth","Summon_Vampire_Lady","hubris:Greed","hubris:Greed","hubris:Greed","hubris:Greed","Negative_Energy_Sphere+1","hubris:Greed","hubris:Greed","hubris:Greed","hubris:Greed","hubris:Greed","hubris:Greed","hubris:Greed","hubris:Greed","Blood_Shield","Summon_Undead_Army+1","hubris:Greed","hubris:Greed","hubris:Greed","hubris:Greed","hubris:Greed","hubris:Greed","Bones_to_Steel","hubris:Greed","hubris:Greed","hubris:Greed","hubris:Greed","hubris:Greed","hubris:Greed","hubris:Greed","hubris:Greed","Grasp_Heart","hubris:Greed","hubris:Greed","hubris:Greed","Blood_Shield+1","Languid","Death_March_Dance","hubris:Greed","Death_March_Dance+1","hubris:Greed","hubris:Greed","Negative_Energy_Sphere","hubris:Greed","hubris:Greed","hubris:Greed","Negative_Energy_Sphere+1","Bones_to_Steel+1","hubris:Greed","hubris:Greed","hubris:Greed","hubris:Greed","hubris:Greed","hubris:Greed","hubris:Greed","hubris:Greed","hubris:Greed","hubris:Greed","hubris:Greed","hubris:Greed","theDuelist:DuelistAscender","Summon_Death_Knight","Vampiric_Strike+1","hubris:Greed","hubris:Greed","hubris:Greed","Negative_Energy_Shield+1","Consume_Illness+1","Death_Coil+1","hubris:Greed","hubris:Greed","hubris:Greed","hubris:Greed","Strike_from_Beyond+1","Vampiric_Strike+1","hubris:Greed","hubris:Greed","hubris:Greed","hubris:Greed","Necrotic_Claws+1","Replay:Hysterical Blindness","Negative_Energy_Shield","hubris:Greed","hubris:Greed","hubris:Greed","hubris:Greed","Bone_Bullets+1","hubris:Greed","hubris:Greed","hubris:Greed","hubris:Greed","hubris:Greed","hubris:Greed","hubris:Greed","hubris:Greed","hubris:Greed","hubris:Greed","hubris:Greed","Negative_Energy_Mist+1","Negative_Energy_Sphere+1","Magnetism","hubris:Greed","hubris:Greed","hubris:Greed","hubris:Greed","hubris:Greed","hubris:Greed","hubris:Greed","hubris:Greed","hubris:Greed","hubris:Greed","sneckomod:Bewildered"],"relics":["Cursed Key","Darkstone Periapt","Du-Vu Doll","StoneCalendar","infinitespire:ShieldingShard","Hallownest:DreamNailRelic","Runesmith:AutoHammer","Boot","Bag of Marbles","Snecko Heart","Pocketwatch","infinitespire:BottledMercury","Membership Card","infinitespire:Satchel","Mercury Hourglass","Runic Dome","Replay:Wax Seal","Replay:Rubber Ducky"],"acts_visited":["Hallownest:Greenpath","Hallownest:CityofTears","TheBeyond"],"potions_floor_usage":[3,13,13,16,18,20,21,26,31,34,37,54],"damage_taken":[{"damage":0,"enemies":"2_ Uuma","floor":1,"turns":7},{"damage":4,"enemies":"Hallownest:monsterHuskWarrior","floor":2,"turns":7},{"damage":4,"enemies":"Hallownest:2_MossCreeps","floor":3,"turns":7},{"damage":32,"enemies":"Hallownest:Guard_and_Warrior","floor":5,"turns":7},{"damage":0,"enemies":"Hallownest:eliteMossKnight","floor":10,"turns":7},{"damage":33,"enemies":"Hallownest:1_Ooma_and_2_Uuma","floor":13,"turns":7},{"damage":0,"enemies":"Hallownest:Wandering_and_Horned","floor":14,"turns":7},{"damage":0,"enemies":"Hallownest:monsterAspidMother","floor":16,"turns":4},{"damage":5,"enemies":"Hallownest:BossBrokenVessel","floor":18,"turns":9},{"damage":14,"enemies":"Hallownest:2_Mistakes","floor":20,"turns":3},{"damage":18,"enemies":"Hallownest:3_Youths","floor":21,"turns":6},{"damage":50,"enemies":"Hallownest:Glutton_and_Coward","floor":23,"turns":5},{"damage":4,"enemies":"Hallownest:monsterMisterMushroom","floor":24,"turns":6},{"damage":18,"enemies":"Hallownest:eliteSoulWarrior","floor":26,"turns":3},{"damage":7,"enemies":"Hallownest:monsterShrumalOgre","floor":31,"turns":4},{"damage":0,"enemies":"Hallownest:2_Husk_Sentries","floor":32,"turns":2},{"damage":4,"enemies":"Hallownest:monsterMisterMushroom","floor":33,"turns":4},{"damage":4,"enemies":"Hallownest:3_Mistakes","floor":34,"turns":3},{"damage":6,"enemies":"Hallownest:monsterShrumalOgre","floor":35,"turns":2},{"damage":37,"enemies":"Hallownest:BossGrimm","floor":37,"turns":9},{"damage":32,"enemies":"3 Darklings","floor":39,"turns":3},{"damage":21,"enemies":"Orb Walker","floor":40,"turns":3},{"damage":0,"enemies":"Spire Growth","floor":41,"turns":2},{"damage":0,"enemies":"3 Darklings","floor":42,"turns":3},{"damage":22,"enemies":"Transient","floor":43,"turns":5},{"damage":0,"enemies":"Jaw Worm Horde","floor":45,"turns":1},{"damage":14,"enemies":"Giant Head","floor":46,"turns":4},{"damage":44,"enemies":"4 Shapes","floor":48,"turns":3},{"damage":32,"enemies":"Writhing Mass","floor":49,"turns":4},{"damage":41,"enemies":"3 Darklings","floor":50,"turns":7},{"damage":7,"enemies":"Spire Growth","floor":51,"turns":2},{"damage":47,"enemies":"hubris:GrandSnecko","floor":54,"turns":8}],"seed_played":"8144940567844277092","potions_obtained":[{"floor":2,"key":"Block Potion"},{"floor":5,"key":"Ancient Potion"},{"floor":10,"key":"Elixir"},{"floor":14,"key":"Adrenaline Potion"},{"floor":16,"key":"FearPotion"},{"floor":18,"key":"Strength Potion"},{"floor":20,"key":"Block Potion"},{"floor":24,"key":"Reflective Coating"},{"floor":26,"key":"PowerPotion"},{"floor":33,"key":"Adrenaline Potion"},{"floor":35,"key":"Guardian:BlockOnCardUsePotion"},{"floor":43,"key":"Guardian:BlockOnCardUsePotion"},{"floor":49,"key":"Explosive Potion"},{"floor":50,"key":"Dexterity Potion"},{"floor":51,"key":"Block Potion"}],"is_trial":true,"path_per_floor":["M","M","M","T","M","R","?","R","T","E","PTL","PTL","M","M","R","M","R_BF","B",null,"M","M","$","M","M","R","E","R","T","PTL","PTL","M","M","M","M","M","R","B",null,"M","M","M","M","M","R","M","E","T","M","M","M","M","?","R","B",null],"character_chosen":"NECROMANCER","items_purchased":["Pocketwatch","infinitespire:BottledMercury","Membership Card","Summon_Undead_Army"],"campfire_rested":1,"item_purchase_floors":[22,22,22,22],"current_hp_per_floor":[75,71,68,74,51,77,77,77,83,97,97,97,85,116,116,139,139,193,213,231,273,273,265,330,330,330,330,336,336,336,335,341,364,378,372,372,425,507,475,475,475,512,520,520,520,573,579,535,527,573,566,566,566,588],"gold":7419,"neow_bonus":"","is_daily":false,"chose_seed":false,"campfire_upgraded":7,"win_rate":0.0,"timestamp":1610624725,"path_taken":["M","M","M","?","M","R","?","R","T","E","PTL","PTL","M","M","R","M","R_BF","BOSS","M","M","$","M","M","R","E","R","T","PTL","PTL","M","M","M","M","M","R","BOSS","M","M","M","M","M","R","M","E","T","M","M","M","M","?","R","BOSS"],"items_purchased_type":["Relic","Relic","Relic","Card"],"build_version":"2020-12-22","purchased_purges":0,"victory":true,"max_hp_per_floor":[75,75,75,81,87,87,87,87,93,105,105,105,123,147,147,165,165,213,213,237,285,285,321,369,369,387,387,393,393,393,393,399,411,429,429,429,507,507,507,525,525,525,549,549,549,573,579,579,603,669,669,669,669,735],"card_choices":[{"not_picked":["Bone_Armory","Blood_Whip"],"picked":"Bone_Shift","floor":0},{"not_picked":["Bone_Spikes","Negative_Energy_Javelin"],"picked":"Consume_Illness","floor":0},{"not_picked":["Death_Knell","Death_March_Dance"],"picked":"Bones_to_Steel","floor":0},{"not_picked":["Flesh_Made_Foul","Deaths_Shadow"],"picked":"Vampiric_Strike","floor":0},{"not_picked":["Finger_Of_Death","Violent_Necrosis"],"picked":"Chill_Blood","floor":0},{"not_picked":["Necromantic_Selection","Shackles_Of_Pain"],"picked":"Bones_to_Steel","floor":0},{"not_picked":["Blood_Curse","Chill_Blood"],"picked":"Negative_Energy_Sphere","floor":0},{"not_picked":["Chill_Blood","Bone_Bullets"],"picked":"Bone_Armor","floor":0},{"not_picked":["Blood_Whip","Blood_Is_Power"],"picked":"Negative_Energy_Burst","floor":0},{"not_picked":["Chill_Blood","Bone_Prison"],"picked":"Bones_to_Steel","floor":0},{"not_picked":["Consume_Illness","Blood_Curse"],"picked":"Bone_Armory","floor":0},{"not_picked":["Death_March_Dance","Consume_Illness"],"picked":"Negative_Energy_Mist","floor":0},{"not_picked":["Bones_to_Steel","Violent_Necrosis"],"picked":"Toxic_Smoke_Screen","floor":0},{"not_picked":["Stop_Heart","Vampiric_Strike"],"picked":"Bone_Shift","floor":0},{"not_picked":["Negative_Energy_Javelin","Finger_Of_Death"],"picked":"Blood_Curse","floor":0},{"not_picked":["Spectral_Walk","Deaths_Shadow"],"picked":"Bones_to_Steel","floor":1},{"not_picked":["Necrotic_Claws","Deaths_Shadow"],"picked":"Negative_Energy_Mist","floor":2},{"not_picked":["Scare","Pandemic"],"picked":"Vampiric_Strike","floor":3},{"not_picked":["Stop_Heart","Blood_for_Blood"],"picked":"Negative_Energy_Shield","floor":5},{"not_picked":["Spectral_Walk","Scare"],"picked":"Bones_to_Steel","floor":10},{"not_picked":["Necrotic_Claws","Stop_Heart"],"picked":"Negative_Energy_Shield","floor":13},{"not_picked":["Vampiric_Strike","Death_Coil"],"picked":"Bone_Shift","floor":14},{"not_picked":["Bones_to_Steel","Negative_Energy_Javelin"],"picked":"Negative_Energy_Shield","floor":16},{"not_picked":["Cloudkill","Hellfire"],"picked":"Summon_Vampire_Lady","floor":18},{"not_picked":["Vampiric_Strike","Consume_Illness"],"picked":"Negative_Energy_Sphere+1","floor":20},{"not_picked":["Shade_Step","Chill_Blood"],"picked":"Blood_Shield","floor":21},{"not_picked":["Shackles_Of_Pain","Violent_Necrosis"],"picked":"Bones_to_Steel","floor":23},{"not_picked":["Finger_Of_Death+1","Shackles_Of_Pain"],"picked":"Grasp_Heart","floor":24},{"not_picked":["Corrupt","Blood_Whip+1"],"picked":"Blood_Shield+1","floor":26},{"not_picked":["Death_Knell","Death_Coil"],"picked":"Death_March_Dance","floor":31},{"not_picked":["Bone_Spikes+1","Finger_Of_Death+1"],"picked":"Death_March_Dance+1","floor":32},{"not_picked":["Finger_Of_Death","Epidemic"],"picked":"Negative_Energy_Sphere","floor":33},{"not_picked":["Grasp_Heart","Death_March_Dance"],"picked":"Negative_Energy_Sphere+1","floor":34},{"not_picked":["Toxic_Smoke_Screen","Acid_Javelin"],"picked":"Bones_to_Steel+1","floor":35},{"not_picked":["Blood_Magic","Skeleton_Dragon"],"picked":"Summon_Death_Knight","floor":37},{"not_picked":["Bone_Shift","Finger_Of_Death"],"picked":"Vampiric_Strike+1","floor":39},{"not_picked":["Summon_Undead","Bone_Prison"],"picked":"Negative_Energy_Shield+1","floor":40},{"not_picked":["Slay_Living+1","Spectral_Armor+1"],"picked":"Consume_Illness+1","floor":41},{"not_picked":["Shackles_Of_Pain","Consume_Illness"],"picked":"Death_Coil+1","floor":42},{"not_picked":["Death_March_Dance","Finger_Of_Death"],"picked":"Strike_from_Beyond","floor":43},{"not_picked":["Spectral_Armor","Toxic_Smoke_Screen"],"picked":"Vampiric_Strike+1","floor":45},{"not_picked":["Toxic_Smoke_Screen","Blood_Whip+1"],"picked":"Necrotic_Claws+1","floor":46},{"not_picked":["Grasp_Heart","Stop_Heart"],"picked":"Negative_Energy_Shield","floor":48},{"not_picked":["Stop_Heart","Plague_Bolt"],"picked":"Bone_Bullets+1","floor":49},{"not_picked":["Bone_Bullets","Scare"],"picked":"Negative_Energy_Mist+1","floor":50},{"not_picked":["Thousand_Bone_Knives+1","Death_March_Dance+1"],"picked":"Negative_Energy_Sphere+1","floor":51},{"not_picked":["Replay:SS_fish_3","Replay:Parry"],"picked":"Magnetism","floor":52}],"player_experience":1732631,"relics_obtained":[{"floor":4,"key":"infinitespire:ShieldingShard"},{"floor":9,"key":"Runesmith:AutoHammer"},{"floor":10,"key":"Boot"},{"floor":17,"key":"Bag of Marbles"},{"floor":26,"key":"infinitespire:Satchel"},{"floor":28,"key":"Mercury Hourglass"},{"floor":46,"key":"Replay:Wax Seal"},{"floor":47,"key":"Replay:Rubber Ducky"}],"event_choices":[{"damage_healed":0,"gold_gain":0,"player_choice":"Memory 1","damage_taken":0,"max_hp_gain":0,"max_hp_loss":0,"event_name":"SensoryStone","floor":52,"gold_loss":0}],"is_beta":false,"boss_relics":[{"not_picked":["Busted Crown","infinitespire:Cupcake"],"picked":"Snecko Heart"},{"not_picked":["Coffee Dripper","Runesmith:UraniumAnvil"],"picked":"Runic Dome"}],"items_purged_floors":[],"is_endless":false,"potions_floor_spawned":[2,5,10,14,16,18,20,24,26,33,35,43,49,50,51],"ascension_level":0}}