{"host":"zdhcon9z6t4xbcdl","time":1610632409,"event":{"mods":["BaseMod","Minty Spire (QoL Compilation)"],"gold_per_floor":[118,133,151,5,15,15,41,41,66,79,98,273,273,285,285,388,388,403,403,229,246,246,246,246],"floor_reached":23,"language":"ENG","playtime":833,"items_purged":["Strike_B","Strike_B"],"score":203,"play_id":"03f087ac-e23a-43e5-b74a-380aed4b6b21","local_time":"20210114135329","is_ascension_mode":true,"campfire_choices":[{"floor":6,"key":"RECALL"},{"floor":15,"key":"REST"}],"circlet_count":0,"master_deck":["Strike_B","Strike_B","Defend_B","Defend_B+1","Defend_B+1","Defend_B","Zap","Dualcast","Sweeping Beam","Steam","Static Discharge","Capacitor","Capacitor","Doom and Gloom","Darkness+1","Leap","Doubt","Glacier","Echo Form","Tempest","Static Discharge","Defragment+1","Writhe"],"relics":["Cracked Core","NeowsBlessing","Nuclear Battery","Nloth\u0027s Gift","Vajra"],"acts_visited":["Exordium","TheCity"],"potions_floor_usage":[16,16,16,23],"damage_taken":[{"damage":0,"enemies":"Cultist","floor":1,"turns":1},{"damage":0,"enemies":"Jaw Worm","floor":2,"turns":1},{"damage":0,"enemies":"Small Slimes","floor":3,"turns":1},{"damage":23,"enemies":"Exordium Thugs","floor":5,"turns":4},{"damage":38,"enemies":"3 Sentries","floor":7,"turns":7},{"damage":19,"enemies":"Red Slaver","floor":10,"turns":4},{"damage":0,"enemies":"2 Fungi Beasts","floor":11,"turns":2},{"damage":4,"enemies":"Blue Slaver","floor":14,"turns":4},{"damage":20,"enemies":"Slime Boss","floor":16,"turns":7},{"damage":0,"enemies":"Chosen","floor":18,"turns":4},{"damage":18,"enemies":"Spheric Guardian","floor":21,"turns":5},{"damage":58,"enemies":"Slavers","floor":23,"turns":4}],"seed_played":"-4975986118486643240","potions_obtained":[{"floor":2,"key":"FearPotion"},{"floor":7,"key":"Ancient Potion"},{"floor":11,"key":"Energy Potion"},{"floor":14,"key":"SkillPotion"},{"floor":21,"key":"EssenceOfSteel"}],"is_trial":false,"path_per_floor":["M","M","M","$","M","R","E","?","T","M","M","?","?","M","R","B",null,"M","?","$","M","?","E"],"character_chosen":"DEFECT","items_purchased":["Capacitor","Static Discharge"],"campfire_rested":1,"item_purchase_floors":[4,20],"current_hp_per_floor":[75,75,75,75,52,52,14,39,39,20,20,20,20,16,38,18,75,75,75,75,57,57,0,0],"gold":246,"neow_bonus":"THREE_ENEMY_KILL","is_daily":false,"chose_seed":false,"campfire_upgraded":0,"win_rate":0.0,"timestamp":1610632409,"path_taken":["M","?","M","$","M","R","E","?","T","M","M","?","?","M","R","BOSS","M","?","$","?","?","E"],"items_purchased_type":["Card","Card"],"build_version":"2020-12-22","purchased_purges":2,"victory":false,"max_hp_per_floor":[75,75,75,75,75,75,75,75,75,75,75,75,75,75,75,75,75,75,75,75,75,75,75,75],"card_choices":[{"not_picked":["Rebound","Coolheaded"],"picked":"Sweeping Beam","floor":1},{"not_picked":["Compile Driver","Sunder"],"picked":"Steam","floor":2},{"not_picked":["Double Energy","Ball Lightning"],"picked":"Static Discharge","floor":3},{"not_picked":["Skim","Leap"],"picked":"Capacitor","floor":5},{"not_picked":["White Noise","Sweeping Beam"],"picked":"Doom and Gloom","floor":7},{"not_picked":["Chaos","Scrape"],"picked":"Darkness","floor":10},{"not_picked":["Loop","Skim"],"picked":"Leap","floor":11},{"not_picked":["Undo","Compile Driver"],"picked":"Glacier","floor":14},{"not_picked":["Electrodynamics","Fission"],"picked":"Echo Form","floor":16},{"not_picked":["Redo+1","FTL"],"picked":"Tempest","floor":18},{"not_picked":["Blizzard","Rebound+1"],"picked":"Defragment+1","floor":21}],"player_experience":50595,"relics_obtained":[{"floor":7,"key":"War Paint"}],"event_choices":[{"damage_healed":25,"gold_gain":0,"player_choice":"Banana","damage_taken":0,"max_hp_gain":0,"max_hp_loss":0,"event_name":"Big Fish","floor":8,"gold_loss":0},{"damage_healed":0,"gold_gain":175,"player_choice":"AGREE","damage_taken":0,"max_hp_gain":0,"max_hp_loss":0,"event_name":"Liars Game","floor":12,"gold_loss":0,"cards_obtained":["Doubt"]},{"damage_healed":0,"gold_gain":0,"player_choice":"Upgraded","damage_taken":0,"max_hp_gain":0,"max_hp_loss":0,"event_name":"Upgrade Shrine","floor":13,"gold_loss":0,"cards_upgraded":["Darkness"]},{"damage_healed":0,"gold_gain":0,"player_choice":"Traded Relic","damage_taken":0,"relics_obtained":["Nloth\u0027s Gift"],"max_hp_gain":0,"max_hp_loss":0,"event_name":"N\u0027loth","floor":19,"relics_lost":["War Paint"],"gold_loss":0},{"damage_healed":0,"gold_gain":0,"player_choice":"Opened","damage_taken":0,"relics_obtained":["Vajra"],"max_hp_gain":0,"max_hp_loss":0,"event_name":"The Mausoleum","floor":22,"gold_loss":0,"cards_obtained":["Writhe"]}],"is_beta":false,"boss_relics":[{"not_picked":["Velvet Choker","Runic Dome"],"picked":"Nuclear Battery"}],"items_purged_floors":[4,20],"is_endless":false,"potions_floor_spawned":[2,7,11,14,21],"killed_by":"Slavers","ascension_level":1}}