{"host":"20zfc6q1fr6uo3nm","time":1610661504,"event":{"mods":["BaseMod","Minty Spire (QoL Compilation)"],"gold_per_floor":[118,130,140,31,306,306,326,326,326,326,354,366,381,397,397,502,502,515,533,443,454,80,95,95,12,64,76,76,109,109,127,127,227,227,237,237,247,247,247],"floor_reached":38,"language":"ENG","playtime":3055,"items_purged":["Defend_P","Strike_P"],"score":400,"play_id":"22d56ae2-ae01-491f-9d1d-cd2dafb53ab0","local_time":"20210114155823","is_ascension_mode":false,"campfire_choices":[{"data":"Regret","floor":6,"key":"PURGE"},{"data":"Eruption","floor":8,"key":"SMITH"},{"data":"Adaptation","floor":10,"key":"SMITH"},{"floor":15,"key":"REST"},{"floor":24,"key":"REST"},{"floor":28,"key":"REST"},{"floor":30,"key":"REST"},{"floor":32,"key":"REST"}],"circlet_count":0,"master_deck":["Strike_P","Strike_P+1","Strike_P","Defend_P","Defend_P","Defend_P","Eruption+1","Vigilance","Consecrate","Adaptation+1","SandsOfTime","CutThroughFate","CarveReality","Consecrate","ConjureBlade","Prostrate","JustLucky","EmptyBody","EmptyFist","Jack Of All Trades","Crescendo","Tantrum","Indignation","ConjureBlade","Prostrate","Pain"],"relics":["HolyWater","Peace Pipe","Pantograph","Bottled Flame","Busted Crown","Toolbox","Lantern","White Beast Statue","WarpedTongs"],"acts_visited":["Exordium","TheCity","TheBeyond"],"potions_floor_usage":[11,14,16,29,29,31,31,33,35,37,38],"damage_taken":[{"damage":5,"enemies":"2 Louse","floor":1,"turns":4},{"damage":1,"enemies":"Cultist","floor":2,"turns":4},{"damage":1,"enemies":"Small Slimes","floor":3,"turns":3},{"damage":15,"enemies":"3 Louse","floor":7,"turns":4},{"damage":13,"enemies":"Lagavulin","floor":11,"turns":5},{"damage":9,"enemies":"Exordium Thugs","floor":12,"turns":4},{"damage":7,"enemies":"2 Fungi Beasts","floor":13,"turns":3},{"damage":18,"enemies":"Large Slime","floor":14,"turns":4},{"damage":62,"enemies":"The Guardian","floor":16,"turns":11},{"damage":11,"enemies":"Shell Parasite","floor":18,"turns":5},{"damage":17,"enemies":"Spheric Guardian","floor":19,"turns":4},{"damage":12,"enemies":"Centurion and Healer","floor":21,"turns":5},{"damage":3,"enemies":"Sentry and Sphere","floor":23,"turns":3},{"damage":5,"enemies":"3 Cultists","floor":27,"turns":4},{"damage":27,"enemies":"Gremlin Leader","floor":29,"turns":3},{"damage":20,"enemies":"Snake Plant","floor":31,"turns":3},{"damage":66,"enemies":"Champ","floor":33,"turns":7},{"damage":48,"enemies":"3 Darklings","floor":35,"turns":5},{"damage":14,"enemies":"Orb Walker","floor":37,"turns":3},{"damage":21,"enemies":"Spire Growth","floor":38,"turns":3}],"seed_played":"6599068026816957620","potions_obtained":[{"floor":7,"key":"LiquidMemories"},{"floor":12,"key":"FairyPotion"},{"floor":13,"key":"CultistPotion"},{"floor":14,"key":"Dexterity Potion"},{"floor":23,"key":"Strength Potion"},{"floor":27,"key":"StancePotion"},{"floor":29,"key":"GamblersBrew"},{"floor":31,"key":"SkillPotion"},{"floor":33,"key":"AttackPotion"},{"floor":35,"key":"SkillPotion"},{"floor":37,"key":"DistilledChaos"}],"is_trial":false,"path_per_floor":["M","M","M","$","?","R","M","R","T","R","E","M","M","M","R","B",null,"M","M","?","M","$","M","R","$","T","M","R","E","R","M","R","B",null,"M","?","M","M"],"character_chosen":"WATCHER","items_purchased":["SandsOfTime","Toolbox","EmptyBody","EmptyFist","Block Potion","Jack Of All Trades"],"campfire_rested":5,"item_purchase_floors":[4,22,22,22,22,25],"current_hp_per_floor":[67,66,65,65,65,65,50,50,50,50,37,28,21,3,24,11,72,61,44,44,32,32,29,50,50,50,45,66,39,60,40,61,6,72,24,24,10,0,0],"gold":247,"neow_bonus":"ONE_RARE_RELIC","is_daily":false,"chose_seed":false,"campfire_upgraded":2,"win_rate":0.0,"timestamp":1610661503,"path_taken":["M","M","M","$","?","R","M","R","T","R","E","M","M","M","R","BOSS","M","?","?","M","$","?","R","$","T","M","R","E","R","M","R","BOSS","M","?","M","M"],"items_purchased_type":["Card","Relic","Card","Card","Potion","Card"],"build_version":"2020-12-22","purchased_purges":2,"victory":false,"max_hp_per_floor":[72,72,72,72,72,72,72,72,72,72,72,72,72,72,72,72,72,72,72,72,72,72,72,72,72,72,72,72,72,72,72,72,72,72,72,72,72,72,72],"card_choices":[{"not_picked":["EmptyFist","Nirvana"],"picked":"Consecrate","floor":1},{"not_picked":["Prostrate","Evaluate"],"picked":"Adaptation","floor":2},{"not_picked":["Weave","Prostrate","PathToVictory"],"picked":"SKIP","floor":3},{"not_picked":["TalkToTheHand","Weave","Adaptation"],"picked":"SKIP","floor":7},{"not_picked":["WreathOfFlame","DevaForm","Nirvana"],"picked":"SKIP","floor":11},{"not_picked":["SashWhip","SandsOfTime"],"picked":"CutThroughFate","floor":12},{"not_picked":["SashWhip","EmptyBody"],"picked":"CarveReality","floor":13},{"not_picked":["FlyingSleeves","Halt"],"picked":"Consecrate","floor":14},{"not_picked":["Judgement","Devotion"],"picked":"ConjureBlade","floor":16},{"not_picked":["Pray+1"],"picked":"SKIP","floor":18},{"not_picked":[],"picked":"Prostrate","floor":19},{"not_picked":[],"picked":"JustLucky","floor":21},{"not_picked":["CutThroughFate"],"picked":"SKIP","floor":23},{"not_picked":[],"picked":"Crescendo","floor":27},{"not_picked":[],"picked":"Tantrum","floor":29},{"not_picked":[],"picked":"Indignation","floor":31},{"not_picked":[],"picked":"ConjureBlade","floor":33},{"not_picked":[],"picked":"Prostrate","floor":35},{"not_picked":["JustLucky"],"picked":"SKIP","floor":37}],"player_experience":178444,"relics_obtained":[{"floor":9,"key":"Pantograph"},{"floor":11,"key":"Bottled Flame"},{"floor":26,"key":"Lantern"},{"floor":29,"key":"White Beast Statue"}],"event_choices":[{"damage_healed":0,"gold_gain":275,"player_choice":"Desecrate","damage_taken":0,"max_hp_gain":0,"max_hp_loss":0,"event_name":"Golden Shrine","floor":5,"gold_loss":0,"cards_obtained":["Regret"]},{"cards_removed":["Writhe"],"damage_healed":0,"gold_gain":0,"player_choice":"Upgrade and Remove","damage_taken":0,"max_hp_gain":0,"max_hp_loss":0,"event_name":"Designer","floor":20,"gold_loss":90,"cards_upgraded":["Strike_P"]},{"damage_healed":0,"gold_gain":0,"player_choice":"Rummage","damage_taken":0,"relics_obtained":["WarpedTongs"],"max_hp_gain":0,"max_hp_loss":0,"event_name":"Accursed Blacksmith","floor":36,"gold_loss":0,"cards_obtained":["Pain"]}],"is_beta":false,"boss_relics":[{"not_picked":["Cursed Key","Velvet Choker"],"picked":"Busted Crown"},{"not_picked":["Empty Cage","Fusion Hammer"],"picked":"HolyWater"}],"items_purged_floors":[4,22],"is_endless":false,"potions_floor_spawned":[7,12,13,14,23,27,29,31,33,35,37],"killed_by":"Spire Growth","ascension_level":0}}