{"host":"if46sxignvy4ka0k","time":1610606793,"event":{"mods":["BaseMod","Minty Spire (QoL Compilation)","StSLib","The Cursed"],"gold_per_floor":[116,116,132,97,97,131,131,154,154,154,192,216,237,258,258,382,382,396,421,421,421,437,437,455,496,520,520,553,196,212,230,230,230,230],"floor_reached":33,"language":"ENG","playtime":2108,"items_purged":[],"score":299,"play_id":"acd3bc88-9101-4a3a-89d9-062faaf868ab","local_time":"20210114004633","is_ascension_mode":false,"campfire_choices":[{"data":"TheCursedMod:CursedMace","floor":7,"key":"SMITH"},{"data":"TheCursedMod:Evocation","floor":10,"key":"SMITH"},{"data":"TheCursedMod:CircleOfCorruption","floor":15,"key":"SMITH"},{"data":"TheCursedMod:EmpowerCircles","floor":23,"key":"SMITH"},{"floor":27,"key":"REST"},{"data":"TheCursedMod:HellfireBreathing","floor":32,"key":"SMITH"}],"circlet_count":0,"master_deck":["TheCursedMod:Strike_TheCursed","TheCursedMod:Strike_TheCursed","TheCursedMod:Strike_TheCursed","TheCursedMod:Strike_TheCursed","TheCursedMod:Defend_TheCursed","TheCursedMod:Defend_TheCursed","TheCursedMod:Defend_TheCursed","TheCursedMod:Defend_TheCursed","TheCursedMod:CursedWand","TheCursedMod:CleanUpWorkshop","TheCursedMod:Dregs","TheCursedMod:CursedMace+1","TheCursedMod:Stretching","TheCursedMod:CursedStaff","Injury","TheCursedMod:FuryStrike","TheCursedMod:Evocation+1","TheCursedMod:SmokeScreen","TheCursedMod:TacticalStrike","TheCursedMod:CircleOfCorruption+1","TheCursedMod:SpitefulStrike","TheCursedMod:NeowsMight","TheCursedMod:ManaBullet+1","TheCursedMod:EmpowerCircles+1","TheCursedMod:WearCloak+1","TheCursedMod:Torture+1","TheCursedMod:Torture+1","TheCursedMod:HellfireBreathing+1","TheCursedMod:CircleOfFlame","TheCursedMod:SurpriseAttack","TheCursedMod:SpitefulStrike+1","TheCursedMod:DemonSword"],"relics":["TheCursedMod:BlackMagic101","Blue Candle","Golden Idol","Art of War","Kunai","Meat on the Bone","Velvet Choker","White Beast Statue","Bag of Marbles","Potion Belt","Mummified Hand"],"acts_visited":["Exordium","TheCity"],"potions_floor_usage":[12,16,25,33,33,33,33],"damage_taken":[{"damage":2,"enemies":"2 Louse","floor":1,"turns":2},{"damage":0,"enemies":"Small Slimes","floor":3,"turns":3},{"damage":14,"enemies":"Gremlin Nob","floor":6,"turns":3},{"damage":4,"enemies":"Jaw Worm","floor":8,"turns":2},{"damage":14,"enemies":"3 Sentries","floor":11,"turns":8},{"damage":0,"enemies":"Exordium Thugs","floor":12,"turns":4},{"damage":9,"enemies":"Red Slaver","floor":13,"turns":3},{"damage":0,"enemies":"Large Slime","floor":14,"turns":4},{"damage":37,"enemies":"Hexaghost","floor":16,"turns":11},{"damage":17,"enemies":"2 Thieves","floor":18,"turns":3},{"damage":10,"enemies":"Chosen","floor":19,"turns":3},{"damage":3,"enemies":"3 Cultists","floor":22,"turns":5},{"damage":30,"enemies":"Centurion and Healer","floor":24,"turns":6},{"damage":21,"enemies":"Slavers","floor":25,"turns":6},{"damage":20,"enemies":"Gremlin Leader","floor":28,"turns":4},{"damage":7,"enemies":"Sentry and Sphere","floor":30,"turns":4},{"damage":12,"enemies":"3 Cultists","floor":31,"turns":5},{"damage":52,"enemies":"Automaton","floor":33,"turns":6}],"seed_played":"7411833212569418692","potions_obtained":[{"floor":1,"key":"GamblersBrew"},{"floor":6,"key":"Swift Potion"},{"floor":11,"key":"Swift Potion"},{"floor":16,"key":"BlessingOfTheForge"},{"floor":19,"key":"Regen Potion"},{"floor":25,"key":"Dexterity Potion"},{"floor":28,"key":"Energy Potion"},{"floor":30,"key":"FearPotion"},{"floor":31,"key":"AttackPotion"}],"is_trial":false,"path_per_floor":["M","?","M","?","?","E","R","M","T","R","E","M","M","M","R","B",null,"M","M","?","$","M","R","M","E","T","R","E","$","M","M","R","B"],"character_chosen":"THE_CURSED","items_purchased":["TheCursedMod:CircleOfFlame","Mummified Hand","TheCursedMod:SurpriseAttack"],"campfire_rested":1,"item_purchase_floors":[29,29,29],"current_hp_per_floor":[73,48,48,66,66,52,52,48,48,48,34,46,49,49,49,24,75,58,48,48,48,45,45,27,18,18,40,32,32,37,37,37,0,0],"gold":230,"neow_bonus":"THREE_CARDS","is_daily":false,"chose_seed":false,"campfire_upgraded":5,"win_rate":0.0,"timestamp":1610606793,"path_taken":["M","?","M","?","?","E","R","M","T","R","E","M","?","M","R","BOSS","M","M","?","?","?","R","M","E","T","R","E","$","M","M","R","BOSS"],"items_purchased_type":["Card","Relic","Card"],"build_version":"2020-12-22","purchased_purges":0,"victory":false,"max_hp_per_floor":[75,75,75,75,75,75,75,75,75,75,75,75,75,75,75,75,75,75,75,75,75,75,75,75,75,75,75,75,75,75,75,75,75,75],"card_choices":[{"not_picked":["TheCursedMod:CircleOfWindfury","TheCursedMod:SmokeScreen"],"picked":"TheCursedMod:CursedMace","floor":0},{"not_picked":["TheCursedMod:ManaBullet","TheCursedMod:TacticalStrike"],"picked":"TheCursedMod:Stretching","floor":1},{"not_picked":["TheCursedMod:Mangle","TheCursedMod:Stretching"],"picked":"TheCursedMod:CursedStaff","floor":3},{"not_picked":["TheCursedMod:SaltUponWound","TheCursedMod:SmokeScreen"],"picked":"TheCursedMod:FuryStrike","floor":6},{"not_picked":["TheCursedMod:Wield","TheCursedMod:CircleOfWindfury"],"picked":"TheCursedMod:Evocation","floor":8},{"not_picked":["TheCursedMod:CircleOfAmplification","TheCursedMod:VitalStrike"],"picked":"TheCursedMod:SmokeScreen","floor":11},{"not_picked":["TheCursedMod:Stigma","TheCursedMod:CursedArmor"],"picked":"TheCursedMod:TacticalStrike","floor":12},{"not_picked":["TheCursedMod:CursedAmulet","TheCursedMod:Torture"],"picked":"TheCursedMod:CircleOfCorruption","floor":13},{"not_picked":["TheCursedMod:CursedAmulet","TheCursedMod:SmokeScreen"],"picked":"TheCursedMod:SpitefulStrike","floor":14},{"not_picked":["TheCursedMod:DarkBarrier","TheCursedMod:ParallelWorld"],"picked":"TheCursedMod:NeowsMight","floor":16},{"not_picked":["TheCursedMod:CircleOfBlood+1","TheCursedMod:PrepareRite+1"],"picked":"TheCursedMod:ManaBullet+1","floor":18},{"not_picked":["TheCursedMod:BloodBarrier","TheCursedMod:CursedArmor"],"picked":"TheCursedMod:EmpowerCircles","floor":19},{"not_picked":["TheCursedMod:Wield","TheCursedMod:SurpriseAttack+1"],"picked":"TheCursedMod:WearCloak+1","floor":22},{"not_picked":["TheCursedMod:Stigma","TheCursedMod:Wield"],"picked":"TheCursedMod:Torture+1","floor":24},{"not_picked":["TheCursedMod:Obscuration","TheCursedMod:Stretching"],"picked":"TheCursedMod:Torture+1","floor":25},{"not_picked":["TheCursedMod:Evocation+1","TheCursedMod:Stretching"],"picked":"TheCursedMod:HellfireBreathing","floor":28},{"not_picked":["TheCursedMod:Evocation","TheCursedMod:FleshFromBone+1"],"picked":"TheCursedMod:SpitefulStrike+1","floor":30},{"not_picked":["TheCursedMod:RavingStaff","TheCursedMod:Evocation"],"picked":"TheCursedMod:DemonSword","floor":31}],"player_experience":2115774,"relics_obtained":[{"floor":6,"key":"Art of War"},{"floor":9,"key":"Kunai"},{"floor":11,"key":"Meat on the Bone"},{"floor":25,"key":"White Beast Statue"},{"floor":26,"key":"Bag of Marbles"},{"floor":28,"key":"Potion Belt"}],"event_choices":[{"damage_healed":0,"gold_gain":0,"player_choice":"Success","damage_taken":25,"relics_obtained":["Blue Candle"],"max_hp_gain":0,"max_hp_loss":0,"event_name":"Scrap Ooze","floor":2,"gold_loss":0},{"damage_healed":18,"gold_gain":0,"player_choice":"Healed","damage_taken":0,"max_hp_gain":0,"max_hp_loss":0,"event_name":"The Cleric","floor":4,"gold_loss":35},{"damage_healed":0,"gold_gain":0,"player_choice":"Take Wound","damage_taken":0,"relics_obtained":["Golden Idol"],"max_hp_gain":0,"max_hp_loss":0,"event_name":"Golden Idol","floor":5,"gold_loss":0,"cards_obtained":["Injury"]},{"damage_healed":0,"gold_gain":0,"player_choice":"Ignored","damage_taken":0,"max_hp_gain":0,"max_hp_loss":0,"event_name":"Fountain of Cleansing","floor":20,"gold_loss":0}],"is_beta":false,"boss_relics":[{"not_picked":["Empty Cage","Runic Dome"],"picked":"Velvet Choker"}],"items_purged_floors":[],"is_endless":false,"potions_floor_spawned":[1,6,11,16,19,25,28,30,31],"killed_by":"Automaton","ascension_level":0}}