{"host":"mn7cqv84xrc37ulx","time":1610594606,"event":{"mods":["ATMod(∞¢Ë™Mod)","AchievementEnabler","BaseMod","Colored Powertips","Curses Come First","Dota2Spire","Downfall","Energized Spire","Evolution","HumanHunterMod(π÷ŒÔ…±»Àmod)","Lobotomy","Marked Mod","Minty Spire (QoL Compilation)","MostiFishMod","Poor People Problems","Rare Cards Sparkle","Red Circlet Mod","Reimu£®≤©¿ˆ¡È√Œ£©","Replay The Spire","Robot Space Explorer","Spicy Shops","StSLib","The Dragon Tamer","The Forsaken","The Marked","The Runesmith","[GremlinLeader]The Maniac","noobMod","°æ“≈ŒÔø®≈∆°øREMEMod"],"gold_per_floor":[112,187,206,221,241,241,270,270,293,293,321,379,396,427,427,532,532,532,532,532,532,532,532,532,532,532,163,163,163,163,163,163,163,163,163,91,91,91,91,91,91,91,91,91,91,91,91],"floor_reached":46,"language":"ZHS","playtime":2542,"items_purged":["maniac:BurnBlood"],"score":1287,"play_id":"cea86955-f2d5-4d19-913a-17cc498283c0","local_time":"20210114112326","is_ascension_mode":true,"campfire_choices":[{"data":"AT_Dispersion","floor":6.0,"key":"SMITH"},{"floor":10.0,"key":"REST"},{"data":"maniac:BladesInCloak","floor":15.0,"key":"SMITH"},{"floor":28.0,"key":"REST"},{"floor":32.0,"key":"DIG"}],"circlet_count":0,"master_deck":["maniac:SpectralKnives","maniac:SpectralKnives+1","maniac:SpectralKnives","maniac:SpectralKnives+1","maniac:SpectralKnives","maniac:ShelteringEdge","maniac:ShelteringEdge","maniac:Defend","maniac:Defend","maniac:AbyssShackle","Atom Bomb","AT_Dispersion+1","maniac:PanickyParry","maniac:Confront","maniac:ShelteringEdge","maniac:WardAndDefend+1","maniac:Confront+1","maniac:Precision","maniac:BladesInCloak+1","maniac:BladesInCloak","maniac:EndOfTheRoad","maniac:ExceedEnchantment","maniac:HammerStrike","maniac:Whirlscythe","maniac:Refine+1","maniac:MortalSteel+1","maniac:ShiftingShadows","maniac:Feint+1","maniac:FoilArmor","maniac:PanickyParry","maniac:Confront","maniac:HammerDown","maniac:HammerStrike","maniac:Humiliation"],"relics":["maniac:BrokenHorn","EVO:Axolotl","AT_ATBox","REME_ComplimentaryCards","DaveBox","ice","Civilization","NightmareShop","SynthV:TestCard","Dota2Spire:ArcaneBoots","Whetstone","REME_PuzzleBoxRelic","Potion Belt","Dota2Spire:OrchidMalevolence","Ectoplasm","Red Mask","Dota2Spire:ShadowBlade","Eternal Feather","OrangePellets","AT_BellDemon","Lantern","DianDianMeat","Pondfish Scales","Fusion Hammer","Dota2Spire:MonkeyKingBar","Art of War","ReplayTheSpireMod:Lightbulb","Vajra","MawBank","Pet Ghost","Ring of Peace","Regal Pillow","Bag of Preparation","AT_TheCollector"],"acts_visited":["Exordium","TheCity","TheBeyond"],"potions_floor_usage":[],"damage_taken":[{"damage":0.0,"enemies":"2 Louse","floor":1.0,"turns":1.0},{"damage":3.0,"enemies":"Small Slimes","floor":3.0,"turns":2.0},{"damage":13.0,"enemies":"Jaw Worm","floor":4.0,"turns":2.0},{"damage":0.0,"enemies":"Exordium Thugs","floor":5.0,"turns":2.0},{"damage":0.0,"enemies":"Lagavulin","floor":7.0,"turns":3.0},{"damage":0.0,"enemies":"Gremlin Nob","floor":11.0,"turns":3.0},{"damage":0.0,"enemies":"Gremlin Nob","floor":12.0,"turns":2.0},{"damage":0.0,"enemies":"2 Fungi Beasts","floor":13.0,"turns":1.0},{"damage":0.0,"enemies":"Lagavulin","floor":14.0,"turns":1.0},{"damage":36.0,"enemies":"Hexaghost","floor":16.0,"turns":6.0},{"damage":0.0,"enemies":"Spheric Guardian","floor":18.0,"turns":2.0},{"damage":0.0,"enemies":"3 Byrds","floor":19.0,"turns":2.0},{"damage":0.0,"enemies":"Snecko","floor":20.0,"turns":1.0},{"damage":35.0,"enemies":"Masked Bandits","floor":21.0,"turns":4.0},{"damage":0.0,"enemies":"Sentry and Sphere","floor":22.0,"turns":2.0},{"damage":0.0,"enemies":"Replay:Snechameleon","floor":23.0,"turns":1.0},{"damage":54.0,"enemies":"Snake Plant","floor":24.0,"turns":4.0},{"damage":45.0,"enemies":"Slavers","floor":25.0,"turns":5.0},{"damage":21.0,"enemies":"3 Cultists","floor":29.0,"turns":6.0},{"damage":0.0,"enemies":"Replay:Snechameleon","floor":30.0,"turns":1.0},{"damage":0.0,"enemies":"Centurion and Healer","floor":31.0,"turns":4.0},{"damage":4.0,"enemies":"Pondfish","floor":33.0,"turns":5.0},{"damage":1.0,"enemies":"3 Darklings","floor":35.0,"turns":3.0},{"damage":12.0,"enemies":"Orb Walker","floor":38.0,"turns":4.0},{"damage":37.0,"enemies":"Maw","floor":39.0,"turns":3.0},{"damage":0.0,"enemies":"Reptomancer","floor":41.0,"turns":6.0},{"damage":0.0,"enemies":"R_Hoarder","floor":45.0,"turns":1.0},{"damage":14,"enemies":"Writhing Mass","floor":46,"turns":4}],"seed_played":"-7307450212505032673","potions_obtained":[{"floor":1.0,"key":"SkillPotion"},{"floor":4.0,"key":"Fire Potion"},{"floor":5.0,"key":"Reflective Coating"},{"floor":14.0,"key":"SteroidPotion"},{"floor":16.0,"key":"Elixir"},{"floor":20.0,"key":"Energy Potion"},{"floor":22.0,"key":"FearPotion"},{"floor":25.0,"key":"Dota2Spire:Clarity"},{"floor":29.0,"key":"Dexterity Potion"}],"is_trial":false,"path_per_floor":["M","?","M","M","M","R","E","?","T","R","E","?","M","E","R","B",null,"M","M","M","?","M","E","M","E","T","$","R","M","E","M","R","B",null,"M","$","?","M","M","$","E","?","T","$","E","M"],"character_chosen":"THE_MANIAC","items_purchased":["OrangePellets","LifebloodPotion","ColorlessPotion","SmokeBomb","Art of War"],"campfire_rested":2,"item_purchase_floors":[27,27,27,27,36],"current_hp_per_floor":[82,71,72,64,71,71,79,58,58,89,98,108,120,133,133,111,164,179,197,216,203,227,252,224,208,208,208,328,339,372,407,425,462,483,528,528,528,563,576,576,679,682,682,682,736,722,722],"gold":91,"neow_bonus":"BOSS_RELIC","is_daily":false,"chose_seed":false,"campfire_upgraded":2,"win_rate":0.0,"timestamp":1610594606,"path_taken":["M","?","M","M","M","R","E","?","T","R","E","?","?","E","R","BOSS","M","M","M","?","M","E","M","E","T","$","R","M","E","M","R","BOSS","M","$","?","M","?","?","E","?","T","?","E","M"],"items_purchased_type":["Relic","Potion","Potion","Potion","Relic"],"build_version":"2020-12-22","purchased_purges":1,"victory":false,"max_hp_per_floor":[82,82,86,91,98,98,106,106,106,106,115,125,137,150,150,164,164,179,197,216,238,262,287,313,342,342,342,342,374,407,442,442,483,483,529,529,529,576,626,626,679,682,682,682,736,736,736],"card_choices":[{"not_picked":["maniac:DashForward","maniac:EndOfTheRoad"],"picked":"maniac:PanickyParry","floor":1.0},{"not_picked":["maniac:MeleeStrike","maniac:UndyingDesire","maniac:Recollect","maniac:Hasten"],"picked":"maniac:Confront","floor":3.0},{"not_picked":["maniac:BladeEnd","maniac:BladeShoot","maniac:ListenToNone","maniac:SpectralKnives"],"picked":"maniac:ShelteringEdge","floor":4.0},{"not_picked":["maniac:TwistedEddies","maniac:Blastwave","maniac:Retrospect","maniac:SpectralFlash"],"picked":"maniac:WardAndDefend","floor":5.0},{"not_picked":["maniac:PanickyParry","maniac:RallyToMe","maniac:SpectralKnives","maniac:ShelteringEdge"],"picked":"maniac:Confront","floor":7.0},{"not_picked":["maniac:WitnessTrueSorcery","maniac:WardAndDefend","maniac:Collecting","maniac:AlleviatingSorcery"],"picked":"maniac:Precision","floor":11.0},{"not_picked":["maniac:Assassinate","maniac:UndyingDesire","maniac:SeekerKnife","maniac:UntravelledPath"],"picked":"maniac:BladesInCloak","floor":12.0},{"not_picked":["maniac:Whirlscythe","maniac:TorturousScreams","maniac:AllOutAttack","maniac:UntravelledPath"],"picked":"maniac:BladesInCloak","floor":13.0},{"not_picked":["maniac:WitnessTrueSorcery","maniac:ShadowContact","maniac:DashForward","maniac:SpectralKnives"],"picked":"maniac:EndOfTheRoad","floor":14.0},{"not_picked":["maniac:Deal","maniac:FanTheHammer","maniac:TwistedEddies","maniac:RallyToMe"],"picked":"maniac:ExceedEnchantment","floor":16.0},{"not_picked":["maniac:Refine","maniac:UndyingDesire","maniac:SpectralKnives","maniac:ListenToNone"],"picked":"maniac:HammerStrike","floor":18.0},{"not_picked":["maniac:UntravelledPath","maniac:FindAShortcut","maniac:PanickyParry+1","maniac:MeleeStrike+1"],"picked":"maniac:Whirlscythe","floor":19.0},{"not_picked":["maniac:DashForward+1","maniac:Feint","maniac:Intimidate","maniac:BladeShoot+1"],"picked":"maniac:Refine+1","floor":20.0},{"not_picked":["maniac:UndyingDesire+1","maniac:Trap","maniac:ShelteringEdge","maniac:MeleeStrike"],"picked":"maniac:MortalSteel+1","floor":21.0},{"not_picked":["maniac:DashForward+1","maniac:ManipulatedFaith","maniac:ShelteringEdge","maniac:ListenToNone"],"picked":"maniac:ShiftingShadows","floor":22.0},{"not_picked":["maniac:Intimidate","maniac:UniversalPerception","maniac:AlleviatingSorcery","maniac:BladesInCloak"],"picked":"maniac:Feint+1","floor":23.0},{"not_picked":["maniac:Lacerate+1","maniac:Precision","maniac:Confront","maniac:BladeShoot"],"picked":"maniac:FoilArmor","floor":24.0},{"not_picked":["maniac:AlleviatingSorcery+1","maniac:GlassScratch+1","maniac:ManipulatedFaith","maniac:TorturousScreams+1"],"picked":"maniac:PanickyParry","floor":25.0},{"not_picked":["maniac:ShelteringEdge","maniac:UndyingDesire","maniac:WitnessTrueSorcery","maniac:Assassinate"],"picked":"maniac:Confront","floor":29.0},{"not_picked":["maniac:TorturousScreams+1","maniac:UntravelledPath","maniac:AllOutAttack+1","maniac:DashForward","maniac:BladeShoot"],"picked":"SKIP","floor":30.0},{"not_picked":["maniac:SpectralFlash","maniac:ShelteringEdge","maniac:Intimidate","maniac:FindAShortcut","maniac:UntravelledPath"],"picked":"SKIP","floor":31.0},{"not_picked":["maniac:ForsakenHand","maniac:TwistedEddies","maniac:Trap","maniac:StormOfTime"],"picked":"maniac:HammerDown","floor":33.0},{"not_picked":["maniac:Confront+1","maniac:EndOfTheRoad+1","maniac:SpectralFlash","maniac:BladeShoot+1","maniac:FindAShortcut"],"picked":"SKIP","floor":35.0},{"not_picked":["maniac:Quickdraw+1","maniac:UntravelledPath+1","maniac:MeleeStrike+1","maniac:PanickyParry","maniac:FindAShortcut"],"picked":"SKIP","floor":38.0},{"not_picked":["maniac:UndyingDesire","maniac:SpectralKnives","maniac:RallyToMe","maniac:FindAShortcut+1"],"picked":"maniac:HammerStrike","floor":39.0},{"not_picked":["maniac:ArmToTheTeeth+1","maniac:BladeShoot+1","maniac:SeekerKnife","maniac:Lacerate","maniac:BladesInCloak"],"picked":"SKIP","floor":41.0},{"not_picked":["maniac:SpectralKnives+1","maniac:SorceryHour","maniac:EndOfTheRoad+1","maniac:ListenToNone","maniac:Traceback"],"picked":"SKIP","floor":45.0}],"player_experience":107231,"relics_obtained":[{"floor":1.0,"key":"SynthV:TestCard"},{"floor":7.0,"key":"Dota2Spire:ArcaneBoots"},{"floor":9.0,"key":"Whetstone"},{"floor":11.0,"key":"REME_PuzzleBoxRelic"},{"floor":14.0,"key":"Dota2Spire:OrchidMalevolence"},{"floor":21.0,"key":"Red Mask"},{"floor":23.0,"key":"Dota2Spire:ShadowBlade"},{"floor":25.0,"key":"Eternal Feather"},{"floor":30.0,"key":"AT_BellDemon"},{"floor":31.0,"key":"Lantern"},{"floor":32.0,"key":"DianDianMeat"},{"floor":33.0,"key":"Pondfish Scales"},{"floor":35.0,"key":"Dota2Spire:MonkeyKingBar"},{"floor":38.0,"key":"ReplayTheSpireMod:Lightbulb"},{"floor":39.0,"key":"Vajra"},{"floor":41.0,"key":"MawBank"},{"floor":41.0,"key":"Pet Ghost"},{"floor":42.0,"key":"Ring of Peace"},{"floor":43.0,"key":"Regal Pillow"},{"floor":45.0,"key":"Bag of Preparation"},{"floor":45.0,"key":"AT_TheCollector"}],"event_choices":[{"damage_healed":0.0,"max_hp_gain":0.0,"max_hp_loss":0.0,"gold_gain":75.0,"event_name":"World of Goop","player_choice":"Gather Gold","floor":2.0,"gold_loss":0.0,"damage_taken":11.0},{"damage_healed":0.0,"max_hp_gain":0.0,"max_hp_loss":0.0,"gold_gain":0.0,"event_name":"Shining Light","player_choice":"Entered Light","floor":8.0,"gold_loss":0.0,"damage_taken":21.0,"cards_upgraded":["maniac:SpectralKnives","maniac:WardAndDefend"]},{"damage_healed":0.0,"max_hp_gain":0.0,"max_hp_loss":0.0,"gold_gain":30.0,"event_name":"Dead Adventurer","player_choice":"Searched \u00273\u0027 times","floor":12.0,"gold_loss":0.0,"damage_taken":0.0,"relics_obtained":["Potion Belt"]},{"damage_healed":0.0,"max_hp_gain":0.0,"max_hp_loss":0.0,"gold_gain":0.0,"event_name":"Masked Bandits","player_choice":"Fought Bandits","floor":21.0,"gold_loss":0.0,"damage_taken":0.0},{"damage_healed":0.0,"max_hp_gain":0.0,"max_hp_loss":0.0,"gold_gain":0.0,"event_name":"Lab","player_choice":"Got Potions","floor":37.0,"gold_loss":0.0,"damage_taken":0.0}],"is_beta":false,"boss_relics":[{"not_picked":["MoonlightInvasionPlan","SynthV:MejaisSoulstealer"],"picked":"Ectoplasm"},{"not_picked":["REME_DemonsWealth","Runic Pyramid"],"picked":"Fusion Hammer"}],"items_purged_floors":[27],"is_endless":false,"potions_floor_spawned":[1,4,5,14,16,20,22,25,29,30,33,35,41,45],"killed_by":"Writhing Mass","ascension_level":3}}