{"host":"v79nb9qnzs8cga96","time":1610626300,"event":{"mods":["Aspiration","BaseMod","Better Note","Block Reminder","GifTheSpireLib","Marked Mod","Minty Spire (QoL Compilation)","Quarter Circle Forward PUNCH!","SacredBarkPlus","Small Relic Pack","StSLib","Stuff the Spire"],"gold_per_floor":[110,110,6,18,18,53,53,3,29,47,66,66,94,94,94,190,190,210,210,225,225,244,244,263,263,263,289,289,316,316,329,329,424,424,443,443,443,443,462,493,493,493],"floor_reached":41,"language":"ENG","playtime":1512,"items_purged":[],"score":567,"play_id":"06ddad40-1de4-4949-a3be-282bcc6ddcef","local_time":"20210114141140","is_ascension_mode":true,"campfire_choices":[{"floor":7.0,"key":"REST"},{"floor":15.0,"key":"REST"},{"floor":23.0,"key":"REST"},{"floor":25.0,"key":"REST"},{"floor":28.0,"key":"REST"},{"floor":32,"key":"REST"}],"circlet_count":0,"master_deck":["Strike_P","Strike_P","Strike_P","Strike_P","Defend_P","Defend_P","Defend_P","Defend_P","Eruption+1","Vigilance","FlyingSleeves","MarkedMod:OneThousandNeedles","MarkedMod:Acupuncture","Prostrate+1","PathToVictory+1","MarkedMod:GentlePulse+1","PathToVictory+1","Evaluate+1","Devotion","PathToVictory+1","PathToVictory+1","MarkedMod:GracefulMovements","MasterReality"],"relics":["PureWater","Pen Nib","Toxic Egg 2","Strawberry","Pear","Potion Belt","Bottled Lightning","StuffTheSpire:RubySignet","relicPack:DSword","relicPack:OneForAll","InkBottle"],"acts_visited":["Exordium","TheCity","TheBeyond"],"potions_floor_usage":[39,39],"damage_taken":[{"damage":0.0,"enemies":"Cultist","floor":1.0,"turns":5.0},{"damage":5.0,"enemies":"Small Slimes","floor":4.0,"turns":3.0},{"damage":64.0,"enemies":"Gremlin Nob","floor":6.0,"turns":5.0},{"damage":0.0,"enemies":"2 Louse","floor":10.0,"turns":2.0},{"damage":5.0,"enemies":"Blue Slaver","floor":11.0,"turns":3.0},{"damage":22.0,"enemies":"Lagavulin","floor":13.0,"turns":6.0},{"damage":12.0,"enemies":"The Guardian","floor":16.0,"turns":7.0},{"damage":31.0,"enemies":"2 Thieves","floor":18.0,"turns":5.0},{"damage":30.0,"enemies":"Spheric Guardian","floor":20.0,"turns":5.0},{"damage":33.0,"enemies":"Cultist and Chosen","floor":22.0,"turns":7.0},{"damage":10.0,"enemies":"Shelled Parasite and Fungi","floor":24.0,"turns":3.0},{"damage":19.0,"enemies":"Book of Stabbing","floor":27.0,"turns":4.0},{"damage":31.0,"enemies":"Slavers","floor":29.0,"turns":4.0},{"damage":6,"enemies":"Centurion and Healer","floor":31,"turns":5},{"damage":38,"enemies":"Champ","floor":33,"turns":7},{"damage":2,"enemies":"3 Shapes","floor":35,"turns":7},{"damage":14,"enemies":"3 Darklings","floor":39,"turns":3},{"damage":38,"enemies":"Giant Head","floor":40,"turns":6},{"damage":36,"enemies":"Sphere and 2 Shapes","floor":41,"turns":3}],"seed_played":"8727715628564039243","potions_obtained":[{"floor":10.0,"key":"SkillPotion"},{"floor":13.0,"key":"LiquidBronze"},{"floor":18.0,"key":"Dexterity Potion"},{"floor":22.0,"key":"Ambrosia"},{"floor":29.0,"key":"DistilledChaos"},{"floor":33,"key":"SteroidPotion"},{"floor":35,"key":"Explosive Potion"}],"is_trial":false,"path_per_floor":["M","?","$","M","?","E","R","?","T","M","M","?","E","?","R","B",null,"M","?","M","?","M","R","M","R","T","E","R","E","?","M","R","B",null,"M","?","?","?","M","E","M"],"character_chosen":"WATCHER","items_purchased":["MarkedMod:OneThousandNeedles","MarkedMod:Acupuncture"],"campfire_rested":6,"item_purchase_floors":[3,3],"current_hp_per_floor":[79,79,79,74,74,10,33,33,40,40,35,35,23,4,32,20,96,65,65,35,35,2,30,20,48,48,29,57,26,26,20,48,12,96,94,94,59,59,45,7,0,0],"gold":493,"neow_bonus":"TEN_PERCENT_HP_BONUS","is_daily":false,"chose_seed":false,"campfire_upgraded":0,"win_rate":0.0,"timestamp":1610626300,"path_taken":["M","?","$","M","?","E","R","?","T","?","M","?","E","?","R","BOSS","M","?","?","?","M","R","M","R","T","E","R","E","?","?","R","BOSS","M","?","?","?","M","E","M"],"items_purchased_type":["Card","Card"],"build_version":"2020-12-22","purchased_purges":0,"victory":false,"max_hp_per_floor":[79,79,79,79,79,79,79,79,86,86,86,86,96,96,96,96,96,96,96,96,96,96,96,96,96,96,96,96,96,96,96,96,96,96,96,96,96,96,96,96,96,96],"card_choices":[{"not_picked":["Halt","EmptyMind"],"picked":"FlyingSleeves","floor":1.0},{"not_picked":["ThirdEye","Worship"],"picked":"Prostrate","floor":4.0},{"not_picked":["CrushJoints","ThirdEye+1"],"picked":"PathToVictory+1","floor":6.0},{"not_picked":["ClearTheMind+1","WheelKick"],"picked":"MarkedMod:GentlePulse+1","floor":10.0},{"not_picked":["FearNoEvil","Protect+1"],"picked":"PathToVictory+1","floor":11.0},{"not_picked":["Ragnarok","Crescendo+1"],"picked":"Evaluate+1","floor":13.0},{"not_picked":["Ragnarok","DevaForm"],"picked":"Devotion","floor":16.0},{"not_picked":["SandsOfTime","EmptyFist","Evaluate+1"],"picked":"SKIP","floor":18.0},{"not_picked":["WindmillStrike+1","Collect+1"],"picked":"PathToVictory+1","floor":20.0},{"not_picked":["Protect+1","Nirvana","FlyingSleeves+1"],"picked":"SKIP","floor":22.0},{"not_picked":["Scrawl+1","EmptyFist","Halt+1"],"picked":"SKIP","floor":24.0},{"not_picked":["MarkedMod:Acupuncture","SashWhip"],"picked":"MarkedMod:GracefulMovements","floor":27.0},{"not_picked":["JustLucky","Weave","EmptyBody+1"],"picked":"SKIP","floor":29.0},{"not_picked":["Consecrate","Halt+1","JustLucky"],"picked":"SKIP","floor":31},{"not_picked":["DeusExMachina+1","MarkedMod:ChiBlock+1"],"picked":"MasterReality","floor":33},{"not_picked":["Crescendo+1","WindmillStrike","BowlingBash"],"picked":"SKIP","floor":35},{"not_picked":["SandsOfTime","Worship+1","Vengeance+1"],"picked":"SKIP","floor":39},{"not_picked":["Consecrate","Prostrate+1","Pray+1"],"picked":"SKIP","floor":40}],"player_experience":332981,"relics_obtained":[{"floor":6.0,"key":"Toxic Egg 2"},{"floor":9.0,"key":"Strawberry"},{"floor":13.0,"key":"Pear"},{"floor":26.0,"key":"Potion Belt"},{"floor":27.0,"key":"Bottled Lightning"},{"floor":29.0,"key":"StuffTheSpire:RubySignet"},{"floor":40,"key":"InkBottle"}],"event_choices":[{"cards_removed":["StuffTheSpire:CuriosityCurse"],"damage_healed":0.0,"max_hp_gain":0.0,"max_hp_loss":0.0,"gold_gain":0.0,"event_name":"The Cleric","player_choice":"Card Removal","floor":8.0,"gold_loss":50.0,"damage_taken":0.0},{"damage_healed":0.0,"max_hp_gain":0.0,"max_hp_loss":0.0,"gold_gain":0.0,"event_name":"Golden Wing","player_choice":"Ignored","floor":12.0,"gold_loss":0.0,"damage_taken":0.0},{"damage_healed":0.0,"max_hp_gain":0.0,"max_hp_loss":0.0,"gold_gain":0.0,"event_name":"Shining Light","player_choice":"Entered Light","floor":14.0,"gold_loss":0.0,"damage_taken":19.0,"cards_upgraded":["Eruption","Prostrate"]},{"damage_healed":0.0,"max_hp_gain":0.0,"max_hp_loss":0.0,"gold_gain":0.0,"event_name":"betterNote:BetterNote","player_choice":"Ignored","floor":19.0,"gold_loss":0.0,"damage_taken":0.0,"cards_obtained":["Wish"]},{"damage_healed":0.0,"max_hp_gain":0.0,"max_hp_loss":0.0,"gold_gain":0.0,"event_name":"The Library","player_choice":"Read","floor":21.0,"gold_loss":0.0,"damage_taken":0.0,"cards_obtained":["PathToVictory"]},{"damage_healed":0.0,"max_hp_gain":0.0,"max_hp_loss":0.0,"gold_gain":0.0,"event_name":"Ghosts","player_choice":"Ignored","floor":30.0,"gold_loss":0.0,"damage_taken":0.0}],"is_beta":false,"boss_relics":[{"not_picked":["StuffTheSpire:Kangaroo","aspiration:FutureDiary","StuffTheSpire:RunicHypercube"]},{"not_picked":["aspiration:SecretTechniqueScroll","Runic Pyramid","Snecko Eye"]}],"items_purged_floors":[],"is_endless":false,"potions_floor_spawned":[10,13,18,22,29,33,35],"killed_by":"Sphere and 2 Shapes","ascension_level":1}}