{"host":"npi2injwpr7l8z4q","time":1610641800,"event":{"mods":["BaseMod","Dark Map","Highlight Path","KOR Keyword Fix","Minty Spire (QoL Compilation)","Permanent Neow","Quick Restart","StSLib","The Poker Player","everything is the same but u backflip on backflip"],"gold_per_floor":[117,192,192,80,93,93,93,93,120,120,151,164,198,209,209,307,307,319,219,219,219,249,249,124,149,149,183,198,198,198,218,218,317,317,335,385,385,410,410,437,437,463,463,497,532,382,207,236,236,236],"floor_reached":51,"language":"KOR","playtime":3166,"items_purged":["PokerPlayerMod:Diamond1","PokerPlayerMod:SpadeStrike","PokerPlayerMod:DiamondStrike","PokerPlayerMod:Diamond3","PokerPlayerMod:DiamondStrike"],"score":1183,"play_id":"31cb4d08-4d88-44f2-a9d0-3b9b4e58a704","local_time":"20210115013000","daily_mods":["Draft","Flight","DeadlyEvents"],"is_ascension_mode":true,"metric_token":670,"campfire_choices":[{"data":"PokerPlayerMod:Raise","floor":6.0,"key":"SMITH"},{"data":"PokerPlayerMod:Raise","floor":7.0,"key":"SMITH"},{"data":"PokerPlayerMod:Sharpen","floor":8.0,"key":"SMITH"},{"data":"PokerPlayerMod:Sharpen","floor":10.0,"key":"SMITH"},{"data":"PokerPlayerMod:Raise","floor":15.0,"key":"SMITH"},{"data":"PokerPlayerMod:Diamond6","floor":23.0,"key":"SMITH"},{"data":"PokerPlayerMod:Diamond7","floor":29.0,"key":"SMITH"},{"data":"PokerPlayerMod:Diamond5","floor":30.0,"key":"SMITH"},{"data":"PokerPlayerMod:Diamond6","floor":32.0,"key":"SMITH"},{"data":"PokerPlayerMod:Diamond3","floor":41.0,"key":"PURGE"},{"data":"PokerPlayerMod:Raise","floor":49,"key":"SMITH"}],"circlet_count":0,"master_deck":["PokerPlayerMod:Diamond4","PokerPlayerMod:Raise+1","PokerPlayerMod:Sharpen+1","PokerPlayerMod:Spade4","PokerPlayerMod:Raise+1","PokerPlayerMod:Spade4","PokerPlayerMod:Raise+1","PokerPlayerMod:Diamond4","PokerPlayerMod:Diamond3","PokerPlayerMod:Sharpen+1","PokerPlayerMod:Diamond9","PokerPlayerMod:Diamond7","PokerPlayerMod:Diamond8","PokerPlayerMod:Spade5","PokerPlayerMod:Diamond8","PokerPlayerMod:Diamond8","PokerPlayerMod:Heart10+","PokerPlayerMod:Raise+1","PokerPlayerMod:Raise+1"],"relics":["PokerPlayerMod:DeckCase","Happy Flower","Bottled Tornado","Toy Ornithopter","Sundial","Torii","Anchor","PokerPlayerMod:FairLicense","Coffee Dripper","Peace Pipe","PreservedInsect","PokerPlayerMod:CoolBox","Boot","MealTicket","HornCleat","Omamori","Bag of Marbles"],"acts_visited":["Exordium","TheCity","TheBeyond"],"potions_floor_usage":[],"damage_taken":[{"damage":0.0,"enemies":"Small Slimes","floor":1.0,"turns":1.0},{"damage":0.0,"enemies":"Cultist","floor":5.0,"turns":2.0},{"damage":0.0,"enemies":"Gremlin Nob","floor":11.0,"turns":2.0},{"damage":0.0,"enemies":"2 Louse","floor":12.0,"turns":1.0},{"damage":0.0,"enemies":"Lagavulin","floor":13.0,"turns":2.0},{"damage":0.0,"enemies":"2 Fungi Beasts","floor":14.0,"turns":1.0},{"damage":12.0,"enemies":"The Guardian","floor":16.0,"turns":3.0},{"damage":0.0,"enemies":"Chosen","floor":18.0,"turns":2.0},{"damage":0.0,"enemies":"Gremlin Leader","floor":22.0,"turns":3.0},{"damage":22.0,"enemies":"Book of Stabbing","floor":25.0,"turns":3.0},{"damage":0.0,"enemies":"Slavers","floor":27.0,"turns":2.0},{"damage":0.0,"enemies":"Shell Parasite","floor":28.0,"turns":1.0},{"damage":15.0,"enemies":"Snecko","floor":31.0,"turns":3.0},{"damage":6.0,"enemies":"Automaton","floor":33.0,"turns":3.0},{"damage":0.0,"enemies":"Orb Walker","floor":35.0,"turns":2.0},{"damage":3.0,"enemies":"Mind Bloom Boss Battle","floor":36.0,"turns":3.0},{"damage":0.0,"enemies":"Reptomancer","floor":38.0,"turns":2.0},{"damage":7.0,"enemies":"Nemesis","floor":40.0,"turns":3.0},{"damage":0.0,"enemies":"Giant Head","floor":42.0,"turns":3.0},{"damage":0,"enemies":"Reptomancer","floor":44,"turns":3},{"damage":1,"enemies":"Giant Head","floor":45,"turns":4},{"damage":0,"enemies":"Nemesis","floor":48,"turns":3},{"damage":12,"enemies":"Donu and Deca","floor":50,"turns":4}],"seed_played":"-1787882872544045223","potions_obtained":[{"floor":1.0,"key":"SkillPotion"},{"floor":11.0,"key":"ColorlessPotion"},{"floor":16.0,"key":"PowerPotion"},{"floor":25.0,"key":"Regen Potion"},{"floor":31.0,"key":"BlessingOfTheForge"},{"floor":48,"key":"FearPotion"}],"is_trial":true,"path_per_floor":["M","?","?","$","M","R","R","R","T","R","E","M","E","M","R","B",null,"M","$","?","?","E","R","$","E","T","E","M","R","R","M","R","B",null,"M","?","?","E","T","E","R","E","T","E","E","$","$","E","R","B",null],"character_chosen":"THE_POKER_PLAYER","items_purchased":["PokerPlayerMod:Sharpen"],"campfire_rested":0,"item_purchase_floors":[4],"current_hp_per_floor":[52,41,41,41,41,41,41,41,41,41,41,41,41,41,41,29,52,52,52,52,47,52,52,52,30,30,40,40,40,40,37,37,31,52,52,52,52,52,52,52,52,52,52,52,52,52,52,52,52,52],"gold":236,"neow_bonus":"","is_daily":false,"chose_seed":false,"campfire_upgraded":10,"win_rate":0.0,"timestamp":1610641800,"path_taken":["M","?","?","$","?","R","R","R","T","R","E","M","E","M","R","BOSS","M","$","?","?","?","R","$","E","T","E","?","R","R","M","R","BOSS","M","?","?","?","?","E","R","E","T","E","E","?","$","?","R","BOSS"],"items_purchased_type":["Card"],"build_version":"2020-12-22","purchased_purges":5,"victory":true,"max_hp_per_floor":[52,52,52,52,52,52,52,52,52,52,52,52,52,52,52,52,52,52,52,52,52,52,52,52,52,52,52,52,52,52,52,52,52,52,52,52,52,52,52,52,52,52,52,52,52,52,52,52,52,52],"card_choices":[{"not_picked":["PokerPlayerMod:ClubDance","PokerPlayerMod:Spade1"],"picked":"PokerPlayerMod:Diamond4","floor":0.0},{"not_picked":["PokerPlayerMod:ClubsClub","PokerPlayerMod:DartThrow"],"picked":"PokerPlayerMod:Raise","floor":0.0},{"not_picked":["PokerPlayerMod:Club3","PokerPlayerMod:DiamondStrike"],"picked":"PokerPlayerMod:Diamond1","floor":0.0},{"not_picked":["PokerPlayerMod:Spade4","PokerPlayerMod:ClubShade"],"picked":"PokerPlayerMod:Diamond3","floor":0.0},{"not_picked":["PokerPlayerMod:HotShotCut","PokerPlayerMod:Trickery"],"picked":"PokerPlayerMod:DiamondStrike","floor":0.0},{"not_picked":["PokerPlayerMod:Trickery","PokerPlayerMod:Raise"],"picked":"PokerPlayerMod:Sharpen","floor":0.0},{"not_picked":["PokerPlayerMod:Heart1","PokerPlayerMod:Fold"],"picked":"PokerPlayerMod:DiamondStrike","floor":0.0},{"not_picked":["PokerPlayerMod:Fold","PokerPlayerMod:FlyingCard"],"picked":"PokerPlayerMod:SpadeStrike","floor":0.0},{"not_picked":["PokerPlayerMod:Diamond2","PokerPlayerMod:ClubsClub"],"picked":"PokerPlayerMod:Spade4","floor":0.0},{"not_picked":["PokerPlayerMod:SpadeStrike","PokerPlayerMod:Configure"],"picked":"PokerPlayerMod:Raise","floor":0.0},{"not_picked":["PokerPlayerMod:DamnStraight","PokerPlayerMod:Heart4"],"picked":"PokerPlayerMod:Diamond3","floor":0.0},{"not_picked":["PokerPlayerMod:Diamond1","PokerPlayerMod:Club1"],"picked":"PokerPlayerMod:Spade4","floor":0.0},{"not_picked":["PokerPlayerMod:Club3","PokerPlayerMod:Club2"],"picked":"PokerPlayerMod:Raise","floor":0.0},{"not_picked":["PokerPlayerMod:ClubShade","PokerPlayerMod:CloakAndDiamond"],"picked":"PokerPlayerMod:Diamond4","floor":0.0},{"not_picked":["PokerPlayerMod:CloakAndDiamond","PokerPlayerMod:Configure"],"picked":"PokerPlayerMod:Diamond3","floor":0.0},{"not_picked":["PokerPlayerMod:SecondChance","PokerPlayerMod:SpadeStrike","PokerPlayerMod:CardBurn"],"picked":"SKIP","floor":1.0},{"not_picked":["PokerPlayerMod:Sharpen","PokerPlayerMod:Club2","PokerPlayerMod:Diamond1"],"picked":"SKIP","floor":5.0},{"not_picked":["PokerPlayerMod:ClubStrike","PokerPlayerMod:Extraction"],"picked":"PokerPlayerMod:Diamond9","floor":11.0},{"not_picked":["PokerPlayerMod:Configure","PokerPlayerMod:Spade3"],"picked":"PokerPlayerMod:Diamond5","floor":12.0},{"not_picked":["PokerPlayerMod:Diamond3","PokerPlayerMod:Club2"],"picked":"PokerPlayerMod:Diamond8","floor":13.0},{"not_picked":["PokerPlayerMod:ClubsClub","PokerPlayerMod:Club2"],"picked":"PokerPlayerMod:Spade5","floor":14.0},{"not_picked":["PokerPlayerMod:Spade9","PokerPlayerMod:WasteCollection"],"picked":"PokerPlayerMod:Diamond8","floor":16.0},{"not_picked":["PokerPlayerMod:Heart2","PokerPlayerMod:Diamond5"],"picked":"PokerPlayerMod:Diamond6","floor":18.0},{"not_picked":["PokerPlayerMod:DartThrow","PokerPlayerMod:DiamondStrike+1","PokerPlayerMod:Club8"],"picked":"SKIP","floor":22.0},{"not_picked":["PokerPlayerMod:Diamond1","PokerPlayerMod:HotShotCut+1","PokerPlayerMod:HiddenCard+1"],"picked":"SKIP","floor":25.0},{"not_picked":["PokerPlayerMod:MagicTrick+1","PokerPlayerMod:Diamond5","PokerPlayerMod:Diamond3"],"picked":"SKIP","floor":27.0},{"not_picked":["PokerPlayerMod:Spade5","PokerPlayerMod:Spade2"],"picked":"PokerPlayerMod:Raise+1","floor":28.0},{"not_picked":["PokerPlayerMod:Spade3","PokerPlayerMod:Club2","PokerPlayerMod:CloakAndDiamond"],"picked":"SKIP","floor":31.0},{"not_picked":["PokerPlayerMod:Spade1","PokerPlayerMod:Trickery+1","PokerPlayerMod:CloakAndDiamond"],"picked":"SKIP","floor":35.0},{"not_picked":["PokerPlayerMod:Fold+1","PokerPlayerMod:Extraction"],"picked":"PokerPlayerMod:Raise","floor":36.0},{"not_picked":["PokerPlayerMod:Promotion","PokerPlayerMod:CloakAndDiamond+1","PokerPlayerMod:Diamond2"],"picked":"SKIP","floor":38.0},{"not_picked":["PokerPlayerMod:Fold+1","PokerPlayerMod:ClubsClub+1","PokerPlayerMod:SpadeStrike"],"picked":"SKIP","floor":40.0},{"not_picked":["PokerPlayerMod:Diamond3","PokerPlayerMod:Fold+1","PokerPlayerMod:Club4"],"picked":"SKIP","floor":42.0},{"not_picked":["PokerPlayerMod:Spade2","PokerPlayerMod:SpadeStrike","PokerPlayerMod:CloakAndDiamond+1"],"picked":"SKIP","floor":44},{"not_picked":["PokerPlayerMod:Spade2","PokerPlayerMod:SpadeStrike","PokerPlayerMod:CloakAndDiamond+1"],"picked":"SKIP","floor":44},{"not_picked":["PokerPlayerMod:Trickery","PokerPlayerMod:SpadeStrike+1","PokerPlayerMod:HotShotCut+1"],"picked":"SKIP","floor":45},{"not_picked":["PokerPlayerMod:CardBurn","PokerPlayerMod:DartThrow","PokerPlayerMod:Spade3"],"picked":"SKIP","floor":48}],"player_experience":194622,"relics_obtained":[{"floor":9.0,"key":"Happy Flower"},{"floor":11.0,"key":"Bottled Tornado"},{"floor":13.0,"key":"Toy Ornithopter"},{"floor":22.0,"key":"Sundial"},{"floor":25.0,"key":"Torii"},{"floor":26.0,"key":"Anchor"},{"floor":27.0,"key":"PokerPlayerMod:FairLicense"},{"floor":36.0,"key":"Peace Pipe"},{"floor":38.0,"key":"PreservedInsect"},{"floor":39.0,"key":"PokerPlayerMod:CoolBox"},{"floor":40.0,"key":"Boot"},{"floor":42.0,"key":"MealTicket"},{"floor":44,"key":"HornCleat"},{"floor":45,"key":"Omamori"},{"floor":48,"key":"Bag of Marbles"}],"event_choices":[{"damage_healed":0.0,"max_hp_gain":0.0,"max_hp_loss":0.0,"gold_gain":75.0,"event_name":"World of Goop","player_choice":"Gather Gold","floor":2.0,"gold_loss":0.0,"damage_taken":11.0},{"damage_healed":0.0,"max_hp_gain":0.0,"max_hp_loss":0.0,"gold_gain":0.0,"event_name":"Match and Keep!","player_choice":"0 cards matched","floor":3.0,"gold_loss":0.0,"damage_taken":0.0,"cards_obtained":[]},{"damage_healed":0.0,"max_hp_gain":0.0,"max_hp_loss":0.0,"gold_gain":0.0,"event_name":"The Library","player_choice":"Read","floor":20.0,"gold_loss":0.0,"damage_taken":0.0,"cards_obtained":["PokerPlayerMod:Heart10"]},{"damage_healed":0.0,"max_hp_gain":0.0,"max_hp_loss":0.0,"gold_gain":0.0,"event_name":"Wheel of Change","player_choice":"Damaged","floor":21.0,"gold_loss":0.0,"damage_taken":5.0},{"damage_healed":0.0,"max_hp_gain":0.0,"max_hp_loss":0.0,"gold_gain":0.0,"event_name":"MindBloom","player_choice":"Fight","floor":36.0,"gold_loss":0.0,"damage_taken":0.0},{"damage_healed":0.0,"max_hp_gain":0.0,"max_hp_loss":0.0,"gold_gain":0.0,"event_name":"Match and Keep!","player_choice":"0 cards matched","floor":37.0,"gold_loss":0.0,"damage_taken":0.0,"cards_obtained":[]}],"is_beta":false,"boss_relics":[{"not_picked":["Cursed Key","Astrolabe","Calling Bell"]},{"not_picked":["SlaversCollar","Empty Cage"],"picked":"Coffee Dripper"}],"items_purged_floors":[4,19,24,46,47],"is_endless":false,"potions_floor_spawned":[1,11,16,22,25,31,35,44,45,48],"ascension_level":1}}