{"host":"5padt50u07xd1iby","time":1610624438,"event":{"mods":["AchievementEnabler","Aspiration","BaseMod","Colored Map","Colored Powertips","Conspire","Dark Map","Downfall","Hubris","Minty Spire (QoL Compilation)","Replay The Spire","Retaliation","Shop Mod","StSLib","SuperFastMode","The Blue Laboratory","everything is the same but u backflip on backflip"],"gold_per_floor":[113,388,155,169,185,185,201,201,201,201,201,220,245,275,275,372,372,385,443,443,424,136,166,197,147,147,176,176,176],"floor_reached":28,"language":"ENG","playtime":2276,"items_purged":["Regret"],"score":281,"play_id":"8cf917d0-c891-4b24-b60b-e005e53473c3","local_time":"20210114124038","is_ascension_mode":false,"campfire_choices":[{"data":"ReplayTheSpireMod:GoodbyeWorld","floor":6,"key":"SMITH"},{"data":"Hello World","floor":8,"key":"SMITH"},{"data":"Chill","floor":15,"key":"SMITH"}],"circlet_count":0,"master_deck":["Strike_B","Strike_B","Strike_B","Strike_B","Defend_B","Defend_B","Defend_B","Zap","Dualcast","BootSequence","Reboot","Lockon","ReplayTheSpireMod:GoodbyeWorld+1","Hello World+1","Machine Learning","Chill+1","Amplify","Fusion","Defragment","Ball Lightning+1","FTL+1","Capacitor","HandOfGreed","ReplayTheSpireMod:Reroute Power","Buffer","Reprogram"],"relics":["Cracked Core","aspiration:DSix","Anchor","Omamori","conspire:RunicOctahedron","Vajra","Ring of Peace","Ring of Misfortune","Orichalcum","Dream Catcher","MealTicket"],"acts_visited":["Exordium","TheCity"],"potions_floor_usage":[23,27],"damage_taken":[{"damage":1,"enemies":"Jaw Worm","floor":1,"turns":4},{"damage":1,"enemies":"Cultist","floor":4,"turns":3},{"damage":0,"enemies":"Small Slimes","floor":5,"turns":3},{"damage":3,"enemies":"Red Slaver","floor":7,"turns":4},{"damage":1,"enemies":"Large Slime","floor":12,"turns":4},{"damage":21,"enemies":"Lagavulin","floor":13,"turns":6},{"damage":44,"enemies":"The Guardian","floor":16,"turns":15},{"damage":20,"enemies":"Chosen","floor":18,"turns":5},{"damage":0,"enemies":"2 Thieves","floor":21,"turns":4},{"damage":5,"enemies":"Book of Stabbing","floor":23,"turns":6},{"damage":0,"enemies":"Centurion and Healer","floor":24,"turns":7},{"damage":0,"enemies":"Slavers","floor":27,"turns":9},{"damage":161,"enemies":"Snake Plant","floor":28,"turns":5}],"seed_played":"7430192150216031819","potions_obtained":[{"floor":4,"key":"Strength Potion"},{"floor":5,"key":"blueLaboratory:TrueEctoplasm"},{"floor":13,"key":"Languid Potion"},{"floor":16,"key":"blueLaboratory:HummingbirdPotion"},{"floor":19,"key":"Slimebound:ThreeZeroPotion"},{"floor":21,"key":"ColorlessPotion"}],"is_trial":false,"path_per_floor":["M","?","$","M","M","R","M","R","T","?","?","M","E","?","R","B",null,"M","?","?","M","$","E","M","?","T","E","M"],"character_chosen":"DEFECT","items_purchased":["Reboot","FTL+1","Capacitor","HandOfGreed"],"campfire_rested":0,"item_purchase_floors":[3,22,22,22],"current_hp_per_floor":[74,74,74,73,73,73,70,70,70,70,75,74,53,53,53,9,75,55,25,25,25,25,20,20,20,20,20,0,0],"gold":176,"neow_bonus":"DSIX","is_daily":false,"chose_seed":false,"campfire_upgraded":3,"win_rate":0.0,"timestamp":1610624438,"path_taken":["M","?","?","?","M","R","M","R","T","?","?","?","E","?","R","BOSS","M","?","?","M","$","E","M","?","T","E","M"],"items_purchased_type":["Card","Card","Card","Card"],"build_version":"2020-12-22","purchased_purges":1,"victory":false,"max_hp_per_floor":[75,75,75,75,75,75,75,75,75,75,75,75,75,75,75,75,75,75,75,75,75,75,75,75,75,75,75,75,75],"card_choices":[{"not_picked":["Conserve Battery","Go for the Eyes"],"picked":"BootSequence","floor":1},{"not_picked":["Chaos","BootSequence"],"picked":"Lockon","floor":4},{"not_picked":["Cold Snap","Leap"],"picked":"ReplayTheSpireMod:GoodbyeWorld","floor":5},{"not_picked":["Ball Lightning","Go for the Eyes"],"picked":"Hello World","floor":7},{"not_picked":["Coolheaded","Compile Driver"],"picked":"Machine Learning","floor":12},{"not_picked":["Double Energy","Coolheaded"],"picked":"Chill","floor":13},{"not_picked":["Biased Cognition","Multi-Cast"],"picked":"Amplify","floor":16},{"not_picked":["Cold Snap","Compile Driver"],"picked":"Fusion","floor":18},{"not_picked":["Crystallizer","Stack"],"picked":"Defragment","floor":19},{"not_picked":["Rebound","Loop"],"picked":"Ball Lightning+1","floor":21},{"not_picked":["Time Bomb+1","Beam Cell"],"picked":"ReplayTheSpireMod:Reroute Power","floor":23},{"not_picked":["Force Field","Hologram"],"picked":"Buffer","floor":24},{"not_picked":["Streamline","Fusion"],"picked":"Reprogram","floor":27}],"player_experience":101635,"relics_obtained":[{"floor":13,"key":"Anchor"},{"floor":19,"key":"Vajra"},{"floor":20,"key":"Ring of Peace"},{"floor":20,"key":"Ring of Misfortune"},{"floor":23,"key":"Orichalcum"},{"floor":26,"key":"Dream Catcher"},{"floor":27,"key":"MealTicket"}],"event_choices":[{"damage_healed":0,"gold_gain":275,"player_choice":"Desecrate","damage_taken":0,"max_hp_gain":0,"max_hp_loss":0,"event_name":"Golden Shrine","floor":2,"gold_loss":0,"cards_obtained":["Regret"]},{"cards_removed":["Doom and Gloom"],"damage_healed":5,"gold_gain":0,"player_choice":"Offered Uncommon","damage_taken":0,"max_hp_gain":0,"max_hp_loss":0,"event_name":"Bonfire Elementals","floor":11,"gold_loss":0},{"damage_healed":0,"gold_gain":30,"player_choice":"Searched \u00273\u0027 times","damage_taken":0,"relics_obtained":["Omamori"],"max_hp_gain":0,"max_hp_loss":0,"event_name":"Dead Adventurer","floor":14,"gold_loss":0},{"damage_healed":0,"gold_gain":0,"player_choice":"Bet on Murderer","damage_taken":0,"max_hp_gain":0,"max_hp_loss":0,"event_name":"The Joust","floor":25,"gold_loss":50}],"is_beta":false,"boss_relics":[{"not_picked":["aspiration:SecretTechniqueScroll","Ring of Chaos"],"picked":"conspire:RunicOctahedron"}],"items_purged_floors":[3],"is_endless":false,"potions_floor_spawned":[4,5,13,16,18,21],"killed_by":"Snake Plant","ascension_level":0}}