{"host":"xkfvvb2eqyo6l3km","time":1610664851,"event":{"mods":["AchievementEnabler","BaseMod","Better Third Choice","BetterRewards","Colored Map","Colored Powertips","DeckTracker","Energized Spire","Force Act Four","Jorbs\u0027s Wanderer Trilogy","Minty Spire (QoL Compilation)","Permanent Neow","Replay The Spire","Spicy Shops","StSLib","The Blackbeard","The Blue Laboratory","The Disciple","The Hierophant","The Necromancer","The Sage","The Valiant","vexMod"],"gold_per_floor":[118,133,145,161,176,176,205,205,205,221,221,237,262,281,281,281,281],"floor_reached":16,"language":"ENG","playtime":671,"items_purged":[],"score":106,"play_id":"9039bb67-a8b7-4af2-b1f5-d6f4f877124a","local_time":"20210114205411","is_ascension_mode":false,"campfire_choices":[{"floor":6,"key":"RECALL"},{"data":"Finisher","floor":8,"key":"SMITH"},{"data":"Blade Dance","floor":11,"key":"SMITH"},{"data":"Neutralize","floor":15,"key":"SMITH"}],"circlet_count":0,"master_deck":["Strike_G","Strike_G","Strike_G","Strike_G","Strike_G","Defend_G","Defend_G","Defend_G","Defend_G","Defend_G","Survivor","Neutralize+1","Finisher+1","Blade Dance+1","Flying Knee","Hidden Blade","Dagger Throw","Slice","Dagger Spray","Choke","Dagger Throw","Flying Knee","Blade Dance"],"relics":["Ring of the Snake","Byrd Skull","Odd Mushroom"],"acts_visited":["Exordium"],"potions_floor_usage":[7,7,10,16],"damage_taken":[{"damage":0,"enemies":"Jaw Worm","floor":1,"turns":3},{"damage":0,"enemies":"2 Louse","floor":2,"turns":4},{"damage":0,"enemies":"Small Slimes","floor":3,"turns":3},{"damage":4,"enemies":"Looter","floor":4,"turns":3},{"damage":4,"enemies":"Blue Slaver","floor":5,"turns":3},{"damage":6,"enemies":"Gremlin Nob","floor":7,"turns":3},{"damage":0,"enemies":"Exordium Wildlife","floor":10,"turns":3},{"damage":4,"enemies":"Gremlin Gang","floor":12,"turns":3},{"damage":6,"enemies":"The Mushroom Lair","floor":13,"turns":3},{"damage":12,"enemies":"3 Louse","floor":14,"turns":4},{"damage":40,"enemies":"The Guardian","floor":16,"turns":7}],"seed_played":"-6882776718193441507","potions_obtained":[{"floor":1,"key":"PowerPotion"},{"floor":5,"key":"Swift Potion"},{"floor":10,"key":"Fruit Juice"},{"floor":13,"key":"blueLaboratory:HorrorPotion"},{"floor":14,"key":"blueLaboratory:Moonshine"}],"is_trial":false,"path_per_floor":["M","M","M","M","M","R","E","R","T","M","R","M","?","M","R","B"],"character_chosen":"THE_SILENT","items_purchased":[],"campfire_rested":0,"item_purchase_floors":[],"current_hp_per_floor":[70,70,70,66,62,62,56,56,56,61,61,57,51,39,39,0,0],"gold":281,"neow_bonus":"THREE_CARDS","is_daily":false,"chose_seed":false,"campfire_upgraded":3,"win_rate":0.0,"timestamp":1610664851,"path_taken":["M","M","M","M","M","R","E","R","T","M","R","M","?","M","R","BOSS"],"items_purchased_type":[],"build_version":"2020-12-22","purchased_purges":0,"victory":false,"max_hp_per_floor":[70,70,70,70,70,70,70,70,70,75,75,75,75,75,75,75,75],"card_choices":[{"not_picked":["Dagger Spray","Outmaneuver"],"picked":"Finisher","floor":0},{"not_picked":["Deflect","Tactician"],"picked":"Blade Dance","floor":1},{"not_picked":["Masterful Stab","Calculated Gamble"],"picked":"Flying Knee","floor":2},{"not_picked":["Acrobatics","Underhanded Strike"],"picked":"Hidden Blade","floor":3},{"not_picked":["ReplayTheSpireMod:Speed Training","ReplayTheSpireMod:The Works"],"picked":"Dagger Throw","floor":4},{"not_picked":["Phantasmal Killer","Hidden Blade"],"picked":"Slice","floor":5},{"not_picked":["Corpse Explosion","Deflect"],"picked":"Dagger Spray","floor":7},{"not_picked":["Deadly Poison","Leg Sweep"],"picked":"Choke","floor":10},{"not_picked":["Deadly Poison","Acrobatics"],"picked":"Dagger Throw","floor":12},{"not_picked":["Crippling Poison","Eviscerate"],"picked":"Flying Knee","floor":13},{"not_picked":["Heel Hook","Endless Agony"],"picked":"Blade Dance","floor":14}],"player_experience":263102,"relics_obtained":[{"floor":7,"key":"Byrd Skull"},{"floor":13,"key":"Odd Mushroom"}],"event_choices":[{"damage_healed":0,"gold_gain":0,"player_choice":"Fought Mushrooms","damage_taken":0,"max_hp_gain":0,"max_hp_loss":0,"event_name":"Mushrooms","floor":13,"gold_loss":0}],"is_beta":false,"boss_relics":[],"items_purged_floors":[],"is_endless":false,"potions_floor_spawned":[1,5,10,13,14],"killed_by":"The Guardian","ascension_level":0}}