{"host":"daa8jqyg4gqfaysm","time":1610650345,"event":{"mods":["BaseMod","Colored Powertips","Minty Spire (QoL Compilation)","StSLib"],"gold_per_floor":[109,109,109,52,76,76,110,110,133,158,179,210,226,7,7,101,101,125,144,144,144],"floor_reached":20,"language":"ENG","playtime":814,"items_purged":["Strike_B"],"score":368,"play_id":"3f22326a-2dcb-4791-aebf-c8fff1b56627","local_time":"20210115025225","is_ascension_mode":true,"campfire_choices":[{"data":"Coolheaded","floor":6,"key":"SMITH"},{"data":"Compile Driver","floor":15,"key":"SMITH"}],"circlet_count":0,"master_deck":["AscendersBane","Strike_B","Strike_B","Strike_B","Defend_B","Defend_B","Defend_B","Defend_B","Zap","Dualcast","Lockon+1","Coolheaded+1","Ball Lightning+1","Chaos+1","Core Surge","Compile Driver+1","Hologram+1","Leap+1","Echo Form","Coolheaded+1","Self Repair"],"relics":["SlaversCollar","Golden Idol","Toxic Egg 2","Potion Belt","Meat on the Bone","Membership Card","Fusion Hammer"],"acts_visited":["Exordium","TheCity"],"potions_floor_usage":[13,20],"damage_taken":[{"damage":2,"enemies":"Jaw Worm","floor":1,"turns":5},{"damage":2,"enemies":"2 Louse","floor":5,"turns":4},{"damage":15,"enemies":"Lagavulin","floor":7,"turns":6},{"damage":1,"enemies":"Cultist","floor":10,"turns":3},{"damage":2,"enemies":"Red Slaver","floor":11,"turns":4},{"damage":11,"enemies":"3 Sentries","floor":12,"turns":5},{"damage":0,"enemies":"Gremlin Gang","floor":13,"turns":4},{"damage":37,"enemies":"Slime Boss","floor":16,"turns":10},{"damage":0,"enemies":"Chosen","floor":18,"turns":4},{"damage":11,"enemies":"Shell Parasite","floor":19,"turns":7},{"damage":46,"enemies":"Chosen and Byrds","floor":20,"turns":8}],"seed_played":"4433741483058337214","potions_obtained":[{"floor":1,"key":"Block Potion"},{"floor":10,"key":"Fire Potion"},{"floor":18,"key":"FearPotion"}],"is_trial":false,"path_per_floor":["M","?","?","$","M","R","E","?","T","M","M","E","M","$","R","B",null,"M","M","M"],"character_chosen":"DEFECT","items_purchased":["Coolheaded","Membership Card","Leap+1"],"campfire_rested":0,"item_purchase_floors":[4,14,14],"current_hp_per_floor":[62,62,62,62,60,60,45,45,45,44,42,31,43,43,43,18,53,53,42,0,0],"gold":144,"neow_bonus":"BOSS_RELIC","is_daily":false,"chose_seed":false,"campfire_upgraded":2,"win_rate":0.0,"timestamp":1610650345,"path_taken":["M","?","?","$","M","R","E","?","T","M","M","E","?","?","R","BOSS","M","?","M"],"items_purchased_type":["Card","Relic","Card"],"build_version":"2020-12-22","purchased_purges":1,"victory":false,"max_hp_per_floor":[71,71,64,64,64,64,64,64,64,64,64,64,64,64,64,64,64,64,64,64,64],"card_choices":[{"not_picked":["Go for the Eyes","Force Field"],"picked":"Lockon","floor":1},{"not_picked":["Sweeping Beam","Redo"],"picked":"Ball Lightning","floor":5},{"not_picked":["Sweeping Beam","Force Field+1"],"picked":"Chaos+1","floor":7},{"not_picked":["Fusion+1","Compile Driver"],"picked":"Core Surge","floor":10},{"not_picked":["Cold Snap","Reprogram+1"],"picked":"Compile Driver","floor":11},{"not_picked":["Compile Driver","Rip and Tear"],"picked":"Hologram+1","floor":12},{"not_picked":["Ball Lightning","Compile Driver","Scrape"],"picked":"SKIP","floor":13},{"not_picked":["Rainbow+1","Multi-Cast+1"],"picked":"Echo Form","floor":16},{"not_picked":["Defragment","Steam+1"],"picked":"Coolheaded+1","floor":18},{"not_picked":["Compile Driver+1","Undo+1"],"picked":"Self Repair","floor":19}],"player_experience":823342,"relics_obtained":[{"floor":7,"key":"Toxic Egg 2"},{"floor":9,"key":"Potion Belt"},{"floor":12,"key":"Meat on the Bone"}],"event_choices":[{"damage_healed":0,"gold_gain":0,"player_choice":"Grow","damage_taken":0,"max_hp_gain":0,"max_hp_loss":0,"event_name":"Living Wall","floor":2,"gold_loss":0,"cards_upgraded":["Lockon"]},{"damage_healed":0,"gold_gain":0,"player_choice":"Lose Max HP","damage_taken":0,"relics_obtained":["Golden Idol"],"max_hp_gain":0,"max_hp_loss":7,"event_name":"Golden Idol","floor":3,"gold_loss":0},{"damage_healed":0,"gold_gain":0,"player_choice":"Upgraded","damage_taken":0,"max_hp_gain":0,"max_hp_loss":0,"event_name":"Upgrade Shrine","floor":8,"gold_loss":0,"cards_upgraded":["Ball Lightning"]}],"is_beta":false,"boss_relics":[{"not_picked":["Empty Cage","Pandora\u0027s Box"],"picked":"Fusion Hammer"}],"items_purged_floors":[14],"is_endless":false,"potions_floor_spawned":[1,10,18],"killed_by":"Chosen and Byrds","ascension_level":20}}