{"host":"oehe2dxjvdgux73m","time":1610598822,"event":{"mods":["AchievementEnabler","BaseMod","Colored Map","Colored Powertips","DeckTracker","Keyboard Shortcuts","Minty Spire (QoL Compilation)","Permanent Neow","Quick Restart","StSLib","SuperFastMode"],"gold_per_floor":[117,78,78,52,52,52,68,86,86,111,9,9,43,43,43,139,139,119,119,219,244,268,268,268,144,220,20,35,11,11,29,29,29,29],"floor_reached":33,"language":"KOR","playtime":1224,"items_purged":["Strike_G","Strike_G","Defend_G"],"score":401,"play_id":"18dac496-12c7-48f8-9677-8ea798d03e88","local_time":"20210114133342","is_ascension_mode":true,"campfire_choices":[{"data":"Cloak And Dagger","floor":6.0,"key":"SMITH"},{"data":"Blade Dance","floor":12.0,"key":"SMITH"},{"data":"Crippling Poison","floor":15.0,"key":"SMITH"},{"floor":23.0,"key":"REST"},{"data":"Prepared","floor":32.0,"key":"SMITH"}],"circlet_count":0,"master_deck":["AscendersBane","Defend_G","Defend_G","Defend_G","Defend_G","Survivor","Neutralize","Acrobatics","Calculated Gamble","Prepared+1","Well Laid Plans","Cloak And Dagger+1","Phantasmal Killer","Blur","Crippling Poison+1","Blade Dance+1","Adrenaline","Quick Slash+1","Underhanded Strike+1","Finisher","Backflip","Escape Plan","Blade Dance","Blade Dance"],"relics":["Ring of the Snake","Golden Idol","Orichalcum","Regal Pillow","Darkstone Periapt","Sozu","White Beast Statue"],"acts_visited":["Exordium","TheCity"],"potions_floor_usage":[],"damage_taken":[{"damage":7.0,"enemies":"Cultist","floor":1.0,"turns":5.0},{"damage":7.0,"enemies":"Small Slimes","floor":7.0,"turns":4.0},{"damage":0.0,"enemies":"Jaw Worm","floor":8.0,"turns":5.0},{"damage":1.0,"enemies":"Blue Slaver","floor":10.0,"turns":7.0},{"damage":4.0,"enemies":"Lagavulin","floor":13.0,"turns":5.0},{"damage":39.0,"enemies":"The Guardian","floor":16.0,"turns":17.0},{"damage":1.0,"enemies":"2 Thieves","floor":18.0,"turns":5.0},{"damage":11.0,"enemies":"Shell Parasite","floor":21.0,"turns":5.0},{"damage":22.0,"enemies":"Snake Plant","floor":22.0,"turns":5.0},{"damage":0.0,"enemies":"Snecko","floor":28.0,"turns":2.0},{"damage":0.0,"enemies":"Centurion and Healer","floor":31.0,"turns":5.0},{"damage":54,"enemies":"Automaton","floor":33,"turns":6}],"seed_played":"-7319732772882123193","potions_obtained":[{"floor":7.0,"key":"BlessingOfTheForge"},{"floor":8.0,"key":"Ancient Potion"},{"floor":10.0,"key":"SneckoOil"}],"is_trial":false,"path_per_floor":["M","$","?","$","?","R","M","M","T","M","$","R","E","T","R","B",null,"M","?","?","M","M","R","?","$","T","$","M","$","?","M","R","B"],"character_chosen":"THE_SILENT","items_purchased":["Well Laid Plans","Cloak And Dagger","Blade Dance","Backflip","Escape Plan","Blade Dance"],"campfire_rested":1,"item_purchase_floors":[2,4,11,25,27,29],"current_hp_per_floor":[56,56,56,56,56,56,49,49,49,48,48,48,44,44,44,5,45,44,44,44,33,11,43,43,43,43,43,43,43,43,43,43,0,0],"gold":29,"neow_bonus":"TRANSFORM_TWO_CARDS","is_daily":false,"chose_seed":false,"campfire_upgraded":4,"win_rate":0.0,"timestamp":1610598822,"path_taken":["M","$","?","$","?","R","M","M","T","M","?","R","E","?","R","BOSS","M","?","?","M","?","R","?","$","T","$","M","$","?","?","R","BOSS"],"items_purchased_type":["Card","Card","Card","Card","Card","Card"],"build_version":"2020-12-22","purchased_purges":3,"victory":false,"max_hp_per_floor":[63,63,58,58,58,58,58,58,58,58,58,58,58,58,58,58,58,58,58,58,58,58,58,58,58,58,58,58,58,58,58,58,58,58],"card_choices":[{"not_picked":["Bane","Finisher"],"picked":"Prepared","floor":1.0},{"not_picked":["Choke","Crippling Poison","Infinite Blades"],"picked":"SKIP","floor":7.0},{"not_picked":["Bouncing Flask","Eviscerate"],"picked":"Blur","floor":8.0},{"not_picked":["Flying Knee","Outmaneuver"],"picked":"Crippling Poison","floor":10.0},{"not_picked":["Flechettes","Caltrops","Quick Slash"],"picked":"SKIP","floor":13.0},{"not_picked":["Flechettes","Caltrops","Quick Slash"],"picked":"SKIP","floor":13.0},{"not_picked":["Die Die Die","Storm of Steel"],"picked":"Adrenaline","floor":16.0},{"not_picked":["Blur","Leg Sweep+1"],"picked":"Quick Slash+1","floor":18.0},{"not_picked":["Slice","Endless Agony"],"picked":"Underhanded Strike+1","floor":21.0},{"not_picked":["Calculated Gamble","Dash"],"picked":"Finisher","floor":22.0},{"not_picked":["Riddle With Holes","Setup","Finisher"],"picked":"SKIP","floor":28.0},{"not_picked":["Riddle With Holes+1","Bane"],"picked":"Blade Dance","floor":31.0}],"player_experience":175195,"relics_obtained":[{"floor":9.0,"key":"Orichalcum"},{"floor":13.0,"key":"Regal Pillow"},{"floor":14.0,"key":"Darkstone Periapt"},{"floor":26.0,"key":"White Beast Statue"}],"event_choices":[{"damage_healed":0.0,"max_hp_gain":0.0,"max_hp_loss":5.0,"gold_gain":0.0,"event_name":"Golden Idol","player_choice":"Lose Max HP","floor":3.0,"gold_loss":0.0,"damage_taken":0.0,"relics_obtained":["Golden Idol"]},{"damage_healed":0.0,"max_hp_gain":0.0,"max_hp_loss":0.0,"gold_gain":0.0,"cards_transformed":["Strike_G"],"event_name":"Living Wall","player_choice":"Change","floor":5.0,"gold_loss":0.0,"damage_taken":0.0,"cards_obtained":["Phantasmal Killer"]},{"damage_healed":0.0,"max_hp_gain":0.0,"max_hp_loss":0.0,"gold_gain":0.0,"event_name":"Ghosts","player_choice":"Ignored","floor":19.0,"gold_loss":0.0,"damage_taken":0.0},{"damage_healed":0.0,"max_hp_gain":0.0,"max_hp_loss":0.0,"gold_gain":100.0,"event_name":"Golden Shrine","player_choice":"Pray","floor":20.0,"gold_loss":0.0,"damage_taken":0.0},{"damage_healed":0.0,"max_hp_gain":0.0,"max_hp_loss":0.0,"gold_gain":0.0,"event_name":"Vampires","player_choice":"Ignored","floor":24.0,"gold_loss":0.0,"damage_taken":0.0},{"damage_healed":0.0,"max_hp_gain":0.0,"max_hp_loss":0.0,"gold_gain":0.0,"event_name":"WeMeetAgain","player_choice":"Ignored","floor":30.0,"gold_loss":0.0,"damage_taken":0.0}],"is_beta":false,"boss_relics":[{"not_picked":["SacredBark","Coffee Dripper"],"picked":"Sozu"}],"items_purged_floors":[11,25,27],"is_endless":false,"potions_floor_spawned":[7,8,10,22,28,31],"killed_by":"Automaton","ascension_level":13}}