{"host":"7uuqqk35leady37t","time":1610613727,"event":{"mods":["BaseMod","Colored Map","Colored Powertips","Marisa£®ÏF”Í°°ƒß¿Ì…≥£©","Minty Spire (QoL Compilation)","Relic Stats","Remilia£®¿Ÿ√◊¿Ú—«£©","Replay The Spire","Robot Space Explorer","StSLib","The Bug Knight","The Servant 0.9.4","UnlockEverythingMod","Waifu the Spire","Yuri Mod","[IsaacMod]“‘»ˆº‚À˛"],"gold_per_floor":[118,118,143,164,164,202,38,57,81,119,119,137,137,170,170,170,170],"floor_reached":16,"language":"ZHS","playtime":787,"items_purged":[],"score":290,"play_id":"a01ecf66-c767-42d5-b47d-a9fee92d1df3","local_time":"20210114164207","is_ascension_mode":true,"campfire_choices":[{"floor":13.0,"key":"REST"},{"floor":15,"key":"REST"}],"circlet_count":0,"master_deck":["AscendersBane","Strike_P","Strike_P","Strike_P","Defend_P","Defend_P","Defend_P","Eruption","Vigilance","BloodyBrimstone","Weave","JustLucky","ThirdEye","Collect","Pray","Study","ConjureBlade+1","FlurryOfBlows","Pot Of Greed","Pot Of Greed","Study"],"relics":["PureWater","HushsDoor","GuppysHead","Golden Idol","Smiling Mask","TheBean","ReplayTheSpireMod:TigerMarble","Golden Egg","Grinning Jar"],"acts_visited":["Exordium"],"potions_floor_usage":[14,16],"damage_taken":[{"damage":4.0,"enemies":"Jaw Worm","floor":1.0,"turns":2.0},{"damage":2.0,"enemies":"Small Slimes","floor":3.0,"turns":3.0},{"damage":4.0,"enemies":"2 Louse","floor":4.0,"turns":3.0},{"damage":36.0,"enemies":"Lagavulin","floor":6.0,"turns":7.0},{"damage":0.0,"enemies":"2 Fungi Beasts","floor":8.0,"turns":1.0},{"damage":0.0,"enemies":"Gremlin Nob","floor":10.0,"turns":3.0},{"damage":6.0,"enemies":"Exordium Thugs","floor":12.0,"turns":3.0},{"damage":1,"enemies":"3 Sentries","floor":14,"turns":2},{"damage":49,"enemies":"Slime Boss","floor":16,"turns":6}],"seed_played":"-6831656730705995312","potions_obtained":[{"floor":3.0,"key":"PowerPotion"},{"floor":4.0,"key":"SteroidPotion"},{"floor":8.0,"key":"Toxic Potion"},{"floor":12.0,"key":"SteroidPotion"},{"floor":14,"key":"Fire Potion"}],"is_trial":false,"path_per_floor":["M","?","M","M","?","E","$","M","T","E","?","M","R","E","R","B"],"character_chosen":"WATCHER","items_purchased":["TheBean"],"campfire_rested":2,"item_purchase_floors":[7],"current_hp_per_floor":[63,63,61,57,57,21,21,21,21,21,14,8,25,24,40,0,0],"gold":170,"neow_bonus":"TEN_PERCENT_HP_BONUS","is_daily":false,"chose_seed":false,"campfire_upgraded":0,"win_rate":0.0,"timestamp":1610613727,"path_taken":["M","?","M","M","?","E","$","M","T","E","?","M","R","E","R","BOSS"],"items_purchased_type":["Relic"],"build_version":"2020-12-22","purchased_purges":0,"victory":false,"max_hp_per_floor":[74,67,67,67,67,67,67,64,64,61,61,58,58,55,55,52,52],"relic_stats":{"counters":[9,30],"Golden Idol":40,"Smiling Mask":0,"obtain_stats":[{"KeepersGift":0,"Golden Egg":10,"TheBean":7,"Golden Idol":2,"ReplayTheSpireMod:TigerMarble":9,"GuppysHead":0,"PureWater":0,"Grinning Jar":14,"HushsDoor":0,"Smiling Mask":6},{"KeepersGift":0,"Golden Egg":6,"TheBean":4,"Golden Idol":1,"ReplayTheSpireMod:TigerMarble":5,"GuppysHead":0,"PureWater":0,"Grinning Jar":8,"HushsDoor":0,"Smiling Mask":4},{"KeepersGift":0,"Golden Egg":19,"TheBean":15,"Golden Idol":2,"ReplayTheSpireMod:TigerMarble":16,"GuppysHead":0,"PureWater":0,"Grinning Jar":24,"HushsDoor":0,"Smiling Mask":15}]},"card_choices":[{"not_picked":[],"picked":"BloodyBrimstone","floor":0.0},{"not_picked":["Evaluate","FearNoEvil"],"picked":"Weave","floor":1.0},{"not_picked":["Consecrate","TalkToTheHand"],"picked":"JustLucky","floor":3.0},{"not_picked":["EmptyBody","CarveReality"],"picked":"ThirdEye","floor":4.0},{"not_picked":["Bomb","LessonLearned"],"picked":"Pray","floor":6.0},{"not_picked":["CarveReality","FlyingSleeves"],"picked":"Study","floor":8.0},{"not_picked":["WaveOfTheHand","Protect"],"picked":"ConjureBlade","floor":10.0},{"not_picked":["Replay:AtTheReady","Crescendo"],"picked":"FlurryOfBlows","floor":12.0},{"not_picked":["Adaptation","Protect"],"picked":"Study","floor":14}],"player_experience":55209,"relics_obtained":[{"floor":6.0,"key":"Smiling Mask"},{"floor":9.0,"key":"ReplayTheSpireMod:TigerMarble"},{"floor":10.0,"key":"Golden Egg"},{"floor":14,"key":"Grinning Jar"}],"event_choices":[{"damage_healed":0.0,"max_hp_gain":0.0,"max_hp_loss":7.0,"gold_gain":0.0,"event_name":"Golden Idol","player_choice":"Lose Max HP","floor":2.0,"gold_loss":0.0,"damage_taken":0.0,"relics_obtained":["Golden Idol"]},{"damage_healed":0.0,"max_hp_gain":0.0,"max_hp_loss":0.0,"gold_gain":0.0,"cards_transformed":["Strike_P"],"event_name":"Living Wall","player_choice":"Change","floor":5.0,"gold_loss":0.0,"damage_taken":0.0,"cards_obtained":["Collect"]},{"cards_removed":["Defend_P"],"damage_healed":0.0,"max_hp_gain":0.0,"max_hp_loss":0.0,"gold_gain":0.0,"event_name":"Golden Wing","player_choice":"Card Removal","floor":11.0,"gold_loss":0.0,"damage_taken":7.0}],"is_beta":false,"boss_relics":[],"items_purged_floors":[],"is_endless":false,"potions_floor_spawned":[3,4,8,12,14],"killed_by":"Slime Boss","ascension_level":20}}