{"host":"qgkp8fvf2r7f4qmn","time":1610626489,"event":{"mods":["AchievementEnabler","BaseMod","Colored Map","Minty Spire (QoL Compilation)","Rare Cards Sparkle","SuperFastMode"],"gold_per_floor":[110,128,128,128,147,147,97,122,122,142,142,157,4,4,4,109,109,125,10,23,39,39,72,72,122,170,186,196,23,42,0,0,100,100,118,128,80,80,80,112,90,90,90,117,117,117,135,151,151,151],"floor_reached":51,"language":"KOR","playtime":3043,"items_purged":["Feel No Pain","Strike_R"],"score":840,"play_id":"de5999bd-2072-496b-be6c-000f656b4f3b","local_time":"20210114211449","is_ascension_mode":false,"campfire_choices":[{"data":"Shockwave","floor":6,"key":"SMITH"},{"floor":11,"key":"REST"},{"data":"Headbutt","floor":15,"key":"SMITH"},{"data":"Barricade","floor":24,"key":"SMITH"},{"data":"Rampage","floor":32,"key":"SMITH"},{"data":"Entrench","floor":42,"key":"SMITH"},{"data":"Flame Barrier","floor":49,"key":"SMITH"}],"circlet_count":0,"master_deck":["Strike_R+1","Defend_R+1","Bash+1","Shockwave+1","Shrug It Off+1","Feed+1","Headbutt+1","Headbutt+1","Barricade+1","Thunderclap+1","Shockwave+1","Ghostly Armor+1","Ghostly Armor+1","Rampage+1","Body Slam+1","Flex+1","Entrench+1","Fire Breathing+1","Rage+1","Sadistic Nature+1","Iron Wave+1","Headbutt+1","Writhe","Headbutt+1","Flame Barrier+1"],"relics":["Burning Blood","NeowsBlessing","Oddly Smooth Stone","Question Card","DollysMirror","Coffee Dripper","Strawberry","Bag of Marbles","Empty Cage","Frozen Egg 2","Bottled Tornado","HornCleat","Mark of the Bloom"],"acts_visited":["Exordium","TheCity","TheBeyond"],"potions_floor_usage":[10,12,30,30,37,47,47,47,48],"damage_taken":[{"damage":0,"enemies":"Cultist","floor":1,"turns":1},{"damage":0,"enemies":"Jaw Worm","floor":2,"turns":1},{"damage":0,"enemies":"Small Slimes","floor":5,"turns":1},{"damage":22,"enemies":"Gremlin Gang","floor":10,"turns":5},{"damage":3,"enemies":"Large Slime","floor":12,"turns":8},{"damage":75,"enemies":"Hexaghost","floor":16,"turns":12},{"damage":0,"enemies":"Shell Parasite","floor":18,"turns":5},{"damage":13,"enemies":"2 Thieves","floor":20,"turns":4},{"damage":15,"enemies":"Snake Plant","floor":21,"turns":6},{"damage":15,"enemies":"Slavers","floor":23,"turns":10},{"damage":11,"enemies":"Shelled Parasite and Fungi","floor":27,"turns":5},{"damage":8,"enemies":"Centurion and Healer","floor":28,"turns":9},{"damage":25,"enemies":"Cultist and Chosen","floor":30,"turns":6},{"damage":0,"enemies":"Automaton","floor":33,"turns":10},{"damage":14,"enemies":"3 Darklings","floor":35,"turns":10},{"damage":25,"enemies":"3 Shapes","floor":36,"turns":5},{"damage":11,"enemies":"Nemesis","floor":40,"turns":9},{"damage":46,"enemies":"Reptomancer","floor":44,"turns":11},{"damage":24,"enemies":"Jaw Worm Horde","floor":47,"turns":4},{"damage":0,"enemies":"Transient","floor":48,"turns":5},{"damage":25,"enemies":"Time Eater","floor":50,"turns":16}],"seed_played":"4164960634103777130","potions_obtained":[{"floor":1,"key":"AttackPotion"},{"floor":5,"key":"LiquidMemories"},{"floor":12,"key":"FairyPotion"},{"floor":16,"key":"FearPotion"},{"floor":18,"key":"ElixirPotion"},{"floor":23,"key":"BloodPotion"},{"floor":27,"key":"Weak Potion"},{"floor":33,"key":"SpeedPotion"},{"floor":44,"key":"FearPotion"},{"floor":47,"key":"BloodPotion"}],"is_trial":false,"path_per_floor":["M","M","?","?","M","R","?","T","T","M","R","M","$","?","R","B",null,"M","$","M","M","?","E","R","?","T","M","M","$","M","?","R","B",null,"M","M","$","?","?","E","$","R","T","E","?","?","M","M","R","B",null],"character_chosen":"IRONCLAD","items_purchased":["DollysMirror","Shockwave","Entrench","BloodPotion","Headbutt"],"campfire_rested":1,"item_purchase_floors":[13,19,29,37,41],"current_hp_per_floor":[80,80,73,73,79,79,79,79,79,63,80,83,83,66,66,26,86,86,86,79,70,70,71,71,71,71,66,67,67,71,71,71,77,102,94,75,95,95,95,90,90,90,90,53,79,79,55,55,55,30],"gold":151,"neow_bonus":"THREE_ENEMY_KILL","is_daily":false,"chose_seed":false,"campfire_upgraded":6,"win_rate":0.0,"timestamp":1610626489,"path_taken":["M","?","?","?","?","R","?","?","T","M","R","M","$","?","R","BOSS","M","$","M","M","?","E","R","?","T","M","M","$","?","?","R","BOSS","M","M","$","?","?","E","$","R","T","E","?","?","M","M","R","BOSS"],"items_purchased_type":["Relic","Card","Card","Potion","Card"],"build_version":"2020-12-22","purchased_purges":2,"victory":true,"max_hp_per_floor":[80,80,80,80,80,80,80,80,80,80,80,83,83,83,83,86,86,86,86,86,86,86,96,96,96,96,96,99,99,102,102,102,102,102,102,102,102,102,102,102,102,102,102,105,105,105,109,109,109,109],"card_choices":[{"not_picked":["Whirlwind","Cleave"],"picked":"Shockwave","floor":1},{"not_picked":["Wild Strike","Body Slam"],"picked":"Feel No Pain","floor":2},{"not_picked":["Combust","Sentinel"],"picked":"Shrug It Off","floor":5},{"not_picked":["Clash","Heavy Blade","Iron Wave"],"picked":"Feed","floor":10},{"not_picked":["Thunderclap","Intimidate","Burning Pact"],"picked":"Headbutt","floor":12},{"not_picked":["Exhume","Corruption","Reaper"],"picked":"Barricade","floor":16},{"not_picked":["Armaments","Cleave","Combust"],"picked":"Thunderclap","floor":18},{"not_picked":["Sever Soul+1","Whirlwind","Perfected Strike"],"picked":"Ghostly Armor","floor":20},{"not_picked":["Sever Soul","Havoc","Uppercut"],"picked":"Ghostly Armor+1","floor":21},{"not_picked":["Armaments+1","Corruption","Rupture"],"picked":"Rampage","floor":23},{"not_picked":["Dark Embrace+1","Cleave","Clothesline"],"picked":"Body Slam","floor":27},{"not_picked":["Dual Wield","Clothesline","Perfected Strike"],"picked":"Flex","floor":28},{"not_picked":["Armaments","Wild Strike+1","Pommel Strike"],"picked":"Fire Breathing","floor":30},{"not_picked":["Heavy Blade+1","Flex+1","Warcry+1"],"picked":"Rage","floor":35},{"not_picked":["Pommel Strike","Twin Strike","Reckless Charge","True Grit"],"picked":"SKIP","floor":36},{"not_picked":["Jack Of All Trades","Discovery","Secret Technique"],"picked":"Sadistic Nature","floor":38},{"not_picked":["Dropkick+1","Rampage","Clash"],"picked":"Iron Wave+1","floor":40},{"not_picked":["Anger","Dark Embrace+1","Flex","Wild Strike"],"picked":"SKIP","floor":44},{"not_picked":["Wild Strike","Spot Weakness","Perfected Strike+1"],"picked":"Headbutt+1","floor":47},{"not_picked":["Cleave+1","Rupture+1","Clothesline"],"picked":"Flame Barrier","floor":48}],"player_experience":86319,"relics_obtained":[{"floor":8,"key":"Oddly Smooth Stone"},{"floor":9,"key":"Question Card"},{"floor":23,"key":"Strawberry"},{"floor":26,"key":"Bag of Marbles"},{"floor":40,"key":"Frozen Egg 2"},{"floor":43,"key":"Bottled Tornado"},{"floor":44,"key":"HornCleat"}],"event_choices":[{"cards_removed":["Defend_R"],"damage_healed":0,"gold_gain":0,"player_choice":"Card Removal","damage_taken":7,"max_hp_gain":0,"max_hp_loss":0,"event_name":"Golden Wing","floor":3,"gold_loss":0},{"cards_removed":["Strike_R"],"damage_healed":0,"gold_gain":0,"player_choice":"Purged","damage_taken":0,"max_hp_gain":0,"max_hp_loss":0,"event_name":"Purifier","floor":4,"gold_loss":0},{"cards_removed":["Defend_R"],"damage_healed":0,"gold_gain":0,"player_choice":"Card Removal","damage_taken":0,"max_hp_gain":0,"max_hp_loss":0,"event_name":"The Cleric","floor":7,"gold_loss":50},{"damage_healed":0,"gold_gain":0,"player_choice":"Entered Light","damage_taken":17,"max_hp_gain":0,"max_hp_loss":0,"event_name":"Shining Light","floor":14,"gold_loss":0,"cards_upgraded":["Strike_R","Defend_R"]},{"damage_healed":0,"gold_gain":0,"player_choice":"Ignored","damage_taken":0,"max_hp_gain":0,"max_hp_loss":0,"event_name":"Ghosts","floor":22,"gold_loss":0},{"damage_healed":0,"gold_gain":100,"player_choice":"Bet on Murderer","damage_taken":0,"max_hp_gain":0,"max_hp_loss":0,"event_name":"The Joust","floor":25,"gold_loss":50},{"damage_healed":0,"gold_gain":0,"player_choice":"Paid Fearfully","damage_taken":0,"max_hp_gain":0,"max_hp_loss":0,"event_name":"Masked Bandits","floor":31,"gold_loss":42},{"damage_healed":0,"gold_gain":0,"player_choice":"Memory 1","damage_taken":0,"max_hp_gain":0,"max_hp_loss":0,"event_name":"SensoryStone","floor":38,"gold_loss":0},{"cards_removed":["Defend_R"],"damage_healed":0,"gold_gain":0,"player_choice":"Removed Skill","damage_taken":0,"max_hp_gain":0,"max_hp_loss":0,"event_name":"Falling","floor":39,"gold_loss":0},{"damage_healed":26,"gold_gain":0,"player_choice":"Writhe","damage_taken":0,"max_hp_gain":0,"max_hp_loss":0,"event_name":"Winding Halls","floor":45,"gold_loss":0,"cards_obtained":["Writhe"]},{"damage_healed":0,"gold_gain":0,"player_choice":"Upgrade","damage_taken":0,"relics_obtained":["Mark of the Bloom"],"max_hp_gain":0,"max_hp_loss":0,"event_name":"MindBloom","floor":46,"gold_loss":0,"cards_upgraded":["Defend_R","Bash","Shrug It Off","Feed","Headbutt","Thunderclap","Shockwave","Ghostly Armor","Body Slam","Flex","Fire Breathing","Rage","Sadistic Nature","Headbutt"]}],"is_beta":false,"boss_relics":[{"not_picked":["Runic Dome","Fusion Hammer"],"picked":"Coffee Dripper"},{"not_picked":["Mark of Pain","Black Blood"],"picked":"Empty Cage"}],"items_purged_floors":[19,29],"is_endless":false,"potions_floor_spawned":[1,5,12,16,18,23,27,33,44,47],"ascension_level":0}}