{"host":"l84l8xigz5v5foa2","time":1610592943,"event":{"mods":["2.2 Compatiblity","AchievementEnabler","BaseMod","Better Note","Better Vampires","Card Filter","Colored Map","DeckTracker","Downfall","Gremlin Skip","Highlight Path","Keyboard Shortcuts","Minty Spire (QoL Compilation)","Permanent Neow","Quick Restart","Relic Filter","Relic Stats","StSLib","SuperFastMode","Transform Curses","Unknown Chances"],"gold_per_floor":[99,113,124,136,4,4,4,4,0,17,17,47,47,47,62,141,141,66,82,82,82,182,107,133,133,0,12,12,26,26,55,67,144,144,144,162,162,182,218,229,300,225,236,250,250,75,100,132,151,151,151,182,10,10,10],"floor_reached":56,"language":"ENG","playtime":4327,"items_purged":["Strike_P","Strike_P","Eruption+1","Strike_P","Strike_P","Eruption+1","Strike_P","Defend_P","Defend_P"],"score":2515,"play_id":"d19b6276-df79-43e2-bbc8-e4e2f3c54ec0","local_time":"20210114115543","is_ascension_mode":true,"campfire_choices":[{"floor":1.0,"key":"RECALL"},{"data":"CutThroughFate","floor":6.0,"key":"SMITH"},{"data":"MentalFortress","floor":8.0,"key":"SMITH"},{"data":"BattleHymn","floor":13.0,"key":"SMITH"},{"data":"Vault","floor":18.0,"key":"SMITH"},{"data":"Devotion","floor":23.0,"key":"SMITH"},{"data":"Vigilance","floor":25.0,"key":"SMITH"},{"data":"RitualDagger","floor":30.0,"key":"SMITH"},{"data":"Adaptation","floor":35.0,"key":"SMITH"},{"data":"Wireheading","floor":42.0,"key":"SMITH"},{"data":"expansioncontent:CaCaw","floor":45.0,"key":"SMITH"},{"data":"Devotion","floor":54,"key":"SMITH"}],"circlet_count":0,"master_deck":["AscendersBane","Strike_P","Defend_P","Eruption+1","Vigilance+1","EmptyFist","CutThroughFate+1","Halt","MentalFortress+1","BattleHymn+1","Devotion+1","Vault+1","FollowUp","Sanctity+1","Protect+1","RitualDagger+1","ClearTheMind+1","Adaptation+1","DeceiveReality+1","Devotion+1","EmptyMind+1","ThirdEye+1","expansioncontent:CaCaw+1","Wireheading+1","Prostrate+1","CutThroughFate+1","ConjureBlade+1"],"relics":["PureWater","Pantograph","Potion Belt","Lizard Tail","Coffee Dripper","downfall:HeartBlessingRed","Incense Burner","Toxic Egg 2","downfall:HeartBlessingGreen","hexamod:BolsterEngine","Happy Flower","Empty Cage","downfall:HeartBlessingBlue","Blood Vial","Ornamental Fan","Damaru","Bag of Preparation"],"acts_visited":["Exordium","TheCity","TheBeyond","TheEnding"],"potions_floor_usage":[49,50,55],"damage_taken":[{"damage":0.0,"enemies":"Cultist","floor":2.0,"turns":2.0},{"damage":2.0,"enemies":"2 Louse","floor":3.0,"turns":3.0},{"damage":7.0,"enemies":"Jaw Worm","floor":4.0,"turns":4.0},{"damage":0.0,"enemies":"downfall:FleeingMerchant","floor":5.0,"turns":4.0},{"damage":5.0,"enemies":"downfall:FleeingMerchant","floor":9.0,"turns":4.0},{"damage":0.0,"enemies":"Exordium Wildlife","floor":10.0,"turns":4.0},{"damage":3.0,"enemies":"3 Sentries","floor":12.0,"turns":5.0},{"damage":14.0,"enemies":"Large Slime","floor":15.0,"turns":3.0},{"damage":6.0,"enemies":"downfall:Watcher","floor":16.0,"turns":6.0},{"damage":3.0,"enemies":"3 Byrds","floor":19.0,"turns":7.0},{"damage":19.0,"enemies":"downfall:Defect","floor":22.0,"turns":7.0},{"damage":7.0,"enemies":"downfall:FleeingMerchant","floor":26.0,"turns":4.0},{"damage":0.0,"enemies":"Spheric Guardian","floor":27.0,"turns":3.0},{"damage":10.0,"enemies":"Centurion and Healer","floor":29.0,"turns":5.0},{"damage":0.0,"enemies":"Slavers","floor":31.0,"turns":4.0},{"damage":30.0,"enemies":"Shelled Parasite and Fungi","floor":32.0,"turns":5.0},{"damage":0.0,"enemies":"downfall:Silent","floor":33.0,"turns":8.0},{"damage":4.0,"enemies":"3 Darklings","floor":36.0,"turns":6.0},{"damage":0.0,"enemies":"Orb Walker","floor":38.0,"turns":2.0},{"damage":0.0,"enemies":"downfall:FleeingMerchant","floor":39.0,"turns":4.0},{"damage":0.0,"enemies":"Jaw Worm Horde","floor":40.0,"turns":4.0},{"damage":0.0,"enemies":"Maw","floor":43.0,"turns":7.0},{"damage":0.0,"enemies":"4 Shapes","floor":44.0,"turns":6.0},{"damage":11.0,"enemies":"Giant Head","floor":48.0,"turns":6.0},{"damage":0,"enemies":"Sphere and 2 Shapes","floor":49,"turns":3},{"damage":0,"enemies":"downfall:Ironclad","floor":50,"turns":10},{"damage":13,"enemies":"downfall:CharBossMerchant","floor":52,"turns":6},{"damage":0,"enemies":"downfall:NeowBoss","floor":55,"turns":14}],"seed_played":"8184059327012037914","potions_obtained":[{"floor":2.0,"key":"DuplicationPotion"},{"floor":3.0,"key":"PowerPotion"},{"floor":12.0,"key":"ColorlessPotion"},{"floor":15.0,"key":"Explosive Potion"},{"floor":22.0,"key":"ColorlessPotion"},{"floor":29.0,"key":"Fire Potion"},{"floor":32.0,"key":"Regen Potion"},{"floor":38.0,"key":"DistilledChaos"},{"floor":40.0,"key":"hexamod:EctoCoolerPotion"},{"floor":43.0,"key":"champ:CounterPotion"},{"floor":44.0,"key":"GamblersBrew"},{"floor":52,"key":"Fire Potion"}],"is_trial":false,"path_per_floor":["R","M","M","M","$","R","T","R","$","M","?","E","R","?","M","B",null,"R","M","?","?","?","R","T","R","$","M","?","M","R","E","M","B",null,"R","M","?","M","$","M","T","R","M","M","R","$","T","E","M","B",null,"E","$","R","B",null],"character_chosen":"WATCHER","items_purchased":["MentalFortress","expansioncontent:CaCaw","Wireheading","Bag of Preparation"],"campfire_rested":0,"item_purchase_floors":[5,39,39,53],"current_hp_per_floor":[61,61,59,52,52,52,52,52,47,47,29,26,26,26,12,31,59,59,56,56,56,49,49,49,49,42,42,36,26,26,26,34,59,66,66,62,62,62,62,62,62,72,72,72,72,72,72,63,65,78,78,65,65,65,78],"gold":10,"neow_bonus":"UPGRADE_CARD","is_daily":false,"chose_seed":false,"campfire_upgraded":11,"win_rate":0.0,"timestamp":1610592943,"path_taken":["R","M","?","M","$","R","T","R","$","M","?","E","R","?","M","BOSS","R","M","?","?","?","R","T","R","$","M","?","M","R","E","M","BOSS","BOSS","R","M","?","M","$","M","T","R","M","M","R","$","?","E","M","BOSS","E","$","R","BOSS"],"items_purchased_type":["Card","Card","Card","Relic"],"build_version":"2020-12-22","purchased_purges":9,"victory":true,"max_hp_per_floor":[68,68,68,68,68,68,68,68,68,68,68,68,68,68,68,68,68,68,68,68,68,68,68,68,68,68,68,68,68,68,68,68,68,68,68,68,68,68,68,68,68,78,78,78,78,78,78,78,78,78,78,78,78,78,78],"relic_stats":{"Blood Vial":8,"Lizard Tail":34,"Happy Flower":[27],"counters":[28,146],"Ornamental Fan":[60],"Pantograph":84,"Bag of Preparation":[2],"obtain_stats":[{"Potion Belt":11,"downfall:HeartBlessingRed":18,"Happy Flower":31,"Damaru":52,"downfall:HeartBlessingGreen":23,"Incense Burner":22,"Bag of Preparation":53,"Empty Cage":34,"Blood Vial":47,"Lizard Tail":12,"downfall:HeartBlessingBlue":42,"Ornamental Fan":48,"Pantograph":7,"Coffee Dripper":17,"PureWater":0,"Toxic Egg 2":22,"hexamod:BolsterEngine":24},{"Potion Belt":6,"downfall:HeartBlessingRed":9,"Happy Flower":15,"Damaru":27,"downfall:HeartBlessingGreen":11,"Incense Burner":11,"Bag of Preparation":27,"Empty Cage":17,"Blood Vial":23,"Lizard Tail":7,"downfall:HeartBlessingBlue":21,"Ornamental Fan":24,"Pantograph":4,"Coffee Dripper":9,"PureWater":0,"Toxic Egg 2":11,"hexamod:BolsterEngine":11},{"Potion Belt":21,"downfall:HeartBlessingRed":35,"Happy Flower":65,"Damaru":132,"downfall:HeartBlessingGreen":49,"Incense Burner":49,"Bag of Preparation":132,"Empty Cage":78,"Blood Vial":107,"Lizard Tail":26,"downfall:HeartBlessingBlue":94,"Ornamental Fan":113,"Pantograph":13,"Coffee Dripper":35,"PureWater":0,"Toxic Egg 2":49,"hexamod:BolsterEngine":49}]},"card_choices":[{"not_picked":["Pray","Evaluate","Prostrate"],"picked":"SKIP","floor":2.0},{"not_picked":["Weave","Consecrate"],"picked":"EmptyFist","floor":3.0},{"not_picked":["FlurryOfBlows","Nirvana"],"picked":"CutThroughFate","floor":4.0},{"not_picked":["Worship","JustLucky"],"picked":"Halt","floor":5.0},{"not_picked":["ForeignInfluence","PathToVictory"],"picked":"BattleHymn","floor":9.0},{"not_picked":["BowlingBash","WindmillStrike"],"picked":"Devotion","floor":10.0},{"not_picked":["ForeignInfluence","PathToVictory","WreathOfFlame"],"picked":"SKIP","floor":12.0},{"not_picked":["CutThroughFate","Consecrate","Fasting2"],"picked":"SKIP","floor":15.0},{"not_picked":["Judgement","DeusExMachina"],"picked":"Vault","floor":16.0},{"not_picked":["WaveOfTheHand+1","CutThroughFate"],"picked":"FollowUp","floor":19.0},{"not_picked":["SashWhip","WaveOfTheHand+1"],"picked":"Sanctity+1","floor":26.0},{"not_picked":["LikeWater","CutThroughFate"],"picked":"Protect+1","floor":27.0},{"not_picked":["BattleHymn","FlurryOfBlows"],"picked":"ClearTheMind+1","floor":29.0},{"not_picked":["Protect+1","InnerPeace+1"],"picked":"Adaptation","floor":31.0},{"not_picked":["Vault+1","Crescendo+1"],"picked":"DeceiveReality+1","floor":32.0},{"not_picked":["Brilliance","MasterReality"],"picked":"Devotion","floor":33.0},{"not_picked":["Worship+1","Perseverance+1"],"picked":"EmptyMind+1","floor":36.0},{"not_picked":["CutThroughFate+1","SashWhip"],"picked":"ThirdEye+1","floor":38.0},{"not_picked":["Consecrate","JustLucky","FlyingSleeves+1"],"picked":"SKIP","floor":39.0},{"not_picked":["WheelKick+1","ClearTheMind+1","WaveOfTheHand+1"],"picked":"SKIP","floor":40.0},{"not_picked":["Protect+1","PathToVictory+1"],"picked":"Prostrate+1","floor":43.0},{"not_picked":["SashWhip","FollowUp","Ragnarok"],"picked":"SKIP","floor":44.0},{"not_picked":["Halt+1","FlyingSleeves"],"picked":"CutThroughFate+1","floor":48.0},{"not_picked":["CutThroughFate+1","Consecrate","PathToVictory+1"],"picked":"SKIP","floor":49},{"not_picked":["JustLucky","Vengeance+1"],"picked":"ConjureBlade+1","floor":52}],"player_experience":3172689,"relics_obtained":[{"floor":7.0,"key":"Pantograph"},{"floor":12.0,"key":"Lizard Tail"},{"floor":22.0,"key":"Incense Burner"},{"floor":22.0,"key":"Toxic Egg 2"},{"floor":24.0,"key":"hexamod:BolsterEngine"},{"floor":31.0,"key":"Happy Flower"},{"floor":47.0,"key":"Blood Vial"},{"floor":48.0,"key":"Ornamental Fan"},{"floor":52,"key":"Damaru"}],"event_choices":[{"damage_healed":0.0,"max_hp_gain":0.0,"max_hp_loss":0.0,"gold_gain":0.0,"event_name":"Scrap Ooze","player_choice":"Success","floor":11.0,"gold_loss":0.0,"damage_taken":18.0,"relics_obtained":["Potion Belt"]},{"cards_removed":["Defend_P"],"damage_healed":0.0,"max_hp_gain":0.0,"max_hp_loss":0.0,"gold_gain":0.0,"event_name":"Bonfire Elementals","player_choice":"Offered Basic","floor":37.0,"gold_loss":0.0,"damage_taken":0.0}],"is_beta":false,"boss_relics":[{"not_picked":["Astrolabe","Sozu"],"picked":"Coffee Dripper"},{"not_picked":["SlaversCollar","HolyWater"],"picked":"Empty Cage"}],"items_purged_floors":[5,26,26,26,26,26,26,39,46],"is_endless":false,"potions_floor_spawned":[2,3,12,15,22,29,32,38,40,43,44,48,52],"ascension_level":20}}