{"host":"n3vqtvx9hbigdfc4","time":1610603560,"event":{"mods":["AchievementEnabler","BaseMod","Better Third Choice","Block Reminder","Colored Map","Colored Powertips","Downfall","Minty Spire (QoL Compilation)","Permanent Neow","Rare Cards Sparkle","Relic Stats","Replay The Spire","Shop Mod","StSLib"],"gold_per_floor":[113,125,125,138,150,185,185,205,230,240,253,263,273,286,286,381,381,395,395,405,405,423,453,453,480,480,480,500,826,846,864,864,960,1060,1070,1088,1099,1119,1133,1158,1170,1170,1170,1170,1199,1210,1236,1248,1248,1248],"floor_reached":51,"language":"ENG","playtime":4263,"items_purged":[],"score":1249,"play_id":"0766dab8-ec2a-442a-a78b-3eaedb566002","local_time":"20210113235240","is_ascension_mode":true,"campfire_choices":[{"data":"Vault","floor":24.0,"key":"SMITH"},{"data":"Wireheading","floor":27.0,"key":"SMITH"},{"data":"Replay:Battleflow","floor":32.0,"key":"SMITH"},{"data":"TalkToTheHand","floor":42,"key":"SMITH"},{"data":"Study","floor":44,"key":"SMITH"},{"data":"BattleHymn","floor":49,"key":"SMITH"}],"circlet_count":0,"master_deck":["Strike_P","Strike_P","Strike_P","Defend_P","Defend_P","Eruption","Vigilance","PathToVictory+1","Evaluate","EmptyFist","FlyingSleeves","SashWhip","BowlingBash","FlurryOfBlows","Wireheading+1","Weave","ReachHeaven","Replay:Battleflow+1","Study+1","Vault+1","ThirdEye","Worship","FlurryOfBlows","EmptyBody+1","Pain","Tantrum","PathToVictory+1","Worship+1","ForeignInfluence+1","WheelKick","FollowUp","Replay:Cycle","DevaForm","Conclude+1","Crescendo","TalkToTheHand+1","Replay:DivineShield","Meditate+1","JustLucky","EmptyMind+1","FlurryOfBlows+1","ClearTheMind","BattleHymn+1","PathToVictory"],"relics":["PureWater","ReplayFunnel","Ice Cream","Strawberry","Painkiller Herb","WarpedTongs","Blood Vial","Nunchaku","Incense Burner","Old Coin","Replay:Wanted Poster","Replay:Bottled Snecko","Chameleon Ring","Pet Ghost","Replay:Accelerometer"],"acts_visited":["Exordium","TheCity","TheBeyond"],"potions_floor_usage":[33,40,41],"damage_taken":[{"damage":1.0,"enemies":"Jaw Worm","floor":1.0,"turns":5.0},{"damage":0.0,"enemies":"Cultist","floor":2.0,"turns":5.0},{"damage":0.0,"enemies":"2 Louse","floor":4.0,"turns":2.0},{"damage":0.0,"enemies":"Lots of Slimes","floor":5.0,"turns":4.0},{"damage":10.0,"enemies":"Lagavulin","floor":6.0,"turns":5.0},{"damage":0.0,"enemies":"Looter","floor":8.0,"turns":3.0},{"damage":0.0,"enemies":"Blue Slaver","floor":10.0,"turns":4.0},{"damage":0.0,"enemies":"3 Louse","floor":11.0,"turns":3.0},{"damage":0.0,"enemies":"Large Slime","floor":12.0,"turns":4.0},{"damage":5.0,"enemies":"Lots of Slimes","floor":13.0,"turns":3.0},{"damage":0.0,"enemies":"2 Fungi Beasts","floor":14.0,"turns":3.0},{"damage":34.0,"enemies":"Hexaghost","floor":16.0,"turns":8.0},{"damage":0.0,"enemies":"Shell Parasite","floor":18.0,"turns":4.0},{"damage":4.0,"enemies":"Spheric Guardian","floor":20.0,"turns":5.0},{"damage":0.0,"enemies":"3 Cultists","floor":22.0,"turns":5.0},{"damage":10.0,"enemies":"Book of Stabbing","floor":23.0,"turns":5.0},{"damage":15.0,"enemies":"Gremlin Leader","floor":25.0,"turns":5.0},{"damage":1.0,"enemies":"Centurion and Healer","floor":28.0,"turns":5.0},{"damage":1.0,"enemies":"Slavers","floor":29.0,"turns":5.0},{"damage":1.0,"enemies":"Cultist and Chosen","floor":30.0,"turns":4.0},{"damage":6.0,"enemies":"Chosen and Byrds","floor":31.0,"turns":3.0},{"damage":2,"enemies":"Champ","floor":33,"turns":7},{"damage":0,"enemies":"3 Shapes","floor":35,"turns":3},{"damage":1,"enemies":"Orb Walker","floor":36,"turns":3},{"damage":2,"enemies":"Spire Growth","floor":37,"turns":4},{"damage":6,"enemies":"Transient","floor":38,"turns":6},{"damage":0,"enemies":"Jaw Worm Horde","floor":39,"turns":3},{"damage":0,"enemies":"Nemesis","floor":40,"turns":5},{"damage":2,"enemies":"Writhing Mass","floor":41,"turns":6},{"damage":1,"enemies":"Giant Head","floor":45,"turns":6},{"damage":1,"enemies":"3 Darklings","floor":46,"turns":4},{"damage":0,"enemies":"Nemesis","floor":47,"turns":6},{"damage":0,"enemies":"Jaw Worm Horde","floor":48,"turns":2},{"damage":5,"enemies":"Time Eater","floor":50,"turns":7}],"seed_played":"-3733485419787658584","potions_obtained":[{"floor":2.0,"key":"ColorlessPotion"},{"floor":4.0,"key":"Fire Potion"},{"floor":6.0,"key":"EssenceOfSteel"},{"floor":11.0,"key":"Swift Potion"},{"floor":12.0,"key":"SpeedPotion"},{"floor":25.0,"key":"Languid Potion"},{"floor":28.0,"key":"BlessingOfTheForge"},{"floor":30.0,"key":"Energy Potion"},{"floor":31.0,"key":"Weak Potion"},{"floor":35,"key":"PowerPotion"},{"floor":37,"key":"ColorlessPotion"},{"floor":40,"key":"PowerPotion"},{"floor":41,"key":"PowerPotion"},{"floor":48,"key":"LiquidMemories"}],"is_trial":false,"path_per_floor":["M","M","?","M","M","E","?","M","T","M","M","M","M","M","R_BF","B",null,"?","?","?","?","?","E","T","E","T","T","?","E","?","?","T","B",null,"?","?","?","?","?","E","?","T","T","T","E","?","E","?","T","B",null],"character_chosen":"WATCHER","items_purchased":[],"campfire_rested":0,"item_purchase_floors":[],"current_hp_per_floor":[64,64,64,64,64,54,54,54,61,61,61,61,56,56,56,22,65,65,65,61,61,61,51,51,38,38,38,39,40,41,37,37,37,69,71,72,72,68,70,72,72,72,72,72,73,74,76,78,78,74],"gold":1248,"neow_bonus":"RANDOM_COMMON_RELIC","is_daily":false,"chose_seed":false,"campfire_upgraded":6,"win_rate":0.0,"timestamp":1610603560,"path_taken":["M","M","?","?","M","E","?","M","T","M","?","M","M","M","R_BF","BOSS","?","?","?","?","?","E","T","E","T","T","?","E","?","?","T","BOSS","?","?","?","?","?","E","?","T","T","T","E","?","E","?","T","BOSS"],"items_purchased_type":[],"build_version":"2020-12-22","purchased_purges":0,"victory":true,"max_hp_per_floor":[72,72,72,72,72,72,72,72,79,79,79,79,79,79,79,79,79,79,79,79,79,79,79,79,79,79,79,79,79,79,79,79,79,79,79,79,79,79,79,79,79,79,79,79,79,79,79,79,79,79],"relic_stats":{"Blood Vial":35,"Nunchaku":[27],"counters":[34,152],"obtain_stats":[{"ReplayFunnel":0,"Ice Cream":6,"Replay:Accelerometer":47,"Painkiller Herb":17,"Incense Burner":26,"Pet Ghost":45,"WarpedTongs":21,"Old Coin":29,"Blood Vial":23,"Replay:Wanted Poster":34,"Nunchaku":25,"Chameleon Ring":43,"Strawberry":9,"Replay:Bottled Snecko":40,"PureWater":0},{"ReplayFunnel":0,"Ice Cream":5,"Replay:Accelerometer":32,"Painkiller Herb":12,"Incense Burner":17,"Pet Ghost":30,"WarpedTongs":14,"Old Coin":19,"Blood Vial":16,"Replay:Wanted Poster":22,"Nunchaku":17,"Chameleon Ring":29,"Strawberry":6,"Replay:Bottled Snecko":28,"PureWater":0},{"ReplayFunnel":0,"Ice Cream":21,"Replay:Accelerometer":143,"Painkiller Herb":49,"Incense Burner":73,"Pet Ghost":133,"WarpedTongs":58,"Old Coin":83,"Blood Vial":68,"Replay:Wanted Poster":97,"Nunchaku":73,"Chameleon Ring":127,"Strawberry":24,"Replay:Bottled Snecko":121,"PureWater":0}],"WarpedTongs":[94]},"card_choices":[{"not_picked":["Replay:AtTheReady","Replay:DivineShield"],"picked":"PathToVictory","floor":1.0},{"not_picked":["Consecrate","Replay:ManipulateFuture"],"picked":"Evaluate","floor":2.0},{"not_picked":["CutThroughFate","WaveOfTheHand"],"picked":"EmptyFist","floor":4.0},{"not_picked":["Swivel","FollowUp"],"picked":"FlyingSleeves","floor":5.0},{"not_picked":["Study","Brilliance"],"picked":"SashWhip","floor":6.0},{"not_picked":["WheelKick","Study"],"picked":"BowlingBash","floor":8.0},{"not_picked":["Prostrate","CrushJoints"],"picked":"FlurryOfBlows","floor":10.0},{"not_picked":["SashWhip","Consecrate"],"picked":"Wireheading","floor":11.0},{"not_picked":["Perseverance","WindmillStrike"],"picked":"Weave","floor":12.0},{"not_picked":["EmptyFist","Evaluate"],"picked":"ReachHeaven","floor":13.0},{"not_picked":["FollowUp","SpiritShield"],"picked":"Replay:Battleflow","floor":14.0},{"not_picked":["LessonLearned","Brilliance"],"picked":"Vault","floor":16.0},{"not_picked":["Crescendo","JustLucky+1"],"picked":"ThirdEye","floor":18.0},{"not_picked":["Study","JustLucky"],"picked":"EmptyBody+1","floor":20.0},{"not_picked":["Replay:BluntJabs","BowlingBash"],"picked":"Tantrum","floor":22.0},{"not_picked":["SashWhip","ThirdEye+1"],"picked":"PathToVictory+1","floor":23.0},{"not_picked":["Nirvana","FlyingSleeves"],"picked":"Worship+1","floor":25.0},{"not_picked":["Protect","BowlingBash"],"picked":"ForeignInfluence+1","floor":28.0},{"not_picked":["EmptyBody","SashWhip"],"picked":"WheelKick","floor":29.0},{"not_picked":["Replay:AtTheReady","SpiritShield"],"picked":"FollowUp","floor":30.0},{"not_picked":["Replay:ManipulateFuture","CrushJoints+1"],"picked":"Replay:Cycle","floor":31.0},{"not_picked":["Replay:LoomingThreat","DeusExMachina"],"picked":"DevaForm","floor":33},{"not_picked":["EmptyFist+1","ThirdEye"],"picked":"Conclude+1","floor":35},{"not_picked":["Swivel","ReachHeaven+1"],"picked":"Crescendo","floor":36},{"not_picked":["SignatureMove+1","Consecrate"],"picked":"TalkToTheHand","floor":37},{"not_picked":["Vengeance","Crescendo"],"picked":"Replay:DivineShield","floor":38},{"not_picked":["Protect+1","Replay:Anticipation+1"],"picked":"Meditate+1","floor":39},{"not_picked":["SashWhip","Halt"],"picked":"JustLucky","floor":40},{"not_picked":["Conclude","SandsOfTime"],"picked":"EmptyMind+1","floor":41},{"not_picked":["Replay:DivineShield","BowlingBash"],"picked":"FlurryOfBlows+1","floor":45},{"not_picked":["InnerPeace","FlurryOfBlows+1"],"picked":"ClearTheMind","floor":46},{"not_picked":["Conclude+1","Vengeance+1"],"picked":"BattleHymn","floor":47},{"not_picked":["ForeignInfluence+1","EmptyFist+1"],"picked":"PathToVictory","floor":48}],"player_experience":491394,"relics_obtained":[{"floor":6.0,"key":"Ice Cream"},{"floor":9.0,"key":"Strawberry"},{"floor":23.0,"key":"Blood Vial"},{"floor":25.0,"key":"Nunchaku"},{"floor":26.0,"key":"Incense Burner"},{"floor":29.0,"key":"Old Coin"},{"floor":40,"key":"Replay:Bottled Snecko"},{"floor":43,"key":"Chameleon Ring"},{"floor":45,"key":"Pet Ghost"},{"floor":47,"key":"Replay:Accelerometer"}],"event_choices":[{"damage_healed":0.0,"max_hp_gain":0.0,"max_hp_loss":0.0,"gold_gain":0.0,"event_name":"Upgrade Shrine","player_choice":"Upgraded","floor":3.0,"gold_loss":0.0,"damage_taken":0.0,"cards_upgraded":["PathToVictory"]},{"damage_healed":0.0,"max_hp_gain":0.0,"max_hp_loss":0.0,"gold_gain":0.0,"event_name":"The Woman in Blue","player_choice":"Bought 0 Potions","floor":7.0,"gold_loss":0.0,"damage_taken":0.0},{"damage_healed":0.0,"max_hp_gain":0.0,"max_hp_loss":0.0,"gold_gain":0.0,"cards_transformed":["Strike_P","Defend_P"],"event_name":"Drug Dealer","player_choice":"Became Test Subject","floor":19.0,"gold_loss":0.0,"damage_taken":0.0,"cards_obtained":["Worship","FlurryOfBlows"]},{"damage_healed":0.0,"max_hp_gain":0.0,"max_hp_loss":0.0,"gold_gain":0.0,"event_name":"Accursed Blacksmith","player_choice":"Rummage","floor":21.0,"gold_loss":0.0,"damage_taken":0.0,"relics_obtained":["WarpedTongs"],"cards_obtained":["Pain"]}],"is_beta":false,"boss_relics":[{"not_picked":["Replay:Ancient Bell","Runic Dome"],"picked":"Painkiller Herb"},{"not_picked":["Busted Crown","Sozu"],"picked":"Replay:Wanted Poster"}],"items_purged_floors":[],"is_endless":false,"potions_floor_spawned":[2,4,6,11,12,14,25,28,30,31,35,37,38,40,41,48],"ascension_level":7}}