{"host":"ibonnlq6s1c814xj","time":1610626268,"event":{"mods":["BaseMod","BetterRewards","Good Game Mod","Minty Spire (QoL Compilation)","Shop Mod","【功能Mod】聪明的最终Boss"],"gold_per_floor":[111,111,61,61,9,28,28,51,51,69,100,127,127,127],"floor_reached":13,"language":"ZHS","playtime":478,"items_purged":["Strike_B","Apotheosis"],"score":87,"play_id":"85d392f9-883d-4cd6-91ee-9a3c37c0b462","local_time":"20210114201108","is_ascension_mode":true,"campfire_choices":[{"data":"Storm","floor":7,"key":"SMITH"}],"circlet_count":0,"master_deck":["Strike_B","Strike_B","Strike_B+1","Defend_B","Defend_B","Defend_B","Defend_B","Zap","Dualcast","Heatsinks","Self Repair","Storm+1","Strike_B+1","Injury","Ball Lightning","BootSequence","Consume"],"relics":["Cracked Core","REME:ComplimentaryCards","Bag of Preparation","MerchantsRug","Golden Idol","Membership Card","Toy Ornithopter","CaptainsWheel","Bag of Marbles"],"acts_visited":["Exordium"],"potions_floor_usage":[13],"damage_taken":[{"damage":1,"enemies":"Jaw Worm","floor":1,"turns":5},{"damage":9,"enemies":"2 Louse","floor":6,"turns":3},{"damage":6,"enemies":"Cultist","floor":8,"turns":3},{"damage":0,"enemies":"Large Slime","floor":10,"turns":4},{"damage":36,"enemies":"Lagavulin","floor":11,"turns":5},{"damage":34,"enemies":"Gremlin Nob","floor":13,"turns":4}],"seed_played":"-495633694219746790","potions_obtained":[{"floor":10,"key":"Strength Potion"}],"is_trial":false,"path_per_floor":["M","?","?","?","$","M","R","M","T","M","E","T","E"],"character_chosen":"DEFECT","items_purchased":["Runic Capacitor","Heatsinks","Self Repair","Bag of Preparation","MerchantsRug","Membership Card"],"campfire_rested":0,"item_purchase_floors":[0,0,0,0,0,5],"current_hp_per_floor":[46,34,34,34,34,32,32,33,33,40,11,11,0,0],"gold":127,"neow_bonus":"","is_daily":false,"chose_seed":false,"campfire_upgraded":1,"win_rate":0.0,"timestamp":1610626268,"path_taken":["M","?","?","?","?","M","R","M","T","?","E","?","E"],"items_purchased_type":["Relic","Card","Card","Relic","Relic","Relic"],"build_version":"2020-12-22","purchased_purges":2,"victory":false,"max_hp_per_floor":[75,75,75,75,75,75,75,75,75,75,75,75,75,75],"card_choices":[{"not_picked":["Barrage","Static Discharge"],"picked":"Storm","floor":1},{"not_picked":["Lockon","Stack","Steam"],"picked":"SKIP","floor":6},{"not_picked":["Heatsinks","Streamline"],"picked":"Ball Lightning","floor":8},{"not_picked":["Lockon","Doom and Gloom"],"picked":"BootSequence","floor":10},{"not_picked":["Compile Driver","Double Energy"],"picked":"Consume","floor":11}],"player_experience":206746,"relics_obtained":[{"floor":9,"key":"Toy Ornithopter"},{"floor":11,"key":"CaptainsWheel"},{"floor":12,"key":"Bag of Marbles"}],"event_choices":[{"damage_healed":0,"gold_gain":0,"player_choice":"Success","damage_taken":12,"relics_obtained":["Molten Egg 2"],"max_hp_gain":0,"max_hp_loss":0,"event_name":"Scrap Ooze","floor":2,"gold_loss":0},{"damage_healed":0,"gold_gain":0,"player_choice":"Take Wound","damage_taken":0,"relics_obtained":["Golden Idol"],"max_hp_gain":0,"max_hp_loss":0,"event_name":"Golden Idol","floor":4,"gold_loss":0,"cards_obtained":["Injury"]}],"is_beta":false,"boss_relics":[],"items_purged_floors":[0,0],"is_endless":false,"potions_floor_spawned":[10],"killed_by":"Gremlin Nob","ascension_level":1}}