{"host":"oehe2dxjvdgux73m","time":1610597234,"event":{"mods":["AchievementEnabler","BaseMod","Colored Map","Colored Powertips","DeckTracker","Keyboard Shortcuts","Minty Spire (QoL Compilation)","Permanent Neow","Quick Restart","StSLib","SuperFastMode"],"gold_per_floor":[117,217,235,251,68,68,102,102,102,117,144,69,83,96,96,168,168,183,203,216,46,56,56,83,8,56,89,89,116,144,171,183,267,279,311,323,335,357,369,381,381],"floor_reached":40,"language":"KOR","playtime":1796,"items_purged":["Strike_G","Strike_G"],"score":756,"play_id":"3ecbec33-2694-4d21-9e35-907a4bfe401c","local_time":"20210114130714","is_ascension_mode":true,"campfire_choices":[{"floor":8.0,"key":"REST"},{"data":"PathToVictory","floor":15.0,"key":"SMITH"},{"floor":23.0,"key":"REST"},{"floor":28.0,"key":"REST"},{"data":"Neutralize","floor":32.0,"key":"SMITH"}],"circlet_count":0,"master_deck":["AscendersBane","Defend_G+1","Defend_G","Defend_G","Survivor","Neutralize+1","Blade Dance","Terror","Blade Dance+1","Blur","PathToVictory+1","DeusExMachina","PathToVictory","Hologram","Apotheosis","Blur","Self Repair","Well Laid Plans","Deep Breath","Skim","Fasting2","Deadly Poison+1","Predator+1","A Thousand Cuts+1","Prepared"],"relics":["Ring of the Snake","Regal Pillow","PrismaticShard","Bird Faced Urn","Mummified Hand","Shuriken","Happy Flower","Sozu","War Paint","Bronze Scales","Oddly Smooth Stone","MawBank","Astrolabe"],"acts_visited":["Exordium","TheCity","TheBeyond"],"potions_floor_usage":[],"damage_taken":[{"damage":6.0,"enemies":"Small Slimes","floor":1.0,"turns":5.0},{"damage":1.0,"enemies":"Cultist","floor":3.0,"turns":4.0},{"damage":7.0,"enemies":"Jaw Worm","floor":4.0,"turns":2.0},{"damage":33.0,"enemies":"Gremlin Nob","floor":7.0,"turns":4.0},{"damage":2.0,"enemies":"Red Slaver","floor":10.0,"turns":3.0},{"damage":19.0,"enemies":"Lagavulin","floor":11.0,"turns":6.0},{"damage":3.0,"enemies":"Exordium Wildlife","floor":13.0,"turns":4.0},{"damage":0.0,"enemies":"2 Fungi Beasts","floor":14.0,"turns":4.0},{"damage":17.0,"enemies":"The Guardian","floor":16.0,"turns":9.0},{"damage":12.0,"enemies":"2 Thieves","floor":18.0,"turns":5.0},{"damage":0.0,"enemies":"3 Byrds","floor":19.0,"turns":4.0},{"damage":0.0,"enemies":"Centurion and Healer","floor":20.0,"turns":6.0},{"damage":20.0,"enemies":"Snake Plant","floor":22.0,"turns":4.0},{"damage":27.0,"enemies":"Gremlin Leader","floor":24.0,"turns":5.0},{"damage":43.0,"enemies":"Slavers","floor":27.0,"turns":6.0},{"damage":42.0,"enemies":"Book of Stabbing","floor":29.0,"turns":5.0},{"damage":6.0,"enemies":"Sentry and Sphere","floor":30.0,"turns":6.0},{"damage":5.0,"enemies":"Centurion and Healer","floor":31.0,"turns":5.0},{"damage":34.0,"enemies":"Collector","floor":33.0,"turns":9.0},{"damage":2.0,"enemies":"3 Darklings","floor":35.0,"turns":4.0},{"damage":0.0,"enemies":"3 Shapes","floor":38.0,"turns":2.0},{"damage":77,"enemies":"Reptomancer","floor":40,"turns":4}],"seed_played":"6483414274448914873","potions_obtained":[{"floor":10.0,"key":"Explosive Potion"},{"floor":11.0,"key":"DuplicationPotion"},{"floor":13.0,"key":"DuplicationPotion"}],"is_trial":false,"path_per_floor":["M","?","M","M","$","?","E","R","T","M","E","$","M","M","R","B",null,"M","M","M","$","M","R","E","?","T","E","R","E","M","M","R","B",null,"M","?","?","M","?","E"],"character_chosen":"THE_SILENT","items_purchased":["Blade Dance","PrismaticShard","Well Laid Plans"],"campfire_rested":3,"item_purchase_floors":[5,5,21],"current_hp_per_floor":[57,57,56,49,49,42,9,45,45,43,24,24,21,21,21,4,54,42,42,42,42,34,70,57,57,57,25,61,32,37,48,48,25,59,70,70,70,70,70,0,0],"gold":381,"neow_bonus":"RANDOM_COMMON_RELIC","is_daily":false,"chose_seed":false,"campfire_upgraded":2,"win_rate":0.0,"timestamp":1610597234,"path_taken":["M","?","M","?","?","?","E","R","T","M","E","?","M","M","R","BOSS","M","M","M","$","M","R","E","?","T","E","R","E","M","M","R","BOSS","M","?","?","?","?","E"],"items_purchased_type":["Card","Relic","Card"],"build_version":"2020-12-22","purchased_purges":2,"victory":false,"max_hp_per_floor":[70,70,70,70,70,70,70,70,70,70,70,70,70,70,70,70,70,70,70,70,70,70,70,70,70,70,70,70,70,70,70,70,70,70,70,70,70,70,70,70,70],"card_choices":[{"not_picked":["Backflip","Poisoned Stab"],"picked":"Blade Dance","floor":1.0},{"not_picked":["Dodge and Roll","Underhanded Strike"],"picked":"Terror","floor":3.0},{"not_picked":["Acrobatics","Bane","Outmaneuver"],"picked":"SKIP","floor":4.0},{"not_picked":["Enlightenment","PathToVictory"],"picked":"Blur","floor":7.0},{"not_picked":["Deadly Poison","Poisoned Stab"],"picked":"PathToVictory","floor":10.0},{"not_picked":["Caltrops","Steam"],"picked":"DeusExMachina","floor":11.0},{"not_picked":["Clothesline","Intimidate"],"picked":"PathToVictory","floor":13.0},{"not_picked":["Setup","Protect"],"picked":"Hologram","floor":14.0},{"not_picked":["Juggernaut","Brutality"],"picked":"Apotheosis","floor":16.0},{"not_picked":["Steam","Hemokinesis","Burning Pact"],"picked":"SKIP","floor":18.0},{"not_picked":["Distraction","Heel Hook"],"picked":"Blur","floor":19.0},{"not_picked":["Choke","Heavy Blade"],"picked":"Self Repair","floor":20.0},{"not_picked":["Concentrate","Noxious Fumes"],"picked":"Deep Breath","floor":22.0},{"not_picked":["PanicButton","Dagger Spray"],"picked":"Skim","floor":24.0},{"not_picked":["EmptyFist","Doom and Gloom"],"picked":"Fasting2","floor":27.0},{"not_picked":["Intimidate","Tactician","Entrench"],"picked":"SKIP","floor":29.0},{"not_picked":["DevaForm","Havoc","EmptyFist"],"picked":"SKIP","floor":30.0},{"not_picked":["Blind","Go for the Eyes","Crescendo"],"picked":"SKIP","floor":31.0},{"not_picked":["All Out Attack","Storm+1","SashWhip"],"picked":"SKIP","floor":35.0},{"not_picked":["FearNoEvil","Streamline+1"],"picked":"Prepared","floor":38.0}],"player_experience":173399,"relics_obtained":[{"floor":7.0,"key":"Mummified Hand"},{"floor":9.0,"key":"Shuriken"},{"floor":11.0,"key":"Happy Flower"},{"floor":24.0,"key":"War Paint"},{"floor":26.0,"key":"Bronze Scales"},{"floor":27.0,"key":"Oddly Smooth Stone"},{"floor":29.0,"key":"MawBank"}],"event_choices":[{"damage_healed":0.0,"max_hp_gain":0.0,"max_hp_loss":0.0,"gold_gain":100.0,"event_name":"Wheel of Change","player_choice":"Gold","floor":2.0,"gold_loss":0.0,"damage_taken":0.0},{"damage_healed":0.0,"max_hp_gain":0.0,"max_hp_loss":0.0,"gold_gain":0.0,"event_name":"Scrap Ooze","player_choice":"Success","floor":6.0,"gold_loss":0.0,"damage_taken":7.0,"relics_obtained":["Bird Faced Urn"]},{"cards_removed":["Strike_G"],"damage_healed":0.0,"max_hp_gain":0.0,"max_hp_loss":0.0,"gold_gain":0.0,"event_name":"Beggar","player_choice":"Gave Gold","floor":25.0,"gold_loss":75.0,"damage_taken":0.0},{"damage_healed":0.0,"max_hp_gain":0.0,"max_hp_loss":0.0,"gold_gain":0.0,"event_name":"Tomb of Lord Red Mask","player_choice":"Ignored","floor":36.0,"gold_loss":0.0,"damage_taken":0.0},{"damage_healed":0.0,"max_hp_gain":0.0,"max_hp_loss":0.0,"gold_gain":0.0,"event_name":"The Woman in Blue","player_choice":"Bought 0 Potions","floor":37.0,"gold_loss":0.0,"damage_taken":0.0},{"cards_removed":["Defend_G"],"damage_healed":0.0,"max_hp_gain":0.0,"max_hp_loss":0.0,"gold_gain":0.0,"event_name":"Falling","player_choice":"Removed Skill","floor":39.0,"gold_loss":0.0,"damage_taken":0.0}],"is_beta":false,"boss_relics":[{"not_picked":["Ectoplasm","Coffee Dripper"],"picked":"Sozu"},{"not_picked":["SacredBark","Black Star"],"picked":"Astrolabe"}],"items_purged_floors":[12,21],"is_endless":false,"potions_floor_spawned":[10,11,13,14,19,27,29,30,33,35],"killed_by":"Reptomancer","ascension_level":13}}