{"host":"alkal8gor0gt4rzw","time":1610636372,"event":{"mods":["AchievementEnabler","BaseMod","Minty Spire (QoL Compilation)","SuperFastMode"],"gold_per_floor":[117,129,129,142,46,80,80,113,136,169,186,186,206,226,226,323,323,333,346,446,462,472,507,507,521,521,521,556,566,592,609,609,714,764,775,659,676,250,250,281,293,305,343,9,9,24,43,61,61,61,61],"floor_reached":50,"language":"KOR","playtime":1833,"items_purged":["Noxious Fumes"],"score":663,"play_id":"b5f4b620-765f-4495-9092-9690ac0f89cd","local_time":"20210114235932","is_ascension_mode":true,"campfire_choices":[{"data":"Deadly Poison","floor":7,"key":"SMITH"},{"floor":12,"key":"REST"},{"data":"Infinite Blades","floor":15,"key":"SMITH"},{"floor":24,"key":"REST"},{"floor":27,"key":"REST"},{"floor":32,"key":"REST"},{"floor":42,"key":"REST"},{"data":"A Thousand Cuts","floor":45,"key":"SMITH"},{"data":"Blade Dance","floor":49,"key":"SMITH"}],"circlet_count":0,"master_deck":["Strike_G","Strike_G","Strike_G","Strike_G","Strike_G","Defend_G","Defend_G","Defend_G","Defend_G+1","Defend_G","Survivor","Neutralize","Poisoned Stab","Blade Dance","Acrobatics","Escape Plan","Dagger Spray","Dodge and Roll","Deadly Poison+1","Dagger Throw","Poisoned Stab","Prepared","Infinite Blades+1","Corpse Explosion","Backflip+1","Prepared","A Thousand Cuts+1","Backflip+1","Blade Dance+1","Blade Dance","Night Terror","Escape Plan+1","Accuracy+1","Blur+1","Blade Dance","Slice+1","Slice","Blade Dance","Masterful Stab+1"],"relics":["Ring of the Snake","Strawberry","Orichalcum","Regal Pillow","Toy Ornithopter","Blue Candle","WristBlade","Torii","HornCleat","FossilizedHelix","Bag of Preparation","Tiny House","Happy Flower","Singing Bowl","MawBank","Oddly Smooth Stone","Bag of Marbles","HandDrill"],"acts_visited":["Exordium","TheCity","TheBeyond"],"potions_floor_usage":[6,10,10,16,23,23,33,33,40,40,48,50,50],"damage_taken":[{"damage":1,"enemies":"2 Louse","floor":1,"turns":3},{"damage":0,"enemies":"Cultist","floor":2,"turns":3},{"damage":0,"enemies":"Jaw Worm","floor":4,"turns":3},{"damage":21,"enemies":"Lagavulin","floor":6,"turns":8},{"damage":10,"enemies":"3 Sentries","floor":8,"turns":8},{"damage":9,"enemies":"Lagavulin","floor":10,"turns":5},{"damage":3,"enemies":"Red Slaver","floor":11,"turns":3},{"damage":11,"enemies":"Exordium Thugs","floor":13,"turns":4},{"damage":9,"enemies":"Looter","floor":14,"turns":3},{"damage":31,"enemies":"Slime Boss","floor":16,"turns":6},{"damage":6,"enemies":"Chosen","floor":18,"turns":4},{"damage":21,"enemies":"Shell Parasite","floor":19,"turns":4},{"damage":11,"enemies":"Snecko","floor":21,"turns":5},{"damage":40,"enemies":"Shelled Parasite and Fungi","floor":22,"turns":6},{"damage":25,"enemies":"Book of Stabbing","floor":23,"turns":5},{"damage":9,"enemies":"Centurion and Healer","floor":25,"turns":5},{"damage":30,"enemies":"Slavers","floor":28,"turns":4},{"damage":0,"enemies":"3 Cultists","floor":29,"turns":3},{"damage":9,"enemies":"Cultist and Chosen","floor":31,"turns":5},{"damage":97,"enemies":"Champ","floor":33,"turns":10},{"damage":1,"enemies":"Orb Walker","floor":35,"turns":3},{"damage":24,"enemies":"3 Shapes","floor":37,"turns":4},{"damage":23,"enemies":"Nemesis","floor":40,"turns":7},{"damage":0,"enemies":"Spire Growth","floor":46,"turns":3},{"damage":0,"enemies":"3 Darklings","floor":47,"turns":2},{"damage":22,"enemies":"4 Shapes","floor":48,"turns":2},{"damage":84,"enemies":"Time Eater","floor":50,"turns":5}],"seed_played":"4198978473858917757","potions_obtained":[{"floor":1,"key":"PowerPotion"},{"floor":2,"key":"SpeedPotion"},{"floor":4,"key":"Strength Potion"},{"floor":13,"key":"Fire Potion"},{"floor":16,"key":"GamblersBrew"},{"floor":21,"key":"FairyPotion"},{"floor":22,"key":"Regen Potion"},{"floor":29,"key":"Regen Potion"},{"floor":31,"key":"Ancient Potion"},{"floor":34,"key":"LiquidMemories"},{"floor":37,"key":"ColorlessPotion"},{"floor":40,"key":"GamblersBrew"},{"floor":41,"key":"Fire Potion"}],"is_trial":false,"path_per_floor":["M","M","?","M","$","E","R","E","T","E","M","R","M","M","R","B",null,"M","M","?","M","M","E","R","M","T","R","E","M","T","M","R","B",null,"M","?","M","$","?","E","?","R","T","$","R","M","M","M","R","B"],"character_chosen":"THE_SILENT","items_purchased":["Dagger Spray","Dodge and Roll","Blade Dance","Singing Bowl","Explosive Potion","Bag of Marbles","HandDrill","Slice"],"campfire_rested":5,"item_purchase_floors":[5,5,38,38,38,44,44,44],"current_hp_per_floor":[69,69,76,76,76,55,55,45,45,46,43,77,66,57,57,31,77,71,50,50,39,22,22,60,51,51,77,47,47,47,38,76,1,82,81,81,57,57,59,46,46,84,84,84,84,84,86,67,67,0,0],"gold":61,"neow_bonus":"THREE_CARDS","is_daily":false,"chose_seed":false,"campfire_upgraded":4,"win_rate":0.0,"timestamp":1610636372,"path_taken":["M","M","?","M","$","E","R","E","T","E","?","R","M","M","R","BOSS","M","M","?","?","M","E","R","M","T","R","E","M","?","M","R","BOSS","M","?","?","?","?","E","?","R","T","$","R","?","M","M","R","BOSS"],"items_purchased_type":["Card","Card","Card","Relic","Potion","Relic","Relic","Card"],"build_version":"2020-12-22","purchased_purges":1,"victory":false,"max_hp_per_floor":[70,70,77,77,77,77,77,77,77,77,77,77,77,77,77,77,77,77,77,77,77,77,77,77,77,77,77,77,77,77,77,77,77,82,82,82,82,82,84,84,84,84,84,84,84,84,86,86,86,86,86],"card_choices":[{"not_picked":["Backstab","Sucker Punch"],"picked":"Poisoned Stab","floor":0},{"not_picked":["Flechettes","PiercingWail"],"picked":"Blade Dance","floor":1},{"not_picked":["Sucker Punch","Leg Sweep"],"picked":"Acrobatics","floor":2},{"not_picked":["Slice","Masterful Stab"],"picked":"Escape Plan","floor":4},{"not_picked":["Underhanded Strike","Slice"],"picked":"Deadly Poison","floor":6},{"not_picked":["Underhanded Strike","Skewer"],"picked":"Dagger Throw","floor":8},{"not_picked":["Dagger Spray","Malaise"],"picked":"Noxious Fumes","floor":10},{"not_picked":["Outmaneuver","Crippling Poison"],"picked":"Poisoned Stab","floor":11},{"not_picked":["Crippling Poison","Distraction"],"picked":"Prepared","floor":13},{"not_picked":["Dagger Spray","Blur"],"picked":"Infinite Blades","floor":14},{"not_picked":["Venomology","Glass Knife"],"picked":"Corpse Explosion","floor":16},{"not_picked":["Prepared+1","Quick Slash"],"picked":"Backflip+1","floor":18},{"not_picked":["Dagger Throw","Backflip"],"picked":"Prepared","floor":19},{"not_picked":["Flying Knee+1","Backflip"],"picked":"A Thousand Cuts","floor":21},{"not_picked":["Underhanded Strike","Caltrops+1","Prepared"],"picked":"SKIP","floor":22},{"not_picked":["Flying Knee+1","Underhanded Strike"],"picked":"Backflip+1","floor":23},{"not_picked":["Backstab","Prepared"],"picked":"Blade Dance","floor":25},{"not_picked":["Outmaneuver","Die Die Die","Footwork"],"picked":"SKIP","floor":28},{"not_picked":["Dagger Spray","All Out Attack"],"picked":"Blade Dance","floor":29},{"not_picked":["Flying Knee","Glass Knife","PiercingWail+1"],"picked":"SKIP","floor":31},{"not_picked":["Doppelganger","Wraith Form v2"],"picked":"Night Terror","floor":33},{"not_picked":["Bouncing Flask","Deadly Poison"],"picked":"Escape Plan+1","floor":34},{"not_picked":["Calculated Gamble","Sucker Punch+1"],"picked":"Accuracy+1","floor":35},{"not_picked":["Noxious Fumes+1","Endless Agony+1"],"picked":"Blur+1","floor":37},{"not_picked":["Madness","Transmutation","Good Instincts"],"picked":"Singing Bowl","floor":39},{"not_picked":["Tools of the Trade","Terror"],"picked":"Slice+1","floor":40},{"not_picked":["Dagger Spray","Backstab+1"],"picked":"Blade Dance","floor":46},{"not_picked":["Outmaneuver+1","Well Laid Plans+1","Prepared+1"],"picked":"Singing Bowl","floor":47},{"not_picked":["Dagger Throw+1","Slice+1"],"picked":"Masterful Stab+1","floor":48}],"player_experience":66452,"relics_obtained":[{"floor":3,"key":"Strawberry"},{"floor":6,"key":"Orichalcum"},{"floor":8,"key":"Regal Pillow"},{"floor":9,"key":"Toy Ornithopter"},{"floor":10,"key":"Blue Candle"},{"floor":23,"key":"Torii"},{"floor":26,"key":"HornCleat"},{"floor":28,"key":"FossilizedHelix"},{"floor":30,"key":"Bag of Preparation"},{"floor":40,"key":"MawBank"},{"floor":43,"key":"Oddly Smooth Stone"}],"event_choices":[{"damage_healed":0,"gold_gain":0,"player_choice":"Relic","damage_taken":0,"max_hp_gain":0,"max_hp_loss":0,"event_name":"Wheel of Change","floor":3,"gold_loss":0},{"damage_healed":0,"gold_gain":100,"player_choice":"Pray","damage_taken":0,"max_hp_gain":0,"max_hp_loss":0,"event_name":"Golden Shrine","floor":20,"gold_loss":0},{"damage_healed":0,"gold_gain":0,"player_choice":"Paid Gold","damage_taken":0,"relics_obtained":["Happy Flower"],"max_hp_gain":0,"max_hp_loss":0,"event_name":"WeMeetAgain","floor":36,"gold_loss":116},{"damage_healed":0,"gold_gain":0,"player_choice":"Memory 1","damage_taken":0,"max_hp_gain":0,"max_hp_loss":0,"event_name":"SensoryStone","floor":39,"gold_loss":0},{"damage_healed":0,"gold_gain":0,"player_choice":"Got Potions","damage_taken":0,"max_hp_gain":0,"max_hp_loss":0,"event_name":"Lab","floor":41,"gold_loss":0}],"is_beta":false,"boss_relics":[{"not_picked":["Astrolabe","Ring of the Serpent"],"picked":"WristBlade"},{"not_picked":["Black Star","Calling Bell"],"picked":"Tiny House"}],"items_purged_floors":[38],"is_endless":false,"potions_floor_spawned":[1,2,4,13,16,21,22,29,31,37,40],"killed_by":"Time Eater","ascension_level":1}}