{"host":"w5vfr18i2ft1pzo2","time":1610645170,"event":{"mods":["AchievementEnabler","Act Like it!","Aspiration","BaseMod","Better Debug","Better Third Choice","BetterRewards","Colored Map","Colored Powertips","Conspire","Curses Come First","DNKmod","Defuse TimeMaze Blight","Dota2Spire","Elementarium","Energized Spire","Evolution","Force Act Four","Fox Events","Friendly Minions","Gensokyo","GifTheSpireLib","Gold Saver","GungeonMod","Halation","Hallownest","Hubris","Hyrulean Relics","Infinite Spire","Jedi Mod","Marisa????????","Minty Spire (QoL Compilation)","MostiFishMod","Poor People Problems","Prisma Mod","Remilia??????","Replay The Spire","SacredBarkPlus","Small Relic Pack","Spicy Shops","Spikes Relics","StSLib","Stuff the Spire","SuperFastMode","Synergy Search","The Animator","The Blue Laboratory","The Servant 0.9.4","Trackpad","Treasure Hunter","Uncapped","Wandering Minibosses","Yakumo Yukari mod","noobMod","vexMod","??????REMEMod"],"gold_per_floor":[4132,3391,3391,3391,3406,3406,3406,3441,3488,3508,3555,2841,2873,2901,2901,3019,3019,3034,3053,2503,2529,2577,3217,3217,3217,3243,3243,3243,3295,3295,3916,3916,4027,4027,4050,4050,4050,4050,4050,4697,4697,4746,4746,4762,4804,4804,4191,4191,4191,4237,4253],"floor_reached":52,"language":"ENG","playtime":1514,"items_purged":["animator:Defend","animator:Defend","animator:KyokoSakura","animator:ElricEdward","animator:Shinoa","animator:DolaCouronne","animator:Emonzaemon","animator:Berserker"],"score":3437,"play_id":"5a672ded-59cf-436f-9a75-0dbfa9bb9319","local_time":"20210115012610","is_ascension_mode":true,"campfire_choices":[{"floor":7,"key":"RECALL"},{"data":"TH:DeckOfManyThings","floor":15,"key":"SMITH"},{"data":"MostiFishMod:DeathFromBelow","floor":24,"key":"SMITH"},{"data":"ReplayTheSpireMod:Echoes of Time","floor":30,"key":"SMITH"},{"floor":32,"key":"DIG"},{"floor":41,"key":"RECALL"},{"floor":49,"key":"REST"}],"circlet_count":0,"master_deck":["AscendersBane","animator:Ara","animator:Kazuma","animator:Aqua","animator:Darkness","animator:YunYun","animator:Chris+1","animator:Aqua","animator:Hibiki","animator:Megumin+21","animator:YunYun","animator:Kazuma","animator:Chris","animator:Chris","animator:Kazuma","animator:Aqua","animator:Ainz","animator:Mitsurugi","animator:Kazuma","animator:Chris","animator:Darkness","animator:Kazuma","animator:Darkness","animator:Verdia+1","animator:Elesis","animator:Chris","animator:Togame","animator:Darkness+1","animator:Darkness","animator:YunYun","animator:Elesis","animator:Kazuma","animator:Wiz","animator:Aqua","TH:DeckOfManyThings+1","animator:Eris","animator:ItamiYouji+1","MostiFishMod:DeathFromBelow+1","animator:Verdia","animator:Verdia","animator:YunYun","animator:Eve","animator:Chris","ReplayTheSpireMod:Echoes of Time+1","animator:TsurugaMeisai","Pot Of Greed","Pot Of Greed","Pot Of Greed","Pot Of Greed","animator:Hans","Pot Of Greed","animator:Wiz","animator:Hans","animator:Verdia"],"relics":["animator:LivingPicture","animator:TheMissingPiece","EVO:Axolotl","DaveBox","ice","REME_ComplimentaryCards","DemoMod:Metronome","REME_CardOfGreed","SynthV:TestCard","conspire:GiftBox","Dota2Spire:Vanguard","aspiration:BabyByrd","StuffTheSpire:EmeraldSignet","jedi:angrymask","halation:SelfBoilingWater","Boot","Juzu Bracelet","Dota2Spire:RefresherOrb","HollowDreamFlower","trackpad:DisasterInABottle","relicPack:DarknessArmor","Centennial Puzzle","ReplayTheSpireMod:Lightbulb","hubris:Towel","hubris:EvacipatedBox","hubris:KleinBottle","hubris:FruitBowl","RoseTintedShades","Grinning Jar","halation:Prosthetics","relicPack:OneForAll","vexMod:ConsolationPrize","Whetstone","trackpad:AdjectivePendant","wanderingMiniBosses:Inkheart","Anchor","jedi:shrinkray","infinitespire:WardingShard"],"acts_visited":["Exordium","TheCity","TheBeyond"],"potions_floor_usage":[3,31],"damage_taken":[{"damage":0.0,"enemies":"Cultist","floor":1.0,"turns":2.0},{"damage":0,"enemies":"2 Louse","floor":5,"turns":1},{"damage":0,"enemies":"Small Slimes","floor":8,"turns":2},{"damage":0,"enemies":"Exordium Thugs","floor":10,"turns":1},{"damage":0,"enemies":"Gremlin Nob","floor":11,"turns":2},{"damage":8,"enemies":"Lagavulin","floor":13,"turns":3},{"damage":0,"enemies":"Looter","floor":14,"turns":2},{"damage":0,"enemies":"Fading Forest","floor":16,"turns":7},{"damage":0,"enemies":"Spheric Guardian","floor":18,"turns":1},{"damage":0,"enemies":"2 Thieves","floor":19,"turns":1},{"damage":0,"enemies":"Snecko","floor":21,"turns":1},{"damage":0,"enemies":"3 Cultists","floor":22,"turns":2},{"damage":0,"enemies":"Gremlin Leader","floor":23,"turns":2},{"damage":0,"enemies":"conspire:Head Lice","floor":29,"turns":1},{"damage":0,"enemies":"Centurion and Healer","floor":31,"turns":2},{"damage":0,"enemies":"Champ","floor":33,"turns":3},{"damage":0,"enemies":"Orb Walker","floor":35,"turns":1},{"damage":0,"enemies":"Nemesis","floor":40,"turns":3},{"damage":0,"enemies":"R_Hoarder","floor":42,"turns":4},{"damage":0,"enemies":"3 Darklings","floor":44,"turns":1},{"damage":0,"enemies":"Transient","floor":45,"turns":5},{"damage":24,"enemies":"conspire:OrnateMirror","floor":50,"turns":4},{"damage":0,"enemies":"hubris:GrandSnecko","floor":51,"turns":3}],"seed_played":"-4150736973394204298","potions_obtained":[{"floor":1,"key":"blueLaboratory:FruitPunch"},{"floor":5,"key":"jedi:StrikingPotion"},{"floor":31,"key":"blueLaboratory:TrueEctoplasm"}],"is_trial":false,"path_per_floor":["M","$","?","?","M","?","R","M","T","M","E","$","E","M","R","B",null,"M","M","$","M","M","E","R","?","T","?","$","E","R","M","R_BF","B",null,"M","?","AVR","?","?","E","R","E","T","M","M","?","$","?","R","B","B",null],"character_chosen":"THE_ANIMATOR","items_purchased":["animator:Darkness","animator:YunYun","DemoMod:Metronome","animator:Chris","animator:Aqua","animator:Hibiki","animator:Megumin","animator:YunYun","animator:Kazuma","animator:Chris","animator:Kazuma","animator:Aqua","animator:Ainz","animator:Mitsurugi","animator:Kazuma","animator:Chris","animator:Darkness","animator:Kazuma","animator:Darkness","animator:Verdia+1","animator:Elesis","animator:Chris","animator:Kazuma","REME_CardOfGreed","animator:Togame","animator:Darkness+1","animator:Darkness","animator:Megumin","conspire:GiftBox","Dota2Spire:Vanguard","jedi:mysterypotion","jedi:angrymask","halation:SelfBoilingWater","Boot","trackpad:DisasterInABottle","relicPack:DarknessArmor","hubris:EvacipatedBox","hubris:KleinBottle","hubris:FruitBowl","Anchor","jedi:shrinkray","infinitespire:WardingShard"],"campfire_rested":1,"item_purchase_floors":[0,0,0,0,0,0,0,0,0,0,0,0,0,0,0,0,0,0,0,0,0,0,0,0,0,0,0,2,2,2,2,12,12,12,20,20,28,28,28,47,47,47],"current_hp_per_floor":[60,60,60,60,60,60,60,60,60,60,61,61,53,60,60,61,61,61,61,61,61,61,61,61,61,61,61,4,12,12,25,25,37,57,61,109,57,57,57,57,57,57,57,57,57,57,57,57,57,33,44],"gold":4253,"neow_bonus":"","is_daily":false,"chose_seed":false,"campfire_upgraded":3,"win_rate":0.0,"timestamp":1610645170,"path_taken":["M","$","?","?","M","?","R","M","T","?","E","$","E","M","R","BOSS","M","M","$","M","M","E","R","?","T","?","?","E","R","M","R_BF","BOSS","M","?","AVR","?","?","E","R","E","T","M","M","?","$","?","R","BOSS","BOSS"],"items_purchased_type":["Card","Card","Relic","Card","Card","Card","Card","Card","Card","Card","Card","Card","Card","Card","Card","Card","Card","Card","Card","Card","Card","Card","Card","Relic","Card","Card","Card","Card","Relic","Relic","Potion","Relic","Relic","Relic","Relic","Relic","Relic","Relic","Relic","Relic","Relic","Relic"],"build_version":"2020-12-22","purchased_purges":8,"victory":true,"max_hp_per_floor":[60,60,60,60,60,60,60,60,60,60,61,61,61,61,61,61,61,61,61,61,61,61,61,61,61,61,61,61,61,61,64,64,64,64,64,109,57,57,57,57,57,57,57,57,57,57,57,57,57,59,62],"card_choices":[{"not_picked":["animator:Emonzaemon","animator:ShinjiMatou"],"picked":"animator:YunYun","floor":1},{"not_picked":["animator:Biyorigo","animator:Albedo"],"picked":"animator:Elesis","floor":2},{"not_picked":["animator:Albedo","animator:Ara","animator:Add","animator:Azekura"],"picked":"animator:Kazuma","floor":5},{"not_picked":["animator:Genos","animator:EmiyaShirou","animator:Entoma","animator:Aqua"],"picked":"animator:Wiz","floor":8},{"not_picked":["TH:PixieDust","TH:Mimic","TH:CursedSword","TH:ArmorSpikes"],"picked":"SKIP","floor":9},{"not_picked":["animator:Kazuma","animator:YunYun","animator:Darkness","animator:Verdia"],"picked":"animator:Aqua","floor":10},{"not_picked":["TH:Mimic","TH:EnergyPotion","TH:CursedSword"],"picked":"TH:DeckOfManyThings","floor":11},{"not_picked":["animator:Chung","animator:SakuraMatou","animator:Demiurge","animator:Add"],"picked":"animator:Eris","floor":11},{"not_picked":["TH:DeckOfManyThings","TH:BikiniMail","TH:CursedSword","TH:CopperCoins"],"picked":"SKIP","floor":13},{"not_picked":["animator:Geryuganshoop","animator:SakuraMatou","animator:Bozes","animator:Shalltear","animator:Konayuki"],"picked":"SKIP","floor":13},{"not_picked":["animator:NarberalGamma","animator:Geryuganshoop","animator:Konayuki","animator:Hitei","animator:Entoma"],"picked":"SKIP","floor":14},{"not_picked":["animator:Ainz","animator:Saitama","animator:Albedo","animator:Gilgamesh"],"picked":"animator:ItamiYouji","floor":16},{"not_picked":["animator:YunYun","animator:Wiz","animator:Chris","animator:Mitsurugi"],"picked":"animator:Verdia","floor":18},{"not_picked":["animator:Shichika","animator:Bozes","animator:Mitsurugi","animator:Gilgamesh"],"picked":"animator:Verdia","floor":19},{"not_picked":["animator:Archer","animator:UneriGinkaku","animator:MetalKnight","animator:Tyuule"],"picked":"animator:YunYun","floor":21},{"not_picked":["animator:Ain","animator:ShinjiMatou","animator:Aisha","animator:Sebas"],"picked":"animator:Eve","floor":22},{"not_picked":["animator:Mitsurugi","animator:Kazuma","animator:YunYun","animator:Vanir"],"picked":"animator:Chris","floor":23},{"not_picked":["animator:YaoHaDucy","animator:Kuribayashi+1","animator:Chung","animator:Laby","animator:MetalKnight"],"picked":"SKIP","floor":23},{"not_picked":["TH:DeckOfManyThings","TH:ArmorSpikes","TH:PixieDust","TH:EnergyPotion"],"picked":"SKIP","floor":26},{"not_picked":["infinitespire:Gouge","infinitespire:SevenWalls"],"picked":"ReplayTheSpireMod:Echoes of Time","floor":28},{"not_picked":["animator:Emonzaemon+1","animator:Azekura","animator:Entoma","animator:Elesis"],"picked":"animator:Berserker","floor":29},{"not_picked":["TH:PixieDust","TH:CursedSword","TH:ArmorSpikes","TH:ElvenBoots"],"picked":"SKIP","floor":29},{"not_picked":["animator:PandorasActor","animator:Vanir","animator:Eve","animator:RoryMercury+1"],"picked":"animator:TsurugaMeisai","floor":31},{"not_picked":["animator:Wiz","animator:PinaCoLada","animator:Elesis","animator:Saitama"],"picked":"animator:Hans","floor":33},{"not_picked":["animator:Bozes","animator:Demiurge","animator:Togame","animator:Entoma+1","animator:Emonzaemon"],"picked":"SKIP","floor":35},{"not_picked":["animator:Kuribayashi","animator:Sonic","animator:Illya+1","animator:Chung"],"picked":"animator:Hans","floor":40},{"not_picked":["TH:PixieDust","TH:CopperCoins","TH:Mimic","TH:ElvenBoots"],"picked":"SKIP","floor":40},{"not_picked":["TH:EnergyPotion","TH:ElvenBoots","TH:TreasureMap","TH:ArmorSpikes"],"picked":"SKIP","floor":42},{"not_picked":["animator:ZankiKiguchi","animator:LeleiLaLalena","animator:RinTohsaka","animator:Ara","animator:Add"],"picked":"SKIP","floor":42},{"not_picked":["TH:ElvenBoots","TH:TreasureMap","TH:PixieDust","TH:DeckOfManyThings"],"picked":"SKIP","floor":43},{"not_picked":["animator:Azekura","animator:Genos","animator:Gilgamesh","animator:Alexander+1","animator:Bozes"],"picked":"SKIP","floor":44},{"not_picked":["animator:Nanami","animator:Megumin","animator:Konayuki","animator:MetalKnight"],"picked":"animator:Verdia","floor":45}],"player_experience":448767,"relics_obtained":[{"floor":1,"key":"SynthV:TestCard"},{"floor":11,"key":"StuffTheSpire:EmeraldSignet"},{"floor":13,"key":"Juzu Bracelet"},{"floor":23,"key":"Centennial Puzzle"},{"floor":26,"key":"ReplayTheSpireMod:Lightbulb"},{"floor":29,"key":"RoseTintedShades"},{"floor":32,"key":"Grinning Jar"},{"floor":40,"key":"vexMod:ConsolationPrize"},{"floor":42,"key":"Whetstone"},{"floor":43,"key":"trackpad:AdjectivePendant"},{"floor":45,"key":"wanderingMiniBosses:Inkheart"}],"event_choices":[{"damage_healed":0,"gold_gain":0,"player_choice":"Ignored","damage_taken":3391,"max_hp_gain":0,"max_hp_loss":0,"event_name":"betterThird:BetterSerpent","floor":4,"gold_loss":0},{"damage_healed":0,"gold_gain":0,"player_choice":"Ignored","damage_taken":0,"max_hp_gain":0,"max_hp_loss":0,"event_name":"Transmorgrifier","floor":6,"gold_loss":0},{"damage_healed":0,"gold_gain":0,"player_choice":"1 cards matched","damage_taken":0,"max_hp_gain":0,"max_hp_loss":0,"event_name":"Match and Keep!","floor":38,"gold_loss":0,"cards_obtained":["animator:Wiz"]},{"cards_removed":["animator:Kazuma"],"damage_healed":0,"gold_gain":0,"player_choice":"Card Removal","damage_taken":0,"max_hp_gain":0,"max_hp_loss":0,"event_name":"Wheel of Change","floor":46,"gold_loss":0}],"is_beta":false,"boss_relics":[{"not_picked":["REME_ChargedStone","conspire:RoyalGoblet"],"picked":"Dota2Spire:RefresherOrb"},{"not_picked":["energizedSpire:OgreHead","jedi:paperlyon","Fusion Hammer","infinitespire:Cupcake"]}],"items_purged_floors":[0,0,0,0,0,0,0,37],"is_endless":false,"potions_floor_spawned":[1,5,8,14,18,21,31,42,45],"ascension_level":20}}