{"host":"vrsxkkch9ccrec7k","time":1610667039,"event":{"mods":["Act Like it!","BaseMod","Bestiary","Better Sensory Stone","Better Third Choice","Better Vampires","Downfall","Minty Spire (QoL Compilation)","Permanent Neow","Relic Stats","Spicy Shops","StSLib"],"gold_per_floor":[99,111,111,125,125,125,125,37,37,37,47,67,95,160,178,276,276,276,292,312,326,326,526,602,633,30,42,69,69,169,197,222,323,323,248,248,248,248,248,248,299,317,344,29,29,48,64,121,133,133],"floor_reached":51,"language":"ENG","playtime":5596,"items_purged":["hexamod:Haunted","hexamod:Sear"],"score":1981,"play_id":"2ad6e973-7071-401f-8b8f-dbb90248c7be","local_time":"20210114183039","is_ascension_mode":true,"campfire_choices":[{"data":"hexamod:Float","floor":1,"key":"SMITH"},{"floor":10,"key":"REST"},{"data":"Shockwave","floor":18,"key":"SMITH"},{"data":"hexamod:SearingWound","floor":29,"key":"SMITH"},{"data":"hexamod:UnlimitedPower","floor":35,"key":"SMITH"},{"data":"Thinking Ahead","floor":40,"key":"SMITH"},{"data":"hexamod:GiftsFromTheDead","floor":45,"key":"SMITH"}],"circlet_count":0,"master_deck":["hexamod:Defend","hexamod:Defend","hexamod:Defend","hexamod:Defend","hexamod:Float+1","hexamod:SpectersWail","Shockwave+1","hexamod:ThermalTransfer","hexamod:AdvancingGuard","hexamod:SoulSteal","hexamod:RetreatToShadows","hexamod:DynamicBlow","hexamod:SearingWound+1","hexamod:ShieldOfDarkness","hexamod:FastForward","hexamod:PhantomCloak+1","hexamod:SpectralSpark","hexamod:GhostOfSpireFuture","hexamod:Rewind","hexamod:UnlimitedPower+1","Thinking Ahead+1","Flash of Steel","expansioncontent:DarkVoid","expansioncontent:DefensiveStance","hexamod:FlamesFromBeyond+1","hexamod:CatchUp+1","hexamod:GiftsFromTheDead+1","Sadistic Nature","hexamod:NightmareStrike","hexamod:AdvancingGuard","hexamod:GhostOfSpirePast+1"],"relics":["hexamod:SpiritBrand","downfall:ShatteredFragment","Anchor","Shuriken","Bird Faced Urn","Runic Pyramid","Pantograph","Mercury Hourglass","Gambling Chip","PreservedInsect","champ:DeflectingBracers","Busted Crown","downfall:HeartBlessingGreen","hexamod:TheBrokenSeal","CaptainsWheel"],"acts_visited":["Exordium","TheCity","TheBeyond"],"potions_floor_usage":[13,14,16,25,25,32,47,47,50],"damage_taken":[{"damage":0,"enemies":"Cultist","floor":2,"turns":3},{"damage":0,"enemies":"2 Louse","floor":4,"turns":2},{"damage":0,"enemies":"downfall:FleeingMerchant","floor":8,"turns":4},{"damage":0,"enemies":"Small Slimes","floor":11,"turns":2},{"damage":0,"enemies":"2 Fungi Beasts","floor":12,"turns":3},{"damage":1,"enemies":"Lagavulin","floor":13,"turns":4},{"damage":13,"enemies":"Lagavulin Event","floor":14,"turns":6},{"damage":0,"enemies":"3 Louse","floor":15,"turns":2},{"damage":29,"enemies":"downfall:Ironclad","floor":16,"turns":7},{"damage":0,"enemies":"Shell Parasite","floor":19,"turns":3},{"damage":0,"enemies":"3 Byrds","floor":20,"turns":3},{"damage":3,"enemies":"Cultist and Chosen","floor":21,"turns":7},{"damage":12,"enemies":"Gremlin Leader","floor":25,"turns":6},{"damage":0,"enemies":"downfall:FleeingMerchant","floor":26,"turns":4},{"damage":0,"enemies":"3 Cultists","floor":27,"turns":4},{"damage":5,"enemies":"Book of Stabbing","floor":28,"turns":6},{"damage":6,"enemies":"Gremlin Leader","floor":31,"turns":7},{"damage":12,"enemies":"Sentry and Sphere","floor":32,"turns":7},{"damage":22,"enemies":"downfall:Silent","floor":33,"turns":11},{"damage":0,"enemies":"Orb Walker","floor":42,"turns":4},{"damage":9,"enemies":"3 Shapes","floor":43,"turns":5},{"damage":0,"enemies":"downfall:FleeingMerchant","floor":44,"turns":4},{"damage":4,"enemies":"Transient","floor":46,"turns":5},{"damage":0,"enemies":"4 Shapes","floor":47,"turns":2},{"damage":6,"enemies":"Mind Bloom Boss Battle","floor":48,"turns":6},{"damage":0,"enemies":"Sphere and 2 Shapes","floor":49,"turns":3},{"damage":0,"enemies":"downfall:Watcher","floor":50,"turns":5}],"seed_played":"-7926019907573866323","potions_obtained":[{"floor":4,"key":"Strength Potion"},{"floor":11,"key":"FearPotion"},{"floor":16,"key":"Block Potion"},{"floor":19,"key":"Energy Potion"},{"floor":20,"key":"AttackPotion"},{"floor":27,"key":"FearPotion"},{"floor":32,"key":"champ:CounterPotion"},{"floor":33,"key":"FearPotion"},{"floor":42,"key":"GamblersBrew"},{"floor":44,"key":"DistilledChaos"},{"floor":46,"key":"SkillPotion"},{"floor":47,"key":"Dexterity Potion"}],"is_trial":false,"path_per_floor":["R","M","?","M","?","?","T","$","?","R","M","M","E","?","M","B",null,"R","M","M","M","?","?","T","E","$","M","E","R","?","E","M","B",null,"R","?","?","?","?","R","T","M","M","$","R","M","M","?","M","B",null],"character_chosen":"THE_SPIRIT","items_purchased":["Swift Potion","hexamod:GhostOfSpireFuture","Gambling Chip","PreservedInsect","Sadistic Nature","hexamod:NightmareStrike"],"campfire_rested":1,"item_purchase_floors":[8,26,26,26,44,44],"current_hp_per_floor":[70,70,50,50,50,29,29,29,29,50,50,50,49,36,36,7,70,70,70,70,67,67,67,67,57,57,59,56,56,56,56,52,52,70,70,70,70,65,65,65,65,70,70,70,70,70,70,80,80,80],"gold":133,"neow_bonus":"REMOVE_CARD","is_daily":false,"chose_seed":false,"campfire_upgraded":6,"win_rate":0.0,"timestamp":1610667039,"path_taken":["R","M","?","M","?","?","T","$","?","R","M","M","E","?","M","BOSS","R","M","M","M","?","?","T","E","$","M","E","R","?","E","M","BOSS","R","?","?","?","?","R","T","M","M","$","R","M","M","?","M","BOSS"],"items_purchased_type":["Potion","Card","Relic","Relic","Card","Card"],"build_version":"2020-12-22","purchased_purges":2,"victory":true,"max_hp_per_floor":[70,70,70,70,70,70,70,70,70,70,70,70,70,70,70,70,70,70,70,70,70,70,70,70,70,70,70,70,70,70,70,70,70,70,70,70,70,70,70,70,70,70,70,70,70,70,70,80,80,80],"relic_stats":{"Busted Crown":34,"counters":[27,124],"Shuriken":[23],"Bird Faced Urn":[48],"Pantograph":18,"Gambling Chip":[54],"PreservedInsect":84,"obtain_stats":[{"downfall:ShatteredFragment":6,"hexamod:TheBrokenSeal":48,"downfall:HeartBlessingGreen":35,"PreservedInsect":26,"champ:DeflectingBracers":28,"Mercury Hourglass":25,"Anchor":7,"CaptainsWheel":48,"Busted Crown":34,"Shuriken":13,"Bird Faced Urn":14,"Pantograph":24,"Gambling Chip":26,"hexamod:SpiritBrand":0,"Runic Pyramid":17},{"downfall:ShatteredFragment":2,"hexamod:TheBrokenSeal":25,"downfall:HeartBlessingGreen":19,"PreservedInsect":14,"champ:DeflectingBracers":16,"Mercury Hourglass":13,"Anchor":2,"CaptainsWheel":25,"Busted Crown":19,"Shuriken":6,"Bird Faced Urn":6,"Pantograph":12,"Gambling Chip":14,"hexamod:SpiritBrand":0,"Runic Pyramid":9},{"downfall:ShatteredFragment":5,"hexamod:TheBrokenSeal":116,"downfall:HeartBlessingGreen":90,"PreservedInsect":56,"champ:DeflectingBracers":65,"Mercury Hourglass":52,"Anchor":5,"CaptainsWheel":116,"Busted Crown":90,"Shuriken":18,"Bird Faced Urn":18,"Pantograph":46,"Gambling Chip":56,"hexamod:SpiritBrand":0,"Runic Pyramid":33}],"Mercury Hourglass":[218]},"card_choices":[{"not_picked":["hexamod:FastForward","hexamod:Hexaguard"],"picked":"hexamod:SpectersWail","floor":2},{"not_picked":["hexamod:AdvancingGuard","hexamod:GhostLash"],"picked":"hexamod:ThermalTransfer","floor":4},{"not_picked":["hexamod:SwordOfDarkness","hexamod:ApocalypticArmor"],"picked":"hexamod:AdvancingGuard","floor":8},{"not_picked":["hexamod:NightmareGuise","hexamod:EtherealExpedition"],"picked":"hexamod:SoulSteal","floor":11},{"not_picked":["hexamod:ThermalTransfer","hexamod:NecessarySacrifice","hexamod:GhostLash"],"picked":"SKIP","floor":12},{"not_picked":["hexamod:SuperheatedStrike","hexamod:NightmareStrike"],"picked":"hexamod:RetreatToShadows","floor":13},{"not_picked":["hexamod:SpectersWail","hexamod:GhostLash"],"picked":"hexamod:DynamicBlow","floor":14},{"not_picked":["hexamod:Haunt","hexamod:HeatCrush","hexamod:AdvancingGuard"],"picked":"SKIP","floor":15},{"not_picked":["hexamod:ApocalypticArmor","hexamod:UnleashSpirits"],"picked":"hexamod:SearingWound","floor":16},{"not_picked":["hexamod:RadiantFlame","hexamod:GhostLash","hexamod:Hexaguard"],"picked":"SKIP","floor":19},{"not_picked":["hexamod:Firestarter+1","hexamod:GhostLash+1"],"picked":"hexamod:ShieldOfDarkness","floor":20},{"not_picked":["hexamod:GhostShield","hexamod:NightmareStrike"],"picked":"hexamod:FastForward","floor":21},{"not_picked":["hexamod:NightmareGuise","hexamod:BurningTouch","hexamod:GhostShield"],"picked":"SKIP","floor":25},{"not_picked":["hexamod:GhostflameBarrier","hexamod:GhostShield","hexamod:SpectersWail"],"picked":"SKIP","floor":26},{"not_picked":["hexamod:ThermalTransfer","hexamod:GhostOfSpirePresent+1"],"picked":"hexamod:FifthSeal","floor":27},{"not_picked":["hexamod:SuperheatedStrike","hexamod:ShieldOfDarkness","hexamod:HeatShield"],"picked":"SKIP","floor":28},{"not_picked":["hexamod:SecondSeal","hexamod:ThirdSeal"],"picked":"hexamod:FirstSeal","floor":31},{"not_picked":["hexamod:GhostLash","hexamod:FastForward"],"picked":"hexamod:SecondSeal","floor":31},{"not_picked":["hexamod:SecondSeal","hexamod:ThirdSeal"],"picked":"hexamod:FourthSeal","floor":32},{"not_picked":["hexamod:BacktrackSmack","hexamod:Hexaguard"],"picked":"hexamod:Rewind","floor":32},{"not_picked":["hexamod:VolcanoVisage","hexamod:GiftsFromTheDead"],"picked":"hexamod:UnlimitedPower","floor":33},{"not_picked":[],"picked":"Thinking Ahead","floor":37},{"not_picked":[],"picked":"Flash of Steel","floor":37},{"not_picked":[],"picked":"expansioncontent:DarkVoid","floor":38},{"not_picked":[],"picked":"expansioncontent:DefensiveStance","floor":38},{"not_picked":[],"picked":"hexamod:FlamesFromBeyond+1","floor":42},{"not_picked":[],"picked":"hexamod:CatchUp+1","floor":43},{"not_picked":["hexamod:FourthSeal"],"picked":"SKIP","floor":43},{"not_picked":[],"picked":"hexamod:GiftsFromTheDead","floor":44},{"not_picked":[],"picked":"hexamod:SixthSeal","floor":46},{"not_picked":["hexamod:NightmareStrike"],"picked":"SKIP","floor":46},{"not_picked":[],"picked":"hexamod:ThirdSeal","floor":47},{"not_picked":[],"picked":"hexamod:AdvancingGuard","floor":48},{"not_picked":[],"picked":"hexamod:GhostOfSpirePast+1","floor":49}],"player_experience":1532073,"relics_obtained":[{"floor":7,"key":"Anchor"},{"floor":13,"key":"Shuriken"},{"floor":24,"key":"Pantograph"},{"floor":25,"key":"Mercury Hourglass"},{"floor":28,"key":"champ:DeflectingBracers"},{"floor":48,"key":"CaptainsWheel"}],"event_choices":[{"damage_healed":0,"gold_gain":0,"player_choice":"Card ","damage_taken":20,"max_hp_gain":0,"max_hp_loss":0,"event_name":"betterThird:BetterScrap","floor":3,"gold_loss":0,"cards_obtained":["Shockwave"]},{"damage_healed":0,"gold_gain":0,"cards_transformed":["hexamod:Strike","hexamod:Strike"],"player_choice":"Became Test Subject","damage_taken":0,"max_hp_gain":0,"max_hp_loss":0,"event_name":"Drug Dealer","floor":22,"gold_loss":0,"cards_obtained":["hexamod:PhantomCloak","hexamod:SpectralSpark"]},{"damage_healed":0,"gold_gain":0,"player_choice":"Ignored","damage_taken":0,"max_hp_gain":0,"max_hp_loss":0,"event_name":"Mysterious Sphere","floor":36,"gold_loss":0},{"damage_healed":0,"gold_gain":3,"player_choice":"1","damage_taken":0,"max_hp_gain":0,"max_hp_loss":0,"event_name":"betterStone:BetterStone","floor":37,"gold_loss":0}],"is_beta":false,"boss_relics":[{"not_picked":["hexamod:IceCube","Coffee Dripper"],"picked":"Runic Pyramid"},{"not_picked":["SacredBark","Tiny House"],"picked":"Busted Crown"}],"items_purged_floors":[26,44],"is_endless":false,"potions_floor_spawned":[4,11,16,19,20,27,32,42,46],"ascension_level":4}}