{"host":"i9h64q9gphvrup4n","time":1610655376,"event":{"mods":["2.2 Compatiblity","AchievementEnabler","Aspiration","Astrologer","Bard","BaseMod","Beaked The Cultist","BetterRewards","Colored Powertips","Conspire","Downfall","Gremlin Mod","Hermit","Hubris","Infinite Spire","Jorbs\u0027s Wanderer Trilogy","Minty Spire (QoL Compilation)","Replay The Spire","Shop Mod","StSLib","SuperFastMode","The Blackbeard","The Bladedancer","The Bug Knight","The Construct","The Cursed","The Disciple","The Hierophant","The Jungle","The Necromancer","The Runesmith","The Wild Card","slay the spire mod where everything is the same but ironclad has a cowboy hat","vexMod"],"gold_per_floor":[15,15,40,190,30,30,62,62,87,133,160,202,214,226,238,325,337,362,388,415,439,451,463,485,497,577,603,615,650,662,704,716,803,815,840,102,116,166,166,195,195,226,226,139,139,158,192,211,211,211,211,211,17,17,17],"floor_reached":54,"language":"ENG","playtime":2822,"items_purged":[],"score":1441,"play_id":"8cef33ce-c4c3-4799-a7cc-2e77e3e12bc0","local_time":"20210114141616","is_ascension_mode":true,"campfire_choices":[{"floor":6,"key":"RECALL"},{"floor":8,"key":"REST"},{"floor":13,"key":"REST"},{"floor":15,"key":"REST"},{"floor":23,"key":"REST"},{"floor":25,"key":"DIG"},{"floor":32,"key":"DIG"},{"floor":41,"key":"REST"},{"data":"Summon_Vampire_Lady","floor":45,"key":"SMITH"},{"floor":49,"key":"REST"},{"data":"Summon_Vampire_Lady","floor":52,"key":"SMITH"}],"circlet_count":0,"master_deck":["AscendersBane","Strike_W","Strike_W","Strike_W","Strike_W","Defend_W","Defend_W","Defend_W","Defend_W","Negative_Energy_Arrows","Bone_Wall","Negative_Energy_Shield","Doubt","Stop_Heart","Bone_Prison","Consume_Illness","Summon_Vampire_Lady+1","Consume_Illness","Negative_Energy_Shield","Negative_Energy_Shield","Bone_Armor","Summon_Vampire_Lady+1","Life_Drain","Grasp_Heart","Cloudkill","BasicCrystalCard","ReplayGash","Negative_Energy_Sphere","Echo Form","conspire:Banana","Negative_Energy_Shield","Fusion+1","Summon_Undead_Army","Cloudkill","Uncharnel+1","Summon_Death_Knight","Negative_Energy_Mist"],"relics":["Vampire_Amulet","ReplayTheSpireMod:Ring of Addiction","Potion Belt","hubris:EmptyBottle","ReplayTheSpireMod:Ring of Sloth","Omamori","aspiration:HiddenCompartment","MawBank","Vajra","Guardian:PocketSentry","Darkstone Periapt","HollowMod:QueensCombRelic","Nloth\u0027s Gift","Toy Ornithopter","aspiration:ChemicalBlood","aspiration:DefectSkillbook","infinitespire:Golems Mask","Torii","aspiration:SneckoTail","Simple Rune","Replay:Bottled Steam","Shuriken","Mercury Hourglass"],"acts_visited":["Exordium","TheCity","TheBeyond","TheEnding"],"potions_floor_usage":[7,7,7,7,10,10,12,12,16,16,19,20,20,20,20,31,31,33,33,33,33,33,33,35,37,37,37,37,38,38,38,38,40,40,42,42,42,42,42,45,46,46,47,47,47,47,47,48,48,48,48,48,48,48,50,50,50,50,50,54,54,54,54,54],"damage_taken":[{"damage":8,"enemies":"Jaw Worm","floor":1,"turns":7},{"damage":36,"enemies":"Replay:BlueRogue","floor":7,"turns":10},{"damage":41,"enemies":"3 Sentries","floor":10,"turns":12},{"damage":7,"enemies":"Small Slimes","floor":11,"turns":5},{"damage":2,"enemies":"HollowMod:MossKnight","floor":12,"turns":10},{"damage":39,"enemies":"Hexaghost","floor":16,"turns":9},{"damage":11,"enemies":"3 Byrds","floor":18,"turns":8},{"damage":26,"enemies":"Shelled Parasite and Fungi","floor":19,"turns":6},{"damage":62,"enemies":"Cultist and Chosen","floor":20,"turns":9},{"damage":28,"enemies":"Snecko","floor":21,"turns":6},{"damage":38,"enemies":"Centurion and Healer","floor":24,"turns":17},{"damage":16,"enemies":"Shelled Parasite and Fungi","floor":27,"turns":7},{"damage":17,"enemies":"Replay:Snechameleon","floor":31,"turns":7},{"damage":76,"enemies":"Collector","floor":33,"turns":10},{"damage":12,"enemies":"Orb Walker","floor":35,"turns":4},{"damage":39,"enemies":"3 Darklings","floor":37,"turns":3},{"damage":22,"enemies":"2 Orb Walkers","floor":38,"turns":3},{"damage":41,"enemies":"R_Hoarder","floor":40,"turns":9},{"damage":18,"enemies":"Reptomancer","floor":42,"turns":5},{"damage":20,"enemies":"Spire Growth","floor":46,"turns":4},{"damage":27,"enemies":"Giant Head","floor":47,"turns":7},{"damage":30,"enemies":"Transient","floor":48,"turns":5},{"damage":27,"enemies":"infinitespire:MassOfShapes","floor":50,"turns":10},{"damage":79,"enemies":"Shield and Spear","floor":54,"turns":6}],"seed_played":"1467221123254887943","potions_obtained":[{"floor":2,"key":"AttackPotion"},{"floor":2,"key":"champ:CounterPotion"},{"floor":2,"key":"Explosive Potion"},{"floor":7,"key":"Ancient Potion"},{"floor":10,"key":"Adrenaline Potion"},{"floor":11,"key":"Swift Potion"},{"floor":12,"key":"Strength Potion"},{"floor":19,"key":"Elixir"},{"floor":24,"key":"Energy Potion"},{"floor":40,"key":"SkillPotion"},{"floor":42,"key":"EntropicBrew"},{"floor":48,"key":"Guardian:BlockOnCardUsePotion"}],"is_trial":false,"path_per_floor":["M","?","T","?","$","R","E","R","T","E","M","E","R","$","R","B",null,"M","M","M","M","?","R","M","R","T","M","?","?","?","E","R","B",null,"M","$","M","?","?","E","R","E","T","$","R","M","E","M","R","B",null,"R","$","E"],"character_chosen":"NECROMANCER","items_purchased":["Omamori","infinitespire:Golems Mask","ReplayGash","Torii","Summon_Undead_Army","Summon_Death_Knight","Negative_Energy_Mist","Block Potion"],"campfire_rested":6,"item_purchase_floors":[5,36,36,36,44,53,53,53],"current_hp_per_floor":[72,72,72,72,72,72,38,62,62,27,24,24,48,48,72,38,70,81,74,22,14,14,38,58,58,58,52,52,27,27,48,48,48,48,38,38,22,28,28,28,42,51,51,51,51,42,45,35,50,55,55,55,55,0,0],"gold":17,"neow_bonus":"TWENTY_PERCENT_HP_BONUS","is_daily":false,"chose_seed":false,"campfire_upgraded":2,"win_rate":0.0,"timestamp":1610655376,"path_taken":["M","?","?","?","?","R","E","R","T","E","M","E","R","$","R","BOSS","M","M","M","M","?","R","M","R","T","M","?","?","?","E","R","BOSS","M","?","M","?","?","E","R","E","T","$","R","M","E","M","R","BOSS","R","$","E"],"items_purchased_type":["Relic","Relic","Card","Relic","Card","Card","Card","Potion"],"build_version":"2020-12-22","purchased_purges":0,"victory":false,"max_hp_per_floor":[85,85,85,85,85,83,83,83,83,83,83,83,83,83,83,81,81,81,81,81,81,81,81,79,79,79,77,77,50,48,48,48,48,48,48,48,48,48,48,49,49,51,51,51,51,52,53,53,53,55,55,55,55,55,55],"card_choices":[{"not_picked":["Blood_Whip","Slay_Living"],"picked":"Negative_Energy_Shield","floor":1},{"not_picked":["Bone_Bullets","Negative_Energy_Mist"],"picked":"Stop_Heart","floor":7},{"not_picked":["Consume_Illness","Chill_Blood"],"picked":"Bone_Prison","floor":10},{"not_picked":["Death_Coil","Blood_Curse"],"picked":"Consume_Illness","floor":11},{"not_picked":["Blood_Is_Power","Exploit","Necromantic_Selection"],"picked":"SKIP","floor":12},{"not_picked":["Blood_Magic","Requiem"],"picked":"Summon_Vampire_Lady","floor":16},{"not_picked":["Corrupt","Scare","Slay_Living"],"picked":"SKIP","floor":18},{"not_picked":["Death_March_Dance","Spectral_Walk"],"picked":"Consume_Illness","floor":19},{"not_picked":["Bone_Prison+1","Bone_Bullets"],"picked":"Negative_Energy_Shield","floor":20},{"not_picked":["Chill_Blood","Pandemic"],"picked":"Negative_Energy_Shield","floor":21},{"not_picked":["Death_Coil","Bone_Bullets"],"picked":"Bone_Armor","floor":24},{"not_picked":["Bone_Armor","Blood_Whip"],"picked":"Summon_Vampire_Lady","floor":27},{"not_picked":["Toxic_Smoke_Screen","Necromantic_Selection"],"picked":"Life_Drain","floor":29},{"not_picked":["Detonate_Bones","Flesh_Made_Foul+1"],"picked":"Grasp_Heart","floor":31},{"not_picked":["Blood_Magic","Reap_The_Weak"],"picked":"Cloudkill","floor":33},{"not_picked":["Genetic Algorithm","Corrupt","Leap"],"picked":"BasicCrystalCard","floor":35},{"not_picked":["Go for the Eyes","Blood_Whip","Force Field"],"picked":"Negative_Energy_Sphere","floor":37},{"not_picked":["Death_Knell","Redo","Leap+1"],"picked":"Echo Form","floor":38},{"not_picked":["expansioncontent:DecasProtection","Replay:SS_fish_2","Replay:Sssssssssshield"],"picked":"conspire:Banana","floor":39},{"not_picked":["Necrotic_Claws","Amplify","Seek"],"picked":"Negative_Energy_Shield","floor":40},{"not_picked":["Necromantic_Selection","Life_Drain","hubris:DoWhile"],"picked":"Fusion+1","floor":42},{"not_picked":["Lockon","Blood_Shield","Seek","Thousand_Bone_Knives"],"picked":"SKIP","floor":46},{"not_picked":["Shackles_Of_Pain","Fission","Grasp_Heart"],"picked":"Cloudkill","floor":47},{"not_picked":["Bone_Armor","Sweeping Beam","Detonate_Bones"],"picked":"Uncharnel+1","floor":48}],"player_experience":730569,"relics_obtained":[{"floor":2,"key":"ReplayTheSpireMod:Ring of Addiction"},{"floor":2,"key":"Potion Belt"},{"floor":2,"key":"hubris:EmptyBottle"},{"floor":2,"key":"ReplayTheSpireMod:Ring of Sloth"},{"floor":7,"key":"aspiration:HiddenCompartment"},{"floor":9,"key":"MawBank"},{"floor":10,"key":"Shovel"},{"floor":12,"key":"Vajra"},{"floor":25,"key":"Guardian:PocketSentry"},{"floor":26,"key":"Darkstone Periapt"},{"floor":29,"key":"HollowMod:QueensCombRelic"},{"floor":31,"key":"Toy Ornithopter"},{"floor":32,"key":"aspiration:ChemicalBlood"},{"floor":38,"key":"aspiration:SneckoTail"},{"floor":40,"key":"Simple Rune"},{"floor":42,"key":"Replay:Bottled Steam"},{"floor":43,"key":"Shuriken"},{"floor":47,"key":"Mercury Hourglass"}],"event_choices":[{"damage_healed":0,"gold_gain":150,"player_choice":"AGREE","damage_taken":0,"max_hp_gain":0,"max_hp_loss":0,"event_name":"Liars Game","floor":4,"gold_loss":0,"cards_obtained":["Doubt"]},{"damage_healed":0,"gold_gain":0,"player_choice":"Traded Relic","damage_taken":0,"relics_obtained":["Nloth\u0027s Gift"],"max_hp_gain":0,"max_hp_loss":0,"event_name":"N\u0027loth","floor":30,"relics_lost":["Shovel"],"gold_loss":0},{"damage_healed":0,"gold_gain":0,"player_choice":"Fight","damage_taken":0,"max_hp_gain":0,"max_hp_loss":0,"event_name":"Mysterious Sphere","floor":38,"gold_loss":0},{"damage_healed":0,"gold_gain":0,"player_choice":"Memory 1","damage_taken":0,"max_hp_gain":0,"max_hp_loss":0,"event_name":"SensoryStone","floor":39,"gold_loss":0}],"is_beta":false,"boss_relics":[{"not_picked":["ReplayTheSpireMod:SealedPack","aspiration:FutureDiary","hubris:BlackHole"]},{"not_picked":["Philosopher\u0027s Stone","vexMod:CursedCompass"],"picked":"aspiration:DefectSkillbook"}],"items_purged_floors":[],"is_endless":false,"potions_floor_spawned":[7,10,11,12,19,24,40,42,48],"killed_by":"Shield and Spear","ascension_level":16}}