{"host":"22s5scuj7mu87reg","time":1610641319,"event":{"mods":["BaseMod","Colored Powertips","Dota2Spire","Downfall","Duelist Mod","GungeonMod","Halation","Hubris","Infinite Spire","Koishi","KomeijiMod","Minty Spire (QoL Compilation)","Replay The Spire","StSLib","SuperFastMode","The Jungle","The Mystic","The Necromancer","Wandering Minibosses"],"gold_per_floor":[145,158,173,184,184,218,218,218,218,218,218,218,143,163,163,189,189,286,286,300,317,327,524,536,536,550,567,590,590,617,629,647,667,667,763,763,782,798,848,861,861,861,861],"floor_reached":42,"language":"POL","playtime":2158,"items_purged":["theDuelist:CastleWalls"],"score":684,"play_id":"a90653d2-6b85-4157-991a-884ee4f387ff","local_time":"20210114172159","is_ascension_mode":false,"campfire_choices":[{"data":"theDuelist:NaturiaStinkbug","floor":7,"key":"SMITH"},{"data":"theDuelist:NaturiaWhiteOak","floor":12,"key":"SMITH"},{"floor":17,"key":"REST"},{"floor":25,"key":"REST"},{"floor":29,"key":"REST"},{"floor":34,"key":"REST"}],"circlet_count":0,"master_deck":["theDuelist:HuntingInstinct","theDuelist:NaturiaStinkbug","theDuelist:NaturiaWhiteOak+1","theDuelist:NaturiaStinkbug+1","Pain","theDuelist:NaturiaBeast+1","theDuelist:NaturiaHydrangea","theDuelist:NaturiaGaiastrio+1","theDuelist:NaturiaHorneedle","theDuelist:NaturiaMosquito+1","theDuelist:BloodSparks","theDuelist:NaturiaTulip","theDuelist:CastleWalls","theDuelist:CastleWalls","theDuelist:NaturiaRock","theDuelist:NaturiaSunflower","theDuelist:SummoningSwarm","theDuelist:NaturiaTulip","theDuelist:NaturiaHorneedle","theDuelist:Wiretap","theDuelist:NaturiaCliff","theDuelist:Sparks","theDuelist:Sparks"],"relics":["theDuelist:MillenniumPuzzle","theDuelist:CardPoolRelic","theDuelist:CardPoolBasicRelic","DemoMod:MeltedRock","Replay:Accelerometer","hubris:DisguiseKit","Paper Frog","WarpedTongs","theDuelist:MetronomeRelicB","theDuelist:MillenniumKey","Vajra","SlaversCollar","Lizard Tail"],"acts_visited":["Exordium","TheCity","TheBeyond"],"potions_floor_usage":[21,42],"damage_taken":[{"damage":3,"enemies":"Cultist","floor":1,"turns":5},{"damage":8,"enemies":"Small Slimes","floor":2,"turns":3},{"damage":4,"enemies":"2 Louse","floor":3,"turns":2},{"damage":11,"enemies":"Gremlin Gang","floor":4,"turns":4},{"damage":10,"enemies":"3 Sentries","floor":6,"turns":5},{"damage":2,"enemies":"Exordium Thugs","floor":14,"turns":4},{"damage":14,"enemies":"Lagavulin","floor":16,"turns":5},{"damage":1,"enemies":"Slime Boss","floor":18,"turns":5},{"damage":21,"enemies":"Shell Parasite","floor":20,"turns":6},{"damage":4,"enemies":"Spheric Guardian","floor":21,"turns":4},{"damage":3,"enemies":"Cultist and Chosen","floor":22,"turns":4},{"damage":8,"enemies":"Snake Plant","floor":24,"turns":5},{"damage":33,"enemies":"Shelled Parasite and Fungi","floor":26,"turns":6},{"damage":4,"enemies":"Centurion and Healer","floor":27,"turns":5},{"damage":5,"enemies":"Gremlin Leader","floor":30,"turns":4},{"damage":14,"enemies":"Snake Plant","floor":31,"turns":3},{"damage":6,"enemies":"Sentry and Sphere","floor":32,"turns":4},{"damage":6,"enemies":"Cultist and Chosen","floor":33,"turns":4},{"damage":30,"enemies":"Pondfish","floor":35,"turns":7},{"damage":4,"enemies":"Orb Walker","floor":37,"turns":2},{"damage":31,"enemies":"3 Darklings","floor":38,"turns":5},{"damage":4,"enemies":"Mind Bloom Boss Battle","floor":39,"turns":6},{"damage":25,"enemies":"Transient","floor":40,"turns":5},{"damage":128,"enemies":"Donu and Deca","floor":42,"turns":8}],"seed_played":"7374232808663830597","potions_obtained":[{"floor":3,"key":"champ:CounterPotion"},{"floor":4,"key":"Fire Potion"},{"floor":6,"key":"theDuelist:VampireVial"},{"floor":18,"key":"SteroidPotion"},{"floor":24,"key":"CalmPotion"},{"floor":32,"key":"theDuelist:MillenniumElixir"},{"floor":40,"key":"theDuelist:TokenPotion"}],"is_trial":false,"path_per_floor":["M","M","M","M","?","E","R","?","PTL","PTL","T","R","$","M","?","E","R","B",null,"M","M","M","?","M","R","M","M","T","R","E","M","M","M","R","B",null,"M","M","?","M","?","B"],"character_chosen":"THE_DUELIST","items_purchased":[],"campfire_rested":4,"item_purchase_floors":[],"current_hp_per_floor":[81,77,73,66,63,57,57,57,57,57,57,57,57,59,59,45,75,74,100,83,79,76,50,42,73,40,36,36,67,62,48,42,36,67,37,104,100,69,65,40,40,0,0],"gold":861,"neow_bonus":"UPGRADE_CARD","is_daily":false,"chose_seed":false,"campfire_upgraded":2,"win_rate":0.0,"timestamp":1610641319,"path_taken":["M","M","M","?","?","E","R","?","PTL","PTL","T","R","$","M","?","E","R","BOSS","M","?","M","?","M","R","M","M","T","R","E","M","M","M","R","BOSS","M","?","?","M","?","BOSS"],"items_purchased_type":[],"build_version":"2020-12-13","purchased_purges":1,"victory":false,"max_hp_per_floor":[84,88,88,92,92,96,96,96,96,96,96,96,96,100,100,100,100,100,100,104,104,104,104,104,104,104,104,104,104,104,104,104,104,104,104,104,104,104,104,104,104,104,104],"card_choices":[{"not_picked":["theDuelist:VenomShot","theDuelist:FossilDig"],"picked":"theDuelist:NaturiaStinkbug","floor":1},{"not_picked":["theDuelist:MillenniumScorpion","theDuelist:SeedSacredTree"],"picked":"theDuelist:NaturiaHorneedle","floor":2},{"not_picked":["theDuelist:Wiretap","theDuelist:NaturiaRagweed"],"picked":"theDuelist:NaturiaWhiteOak","floor":3},{"not_picked":["theDuelist:NaturiaRock","theDuelist:LuminousMoss","theDuelist:FrozenRose"],"picked":"SKIP","floor":4},{"not_picked":["theDuelist:Wildfire","theDuelist:NaturiaStrawberry"],"picked":"theDuelist:NaturiaSunflower","floor":6},{"not_picked":["theDuelist:NaturiaTulip","theDuelist:Spore","theDuelist:CrystalRose","Guardian:Gem_Purple"],"picked":"SKIP","floor":14},{"not_picked":["theDuelist:NaturiaStinkbug","theDuelist:LonefireBlossom","Guardian:ShieldSpikes"],"picked":"theDuelist:NaturiaHydrangea","floor":16},{"not_picked":["theDuelist:Wildfire","theDuelist:NaturiaHorneedle","Guardian:AncientConstruct"],"picked":"theDuelist:HuntingInstinct","floor":18},{"not_picked":["theDuelist:FossilDig","theDuelist:NaturiaBambooShoot","theDuelist:NaturiaCliff","Guardian:ArmoredProtocol"],"picked":"SKIP","floor":20},{"not_picked":["theDuelist:LonefireBlossom","theDuelist:NaturiaStinkbug","theDuelist:Anteater","Guardian:CrystalBeam"],"picked":"SKIP","floor":21},{"not_picked":["theDuelist:NaturiaLeodrake","theDuelist:NaturiaRosewhip","Guardian:WalkerClaw"],"picked":"theDuelist:NaturiaStinkbug","floor":22},{"not_picked":["theDuelist:Canyon","theDuelist:NaturiaRosewhip","Guardian:Planning"],"picked":"theDuelist:NaturiaTulip","floor":23},{"not_picked":["theDuelist:NaturiaEggplant","theDuelist:NaturiaBambooShoot","Guardian:SphericShield"],"picked":"theDuelist:Wiretap","floor":24},{"not_picked":["theDuelist:LonefireBlossom+1","theDuelist:NaturiaCliff","theDuelist:NaturiaMantis+1","Guardian:BronzeOrb"],"picked":"SKIP","floor":26},{"not_picked":["theDuelist:NaturiaRosewhip","theDuelist:NaturiaMarron","theDuelist:ConvulsionNature","Guardian:Gem_Cyan"],"picked":"SKIP","floor":27},{"not_picked":["theDuelist:LonefireBlossom","theDuelist:NaturiaRock","theDuelist:NaturiaDragonfly","Guardian:Gem_Red"],"picked":"SKIP","floor":30},{"not_picked":["theDuelist:NaturiaEggplant+1","theDuelist:NaturiaRosewhip+1","Guardian:TemporalStrike"],"picked":"theDuelist:SummoningSwarm","floor":31},{"not_picked":["theDuelist:Spore","theDuelist:ClosedForest","theDuelist:NaturiaCliff","Guardian:Planning"],"picked":"SKIP","floor":32},{"not_picked":["theDuelist:NaturiaBrambi","theDuelist:Spore","Guardian:CrystalBeam"],"picked":"theDuelist:NaturiaMosquito+1","floor":33},{"not_picked":["theDuelist:Canyon","theDuelist:MultiplicationOfAnts","Guardian:Gem_Synthetic"],"picked":"theDuelist:NaturiaHorneedle","floor":35},{"not_picked":["theDuelist:NaturiaMantis+1","theDuelist:NaturiaRosewhip","theDuelist:NaturiaCliff+1","Guardian:Harden"],"picked":"SKIP","floor":37},{"not_picked":["theDuelist:NaturiaRock","theDuelist:NaturiaCliff+1","Guardian:Gem_Blue"],"picked":"theDuelist:NaturiaGaiastrio+1","floor":38},{"not_picked":["theDuelist:NaturiaCherries+1","theDuelist:NaturiaAntjaw+1","theDuelist:NaturiaHydrangea+1","Guardian:TimeCapacitor"],"picked":"SKIP","floor":40}],"player_experience":129825,"relics_obtained":[{"floor":6,"key":"Replay:Accelerometer"},{"floor":11,"key":"Paper Frog"},{"floor":16,"key":"theDuelist:MetronomeRelicB"},{"floor":30,"key":"Vajra"},{"floor":39,"key":"Lizard Tail"}],"event_choices":[{"damage_healed":0,"gold_gain":0,"player_choice":"Success","damage_taken":3,"relics_obtained":["DemoMod:MeltedRock"],"max_hp_gain":0,"max_hp_loss":0,"event_name":"Scrap Ooze","floor":5,"gold_loss":0},{"damage_healed":0,"gold_gain":0,"player_choice":"Rummage","damage_taken":0,"relics_obtained":["WarpedTongs"],"max_hp_gain":0,"max_hp_loss":0,"event_name":"Accursed Blacksmith","floor":15,"gold_loss":0,"cards_obtained":["Pain"]},{"damage_healed":0,"gold_gain":0,"player_choice":"Fight","damage_taken":0,"max_hp_gain":0,"max_hp_loss":0,"event_name":"MindBloom","floor":39,"gold_loss":0},{"damage_healed":0,"gold_gain":0,"player_choice":"Took Portal","damage_taken":0,"max_hp_gain":0,"max_hp_loss":0,"event_name":"SecretPortal","floor":41,"gold_loss":0}],"is_beta":false,"boss_relics":[{"not_picked":["halation:PlatinumPhoenix","Replay:Fungal Core"],"picked":"theDuelist:MillenniumKey"},{"not_picked":["halation:Yufonium","hubris:Stopwatch"],"picked":"SlaversCollar"}],"items_purged_floors":[13],"is_endless":false,"potions_floor_spawned":[3,4,6,18,24,26,27,32,38,40],"killed_by":"Donu and Deca","ascension_level":0}}