{"host":"d61fcf2p3sjwe6yo","time":1610662392,"event":{"mods":["AchievementEnabler","BaseMod","Colored Map","Minty Spire (QoL Compilation)","StSLib","SuperFastMode"],"gold_per_floor":[111,111,66,66,66,92,92,92,92,123,135,196,196,214,214,293,293,269,280,280,330,255,287,287,287,310,310,310],"floor_reached":27,"language":"ENG","playtime":907,"items_purged":["Masterful Stab"],"score":527,"play_id":"ee7a78d4-1e10-45f4-8067-525e4177400a","local_time":"20210115011312","is_ascension_mode":true,"campfire_choices":[{"data":"Footwork","floor":8.0,"key":"SMITH"},{"data":"Bouncing Flask","floor":13.0,"key":"SMITH"},{"data":"Catalyst","floor":15.0,"key":"SMITH"},{"data":"Neutralize","floor":24,"key":"SMITH"}],"circlet_count":0,"master_deck":["AscendersBane","Strike_G","Strike_G","Strike_G","Strike_G","Defend_G","Defend_G","Defend_G","Defend_G","Survivor","Neutralize+1","Footwork+1","After Image","Bouncing Flask+1","Catalyst+1","After Image","Poisoned Stab+1","Backflip"],"relics":["Ring of the Snake","NeowsBlessing","Bottled Tornado","Molten Egg 2","CaptainsWheel","Incense Burner","Dream Catcher","Busted Crown","Girya"],"acts_visited":["Exordium","TheCity"],"potions_floor_usage":[23,23],"damage_taken":[{"damage":0.0,"enemies":"Jaw Worm","floor":1.0,"turns":1.0},{"damage":0.0,"enemies":"Lagavulin","floor":6.0,"turns":1.0},{"damage":0.0,"enemies":"Gremlin Nob","floor":10.0,"turns":1.0},{"damage":0.0,"enemies":"Small Slimes","floor":11.0,"turns":5.0},{"damage":0.0,"enemies":"3 Sentries","floor":12.0,"turns":11.0},{"damage":0.0,"enemies":"2 Louse","floor":14.0,"turns":7.0},{"damage":15.0,"enemies":"Hexaghost","floor":16.0,"turns":7.0},{"damage":14.0,"enemies":"2 Thieves","floor":18.0,"turns":4.0},{"damage":0.0,"enemies":"Spheric Guardian","floor":19.0,"turns":4.0},{"damage":6,"enemies":"Gremlin Leader","floor":23,"turns":9},{"damage":21,"enemies":"Slavers","floor":27,"turns":3}],"seed_played":"4287591833332279839","potions_obtained":[{"floor":11.0,"key":"Block Potion"},{"floor":12.0,"key":"PowerPotion"},{"floor":16.0,"key":"LiquidBronze"},{"floor":19.0,"key":"Dexterity Potion"}],"is_trial":false,"path_per_floor":["M","?","$","?","?","E","T","R","T","E","M","?","R","M","R","B",null,"M","M","?","?","$","E","R","?","T","E"],"character_chosen":"THE_SILENT","items_purchased":["Footwork"],"campfire_rested":0,"item_purchase_floors":[3],"current_hp_per_floor":[59,52,52,52,57,57,57,57,57,57,57,57,57,57,57,42,64,50,50,50,50,50,44,44,44,44,23,23],"gold":310,"neow_bonus":"THREE_ENEMY_KILL","is_daily":false,"chose_seed":false,"campfire_upgraded":4,"win_rate":0.0,"timestamp":1610662392,"path_taken":["M","?","$","?","?","E","?","R","T","E","M","?","R","M","R","BOSS","M","M","?","?","$","E","R","?","T","E"],"items_purchased_type":["Card"],"build_version":"2020-12-22","purchased_purges":1,"victory":false,"max_hp_per_floor":[66,66,66,66,71,71,71,71,71,71,71,71,71,71,71,71,71,71,71,71,71,71,71,71,71,71,71,71],"card_choices":[{"not_picked":["Dodge and Roll","Bane","Acrobatics"],"picked":"SKIP","floor":1.0},{"not_picked":["Underhanded Strike","Flying Knee","Riddle With Holes"],"picked":"SKIP","floor":6.0},{"not_picked":["Deflect","Tactician"],"picked":"After Image","floor":10.0},{"not_picked":["Escape Plan","Predator+1"],"picked":"Bouncing Flask","floor":11.0},{"not_picked":["Dagger Spray+1","Riddle With Holes+1"],"picked":"Catalyst","floor":12.0},{"not_picked":["PiercingWail","Deflect","Bane+1"],"picked":"SKIP","floor":14.0},{"not_picked":["Wraith Form v2","Corpse Explosion"],"picked":"After Image","floor":16.0},{"not_picked":[],"picked":"Poisoned Stab+1","floor":18.0},{"not_picked":["Finisher+1"],"picked":"SKIP","floor":19.0},{"not_picked":["Outmaneuver"],"picked":"SKIP","floor":23}],"player_experience":220170,"relics_obtained":[{"floor":6.0,"key":"Bottled Tornado"},{"floor":7.0,"key":"Molten Egg 2"},{"floor":9.0,"key":"CaptainsWheel"},{"floor":10.0,"key":"Incense Burner"},{"floor":12.0,"key":"Dream Catcher"},{"floor":23,"key":"Girya"}],"event_choices":[{"cards_removed":["Defend_G"],"damage_healed":0.0,"max_hp_gain":0.0,"max_hp_loss":0.0,"gold_gain":0.0,"event_name":"Golden Wing","player_choice":"Card Removal","floor":2.0,"gold_loss":0.0,"damage_taken":7.0},{"damage_healed":0.0,"max_hp_gain":0.0,"max_hp_loss":0.0,"gold_gain":0.0,"cards_transformed":["Strike_G"],"event_name":"Living Wall","player_choice":"Change","floor":4.0,"gold_loss":0.0,"damage_taken":0.0,"cards_obtained":["Masterful Stab"]},{"damage_healed":0.0,"max_hp_gain":5.0,"max_hp_loss":0.0,"gold_gain":0.0,"event_name":"Big Fish","player_choice":"Donut","floor":5.0,"gold_loss":0.0,"damage_taken":0.0},{"damage_healed":0.0,"max_hp_gain":0.0,"max_hp_loss":0.0,"gold_gain":0.0,"event_name":"Dead Adventurer","player_choice":"Searched \u00271\u0027 times","floor":12.0,"gold_loss":0.0,"damage_taken":0.0},{"damage_healed":0.0,"max_hp_gain":0.0,"max_hp_loss":0.0,"gold_gain":0.0,"event_name":"The Library","player_choice":"Read","floor":20.0,"gold_loss":0.0,"damage_taken":0.0,"cards_obtained":["Backflip"]},{"damage_healed":0.0,"max_hp_gain":0.0,"max_hp_loss":0.0,"gold_gain":50.0,"event_name":"Nest","player_choice":"Stole From Cult","floor":21.0,"gold_loss":0.0,"damage_taken":0.0},{"damage_healed":0,"gold_gain":0,"player_choice":"Ignored","damage_taken":0,"max_hp_gain":0,"max_hp_loss":0,"event_name":"Ghosts","floor":25,"gold_loss":0}],"is_beta":false,"boss_relics":[{"not_picked":["Runic Dome","Snecko Eye"],"picked":"Busted Crown"}],"items_purged_floors":[22],"is_endless":false,"potions_floor_spawned":[11,12,16,19],"killed_by":"Slavers","ascension_level":17}}