{"host":"r53pw7z744tg3fxg","time":1610646939,"event":{"mods":["AchievementEnabler","BaseMod","Colored Map","Colored Powertips","Highlight Path","Minty Spire (QoL Compilation)","Quick Restart","Transform Curses"],"gold_per_floor":[110,110,120,120,133,133,157,197,197,197,222,258,258,276,276,367,367,383,404,0,20,120,120,120,120],"floor_reached":24,"language":"ENG","playtime":744,"items_purged":[],"score":343,"play_id":"7e421cbc-d434-478a-b1b7-7075003e7f16","local_time":"20210114105539","is_ascension_mode":true,"campfire_choices":[{"data":"Ragnarok","floor":6.0,"key":"SMITH"},{"data":"Wallop","floor":10.0,"key":"SMITH"},{"floor":13.0,"key":"REST"},{"data":"Establishment","floor":15.0,"key":"SMITH"},{"floor":23.0,"key":"REST"}],"circlet_count":0,"master_deck":["AscendersBane","Strike_P","Strike_P","Strike_P","Strike_P","Defend_P","Defend_P","Defend_P","Defend_P","Eruption+1","Vigilance","Ragnarok+1","Wallop+1","Consecrate","Injury","CutThroughFate","Sanctity","ReachHeaven","Halt","Establishment+1","FollowUp","ConjureBlade","Crescendo","BattleHymn","Evaluate","WheelKick"],"relics":["PureWater","Golden Idol","Pear","TeardropLocket","Bag of Preparation","Black Star","TungstenRod"],"acts_visited":["Exordium","TheCity"],"potions_floor_usage":[24],"damage_taken":[{"damage":0.0,"enemies":"Small Slimes","floor":1.0,"turns":3.0},{"damage":4.0,"enemies":"Jaw Worm","floor":3.0,"turns":4.0},{"damage":0.0,"enemies":"Cultist","floor":5.0,"turns":2.0},{"damage":1.0,"enemies":"3 Louse","floor":7.0,"turns":2.0},{"damage":16.0,"enemies":"Gremlin Nob","floor":8.0,"turns":3.0},{"damage":6.0,"enemies":"Looter","floor":11.0,"turns":2.0},{"damage":9.0,"enemies":"3 Sentries","floor":12.0,"turns":4.0},{"damage":8.0,"enemies":"Red Slaver","floor":14.0,"turns":2.0},{"damage":15.0,"enemies":"Slime Boss","floor":16.0,"turns":4.0},{"damage":31.0,"enemies":"Shell Parasite","floor":18.0,"turns":6.0},{"damage":2.0,"enemies":"Chosen","floor":19.0,"turns":3.0},{"damage":24.0,"enemies":"Snecko","floor":21.0,"turns":4.0},{"damage":39,"enemies":"Slavers","floor":24,"turns":3}],"seed_played":"7190416510683225514","potions_obtained":[{"floor":5.0,"key":"Weak Potion"},{"floor":8.0,"key":"DuplicationPotion"},{"floor":11.0,"key":"PowerPotion"},{"floor":12.0,"key":"Swift Potion"},{"floor":16.0,"key":"BottledMiracle"},{"floor":18.0,"key":"BottledMiracle"},{"floor":21.0,"key":"SpeedPotion"}],"is_trial":false,"path_per_floor":["M","?","M","?","M","R","M","E","T","R","M","E","R","M","R","B",null,"M","M","$","M","?","R","E"],"character_chosen":"WATCHER","items_purchased":["TungstenRod","BattleHymn","Evaluate"],"campfire_rested":2,"item_purchase_floors":[20,20,20],"current_hp_per_floor":[65,65,61,61,61,61,60,54,54,54,48,39,63,55,55,40,72,41,39,39,15,15,39,0,0],"gold":120,"neow_bonus":"ONE_RANDOM_RARE_CARD","is_daily":false,"chose_seed":false,"campfire_upgraded":3,"win_rate":0.0,"timestamp":1610646939,"path_taken":["M","?","M","?","M","R","M","E","T","R","M","E","R","M","R","BOSS","M","M","$","M","?","R","E"],"items_purchased_type":["Relic","Card","Card"],"build_version":"2020-12-22","purchased_purges":0,"victory":false,"max_hp_per_floor":[72,72,72,72,72,72,72,82,82,82,82,82,82,82,82,82,82,82,82,82,82,82,82,82,82],"card_choices":[{"not_picked":["SashWhip","EmptyFist"],"picked":"Wallop","floor":1.0},{"not_picked":["SignatureMove","EmptyFist"],"picked":"Consecrate","floor":3.0},{"not_picked":["JustLucky","Wireheading"],"picked":"CutThroughFate","floor":5.0},{"not_picked":["CutThroughFate","WaveOfTheHand"],"picked":"Sanctity","floor":7.0},{"not_picked":["CrushJoints","Study"],"picked":"ReachHeaven","floor":8.0},{"not_picked":["Pray","Protect"],"picked":"Halt","floor":11.0},{"not_picked":["Sanctity","Collect"],"picked":"Establishment","floor":12.0},{"not_picked":["EmptyFist","Prostrate"],"picked":"FollowUp","floor":14.0},{"not_picked":["Scrawl","Omniscience"],"picked":"ConjureBlade","floor":16.0},{"not_picked":["SashWhip","FlurryOfBlows"],"picked":"Crescendo","floor":18.0},{"not_picked":["Adaptation","SignatureMove+1","Fasting2"],"picked":"SKIP","floor":19.0},{"not_picked":["FlyingSleeves","SashWhip"],"picked":"WheelKick","floor":21.0}],"player_experience":1252737,"relics_obtained":[{"floor":8.0,"key":"Pear"},{"floor":9.0,"key":"TeardropLocket"},{"floor":12.0,"key":"Bag of Preparation"}],"event_choices":[{"damage_healed":0.0,"max_hp_gain":0.0,"max_hp_loss":0.0,"gold_gain":0.0,"event_name":"Living Wall","player_choice":"Grow","floor":2.0,"gold_loss":0.0,"damage_taken":0.0,"cards_upgraded":["Eruption"]},{"damage_healed":0.0,"max_hp_gain":0.0,"max_hp_loss":0.0,"gold_gain":0.0,"event_name":"Golden Idol","player_choice":"Take Wound","floor":4.0,"gold_loss":0.0,"damage_taken":0.0,"relics_obtained":["Golden Idol"],"cards_obtained":["Injury"]},{"damage_healed":0.0,"max_hp_gain":0.0,"max_hp_loss":0.0,"gold_gain":100.0,"event_name":"Golden Shrine","player_choice":"Pray","floor":22.0,"gold_loss":0.0,"damage_taken":0.0}],"is_beta":false,"boss_relics":[{"not_picked":["Runic Dome","Snecko Eye"],"picked":"Black Star"}],"items_purged_floors":[],"is_endless":false,"potions_floor_spawned":[5,8,11,12,16,18,21],"killed_by":"Slavers","ascension_level":13}}