{"host":"4cz9gr89nglr7k8k","time":1610660233,"event":{"mods":["BaseMod","Minty Spire (QoL Compilation)","Relic Stats","Slay-I"],"gold_per_floor":[115,60,73,93,93,93,93,93,93,93,128,152,14,33,33,122,185,201,141,141],"floor_reached":19,"language":"DEU","playtime":464,"items_purged":[],"score":334,"play_id":"6d522856-3d08-450c-9364-f482ccd1fe3a","local_time":"20210114223713","is_ascension_mode":true,"campfire_choices":[{"data":"Perfected Strike","floor":6,"key":"SMITH"},{"data":"Uppercut","floor":8,"key":"SMITH"},{"floor":10,"key":"REST"},{"floor":15,"key":"REST"}],"circlet_count":0,"master_deck":["AscendersBane","Strike_R+1","Strike_R","Strike_R","Strike_R","Strike_R","Defend_R","Defend_R","Defend_R","Defend_R","Bash","Perfected Strike+1","Clothesline","Wild Strike","Uppercut+1","Flex","Sever Soul","Wild Strike","Immolate","Clash","Ghostly Armor"],"relics":["Burning Blood","NeowsBlessing","Golden Idol","Matryoshka","The Courier","Nunchaku","Tiny House"],"acts_visited":["Exordium","TheCity"],"potions_floor_usage":[11,16,16,18,19],"damage_taken":[{"damage":0,"enemies":"Cultist","floor":1,"turns":1},{"damage":0,"enemies":"2 Louse","floor":3,"turns":1},{"damage":0,"enemies":"Small Slimes","floor":4,"turns":1},{"damage":50,"enemies":"3 Sentries","floor":11,"turns":10},{"damage":6,"enemies":"Blue Slaver","floor":12,"turns":2},{"damage":19,"enemies":"Exordium Thugs","floor":14,"turns":4},{"damage":40,"enemies":"The Guardian","floor":16,"turns":11},{"damage":50,"enemies":"3 Byrds","floor":18,"turns":4},{"damage":23,"enemies":"2 Thieves","floor":19,"turns":2}],"seed_played":"-8568238646189317461","potions_obtained":[{"floor":1,"key":"Energy Potion"},{"floor":4,"key":"GamblersBrew"},{"floor":14,"key":"LiquidBronze"},{"floor":16,"key":"GamblersBrew"},{"floor":17,"key":"Explosive Potion"},{"floor":18,"key":"Strength Potion"}],"is_trial":false,"path_per_floor":["M","$","M","M","?","R","?","R","T","R","E","M","$","M","R","B",null,"M","M"],"character_chosen":"IRONCLAD","items_purchased":["Clothesline","Nunchaku"],"campfire_rested":2,"item_purchase_floors":[2,13],"current_hp_per_floor":[74,74,75,75,80,80,52,52,52,76,32,32,32,19,43,9,67,23,0,0],"gold":141,"neow_bonus":"THREE_ENEMY_KILL","is_daily":false,"chose_seed":false,"campfire_upgraded":2,"win_rate":0.0,"timestamp":1610660233,"path_taken":["M","$","M","?","?","R","?","R","T","R","E","M","$","M","R","BOSS","M","M"],"items_purchased_type":["Card","Relic"],"build_version":"2020-12-22","purchased_purges":0,"victory":false,"max_hp_per_floor":[75,75,75,75,80,80,80,80,80,80,80,80,80,80,80,80,85,85,85,85],"relic_stats":{"Nunchaku":[3],"counters":[9,36],"Golden Idol":50,"obtain_stats":[{"Nunchaku":13,"Matryoshka":9,"Tiny House":17,"NeowsBlessing":0,"Golden Idol":7,"The Courier":11,"Burning Blood":0},{"Nunchaku":5,"Matryoshka":3,"Tiny House":7,"NeowsBlessing":0,"Golden Idol":3,"The Courier":4,"Burning Blood":0},{"Nunchaku":15,"Matryoshka":3,"Tiny House":30,"NeowsBlessing":0,"Golden Idol":3,"The Courier":13,"Burning Blood":0}],"Burning Blood":37},"card_choices":[{"not_picked":["Flame Barrier","Iron Wave"],"picked":"Perfected Strike","floor":1},{"not_picked":["Iron Wave","Havoc"],"picked":"Wild Strike","floor":3},{"not_picked":["Clothesline","Fire Breathing"],"picked":"Uppercut","floor":4},{"not_picked":["Dropkick","Battle Trance"],"picked":"Flex","floor":11},{"not_picked":["Battle Trance","Headbutt"],"picked":"Sever Soul","floor":12},{"not_picked":["Iron Wave","Headbutt"],"picked":"Wild Strike","floor":14},{"not_picked":["Limit Break","Offering"],"picked":"Immolate","floor":16},{"not_picked":["Evolve","Shrug It Off"],"picked":"Clash","floor":17},{"not_picked":["Warcry","Combust"],"picked":"Ghostly Armor","floor":18}],"player_experience":1495108,"relics_obtained":[{"floor":9,"key":"Matryoshka"},{"floor":11,"key":"The Courier"}],"event_choices":[{"damage_healed":0,"gold_gain":0,"player_choice":"Donut","damage_taken":0,"max_hp_gain":5,"max_hp_loss":0,"event_name":"Big Fish","floor":5,"gold_loss":0},{"damage_healed":0,"gold_gain":0,"player_choice":"Take Damage","damage_taken":28,"relics_obtained":["Golden Idol"],"max_hp_gain":0,"max_hp_loss":0,"event_name":"Golden Idol","floor":7,"gold_loss":0}],"is_beta":false,"boss_relics":[{"not_picked":["Coffee Dripper","Black Star"],"picked":"Tiny House"}],"items_purged_floors":[],"is_endless":false,"potions_floor_spawned":[1,4,14,16,18],"killed_by":"2 Thieves","ascension_level":20}}