{"host":"gopu3kmfaoww0llm","time":1610618501,"event":{"mods":["BaseMod","DeckTracker","Minty Spire (QoL Compilation)","Quick Restart","StSLib","SuperFastMode"],"gold_per_floor":[109,6,6,24,34,34,52,81,381,397,397,397,440,503,503,577,577,592,612,622,378,398,398,398],"floor_reached":23,"language":"KOR","playtime":535,"items_purged":["Strike_P"],"score":510,"play_id":"ba301c4f-5d81-432c-8217-e3ecbc81dab3","local_time":"20210114190141","is_ascension_mode":true,"campfire_choices":[{"data":"Tantrum","floor":6.0,"key":"SMITH"},{"data":"Wish","floor":12.0,"key":"SMITH"},{"floor":15.0,"key":"REST"}],"circlet_count":0,"master_deck":["AscendersBane","Strike_P","Strike_P","Defend_P","Defend_P","Defend_P","Defend_P","Eruption+1","Vigilance","Flash of Steel","Tantrum+1","Consecrate","Wish+1","Scrawl","MentalFortress","Adaptation"],"relics":["PureWater","TeardropLocket","Old Coin","FossilizedHelix","Black Star","Orrery"],"acts_visited":["Exordium","TheCity"],"potions_floor_usage":[],"damage_taken":[{"damage":10.0,"enemies":"Small Slimes","floor":1.0,"turns":4.0},{"damage":2.0,"enemies":"Cultist","floor":4.0,"turns":3.0},{"damage":2.0,"enemies":"2 Louse","floor":5.0,"turns":2.0},{"damage":1.0,"enemies":"Blue Slaver","floor":7.0,"turns":3.0},{"damage":17.0,"enemies":"Lagavulin","floor":8.0,"turns":4.0},{"damage":0.0,"enemies":"Large Slime","floor":10.0,"turns":3.0},{"damage":13.0,"enemies":"3 Louse","floor":13.0,"turns":4.0},{"damage":2.0,"enemies":"3 Sentries","floor":14.0,"turns":4.0},{"damage":0.0,"enemies":"Slime Boss","floor":16.0,"turns":6.0},{"damage":0.0,"enemies":"Chosen","floor":18.0,"turns":2.0},{"damage":8.0,"enemies":"3 Byrds","floor":19.0,"turns":4.0},{"damage":5.0,"enemies":"Snecko","floor":20.0,"turns":4.0},{"damage":0.0,"enemies":"Snake Plant","floor":22.0,"turns":2.0},{"damage":58,"enemies":"Slavers","floor":23,"turns":4}],"seed_played":"-8790552168024543479","potions_obtained":[{"floor":5.0,"key":"Dexterity Potion"},{"floor":7.0,"key":"PowerPotion"},{"floor":8.0,"key":"EntropicBrew"},{"floor":13.0,"key":"ColorlessPotion"},{"floor":16.0,"key":"Ambrosia"},{"floor":19.0,"key":"FairyPotion"}],"is_trial":false,"path_per_floor":["M","$","?","M","M","R","M","E","T","M","?","R","M","E","R","B",null,"M","M","M","$","M","E"],"character_chosen":"WATCHER","items_purchased":["Flash of Steel","Orrery"],"campfire_rested":1,"item_purchase_floors":[2,21],"current_hp_per_floor":[51,51,51,49,47,47,46,29,29,29,22,22,9,7,27,27,58,58,50,45,45,45,20,20],"gold":398,"neow_bonus":"UPGRADE_CARD","is_daily":false,"chose_seed":false,"campfire_upgraded":2,"win_rate":0.0,"timestamp":1610618501,"path_taken":["M","$","?","M","M","R","?","E","T","M","?","R","M","E","R","BOSS","M","M","M","$","M","E"],"items_purchased_type":["Card","Relic"],"build_version":"2020-12-22","purchased_purges":1,"victory":false,"max_hp_per_floor":[68,68,68,68,68,68,68,68,68,68,68,68,68,68,68,68,68,68,68,68,68,68,68,68],"card_choices":[{"not_picked":["FlyingSleeves","Crescendo","Prostrate"],"picked":"SKIP","floor":1.0},{"not_picked":["FollowUp","CutThroughFate","Evaluate"],"picked":"SKIP","floor":4.0},{"not_picked":["FollowUp","SignatureMove"],"picked":"Tantrum","floor":5.0},{"not_picked":["Pray","PathToVictory"],"picked":"Consecrate","floor":7.0},{"not_picked":["FollowUp","JustLucky","CarveReality"],"picked":"SKIP","floor":8.0},{"not_picked":["Sanctity","FlurryOfBlows"],"picked":"Wish","floor":10.0},{"not_picked":["Perseverance","Conclude","Halt"],"picked":"SKIP","floor":13.0},{"not_picked":["Protect","ClearTheMind","Vengeance"],"picked":"SKIP","floor":14.0},{"not_picked":["SpiritShield","Blasphemy"],"picked":"Scrawl","floor":16.0},{"not_picked":["SashWhip","CutThroughFate","Weave"],"picked":"SKIP","floor":18.0},{"not_picked":["WaveOfTheHand","WreathOfFlame","Protect"],"picked":"SKIP","floor":19.0},{"not_picked":["BattleHymn+1","WindmillStrike","ClearTheMind"],"picked":"SKIP","floor":20.0},{"not_picked":["SpiritShield","FlyingSleeves"],"picked":"MentalFortress","floor":21.0},{"not_picked":["ReachHeaven","Consecrate"],"picked":"Adaptation","floor":21.0},{"not_picked":["PathToVictory","Wallop","EmptyFist"],"picked":"SKIP","floor":22.0}],"player_experience":2901649,"relics_obtained":[{"floor":8.0,"key":"TeardropLocket"},{"floor":9.0,"key":"Old Coin"},{"floor":14.0,"key":"FossilizedHelix"}],"event_choices":[{"damage_healed":0.0,"max_hp_gain":0.0,"max_hp_loss":0.0,"gold_gain":0.0,"event_name":"Match and Keep!","player_choice":"0 cards matched","floor":3.0,"gold_loss":0.0,"damage_taken":0.0,"cards_obtained":[]},{"cards_removed":["Strike_P"],"damage_healed":0.0,"max_hp_gain":0.0,"max_hp_loss":0.0,"gold_gain":0.0,"event_name":"Golden Wing","player_choice":"Card Removal","floor":11.0,"gold_loss":0.0,"damage_taken":7.0}],"is_beta":false,"boss_relics":[{"not_picked":["Fusion Hammer","Runic Dome"],"picked":"Black Star"}],"items_purged_floors":[21],"is_endless":false,"potions_floor_spawned":[5,7,8,13,16,19],"killed_by":"Slavers","ascension_level":20}}