{"host":"57rcrwhzj4x4jlaj","time":1610637853,"event":{"mods":["2.2 Compatiblity","BaseMod","BetterRewards","Colored Map","Conspire","Dota2Spire","Downfall","Energized Spire","Grow up Mod","Hermit","Hubris","Infinite Spire","Marisa????????","Minty Spire (QoL Compilation)","Relic Filter","Relic Stats","Remilia??????","Replay The Spire","Shop Mod","StSLib","SuperFastMode","Td1madao Mod","The Accelerator","The Bug Knight","The Exalted","The Jungle","The Marked","[IsaacMod]????","vexMod"],"gold_per_floor":[109,124,138,138,69,113,134,134,158,174,198,198,212,226,226,346,346,346,346],"floor_reached":18,"language":"ENG","playtime":1234,"items_purged":["DoctorFetus","HollowMod:NailStrikeStart"],"score":343,"play_id":"6cc99125-699b-4d94-96a8-69c88d4a479a","local_time":"20210114222413","is_ascension_mode":true,"campfire_choices":[{"data":"HollowMod:LuriensSpire","floor":12,"key":"SMITH"},{"floor":15,"key":"REST"}],"circlet_count":0,"master_deck":["HollowMod:NailStrikeStart","HollowMod:QuickDashStart","HollowMod:QuickDashStart","HollowMod:QuickDashStart","HollowMod:QuickDashStart","HollowMod:FocusHealStart","HollowMod:PogoStrike","HollowMod:BrokenVessel","HollowMod:TaintedHusks","HollowMod:InfectedAttack","HollowMod:CloakDash","HollowMod:NewJinnsSoul","HollowMod:NewInfectedGuardian","HollowMod:LuriensSpire+1","HollowMod:InfectionAssault","HollowMod:MothsMistake","HollowMod:CloakDash"],"relics":["HollowMod:VesselMask","HushsDoor","D6","Dota2Spire:PhaseBoots","Golden Idol","Juzu Bracelet","MealTicket","Empty Cage"],"acts_visited":["Exordium","TheCity"],"potions_floor_usage":[],"damage_taken":[{"damage":13,"enemies":"2 Louse","floor":1,"turns":2},{"damage":24,"enemies":"Small Slimes","floor":2,"turns":3},{"damage":1,"enemies":"Cultist","floor":3,"turns":3},{"damage":26,"enemies":"HollowMod:MossKnight","floor":6,"turns":7},{"damage":12,"enemies":"Blue Slaver","floor":7,"turns":5},{"damage":0,"enemies":"2 Fungi Beasts","floor":10,"turns":1},{"damage":29,"enemies":"Looter","floor":11,"turns":3},{"damage":18,"enemies":"3 Louse","floor":13,"turns":4},{"damage":25,"enemies":"Exordium Thugs","floor":14,"turns":4},{"damage":45,"enemies":"Fading Forest","floor":16,"turns":11},{"damage":12,"enemies":"Shell Parasite","floor":18,"turns":3}],"seed_played":"1810699852682727728","potions_obtained":[{"floor":1,"key":"Toxic Potion"},{"floor":11,"key":"EssenceOfSteel"},{"floor":13,"key":"Flashbang"},{"floor":16,"key":"champ:CounterPotion"}],"is_trial":false,"path_per_floor":["M","M","M","?","$","E","M","?","T","M","M","R","M","M","R","B",null,"M"],"character_chosen":"THE_BUGKNIGHT","items_purchased":["HollowMod:BrokenVessel","HollowMod:TaintedHusks","HollowMod:InfectedAttack","Dota2Spire:PhaseBoots","HollowMod:NewInfectedGuardian"],"campfire_rested":1,"item_purchase_floors":[0,0,0,0,5],"current_hp_per_floor":[82,68,77,87,97,87,85,100,110,120,101,111,103,94,170,145,251,239,239],"gold":346,"neow_bonus":"","is_daily":false,"chose_seed":false,"campfire_upgraded":1,"win_rate":0.0,"timestamp":1610637853,"path_taken":["M","M","M","?","?","E","M","?","T","M","M","R","M","M","R","BOSS","M"],"items_purchased_type":["Card","Card","Card","Relic","Card"],"build_version":"2020-12-22","purchased_purges":2,"victory":false,"max_hp_per_floor":[95,105,115,116,126,136,146,161,171,181,191,201,211,221,231,241,251,251,251],"relic_stats":{"counters":[106,515],"Golden Idol":51,"MealTicket":0,"Juzu Bracelet":0,"obtain_stats":[{"Chaos":52,"Ice Cream":0,"Replay:Accelerometer":22,"Dota2Spire:PowerTreads":23,"Tiny House":68,"Bromod:ArcaneNullifier":59,"Dota2Spire:ArmletOfMordiggian":10,"Vajra":28,"downfall:HeartBlessingGreen":27,"HollowMod:VesselMask":77,"Dota2Spire:RefresherOrb":28,"Dota2Spire:ShadowBlade":47,"DeadEye":0,"Dota2Spire:EtherealBlade":46,"Bromod:ArcaneAegis":42,"theJungle:SneckoAutograph":20,"conspire:GlowingRock":60,"MealTicket":9,"Fusion Hammer":34,"Dota2Spire:DivineRapier":0,"Diplopia":77,"vexMod:RetaliationKit":26,"KeepersGift":0,"Dota2Spire:HandOfMidas":6,"Happy Flower":5,"HollowMod:JonisBlessing":43,"Dota2Spire:ShivaGuard":60,"Pen Nib":25,"HollowMod:IsmasTear":51,"MoneyPower":31,"War Paint":57,"SteamSale":31,"infinitespire:EvilPickle":33,"Replay:Baseball":10,"vexMod:Cooldron":21,"conspire:GiftBox":0,"ReplayTheSpireMod:Shallot":7,"Onion Ring":46,"infinitespire:EmpoweringShard":26,"HushsDoor":0,"infinitespire:PuzzleCube":48,"vexMod:ImprovementManual":17,"Dota2Spire:Desolator":53,"vexMod:BigBerry":34,"Dota2Spire:PhaseBoots":0,"Dota2Spire:EchoSabre":24,"GuppysTail":17,"SacredBark":17,"champ:ChampionCrown":0,"StoneCalendar":0,"conspire:SpecialSausage":17,"Juzu Bracelet":44,"Empty Cage":38,"conspire:TopHat":64,"hubris:Icosahedron":22,"downfall:HeartBlessingBlue":43,"Mummified Hand":74,"vexMod:RedPlottingStone":26,"DoctorsRemote":0,"hubris:DisguiseKit":64,"ReplayTheSpireMod:Ninjato":27,"downfall:HeartBlessingRed":6,"Golden Idol":4,"Replay:WaspNest":29,"Omamori":29,"infinitespire:Lucky Rock":9,"Odd Mushroom":14,"hubris:Towel":14,"D4":46,"Strange Spoon":25,"hubris:BundleOfHerbs":19,"Bag of Marbles":7,"GuppysHead":24,"FossilizedHelix":34,"TungstenRod":77},{"Chaos":31,"Ice Cream":32,"Replay:Accelerometer":14,"Dota2Spire:PowerTreads":43,"Tiny House":87,"Bromod:ArcaneNullifier":81,"Dota2Spire:ArmletOfMordiggian":37,"Vajra":45,"downfall:HeartBlessingGreen":16,"HollowMod:VesselMask":92,"Dota2Spire:RefresherOrb":45,"Dota2Spire:ShadowBlade":73,"DeadEye":32,"Dota2Spire:EtherealBlade":72,"Bromod:ArcaneAegis":25,"theJungle:SneckoAutograph":12,"conspire:GlowingRock":82,"MealTicket":100,"Fusion Hammer":21,"Dota2Spire:DivineRapier":32,"Diplopia":92,"vexMod:RetaliationKit":61,"KeepersGift":0,"Dota2Spire:HandOfMidas":36,"Happy Flower":1,"HollowMod:JonisBlessing":71,"Dota2Spire:ShivaGuard":82,"Pen Nib":15,"HollowMod:IsmasTear":75,"MoneyPower":19,"War Paint":80,"SteamSale":47,"infinitespire:EvilPickle":48,"Replay:Baseball":5,"vexMod:Cooldron":13,"conspire:GiftBox":51,"ReplayTheSpireMod:Shallot":56,"Onion Ring":72,"infinitespire:EmpoweringShard":44,"HushsDoor":0,"infinitespire:PuzzleCube":28,"vexMod:ImprovementManual":40,"Dota2Spire:Desolator":31,"vexMod:BigBerry":48,"Dota2Spire:PhaseBoots":95,"Dota2Spire:EchoSabre":14,"GuppysTail":40,"SacredBark":11,"champ:ChampionCrown":0,"StoneCalendar":51,"conspire:SpecialSausage":58,"Juzu Bracelet":26,"Empty Cage":69,"conspire:TopHat":85,"hubris:Icosahedron":60,"downfall:HeartBlessingBlue":25,"Mummified Hand":90,"vexMod:RedPlottingStone":16,"DoctorsRemote":0,"hubris:DisguiseKit":85,"ReplayTheSpireMod:Ninjato":62,"downfall:HeartBlessingRed":1,"Golden Idol":98,"Replay:WaspNest":64,"Omamori":17,"infinitespire:Lucky Rock":37,"Odd Mushroom":9,"hubris:Towel":57,"D4":27,"Strange Spoon":15,"hubris:BundleOfHerbs":12,"Bag of Marbles":2,"GuppysHead":61,"FossilizedHelix":67,"TungstenRod":92},{"Chaos":126,"Ice Cream":150,"Replay:Accelerometer":59,"Dota2Spire:PowerTreads":179,"Tiny House":428,"Bromod:ArcaneNullifier":397,"Dota2Spire:ArmletOfMordiggian":161,"Vajra":185,"downfall:HeartBlessingGreen":69,"HollowMod:VesselMask":460,"Dota2Spire:RefresherOrb":185,"Dota2Spire:ShadowBlade":357,"DeadEye":150,"Dota2Spire:EtherealBlade":346,"Bromod:ArcaneAegis":99,"theJungle:SneckoAutograph":47,"conspire:GlowingRock":406,"MealTicket":489,"Fusion Hammer":85,"Dota2Spire:DivineRapier":150,"Diplopia":460,"vexMod:RetaliationKit":273,"KeepersGift":0,"Dota2Spire:HandOfMidas":158,"Happy Flower":3,"HollowMod:JonisBlessing":340,"Dota2Spire:ShivaGuard":406,"Pen Nib":63,"HollowMod:IsmasTear":378,"MoneyPower":77,"War Paint":394,"SteamSale":193,"infinitespire:EvilPickle":201,"Replay:Baseball":18,"vexMod:Cooldron":51,"conspire:GiftBox":214,"ReplayTheSpireMod:Shallot":233,"Onion Ring":346,"infinitespire:EmpoweringShard":182,"HushsDoor":0,"infinitespire:PuzzleCube":112,"vexMod:ImprovementManual":172,"Dota2Spire:Desolator":126,"vexMod:BigBerry":201,"Dota2Spire:PhaseBoots":469,"Dota2Spire:EchoSabre":59,"GuppysTail":172,"SacredBark":37,"champ:ChampionCrown":0,"StoneCalendar":214,"conspire:SpecialSausage":252,"Juzu Bracelet":102,"Empty Cage":326,"conspire:TopHat":417,"hubris:Icosahedron":266,"downfall:HeartBlessingBlue":99,"Mummified Hand":447,"vexMod:RedPlottingStone":69,"DoctorsRemote":0,"hubris:DisguiseKit":417,"ReplayTheSpireMod:Ninjato":280,"downfall:HeartBlessingRed":3,"Golden Idol":477,"Replay:WaspNest":298,"Omamori":72,"infinitespire:Lucky Rock":161,"Odd Mushroom":27,"hubris:Towel":239,"D4":109,"Strange Spoon":63,"hubris:BundleOfHerbs":47,"Bag of Marbles":9,"GuppysHead":273,"FossilizedHelix":315,"TungstenRod":460}]},"card_choices":[{"not_picked":[],"picked":"DoctorFetus","floor":0},{"not_picked":["HollowMod:CrystalDash","HollowMod:SharpenedNail"],"picked":"HollowMod:CloakDash","floor":1},{"not_picked":["HollowMod:HowlingWraiths","HollowMod:DashSlash","HollowMod:VengefulVoid"],"picked":"SKIP","floor":2},{"not_picked":["HollowMod:CornifersMapStart","HollowMod:ChannelNail"],"picked":"HollowMod:NewJinnsSoul","floor":3},{"not_picked":["HollowMod:ElderbugsWisdom","HollowMod:MonomonsArchive"],"picked":"HollowMod:LuriensSpire","floor":6},{"not_picked":["HollowMod:HeavyBlow","HollowMod:ChannelNail"],"picked":"Bomb","floor":7},{"not_picked":["HollowMod:DashSlash","HollowMod:TaintedHusks"],"picked":"HollowMod:InfectionAssault","floor":10},{"not_picked":["HollowMod:DashSlash","HollowMod:VoidDash"],"picked":"HollowMod:MothsMistake","floor":11},{"not_picked":["HollowMod:DashSlash","HollowMod:GrimmsGift"],"picked":"HollowMod:CloakDash","floor":13},{"not_picked":["HollowMod:HowlingWraiths","HollowMod:SharpenedNail","HollowMod:VengefulSpirit"],"picked":"SKIP","floor":14}],"player_experience":684376,"relics_obtained":[{"floor":6,"key":"Juzu Bracelet"},{"floor":9,"key":"MealTicket"}],"event_choices":[{"damage_healed":0,"gold_gain":0,"player_choice":"Lose Max HP","damage_taken":0,"relics_obtained":["Golden Idol"],"max_hp_gain":0,"max_hp_loss":9,"event_name":"Golden Idol","floor":4,"gold_loss":0},{"damage_healed":0,"gold_gain":0,"player_choice":"Donut","damage_taken":0,"max_hp_gain":5,"max_hp_loss":0,"event_name":"Big Fish","floor":8,"gold_loss":0}],"is_beta":false,"boss_relics":[{"not_picked":["vexMod:MegatonBomb","energizedSpire:HugeHouse"],"picked":"Empty Cage"},{"not_picked":[]}],"items_purged_floors":[0,0],"is_endless":false,"potions_floor_spawned":[1,11,13,16],"killed_by":"Shell Parasite","ascension_level":2}}