{"host":"oeqgep2lwmjgysjb","time":1610604360,"event":{"mods":["AchievementEnabler","Aspiration","BaseMod","Colored Powertips","Custom Start","Hubris","Infinite Spire","Minty Spire (QoL Compilation)","Quick Restart","Replay The Spire","Shop Mod","StSLib"],"gold_per_floor":[110,110,110,129,129,154,154,182,207,207,207,32,61,80,80,175,175,194,208,227,227,239,273,273,301,301,67,67],"floor_reached":27,"language":"ENG","playtime":818,"items_purged":["Defend_R"],"score":621,"play_id":"707b5dff-3005-4853-ada1-3a5a40d3912e","local_time":"20210114170600","daily_mods":["Vintage","Elite Swarm","Lethality"],"is_ascension_mode":true,"campfire_choices":[{"data":"Feed","floor":11,"key":"SMITH"}],"circlet_count":0,"master_deck":["Strike_R+1","Strike_R","Strike_R","Strike_R","Strike_R","Defend_R","Defend_R+1","Defend_R","Bash","Feed+1","Feed","Dark Embrace","Dark Embrace","Twin Strike","Limit Break","Berserk"],"relics":["Burning Blood","Iron Hammer","NeowsBlessing","NeowsBlessing","hubris:TenFootPole","NeowsBlessing","aspiration:TomeofQuesting","Potion Belt","Nunchaku","NeowsBlessing","Art of War","hubris:CrystalStatue","Philosopher\u0027s Stone","CaptainsWheel","Replay:Rubber Ducky","MealTicket","NeowsBlessing","Red Skull","Bronze Scales","Gambling Chip","Golden Egg","Membership Card","MerchantsRug"],"acts_visited":["Exordium","TheCity"],"potions_floor_usage":[27,27,27,27],"damage_taken":[{"damage":11,"enemies":"Small Slimes","floor":1,"turns":3},{"damage":0,"enemies":"2 Louse","floor":4,"turns":1},{"damage":0,"enemies":"3 Sentries","floor":6,"turns":1},{"damage":0,"enemies":"Lagavulin","floor":8,"turns":1},{"damage":0,"enemies":"3 Sentries","floor":13,"turns":1},{"damage":0,"enemies":"Cultist","floor":14,"turns":1},{"damage":0,"enemies":"Slime Boss","floor":16,"turns":1},{"damage":0,"enemies":"Shell Parasite","floor":18,"turns":1},{"damage":0,"enemies":"2 Thieves","floor":19,"turns":1},{"damage":0,"enemies":"Centurion and Healer","floor":20,"turns":1},{"damage":0,"enemies":"Chosen and Byrds","floor":22,"turns":1},{"damage":0,"enemies":"Book of Stabbing","floor":23,"turns":1},{"damage":0,"enemies":"Slavers","floor":25,"turns":1},{"damage":121,"enemies":"hubris:Merchant","floor":27,"turns":3}],"seed_played":"-7394657363405605318","potions_obtained":[{"floor":1,"key":"ColorlessPotion"},{"floor":16,"key":"HeartOfIron"},{"floor":19,"key":"Adrenaline Potion"},{"floor":23,"key":"SpeedPotion"}],"is_trial":true,"path_per_floor":["M","WH","WH","M","WH","E","?","E","T","WH","R","$","E","M","R","B",null,"M","M","M","WH","M","E","?","E","T","$"],"character_chosen":"IRONCLAD","items_purchased":["Dark Embrace","Twin Strike","Membership Card","MerchantsRug"],"campfire_rested":0,"item_purchase_floors":[12,12,27,27],"current_hp_per_floor":[67,67,67,73,73,79,71,81,81,81,81,81,88,92,92,96,96,100,104,104,104,112,112,112,116,116,0,0],"gold":67,"neow_bonus":"THREE_ENEMY_KILL","is_daily":false,"chose_seed":false,"campfire_upgraded":1,"win_rate":0.0,"timestamp":1610604360,"path_taken":["M","WH","WH","M","WH","E","?","E","T","WH","R","$","E","M","R","BOSS","M","M","M","WH","M","E","?","E","T","$"],"items_purchased_type":["Card","Card","Relic","Relic"],"build_version":"2020-12-22","purchased_purges":1,"victory":false,"max_hp_per_floor":[80,80,80,80,80,80,80,84,84,84,84,84,88,92,92,96,96,100,104,104,104,112,112,112,116,116,116,116],"card_choices":[{"not_picked":["Demonic Infusion","Demon Form"],"picked":"Feed","floor":6},{"not_picked":["Demonic Infusion","Impervious"],"picked":"Feed","floor":8},{"not_picked":["Hemogenesis","Bludgeon","Eclipse"],"picked":"SKIP","floor":13},{"not_picked":["Brutality","Juggernaut"],"picked":"Limit Break","floor":16},{"not_picked":["hubris:StunningStrike","Double Tap"],"picked":"Berserk","floor":23},{"not_picked":["Bludgeon","Corruption","Immolate"],"picked":"SKIP","floor":25}],"player_experience":266664,"relics_obtained":[{"floor":1,"key":"Iron Hammer"},{"floor":4,"key":"hubris:TenFootPole"},{"floor":6,"key":"aspiration:TomeofQuesting"},{"floor":8,"key":"Potion Belt"},{"floor":9,"key":"Nunchaku"},{"floor":13,"key":"Art of War"},{"floor":14,"key":"hubris:CrystalStatue"},{"floor":18,"key":"CaptainsWheel"},{"floor":19,"key":"Replay:Rubber Ducky"},{"floor":20,"key":"MealTicket"},{"floor":22,"key":"Red Skull"},{"floor":23,"key":"Bronze Scales"},{"floor":25,"key":"Gambling Chip"},{"floor":26,"key":"Golden Egg"}],"event_choices":[{"damage_healed":0,"gold_gain":0,"player_choice":"Entered Light","damage_taken":16,"max_hp_gain":0,"max_hp_loss":0,"event_name":"Shining Light","floor":7,"gold_loss":0,"cards_upgraded":["Strike_R","Defend_R"]}],"is_beta":false,"boss_relics":[{"not_picked":["aspiration:WatcherSkillbook","Runic Pyramid"],"picked":"Philosopher\u0027s Stone"}],"items_purged_floors":[12],"is_endless":false,"potions_floor_spawned":[1,16,19,23],"killed_by":"hubris:Merchant","ascension_level":9}}