{"host":"u7y6mp3waw4jt65j","time":1610633818,"event":{"mods":["ATMod(°¢èªMod)","Aspiration","BaseMod","Minty Spire (QoL Compilation)","Replay The Spire","StSLib","¡¾ÒÅÎï¿¨ÅÆ¡¿REMEMod"],"gold_per_floor":[195,214,214,214,214,249,262,437,437,437,456,456,486,501,576,672,672,683,201,201,201,201,201,232,232,232,248,258,258,284,349,349,474,474,617,354,396,396,471,524,524,583,583,637,637,734,787,814,814,864,864,864,692,771,796],"floor_reached":56,"language":"ZHS","playtime":2034,"items_purged":["ReplayTheSpireMod:Doomed"],"score":3636,"play_id":"3f7aa8e1-9e4d-44ef-9fe0-bb03d9a5fbab","local_time":"20210114221658","is_ascension_mode":true,"campfire_choices":[{"data":"Armaments","floor":10.0,"key":"SMITH"},{"data":"AT_EmpoweredMortalDraw","floor":12.0,"key":"SMITH"},{"data":"AT_EmpoweredMortalDraw","floor":23.0,"key":"SMITH"},{"data":"PiercingWail","floor":25.0,"key":"SMITH"},{"floor":32.0,"key":"REST"},{"data":"Feed","floor":41.0,"key":"SMITH"},{"floor":49.0,"key":"RECALL"},{"data":"REME_WheelOfFate","floor":52.0,"key":"SMITH"}],"circlet_count":0,"master_deck":["AscendersBane","Strike_R","Strike_R","Strike_R+1","Strike_R+1","Strike_R","Defend_R","Defend_R","Defend_R","Bash","REME_WheelOfFate+1","AT_EmpoweredMortalDraw+1","Armaments+1","Sword Boomerang+1","Immolate","Perfected Strike","Doubt","Pommel Strike","Immolate","Infernal Blade","Feed+1","AT_EmpoweredMortalDraw+1","Replay:Undeath\u0027s Touch","REME_EyeOfCthun","Anger+1","REME_WheelOfFate","PiercingWail+1","REME_TwoStrings+1","Compile Driver","Iron Wave+1","PiercingWail","Impervious","Pummel+1","Flex","AT_ShrugMaster","Slice","Panacea","Quick Slash+1","Flash of Steel","Beam Cell+1","AT_IchimonjiDouble","Body Slam+1","Flex","Havoc+1"],"relics":["Burning Blood","AT_ATBox","REME_ComplimentaryCards","aspiration:Nostalgia","Sizzling Blood","aspiration:Lifesprig","Mirror","Onion Ring","Gremlin Horn","AT_MortalBlade","Incense Burner","PrismaticShard","AT_Kusabimaru","AT_RedNoBalance","AT_MibuBalloonWealth","SlaversCollar","BargainBundle","Bird Faced Urn","Vajra","ReplayTheSpireMod:Lightbulb","AT_BladeRuinedKing","Ornamental Fan","Ring of Chaos","Ring of Hypnosis","FossilizedHelix","Bag of Marbles","REME_PuzzleBoxRelic","Replay:Baseball"],"acts_visited":["Exordium","TheCity","TheBeyond","TheEnding"],"potions_floor_usage":[],"damage_taken":[{"damage":19.0,"enemies":"Jaw Worm","floor":1.0,"turns":3.0},{"damage":0.0,"enemies":"Small Slimes","floor":2.0,"turns":2.0},{"damage":58.0,"enemies":"Replay:BlueRogue","floor":6.0,"turns":6.0},{"damage":0.0,"enemies":"2 Louse","floor":7.0,"turns":1.0},{"damage":13.0,"enemies":"Blue Slaver","floor":11.0,"turns":2.0},{"damage":0.0,"enemies":"Gremlin Nob","floor":13.0,"turns":1.0},{"damage":14.0,"enemies":"Red Slaver","floor":14.0,"turns":2.0},{"damage":6.0,"enemies":"Slime Boss","floor":16.0,"turns":5.0},{"damage":0.0,"enemies":"Spheric Guardian","floor":18.0,"turns":1.0},{"damage":17.0,"enemies":"Slavers","floor":24.0,"turns":4.0},{"damage":0.0,"enemies":"3 Byrds","floor":27.0,"turns":1.0},{"damage":0.0,"enemies":"Snake Plant","floor":28.0,"turns":2.0},{"damage":16.0,"enemies":"Replay:Snechameleon","floor":30.0,"turns":3.0},{"damage":9.0,"enemies":"Centurion and Healer","floor":31.0,"turns":3.0},{"damage":6.0,"enemies":"Champ","floor":33.0,"turns":6.0},{"damage":19.0,"enemies":"3 Darklings","floor":35.0,"turns":3.0},{"damage":0.0,"enemies":"Orb Walker","floor":37.0,"turns":1.0},{"damage":0.0,"enemies":"Mind Bloom Boss Battle","floor":39.0,"turns":1.0},{"damage":8.0,"enemies":"Nemesis","floor":40.0,"turns":4.0},{"damage":0.0,"enemies":"R_Hoarder","floor":42.0,"turns":4.0},{"damage":9.0,"enemies":"Giant Head","floor":44.0,"turns":3.0},{"damage":0.0,"enemies":"2 Orb Walkers","floor":46.0,"turns":2.0},{"damage":0.0,"enemies":"R_Hoarder","floor":47.0,"turns":4.0},{"damage":0.0,"enemies":"Donu and Deca","floor":50.0,"turns":3.0},{"damage":6,"enemies":"Shield and Spear","floor":54,"turns":2},{"damage":18,"enemies":"The Heart","floor":55,"turns":3}],"seed_played":"-8892386129231879485","potions_obtained":[{"floor":2.0,"key":"LiquidBronze"},{"floor":6.0,"key":"Block Potion"},{"floor":7.0,"key":"BloodPotion"},{"floor":14.0,"key":"Dexterity Potion"},{"floor":33.0,"key":"HeartOfIron"}],"is_trial":false,"path_per_floor":["M","M","?","?","?","E","M","?","T","R","M","R","E","M","R","B",null,"M","$","?","$","?","R","E","R","T","M","M","$","E","M","R","B",null,"M","$","M","?","?","E","R","E","T","E","?","?","E","T","R","B",null,"R","$","E","B",null],"character_chosen":"IRONCLAD","items_purchased":["REME_EyeOfCthun","Incense Burner","Pummel+1","BargainBundle","Flex","AT_ShrugMaster","Weak Potion","EntropicBrew"],"campfire_rested":1,"item_purchase_floors":[19,19,36,36,36,36,36,53],"current_hp_per_floor":[67,77,60,60,60,12,38,38,38,38,35,35,45,41,41,45,74,84,84,76,76,76,76,84,84,84,87,87,87,81,44,70,67,82,78,78,87,87,90,90,90,90,90,90,90,90,94,94,94,94,94,94,94,94,86],"gold":796,"neow_bonus":"NOSTALGIA","is_daily":false,"chose_seed":false,"campfire_upgraded":6,"win_rate":0.0,"timestamp":1610633818,"path_taken":["M","M","?","?","?","E","M","?","T","R","M","R","E","M","R","BOSS","M","$","?","$","?","R","E","R","T","M","?","?","E","M","R","BOSS","M","$","M","?","?","E","R","E","T","E","?","?","E","?","R","BOSS","R","$","E","BOSS"],"items_purchased_type":["Card","Relic","Card","Relic","Card","Card","Potion","Potion"],"build_version":"2020-12-22","purchased_purges":1,"victory":true,"max_hp_per_floor":[84,84,84,84,84,84,84,84,84,84,84,84,84,84,84,84,84,84,84,84,84,84,84,84,84,84,87,87,87,87,87,87,87,87,87,87,87,87,90,90,90,90,90,90,90,90,94,94,94,94,94,94,94,94,94],"card_choices":[{"not_picked":["Body Slam","Rampage"],"picked":"Armaments","floor":1.0},{"not_picked":["AT_CaressingTears","Warcry","Run Through"],"picked":"SKIP","floor":2.0},{"not_picked":["REME_Fury","Perfected Strike"],"picked":"Immolate","floor":6.0},{"not_picked":["Pummel","AT_BodySlamDance"],"picked":"Perfected Strike","floor":7.0},{"not_picked":["Headbutt","Replay:Undeath\u0027s Touch"],"picked":"Pommel Strike","floor":11.0},{"not_picked":["Clothesline","Iron Wave"],"picked":"Immolate","floor":13.0},{"not_picked":["Wild Strike","Run Through"],"picked":"Infernal Blade","floor":14.0},{"not_picked":["Juggernaut","Impervious"],"picked":"Feed","floor":16.0},{"not_picked":["Sever Soul","Rage"],"picked":"Replay:Undeath\u0027s Touch","floor":18.0},{"not_picked":["Clash","Fire Breathing"],"picked":"Anger+1","floor":20.0},{"not_picked":["BowlingBash+1","AT_HeatAcrobatics"],"picked":"PiercingWail","floor":24.0},{"not_picked":["Conserve Battery","EmptyBody+1"],"picked":"REME_TwoStrings+1","floor":27.0},{"not_picked":["Replay:AtTheReady","Protect"],"picked":"Compile Driver","floor":28.0},{"not_picked":["REME_Compress","Poisoned Stab"],"picked":"Iron Wave+1","floor":30.0},{"not_picked":["AT_TinkerSharpsword","Steam"],"picked":"PiercingWail","floor":31.0},{"not_picked":["Bludgeon","Buffer"],"picked":"Impervious","floor":33.0},{"not_picked":["Replay:Poison Smokescreen+1","EmptyFist","Halt+1"],"picked":"SKIP","floor":35.0},{"not_picked":["Cold Snap+1","Wild Strike+1"],"picked":"Slice","floor":37.0},{"not_picked":["Bandage Up","Replay:BasicMightCard"],"picked":"Panacea","floor":38.0},{"not_picked":["AT_WomanClash+1","Leap"],"picked":"Quick Slash+1","floor":39.0},{"not_picked":["AT_MyraUnstableElement","Flex"],"picked":"Flash of Steel","floor":40.0},{"not_picked":["Replay:BluntJabs","AT_FocusSwordFire"],"picked":"Beam Cell+1","floor":42.0},{"not_picked":["JustLucky","Shrug It Off+1"],"picked":"AT_IchimonjiDouble","floor":44.0},{"not_picked":["ThirdEye","Barrage+1"],"picked":"Body Slam+1","floor":46.0},{"not_picked":["REME_WorshipGod","Backflip"],"picked":"Flex","floor":47.0},{"not_picked":["Rage","Hologram"],"picked":"Havoc+1","floor":54}],"player_experience":119379,"relics_obtained":[{"floor":6.0,"key":"Mirror"},{"floor":9.0,"key":"Onion Ring"},{"floor":13.0,"key":"Gremlin Horn"},{"floor":20.0,"key":"PrismaticShard"},{"floor":26.0,"key":"AT_Kusabimaru"},{"floor":30.0,"key":"AT_SilverBalance"},{"floor":39.0,"key":"Bird Faced Urn"},{"floor":40.0,"key":"Vajra"},{"floor":42.0,"key":"AT_BladeRuinedKing"},{"floor":44.0,"key":"Ornamental Fan"},{"floor":45.0,"key":"Ring of Chaos"},{"floor":45.0,"key":"Ring of Hypnosis"},{"floor":46.0,"key":"FossilizedHelix"},{"floor":47.0,"key":"Bag of Marbles"},{"floor":48.0,"key":"REME_PuzzleBoxRelic"},{"floor":54,"key":"Replay:Baseball"}],"event_choices":[{"damage_healed":0.0,"max_hp_gain":0.0,"max_hp_loss":0.0,"gold_gain":0.0,"event_name":"Shining Light","player_choice":"Entered Light","floor":3.0,"gold_loss":0.0,"damage_taken":17.0,"cards_upgraded":["Defend_R","Strike_R"]},{"damage_healed":0.0,"max_hp_gain":0.0,"max_hp_loss":0.0,"gold_gain":175.0,"event_name":"Liars Game","player_choice":"AGREE","floor":8.0,"gold_loss":0.0,"damage_taken":0.0,"cards_obtained":["Doubt"]},{"damage_healed":0.0,"max_hp_gain":0.0,"max_hp_loss":0.0,"gold_gain":75.0,"event_name":"Golden Wing","player_choice":"Gained Gold","floor":15.0,"gold_loss":0.0,"damage_taken":0.0},{"damage_healed":0.0,"max_hp_gain":0.0,"max_hp_loss":0.0,"gold_gain":0.0,"event_name":"Duplicator","player_choice":"Copied","floor":22.0,"gold_loss":0.0,"damage_taken":0.0,"cards_obtained":["REME_WheelOfFate"]},{"damage_healed":0.0,"max_hp_gain":0.0,"max_hp_loss":0.0,"gold_gain":0.0,"event_name":"SensoryStone","player_choice":"Memory 1","floor":38.0,"gold_loss":0.0,"damage_taken":0.0},{"damage_healed":0.0,"max_hp_gain":0.0,"max_hp_loss":0.0,"gold_gain":0.0,"event_name":"MindBloom","player_choice":"Fight","floor":39.0,"gold_loss":0.0,"damage_taken":0.0},{"damage_healed":0.0,"max_hp_gain":0.0,"max_hp_loss":0.0,"gold_gain":0.0,"event_name":"Mysterious Sphere","player_choice":"Fight","floor":46.0,"gold_loss":0.0,"damage_taken":0.0}],"is_beta":false,"boss_relics":[{"not_picked":["Painkiller Herb","Astrolabe"],"picked":"AT_MortalBlade"},{"not_picked":["Coffee Dripper","Velvet Choker"],"picked":"SlaversCollar"}],"items_purged_floors":[53],"is_endless":false,"potions_floor_spawned":[2,6,7,14,18,27,30,33,42,46,47,54],"ascension_level":10}}