{"host":"4ek4eq5z32z3zgvw","time":1610664230,"event":{"mods":["2.2 Compatiblity","AchievementEnabler","Act Like it!","AlwaysNeverKeys","Aspiration","BaseMod","Better Match","Better Note","Better Sensory Stone","Better Third Choice","BetterRewards","Block Reminder","Colored Map","Colored Powertips","DeckTracker","Defuse TimeMaze Blight","Downfall","Energized Spire","Halation","Hubris","Infinite Spire","Minty Spire (QoL Compilation)","Permanent Neow","Quick Restart","Rare Cards Sparkle","Relic Filter","Relic Sorter","Replay The Spire","Shop Mod","Spikes Relics","StSLib","SuperFastMode","Synergy Search","Unceasing Turn Reminder","UnlockEverythingMod","egg","vexMod"],"gold_per_floor":[114,114,7,27,27,27,27,27,52,52,71,71,71,96,96,96,96],"floor_reached":16,"language":"ENG","playtime":197,"items_purged":[],"score":172,"play_id":"d41d6156-00dd-493d-b9c4-20928ed14665","local_time":"20210114164350","is_ascension_mode":true,"campfire_choices":[{"data":"PiercingWail","floor":6,"key":"SMITH"},{"data":"Neutralize","floor":10,"key":"SMITH"},{"data":"Dodge and Roll","floor":13,"key":"SMITH"},{"data":"Survivor","floor":15,"key":"SMITH"}],"circlet_count":0,"master_deck":["AscendersBane","Strike_G","Strike_G","Strike_G","Strike_G","Strike_G","Defend_G","Defend_G","Defend_G","Defend_G","Defend_G","Survivor+1","Neutralize+1","PiercingWail+1","Noxious Fumes+1","Dodge and Roll+1"],"relics":["Ring of the Snake","NeowsBlessing","Golden Idol","hubris:Towel","Frozen Egg 2","Akabeko","halation:PinkSoulGem","Bag of Marbles"],"acts_visited":["Exordium"],"potions_floor_usage":[16,16],"damage_taken":[{"damage":0,"enemies":"Small Slimes","floor":1,"turns":1},{"damage":0,"enemies":"Jaw Worm","floor":4,"turns":1},{"damage":0,"enemies":"2 Louse","floor":11,"turns":1},{"damage":59,"enemies":"Hexaghost","floor":16,"turns":10}],"seed_played":"8225133960382218149","potions_obtained":[{"floor":1,"key":"Strength Potion"}],"is_trial":false,"path_per_floor":["M","?","$","M","?","R","?","T","T","R","M","?","R","T","R","B"],"character_chosen":"THE_SILENT","items_purchased":["PiercingWail","PowerPotion"],"campfire_rested":0,"item_purchase_floors":[3,3],"current_hp_per_floor":[59,59,59,59,59,59,59,59,59,59,59,59,59,59,59,0,0],"gold":96,"neow_bonus":"THREE_ENEMY_KILL","is_daily":false,"chose_seed":false,"campfire_upgraded":4,"win_rate":0.0,"timestamp":1610664230,"path_taken":["M","?","$","M","?","R","?","?","T","R","?","?","R","?","R","BOSS"],"items_purchased_type":["Card","Potion"],"build_version":"2020-12-22","purchased_purges":0,"victory":false,"max_hp_per_floor":[66,60,60,60,60,60,60,60,60,60,60,60,60,60,60,60,60],"card_choices":[{"not_picked":["hubris:Sniper","Slice","Underhanded Strike"],"picked":"SKIP","floor":1},{"not_picked":["Distraction","Cloak And Dagger"],"picked":"Noxious Fumes","floor":4},{"not_picked":["Storm of Steel","Eviscerate"],"picked":"Dodge and Roll","floor":11}],"player_experience":606048,"relics_obtained":[{"floor":8,"key":"Frozen Egg 2"},{"floor":9,"key":"Akabeko"},{"floor":14,"key":"Bag of Marbles"}],"event_choices":[{"damage_healed":0,"gold_gain":0,"player_choice":"Lose Max HP","damage_taken":0,"relics_obtained":["Golden Idol"],"max_hp_gain":0,"max_hp_loss":6,"event_name":"Golden Idol","floor":2,"gold_loss":0}],"is_beta":false,"boss_relics":[],"items_purged_floors":[],"is_endless":false,"potions_floor_spawned":[1],"killed_by":"Hexaghost","ascension_level":20}}