{"host":"sxnl403xm2xmiyj1","time":1610617628,"event":{"mods":["AchievementEnabler","BaseMod","Colored Map","Keyboard Shortcuts","Minty Spire (QoL Compilation)","Quick Restart","StSLib","SuperFastMode"],"gold_per_floor":[113,113,128,128,93,93,134,158,158,158,158,179,210,223,223,313,313,336,355,378,391,316,356,372,372,372,372,397,438,451,484,484,484,484],"floor_reached":33,"language":"KOR","playtime":943,"items_purged":[],"score":768,"play_id":"82f4d65f-4165-4f1a-a3ea-3de6b6e92303","local_time":"20210114184708","is_ascension_mode":true,"campfire_choices":[{"data":"Zap","floor":6.0,"key":"SMITH"},{"data":"Buffer","floor":11.0,"key":"SMITH"},{"data":"Self Repair","floor":15,"key":"SMITH"},{"data":"Biased Cognition","floor":25,"key":"SMITH"},{"data":"Hologram","floor":32,"key":"SMITH"}],"circlet_count":0,"master_deck":["AscendersBane","Strike_B","Strike_B","Strike_B+1","Defend_B","Defend_B","Defend_B","Defend_B","Zap+1","Dualcast+1","Ball Lightning","Glacier","Buffer+1","Cold Snap","Heatsinks","Self Repair+1","Compile Driver","Biased Cognition+1","Conserve Battery","BootSequence","Ball Lightning+1","Barrage","Thunder Strike","Hologram+1","Cold Snap","Compile Driver","Compile Driver"],"relics":["Cracked Core","NeowsBlessing","Golden Idol","Gambling Chip","TungstenRod","Oddly Smooth Stone","Dream Catcher","Coffee Dripper","Gremlin Horn","StrikeDummy","Orichalcum","Ancient Tea Set"],"acts_visited":["Exordium","TheCity"],"potions_floor_usage":[16,16,23,23,31,31],"damage_taken":[{"damage":0.0,"enemies":"Jaw Worm","floor":1.0,"turns":1.0},{"damage":0.0,"enemies":"Small Slimes","floor":3.0,"turns":1.0},{"damage":0.0,"enemies":"Gremlin Nob","floor":7.0,"turns":1.0},{"damage":0.0,"enemies":"2 Louse","floor":8.0,"turns":2.0},{"damage":0.0,"enemies":"Large Slime","floor":12.0,"turns":4.0},{"damage":0.0,"enemies":"Lagavulin","floor":13.0,"turns":6.0},{"damage":0,"enemies":"Blue Slaver","floor":14,"turns":3},{"damage":31,"enemies":"Hexaghost","floor":16,"turns":9},{"damage":0,"enemies":"Chosen","floor":18,"turns":4},{"damage":10,"enemies":"Spheric Guardian","floor":19,"turns":4},{"damage":8,"enemies":"Snake Plant","floor":20,"turns":4},{"damage":0,"enemies":"Centurion and Healer","floor":21,"turns":7},{"damage":49,"enemies":"Gremlin Leader","floor":23,"turns":6},{"damage":17,"enemies":"Chosen and Byrds","floor":24,"turns":6},{"damage":11,"enemies":"Snecko","floor":28,"turns":4},{"damage":12,"enemies":"Book of Stabbing","floor":29,"turns":6},{"damage":10,"enemies":"Snake Plant","floor":30,"turns":3},{"damage":0,"enemies":"Slavers","floor":31,"turns":5},{"damage":0,"enemies":"Collector","floor":33,"turns":2}],"seed_played":"-8211729153756239746","potions_obtained":[{"floor":7.0,"key":"BlessingOfTheForge"},{"floor":12.0,"key":"BlessingOfTheForge"},{"floor":13.0,"key":"Strength Potion"},{"floor":14,"key":"DistilledChaos"},{"floor":20,"key":"SkillPotion"},{"floor":21,"key":"ColorlessPotion"},{"floor":28,"key":"SneckoOil"},{"floor":30,"key":"Strength Potion"}],"is_trial":false,"path_per_floor":["M","?","M","?","?","R","E","M","T","T","R","M","E","M","R","B",null,"M","M","M","M","?","E","M","R","T","?","M","E","M","E","R","B"],"character_chosen":"DEFECT","items_purchased":[],"campfire_rested":0,"item_purchase_floors":[],"current_hp_per_floor":[64,43,43,19,36,36,36,36,36,36,36,36,36,43,43,22,59,69,69,71,71,71,32,25,25,25,25,24,22,22,22,22,22,22],"gold":484,"neow_bonus":"THREE_ENEMY_KILL","is_daily":false,"chose_seed":false,"campfire_upgraded":5,"win_rate":0.0,"timestamp":1610617628,"path_taken":["M","?","M","?","?","R","E","M","T","?","R","M","E","M","R","BOSS","M","M","M","M","?","E","M","R","T","?","M","E","M","E","R","BOSS"],"items_purchased_type":[],"build_version":"2020-12-22","purchased_purges":0,"victory":false,"max_hp_per_floor":[71,71,71,71,71,71,71,71,71,71,71,71,71,71,71,71,71,71,71,71,71,71,71,71,71,71,71,71,71,71,71,71,71,71],"card_choices":[{"not_picked":["Steam","Stack"],"picked":"Ball Lightning","floor":1.0},{"not_picked":["Reprogram","Steam"],"picked":"Glacier","floor":3.0},{"not_picked":["Conserve Battery","Loop"],"picked":"Buffer","floor":7.0},{"not_picked":["Leap","Gash"],"picked":"Cold Snap","floor":8.0},{"not_picked":["Beam Cell","Scrape"],"picked":"Heatsinks","floor":12.0},{"not_picked":["Coolheaded","Beam Cell"],"picked":"Self Repair","floor":13.0},{"not_picked":["Gash","Stack"],"picked":"Compile Driver","floor":14},{"not_picked":["All For One","Hyperbeam"],"picked":"Biased Cognition","floor":16},{"not_picked":["Redo","Steam"],"picked":"Conserve Battery","floor":18},{"not_picked":["Scrape","Steam"],"picked":"BootSequence","floor":19},{"not_picked":["Turbo","Melter"],"picked":"Ball Lightning+1","floor":20},{"not_picked":["Conserve Battery","Hello World"],"picked":"Barrage","floor":21},{"not_picked":["Turbo","Go for the Eyes"],"picked":"Thunder Strike","floor":23},{"not_picked":["Go for the Eyes","Doom and Gloom"],"picked":"Hologram","floor":24},{"not_picked":["Sweeping Beam","Beam Cell"],"picked":"Cold Snap","floor":28},{"not_picked":["Beam Cell","Fusion"],"picked":"Compile Driver","floor":29},{"not_picked":["Steam","Sweeping Beam+1"],"picked":"Compile Driver","floor":30},{"not_picked":["Consume","Rebound","Streamline"],"picked":"SKIP","floor":31}],"player_experience":164602,"relics_obtained":[{"floor":7.0,"key":"Gambling Chip"},{"floor":9.0,"key":"TungstenRod"},{"floor":10.0,"key":"Oddly Smooth Stone"},{"floor":13.0,"key":"Dream Catcher"},{"floor":23,"key":"Gremlin Horn"},{"floor":26,"key":"StrikeDummy"},{"floor":29,"key":"Orichalcum"},{"floor":31,"key":"Ancient Tea Set"}],"event_choices":[{"damage_healed":0.0,"max_hp_gain":0.0,"max_hp_loss":0.0,"gold_gain":0.0,"event_name":"Shining Light","player_choice":"Entered Light","floor":2.0,"gold_loss":0.0,"damage_taken":21.0,"cards_upgraded":["Strike_B","Dualcast"]},{"damage_healed":0.0,"max_hp_gain":0.0,"max_hp_loss":0.0,"gold_gain":0.0,"event_name":"Golden Idol","player_choice":"Take Damage","floor":4.0,"gold_loss":0.0,"damage_taken":24.0,"relics_obtained":["Golden Idol"]},{"damage_healed":17.0,"max_hp_gain":0.0,"max_hp_loss":0.0,"gold_gain":0.0,"event_name":"The Cleric","player_choice":"Healed","floor":5.0,"gold_loss":35.0,"damage_taken":0.0},{"cards_removed":["Strike_B"],"damage_healed":0,"gold_gain":0,"player_choice":"Gave Gold","damage_taken":0,"max_hp_gain":0,"max_hp_loss":0,"event_name":"Beggar","floor":22,"gold_loss":75},{"damage_healed":0,"gold_gain":0,"player_choice":"Ignored","damage_taken":0,"max_hp_gain":0,"max_hp_loss":0,"event_name":"Ghosts","floor":27,"gold_loss":0}],"is_beta":false,"boss_relics":[{"not_picked":["Cursed Key","SlaversCollar"],"picked":"Coffee Dripper"}],"items_purged_floors":[],"is_endless":false,"potions_floor_spawned":[7,12,13,14,20,21,28,30],"killed_by":"Collector","ascension_level":19}}