{"host":"c2vrdknshfutmcsq","time":1610629760,"event":{"mods":["BaseMod","Minty Spire (QoL Compilation)"],"gold_per_floor":[113,113,133,146,71,99,112,112,189,223,237,23,23,39,39,115,115,131,131,142,159,204,204,216,242,267,267,294,304,304,65,65,65,65],"floor_reached":33,"language":"ENG","playtime":10456,"items_purged":["Strike_B","Strike_B","Defend_B"],"score":549,"play_id":"da1e07a6-148b-4f66-8364-850d0fda9c45","local_time":"20210114140920","is_ascension_mode":true,"campfire_choices":[{"data":"Dualcast","floor":8.0,"key":"SMITH"},{"floor":13.0,"key":"REST"},{"data":"Zap","floor":15.0,"key":"SMITH"},{"floor":23.0,"key":"REST"},{"floor":32,"key":"REST"}],"circlet_count":0,"master_deck":["AscendersBane","Strike_B+1","Defend_B","Defend_B","Defend_B","Zap+1","Dualcast+1","Undo","Cold Snap","FTL+1","Stack","Aggregate","Sweeping Beam+1","Buffer","Defragment","FTL+1","Leap","Fission+1","Scrape+1","Ball Lightning+1","Reinforced Body","Beam Cell+1","Rebound+1","Go for the Eyes+1","Ball Lightning+1","Self Repair"],"relics":["Cracked Core","NeowsBlessing","FossilizedHelix","Bag of Preparation","Molten Egg 2","Whetstone","Fusion Hammer","Oddly Smooth Stone","Bird Faced Urn","Juzu Bracelet","Letter Opener"],"acts_visited":["Exordium","TheCity"],"potions_floor_usage":[33,33],"damage_taken":[{"damage":0.0,"enemies":"2 Louse","floor":1.0,"turns":1.0},{"damage":0.0,"enemies":"Cultist","floor":3.0,"turns":1.0},{"damage":0.0,"enemies":"Small Slimes","floor":4.0,"turns":1.0},{"damage":12.0,"enemies":"Lagavulin","floor":6.0,"turns":8.0},{"damage":0.0,"enemies":"Gremlin Gang","floor":7.0,"turns":6.0},{"damage":33.0,"enemies":"Gremlin Nob","floor":10.0,"turns":5.0},{"damage":0.0,"enemies":"Exordium Thugs","floor":11.0,"turns":3.0},{"damage":0.0,"enemies":"Looter","floor":14.0,"turns":2.0},{"damage":20.0,"enemies":"Slime Boss","floor":16.0,"turns":7.0},{"damage":10.0,"enemies":"3 Byrds","floor":18.0,"turns":6.0},{"damage":0.0,"enemies":"Spheric Guardian","floor":20.0,"turns":5.0},{"damage":21.0,"enemies":"Snecko","floor":21.0,"turns":7.0},{"damage":8.0,"enemies":"Snake Plant","floor":24.0,"turns":6.0},{"damage":12.0,"enemies":"Book of Stabbing","floor":25.0,"turns":7.0},{"damage":1,"enemies":"Slavers","floor":28,"turns":5},{"damage":6,"enemies":"Shelled Parasite and Fungi","floor":29,"turns":5},{"damage":41,"enemies":"Automaton","floor":33,"turns":6}],"seed_played":"-557973996005328044","potions_obtained":[{"floor":1.0,"key":"Block Potion"},{"floor":4.0,"key":"SpeedPotion"},{"floor":10.0,"key":"EntropicBrew"},{"floor":14.0,"key":"Explosive Potion"},{"floor":16.0,"key":"EssenceOfDarkness"},{"floor":25.0,"key":"Fruit Juice"},{"floor":29,"key":"SkillPotion"}],"is_trial":false,"path_per_floor":["M","?","M","M","$","E","M","R","T","E","M","$","R","M","R","B",null,"M","?","M","M","T","R","M","E","T","?","E","M","?","$","R","B"],"character_chosen":"DEFECT","items_purchased":["Defragment","FTL+1","Ball Lightning+1","Self Repair"],"campfire_rested":3,"item_purchase_floors":[12,12,31,31],"current_hp_per_floor":[64,64,64,64,64,52,52,52,52,19,19,19,40,40,40,20,58,48,48,48,27,27,48,40,33,33,33,34,30,8,8,32,0,0],"gold":65,"neow_bonus":"THREE_ENEMY_KILL","is_daily":false,"chose_seed":false,"campfire_upgraded":2,"win_rate":0.0,"timestamp":1610629760,"path_taken":["M","?","M","?","$","E","M","R","T","E","?","$","R","M","R","BOSS","M","?","M","?","?","R","M","E","T","?","E","M","?","?","R","BOSS"],"items_purchased_type":["Card","Card","Card","Card"],"build_version":"2020-12-22","purchased_purges":3,"victory":false,"max_hp_per_floor":[71,71,71,71,71,71,71,71,71,71,71,71,71,71,71,71,71,71,71,71,71,71,71,71,76,76,76,76,76,81,81,81,81,81],"card_choices":[{"not_picked":["Loop","Barrage"],"picked":"Undo","floor":1.0},{"not_picked":["Turbo","Self Repair"],"picked":"Cold Snap","floor":3.0},{"not_picked":["Cold Snap","BootSequence"],"picked":"FTL","floor":4.0},{"not_picked":["Streamline","Steam Power"],"picked":"Stack","floor":6.0},{"not_picked":["Recycle","Tempest"],"picked":"Aggregate","floor":7.0},{"not_picked":["Gash+1","Beam Cell+1"],"picked":"Sweeping Beam+1","floor":10.0},{"not_picked":["Cold Snap+1","Rebound+1"],"picked":"Buffer","floor":11.0},{"not_picked":["Rebound+1","Steam Power"],"picked":"Leap","floor":14.0},{"not_picked":["Biased Cognition","Amplify"],"picked":"Fission","floor":16.0},{"not_picked":["Storm","Stack"],"picked":"Scrape+1","floor":18.0},{"not_picked":["Recycle","Skim"],"picked":"Ball Lightning+1","floor":20.0},{"not_picked":["Blizzard+1","Gash+1"],"picked":"Reinforced Body","floor":21.0},{"not_picked":["Fusion","Heatsinks"],"picked":"Beam Cell+1","floor":24.0},{"not_picked":["Scrape+1","Skim","Steam"],"picked":"SKIP","floor":25.0},{"not_picked":["Defragment","Go for the Eyes+1"],"picked":"Rebound+1","floor":28},{"not_picked":["Coolheaded","Leap"],"picked":"Go for the Eyes+1","floor":29}],"player_experience":1253760,"relics_obtained":[{"floor":6.0,"key":"Bag of Preparation"},{"floor":9.0,"key":"Molten Egg 2"},{"floor":10.0,"key":"Whetstone"},{"floor":22.0,"key":"Oddly Smooth Stone"},{"floor":25.0,"key":"Bird Faced Urn"},{"floor":26.0,"key":"Juzu Bracelet"},{"floor":28,"key":"Letter Opener"}],"event_choices":[{"damage_healed":0.0,"max_hp_gain":0.0,"max_hp_loss":0.0,"gold_gain":0.0,"event_name":"WeMeetAgain","player_choice":"Gave Potion","floor":2.0,"gold_loss":0.0,"damage_taken":0.0,"relics_obtained":["FossilizedHelix"]},{"damage_healed":0.0,"max_hp_gain":0.0,"max_hp_loss":0.0,"gold_gain":0.0,"event_name":"Upgrade Shrine","player_choice":"Upgraded","floor":19.0,"gold_loss":0.0,"damage_taken":0.0,"cards_upgraded":["Fission"]},{"cards_removed":["Strike_B"],"damage_healed":0.0,"max_hp_gain":0.0,"max_hp_loss":0.0,"gold_gain":0.0,"event_name":"Back to Basics","player_choice":"Elegance","floor":27.0,"gold_loss":0.0,"damage_taken":0.0},{"damage_healed":0,"gold_gain":0,"player_choice":"Shed Blood","damage_taken":27,"max_hp_gain":5,"max_hp_loss":0,"event_name":"Forgotten Altar","floor":30,"gold_loss":0}],"is_beta":false,"boss_relics":[{"not_picked":["Runic Pyramid","Snecko Eye"],"picked":"Fusion Hammer"}],"items_purged_floors":[5,12,31],"is_endless":false,"potions_floor_spawned":[1,4,10,14,16,25,29],"killed_by":"Automaton","ascension_level":17}}