{"host":"vrsxkkch9ccrec7k","time":1610599865,"event":{"mods":["Act Like it!","BaseMod","Bestiary","Better Sensory Stone","Better Third Choice","Better Vampires","Downfall","Minty Spire (QoL Compilation)","Permanent Neow","Relic Stats","Spicy Shops","StSLib"],"gold_per_floor":[99,110,110,110,122,147,147,72,5,5,17,37,65,80,95,192,192,192,207,225,11,11,11,11,31,64,82,82,16,16,28,46,143,143,68,88,142,155,171,96,96,128,128,145,172,16,33,33,53,53,53,86,35,35,35],"floor_reached":56,"language":"ENG","playtime":5850,"items_purged":["Slimebound:Strike_Slimebound"],"score":1486,"play_id":"8d12526b-6c9f-4bf5-8c43-66db0801341a","local_time":"20210113235105","is_ascension_mode":true,"campfire_choices":[{"data":"Slimebound:CorrosiveSpit","floor":1,"key":"SMITH"},{"floor":8,"key":"REST"},{"data":"Slimebound:Split","floor":10,"key":"SMITH"},{"data":"Slimebound:Recycling","floor":18,"key":"SMITH"},{"data":"Slimebound:RejuvenatingLick","floor":23,"key":"SMITH"},{"data":"Slimebound:HauntingLick","floor":30,"key":"SMITH"},{"floor":35,"key":"RECALL"},{"data":"Slimebound:SamplingLick","floor":40,"key":"SMITH"},{"floor":54,"key":"REST"}],"circlet_count":0,"master_deck":["Slimebound:Defend_Slimebound","Slimebound:Defend_Slimebound+1","Slimebound:Defend_Slimebound","Slimebound:Split+1","Slimebound:CorrosiveSpit+1","Slimebound:MinionMaster","Slimebound:HauntingLick+1","Slimebound:Gluttony","Slimebound:RainOfGoop","Slimebound:SplitMire","Slimebound:SamplingLick+1","Slimebound:RejuvenatingLick+1","Slimebound:SplitBruiser","Slimebound:LeechingTouch","Slimebound:Recycling+1","Slimebound:OneTwoCombo+1","Slimebound:SplitBruiser","Slimebound:FinishingTackle","Slimebound:MassFeed","Slimebound:SplitBruiser","Slimebound:ServeAndProtect+1","Slimebound:DivideAndConquer+1","Slimebound:SplitMire","Slimebound:ProtectTheBoss+1","Slimebound:Recycling+1","Slimebound:WasteNot","Slimebound:FirmFortitude+1","Slimebound:SplitLeeching+1","Slimebound:SlimeSpikes+1","Slimebound:RejuvenatingLick+1","Slimebound:Schlurp+1","Slimebound:SplitAcid+1","expansioncontent:Chronoboost+1","expansioncontent:Chronoboost+1","Slimebound:Schlurp+1","Slimebound:SplitAcid","Slimebound:SlimeTap+1","Slimebound:SplitBruiser+1","Slimebound:OneTwoCombo","Slimebound:SplitAcid","Slimebound:SplitBruiser","Slimebound:Prepare+1","Slimebound:TongueLash+1"],"relics":["Slimebound:AbsorbEndCombat","Toy Ornithopter","downfall:HeartBlessingBlue","Question Card","Cursed Key","Frozen Egg 2","TungstenRod","Astrolabe","downfall:HeartBlessingGreen","Thread and Needle","downfall:HeartBlessingRed","Mummified Hand","Orichalcum","Slimebound:MaxSlimesRelic","Orrery","Blood Vial"],"acts_visited":["Exordium","TheCity","TheBeyond","TheEnding"],"potions_floor_usage":[6,6,6,12,13,14,15,16,26,27,36,37,37,39,47,55],"damage_taken":[{"damage":8,"enemies":"Cultist","floor":2,"turns":3},{"damage":9,"enemies":"Small Slimes","floor":5,"turns":5},{"damage":61,"enemies":"Gremlin Nob","floor":6,"turns":5},{"damage":9,"enemies":"downfall:FleeingMerchant","floor":9,"turns":4},{"damage":2,"enemies":"2 Louse","floor":11,"turns":2},{"damage":5,"enemies":"Red Slaver","floor":12,"turns":3},{"damage":39,"enemies":"Lagavulin","floor":13,"turns":5},{"damage":41,"enemies":"Exordium Thugs","floor":14,"turns":4},{"damage":16,"enemies":"Large Slime","floor":15,"turns":5},{"damage":46,"enemies":"downfall:Watcher","floor":16,"turns":7},{"damage":23,"enemies":"Shell Parasite","floor":19,"turns":4},{"damage":45,"enemies":"Shelled Parasite and Fungi","floor":20,"turns":5},{"damage":32,"enemies":"downfall:FleeingMerchant","floor":21,"turns":4},{"damage":36,"enemies":"3 Cultists","floor":25,"turns":4},{"damage":82,"enemies":"Gremlin Leader","floor":26,"turns":6},{"damage":28,"enemies":"Chosen and Byrds","floor":27,"turns":3},{"damage":17,"enemies":"downfall:FleeingMerchant","floor":29,"turns":4},{"damage":16,"enemies":"Centurion and Healer","floor":31,"turns":5},{"damage":10,"enemies":"Cultist and Chosen","floor":32,"turns":3},{"damage":48,"enemies":"downfall:Ironclad","floor":33,"turns":6},{"damage":7,"enemies":"Orb Walker","floor":36,"turns":3},{"damage":43,"enemies":"2 Orb Walkers","floor":37,"turns":5},{"damage":13,"enemies":"3 Shapes","floor":38,"turns":3},{"damage":9,"enemies":"Writhing Mass","floor":39,"turns":5},{"damage":65,"enemies":"Giant Head","floor":42,"turns":8},{"damage":15,"enemies":"Maw","floor":44,"turns":5},{"damage":38,"enemies":"Reptomancer","floor":45,"turns":5},{"damage":3,"enemies":"downfall:FleeingMerchant","floor":46,"turns":4},{"damage":27,"enemies":"Transient","floor":47,"turns":5},{"damage":6,"enemies":"Sphere and 2 Shapes","floor":49,"turns":3},{"damage":39,"enemies":"downfall:Silent","floor":50,"turns":4},{"damage":45,"enemies":"downfall:CharBossMerchant","floor":52,"turns":4},{"damage":53,"enemies":"downfall:NeowBoss","floor":55,"turns":15}],"seed_played":"378355405111781032","potions_obtained":[{"floor":2,"key":"EntropicBrew"},{"floor":11,"key":"SkillPotion"},{"floor":12,"key":"Slimebound:SlimedPotion"},{"floor":13,"key":"Regen Potion"},{"floor":14,"key":"Slimebound:ThreeZeroPotion"},{"floor":20,"key":"Fire Potion"},{"floor":27,"key":"LiquidMemories"},{"floor":31,"key":"DistilledChaos"},{"floor":38,"key":"Block Potion"},{"floor":42,"key":"BlessingOfTheForge"},{"floor":47,"key":"champ:CounterPotion"},{"floor":49,"key":"sneckomod:MuddlingPotion"}],"is_trial":false,"path_per_floor":["R","M","?","?","M","E","T","R","$","R","M","M","E","M","M","B",null,"R","M","M","$","?","R","T","M","E","M","T","$","R","M","M","B",null,"R","M","?","M","M","R","T","E","?","M","E","$","M","?","M","B",null,"E","$","R","B",null],"character_chosen":"SLIMEBOUND","items_purchased":["Dexterity Potion","Frozen Egg 2","Slimebound:SlimedPotion","Slimebound:MaxSlimesRelic","Orrery","Swift Potion","Energy Potion","Dexterity Potion"],"campfire_rested":2,"item_purchase_floors":[9,21,29,46,46,46,46,53],"current_hp_per_floor":[60,58,63,63,65,6,6,38,39,39,43,47,35,31,46,57,75,75,73,60,74,74,74,74,67,37,49,49,68,68,84,84,87,87,87,85,85,88,88,88,88,60,60,88,76,90,88,81,90,90,90,75,75,90,90],"gold":35,"neow_bonus":"ONE_RANDOM_RARE_CARD","is_daily":false,"chose_seed":false,"campfire_upgraded":6,"win_rate":0.0,"timestamp":1610599865,"path_taken":["R","M","?","?","M","E","T","R","$","R","M","M","E","M","M","BOSS","R","M","M","$","?","R","T","?","E","M","?","$","R","M","M","BOSS","R","M","?","M","M","R","T","E","?","M","E","$","M","?","M","BOSS","E","$","R","BOSS"],"items_purchased_type":["Potion","Relic","Potion","Relic","Relic","Potion","Potion","Potion"],"build_version":"2020-12-22","purchased_purges":1,"victory":true,"max_hp_per_floor":[60,60,65,65,65,65,65,75,75,75,75,75,75,75,75,75,75,75,75,75,75,75,75,75,75,78,81,81,81,81,84,84,87,87,87,87,87,90,90,90,90,90,90,90,90,90,90,90,90,90,90,90,90,90,90],"relic_stats":{"Blood Vial":0,"counters":[33,155],"Mummified Hand":[56],"Astrolabe":["Slimebound:FirmFortitude","Slimebound:SplitLeeching","Slimebound:SlimeSpikes"],"Orichalcum":[6],"Question Card":31,"Cursed Key":0,"obtain_stats":[{"downfall:HeartBlessingRed":40,"Astrolabe":34,"downfall:HeartBlessingGreen":35,"Thread and Needle":37,"Frozen Egg 2":21,"Orichalcum":45,"Question Card":13,"Cursed Key":17,"Blood Vial":52,"Slimebound:MaxSlimesRelic":46,"downfall:HeartBlessingBlue":8,"Mummified Hand":42,"Orrery":46,"Slimebound:AbsorbEndCombat":0,"Toy Ornithopter":6,"TungstenRod":26},{"downfall:HeartBlessingRed":24,"Astrolabe":20,"downfall:HeartBlessingGreen":20,"Thread and Needle":22,"Frozen Egg 2":13,"Orichalcum":27,"Question Card":7,"Cursed Key":10,"Blood Vial":32,"Slimebound:MaxSlimesRelic":28,"downfall:HeartBlessingBlue":3,"Mummified Hand":25,"Orrery":28,"Slimebound:AbsorbEndCombat":0,"Toy Ornithopter":3,"TungstenRod":15},{"downfall:HeartBlessingRed":103,"Astrolabe":87,"downfall:HeartBlessingGreen":87,"Thread and Needle":95,"Frozen Egg 2":56,"Orichalcum":121,"Question Card":27,"Cursed Key":43,"Blood Vial":140,"Slimebound:MaxSlimesRelic":124,"downfall:HeartBlessingBlue":13,"Mummified Hand":111,"Orrery":124,"Slimebound:AbsorbEndCombat":0,"Toy Ornithopter":13,"TungstenRod":66}],"Toy Ornithopter":43,"TungstenRod":121},"card_choices":[{"not_picked":["Slimebound:Repurpose","Slimebound:SlimeSpikes"],"picked":"Slimebound:HauntingLick","floor":2},{"not_picked":["Slimebound:SlimeSpikes","Slimebound:GoopSpray"],"picked":"Slimebound:Gluttony","floor":5},{"not_picked":["Slimebound:BestDefense","Slimebound:FinishingTackle"],"picked":"Slimebound:RainOfGoop","floor":6},{"not_picked":["Slimebound:GoopSpray","Slimebound:ForwardTackle"],"picked":"Slimebound:SplitMire","floor":9},{"not_picked":["Slimebound:LeechEnergy","Slimebound:Schlurp"],"picked":"Slimebound:SamplingLick","floor":11},{"not_picked":["Slimebound:ForwardTackle","Slimebound:Prepare"],"picked":"Slimebound:RejuvenatingLick","floor":12},{"not_picked":["Slimebound:SplitSpecialist","Slimebound:HauntingLick"],"picked":"Slimebound:SplitBruiser","floor":13},{"not_picked":["Slimebound:RollThrough","Slimebound:SplitMire","Slimebound:SplitBruiser"],"picked":"Slimebound:LeechingTouch","floor":14},{"not_picked":["Slimebound:SamplingLick","Slimebound:LeechingTouch","Slimebound:LeechEnergy"],"picked":"Slimebound:Recycling","floor":15},{"not_picked":["Slimebound:Darklings","Slimebound:MassRepurpose","Slimebound:DuplicatedForm"],"picked":"Slimebound:OneTwoCombo","floor":16},{"not_picked":["Slimebound:Equalize","Slimebound:LeechEnergy","Slimebound:ViciousTackle"],"picked":"Slimebound:SplitBruiser","floor":19},{"not_picked":["Slimebound:Schlurp","Slimebound:SplitLeeching+1","Slimebound:SplitMire"],"picked":"Slimebound:FinishingTackle","floor":20},{"not_picked":["Slimebound:SamplingLick","Slimebound:SplitSpecialist","Slimebound:GoopSpray+1"],"picked":"Slimebound:MassFeed","floor":21},{"not_picked":["Slimebound:SamplingLick","Slimebound:LeechingTouch+1","Slimebound:CheckThePlaybook"],"picked":"Slimebound:SplitBruiser","floor":25},{"not_picked":["Slimebound:LeechEnergy+1","Slimebound:SlimeSpikes","Slimebound:LeechingTouch"],"picked":"Slimebound:ServeAndProtect+1","floor":26},{"not_picked":["Slimebound:GoopSpray","Slimebound:SplitLeeching","Slimebound:ComboTackle"],"picked":"Slimebound:DivideAndConquer+1","floor":27},{"not_picked":["Slimebound:HungryTackle","Slimebound:BestDefense+1","Slimebound:ServeAndProtect"],"picked":"Slimebound:SplitMire","floor":29},{"not_picked":["Slimebound:LeechEnergy+1","Slimebound:RollThrough","Slimebound:Repurpose"],"picked":"Slimebound:ProtectTheBoss+1","floor":31},{"not_picked":["Slimebound:SplitMire","Slimebound:LeechingTouch","Slimebound:SplitBruiser+1"],"picked":"Slimebound:Recycling+1","floor":32},{"not_picked":["Slimebound:OozeBath","Slimebound:SelfFormingGoo+1","Slimebound:PrepareCrush"],"picked":"Slimebound:WasteNot","floor":33},{"not_picked":["Slimebound:Schlurp+1","Slimebound:FinishingTackle+1","Slimebound:SplitLeeching+1"],"picked":"Slimebound:RejuvenatingLick+1","floor":36},{"not_picked":["Slimebound:GoopTackle+1","Slimebound:RollThrough","Slimebound:FinishingTackle+1"],"picked":"Slimebound:Schlurp+1","floor":37},{"not_picked":["Slimebound:ComboTackle","Slimebound:Replication","Slimebound:PressTheAttack+1","Slimebound:ItLooksTasty"],"picked":"SKIP","floor":38},{"not_picked":["Slimebound:RollThrough","Slimebound:MassRepurpose","Slimebound:DivideAndConquer","Slimebound:FinishingTackle"],"picked":"SKIP","floor":39},{"not_picked":["Slimebound:SplitMire","Slimebound:SlimeBarrage","Slimebound:DouseInSlime"],"picked":"Slimebound:SplitAcid+1","floor":42},{"not_picked":["The Bomb","expansioncontent:LastStand+1","expansioncontent:GuardianWhirl"],"picked":"expansioncontent:Chronoboost+1","floor":43},{"not_picked":["Dramatic Entrance","expansioncontent:DarkVoid","Madness"],"picked":"expansioncontent:Chronoboost+1","floor":43},{"not_picked":["Slimebound:RejuvenatingLick","Slimebound:GoopSpray+1","Slimebound:ServeAndProtect+1"],"picked":"Slimebound:Schlurp+1","floor":44},{"not_picked":["Slimebound:ViciousTackle+1","Slimebound:SlimeSpikes","Slimebound:LeechEnergy"],"picked":"Slimebound:SplitAcid","floor":45},{"not_picked":["Slimebound:SplitBruiser+1","Slimebound:ServeAndProtect","Slimebound:Gluttony+1"],"picked":"Slimebound:SlimeTap+1","floor":46},{"not_picked":["Slimebound:ItLooksTasty+1","Slimebound:ViciousTackle","Slimebound:SamplingLick"],"picked":"Slimebound:SplitBruiser+1","floor":46},{"not_picked":["Slimebound:SlimeSpikes+1","Slimebound:MassRepurpose","Slimebound:GoopSpray"],"picked":"Slimebound:OneTwoCombo","floor":46},{"not_picked":["Slimebound:GoopSpray+1","Slimebound:HauntingLick","Slimebound:PrepareCrush"],"picked":"Slimebound:SplitAcid","floor":46},{"not_picked":["Slimebound:ViciousTackle+1","Slimebound:FinishingTackle","Slimebound:RollThrough"],"picked":"Slimebound:SplitBruiser","floor":46},{"not_picked":["Slimebound:SlimeSpikes+1","Slimebound:GoopSpray+1","Slimebound:ServeAndProtect+1"],"picked":"Slimebound:Prepare+1","floor":47},{"not_picked":["Slimebound:SlimeSpikes+1","Slimebound:ServeAndProtect+1","Slimebound:AcidTongue+1"],"picked":"Slimebound:TongueLash+1","floor":49},{"not_picked":["Slimebound:GrowthPunch+1","Slimebound:ServeAndProtect+1","Slimebound:GoopSpray+1","Slimebound:BestDefense+1"],"picked":"SKIP","floor":52}],"player_experience":1522877,"relics_obtained":[{"floor":6,"key":"Toy Ornithopter"},{"floor":13,"key":"Question Card"},{"floor":26,"key":"TungstenRod"},{"floor":37,"key":"Thread and Needle"},{"floor":42,"key":"Mummified Hand"},{"floor":45,"key":"Orichalcum"},{"floor":52,"key":"Blood Vial"}],"event_choices":[{"damage_healed":0,"gold_gain":0,"player_choice":"Donut","damage_taken":0,"max_hp_gain":5,"max_hp_loss":0,"event_name":"Big Fish","floor":3,"gold_loss":0},{"cards_removed":["Slimebound:Strike_Slimebound"],"damage_healed":0,"gold_gain":0,"player_choice":"Purged","damage_taken":0,"max_hp_gain":0,"max_hp_loss":0,"event_name":"Purifier","floor":22,"gold_loss":0},{"damage_healed":0,"gold_gain":0,"player_choice":"Fight","damage_taken":0,"max_hp_gain":0,"max_hp_loss":0,"event_name":"Mysterious Sphere","floor":37,"gold_loss":0},{"damage_healed":0,"gold_gain":3,"player_choice":"1","damage_taken":0,"max_hp_gain":0,"max_hp_loss":0,"event_name":"betterStone:BetterStone","floor":43,"gold_loss":0}],"is_beta":false,"boss_relics":[{"not_picked":["SlaversCollar","Pandora\u0027s Box"],"picked":"Cursed Key"},{"not_picked":["Empty Cage","Calling Bell"],"picked":"Astrolabe"}],"items_purged_floors":[21],"is_endless":false,"potions_floor_spawned":[2,11,12,13,14,20,27,31,32,38,42,47,49],"ascension_level":3}}