{"host":"gsu59bb6ixcbb7gk","time":1610593477,"event":{"mods":["BaseMod","Colored Powertips","Downfall","Googly Eyes","Infinite Spire","Minty Spire (QoL Compilation)","Replay The Spire","StSLib"],"gold_per_floor":[114,114,138,33,53,53,80,80,80,80,99,111,142,142,142,243,243,255,255,265,265,277,309,324,324,324],"floor_reached":25,"language":"ENG","playtime":1428,"items_purged":[],"score":295,"play_id":"8b17a3e4-8b7f-4b57-9b9d-ec0d7997af03","local_time":"20210113220437","is_ascension_mode":true,"campfire_choices":[{"floor":6,"key":"RECALL"},{"floor":8,"key":"REST"},{"floor":10,"key":"REST"},{"floor":15,"key":"REST"}],"circlet_count":0,"master_deck":["Strike_G","Strike_G","Strike_G","Strike_G","Strike_G","Defend_G","Defend_G","Defend_G","Defend_G","Survivor","Neutralize","A Thousand Cuts+1","Slice","Blade Dance","Prepared","Burst","Cloak And Dagger","Blade Dance","Blade Dance+1","Fluid Movement"],"relics":["Ring of the Snake","Blue Doll","Orichalcum","Vajra","Incense Burner","Shuriken","Sundial","Black Star","Replay:Bottled Snecko","Blue Candle","Bird Faced Urn","infinitespire:PuzzleCube"],"acts_visited":["Exordium","TheCity"],"potions_floor_usage":[16,23,25,25],"damage_taken":[{"damage":2,"enemies":"2 Louse","floor":1,"turns":3},{"damage":6,"enemies":"Jaw Worm","floor":5,"turns":3},{"damage":28,"enemies":"Replay:BlueRogue","floor":7,"turns":6},{"damage":3,"enemies":"Small Slimes","floor":11,"turns":3},{"damage":4,"enemies":"Blue Slaver","floor":12,"turns":3},{"damage":4,"enemies":"Gremlin Nob","floor":13,"turns":4},{"damage":0,"enemies":"Fading Forest","floor":16,"turns":11},{"damage":1,"enemies":"Shell Parasite","floor":18,"turns":5},{"damage":12,"enemies":"2 Thieves","floor":20,"turns":4},{"damage":9,"enemies":"3 Cultists","floor":22,"turns":5},{"damage":12,"enemies":"Book of Stabbing","floor":23,"turns":3},{"damage":15,"enemies":"Snake Plant","floor":24,"turns":3},{"damage":25,"enemies":"Nightmare","floor":25,"turns":3}],"seed_played":"-2722716497641398987","potions_obtained":[{"floor":1,"key":"FearPotion"},{"floor":5,"key":"SmokeBomb"},{"floor":11,"key":"hexamod:EctoCoolerPotion"},{"floor":18,"key":"LiquidMemories"},{"floor":23,"key":"Strength Potion"}],"is_trial":false,"path_per_floor":["M","?","T","$","M","R","E","R","T","R","M","M","E","?","R","B",null,"M","?","M","AVR","M","E","M","NM"],"character_chosen":"THE_SILENT","items_purchased":["A Thousand Cuts+1"],"campfire_rested":3,"item_purchase_floors":[4],"current_hp_per_floor":[68,68,68,68,62,62,34,55,55,70,67,63,59,52,70,70,70,69,69,57,57,48,36,23,0,0],"gold":324,"neow_bonus":"RANDOM_COMMON_RELIC","is_daily":false,"chose_seed":false,"campfire_upgraded":0,"win_rate":0.0,"timestamp":1610593477,"path_taken":["M","?","?","$","M","R","E","R","T","R","M","M","E","?","R","BOSS","M","?","M","AVR","M","E","?","NM"],"items_purchased_type":["Card"],"build_version":"2020-12-22","purchased_purges":0,"victory":false,"max_hp_per_floor":[70,70,70,70,70,70,70,70,70,70,70,70,70,70,70,70,70,70,70,70,70,70,70,70,70,70],"card_choices":[{"not_picked":["Heel Hook","PiercingWail","Dagger Spray"],"picked":"SKIP","floor":1},{"not_picked":["Quick Slash","PiercingWail","Endless Agony"],"picked":"SKIP","floor":5},{"not_picked":["Sucker Punch","Finisher","ReplayTheSpireMod:Exploit Weakness"],"picked":"SKIP","floor":7},{"not_picked":["Quick Slash","Heel Hook"],"picked":"Slice","floor":11},{"not_picked":["Dagger Spray","Dodge and Roll"],"picked":"Blade Dance","floor":12},{"not_picked":["Poisoned Stab","Bane"],"picked":"Prepared","floor":13},{"not_picked":["Die Die Die","Poison Darts"],"picked":"Burst","floor":16},{"not_picked":["Dash","Expertise"],"picked":"Cloak And Dagger","floor":18},{"not_picked":["Sneak Up","Dash"],"picked":"Blade Dance","floor":20},{"not_picked":["ReplayTheSpireMod:Speed Training+1","Outmaneuver+1"],"picked":"Blade Dance+1","floor":22},{"not_picked":["Flying Knee","Eviscerate","Underhanded Strike"],"picked":"SKIP","floor":23},{"not_picked":["Acrobatics","Dash"],"picked":"Fluid Movement","floor":24}],"player_experience":217211,"relics_obtained":[{"floor":2,"key":"Orichalcum"},{"floor":3,"key":"Vajra"},{"floor":7,"key":"Incense Burner"},{"floor":9,"key":"Shuriken"},{"floor":13,"key":"Sundial"},{"floor":23,"key":"Bird Faced Urn"},{"floor":23,"key":"infinitespire:PuzzleCube"}],"event_choices":[{"cards_removed":["Defend_G"],"damage_healed":0,"gold_gain":0,"player_choice":"Card Removal","damage_taken":7,"max_hp_gain":0,"max_hp_loss":0,"event_name":"Golden Wing","floor":14,"gold_loss":0}],"is_beta":false,"boss_relics":[{"not_picked":["Sozu","Runic Dome"],"picked":"Black Star"}],"items_purged_floors":[],"is_endless":false,"potions_floor_spawned":[1,5,11,18,23],"killed_by":"Nightmare","ascension_level":1}}