{"host":"a0ctybskq5enlxnq","time":1610662935,"event":{"mods":["BaseMod","Beaked The Cultist","Better Altar","Better Skull","Clawfect","Colored Map","Colored Powertips","Hermit","Highlight Path","Hubris","Kratos Character Expansion","Minty Spire (QoL Compilation)","READ ME - Guardian Mod","Rare Cards Sparkle","Robot Space Explorer","Shade Mod","Shop Mod","Spicy Shops","StSLib","The Alterego","The Construct","The Cursed","The Death Knight","The Disciple","The Forsaken","The Kombatant","The Runesmith","thorton"],"gold_per_floor":[148,162,162,180,195,224,399,427,474,502,513,513,513,524,524,524,524],"floor_reached":16,"language":"ENG","playtime":1149,"items_purged":[],"score":128,"play_id":"865a346c-a3b3-4270-a4a7-fcad75cd02d2","local_time":"20210114222215","is_ascension_mode":true,"campfire_choices":[{"floor":15,"key":"REST"}],"circlet_count":0,"master_deck":["KratosMod:Strike_K","KratosMod:Strike_K","KratosMod:Strike_K","KratosMod:Strike_K","KratosMod:Defend_K","KratosMod:Defend_K","KratosMod:Defend_K","KratosMod:Defend_K","KratosMod:cyclone","KratosMod:AthenaBane","KratosMod:clawsofhades","KratosMod:Endure","KratosMod:clawsofhades","KratosMod:settle","Doubt","KratosMod:Revenge","KratosMod:Revenge","hubris:NaturalOne"],"relics":["KratosMod:eagle","NeowsBlessing","KratosMod:chalice","Runesmith:CoreCrystal","Ornamental Fan","Nunchaku","Akabeko","Meat on the Bone","hubris:Icosahedron","Runesmith:AutoHammer"],"acts_visited":["Exordium"],"potions_floor_usage":[10,10,10],"damage_taken":[{"damage":0,"enemies":"Jaw Worm","floor":1,"turns":1},{"damage":0,"enemies":"Small Slimes","floor":2,"turns":1},{"damage":1,"enemies":"2 Louse","floor":4,"turns":1},{"damage":23,"enemies":"Large Slime","floor":5,"turns":6},{"damage":41,"enemies":"Lagavulin","floor":6,"turns":5},{"damage":90,"enemies":"Gremlin Nob","floor":8,"turns":8},{"damage":31,"enemies":"Lagavulin","floor":10,"turns":5},{"damage":15,"enemies":"Exordium Thugs","floor":11,"turns":4},{"damage":23,"enemies":"Looter","floor":14,"turns":3},{"damage":58,"enemies":"The Guardian","floor":16,"turns":7}],"seed_played":"-1697276420353745436","potions_obtained":[{"floor":1,"key":"LiquidBronze"},{"floor":5,"key":"Fire Potion"},{"floor":6,"key":"FairyPotion"},{"floor":8,"key":"BlessingOfTheForge"}],"is_trial":false,"path_per_floor":["M","M","?","M","M","E","?","E","T","E","M","?","?","M","R","B"],"character_chosen":"KRATOS","items_purchased":[],"campfire_rested":1,"item_purchase_floors":[],"current_hp_per_floor":[60,60,60,60,46,43,43,14,14,10,27,27,24,21,39,0,0],"gold":524,"neow_bonus":"THREE_ENEMY_KILL","is_daily":false,"chose_seed":false,"campfire_upgraded":0,"win_rate":0.0,"timestamp":1610662935,"path_taken":["M","M","?","M","M","E","?","E","T","E","M","?","?","M","R","BOSS"],"items_purchased_type":[],"build_version":"2020-12-22","purchased_purges":0,"victory":false,"max_hp_per_floor":[60,60,60,60,60,60,60,60,60,60,60,60,60,60,60,60,60],"card_choices":[{"not_picked":["KratosMod:rattle","KratosMod:settle"],"picked":"KratosMod:clawsofhades","floor":1},{"not_picked":["KratosMod:Roll","KratosMod:Tempor","KratosMod:BladeWhip"],"picked":"SKIP","floor":2},{"not_picked":["KratosMod:Roll","KratosMod:conjuresoul"],"picked":"KratosMod:Endure","floor":4},{"not_picked":["KratosMod:SmashStone","KratosMod:conjuresoul"],"picked":"KratosMod:clawsofhades","floor":5},{"not_picked":["KratosMod:styx","KratosMod:Tempor"],"picked":"KratosMod:settle","floor":6},{"not_picked":["KratosMod:conjuresoul","KratosMod:SmashStone"],"picked":"KratosMod:Revenge","floor":8},{"not_picked":["KratosMod:ShieldBash","KratosMod:BladeWhip","KratosMod:ablockalypse"],"picked":"SKIP","floor":10},{"not_picked":["KratosMod:Roll","KratosMod:settle","KratosMod:BladeWhip"],"picked":"SKIP","floor":11},{"not_picked":["KratosMod:Tempor","KratosMod:Endure"],"picked":"KratosMod:Revenge","floor":14}],"player_experience":436432,"relics_obtained":[{"floor":6,"key":"Ornamental Fan"},{"floor":8,"key":"Nunchaku"},{"floor":9,"key":"Akabeko"},{"floor":10,"key":"Meat on the Bone"}],"event_choices":[{"damage_healed":0,"gold_gain":175,"player_choice":"AGREE","damage_taken":0,"max_hp_gain":0,"max_hp_loss":0,"event_name":"Liars Game","floor":7,"gold_loss":0,"cards_obtained":["Doubt"]},{"damage_healed":0,"gold_gain":0,"player_choice":"Success","damage_taken":3,"relics_obtained":["Runesmith:AutoHammer"],"max_hp_gain":0,"max_hp_loss":0,"event_name":"Scrap Ooze","floor":13,"gold_loss":0}],"is_beta":false,"boss_relics":[],"items_purged_floors":[],"is_endless":false,"potions_floor_spawned":[1,5,6,8],"killed_by":"The Guardian","ascension_level":1}}