{"host":"daa8jqyg4gqfaysm","time":1610613894,"event":{"mods":["BaseMod","Colored Powertips","Minty Spire (QoL Compilation)","StSLib"],"gold_per_floor":[113,130,8,24,44,44,44,78,101,101,116,116,145,159,159,264,264,278,553,568,588,123,135,135,203,203,229,239,239,254,266,266,364,364,375,47,64,75,95,95,113,113,164,180,180,210,210,210,210,210,210,210,52,87,87],"floor_reached":56,"language":"ENG","playtime":2463,"items_purged":["Strike_R","Strike_R","Regret","Strike_R"],"score":1413,"play_id":"5b935641-fce3-4513-b03b-f7d91e55e8b7","local_time":"20210114164454","is_ascension_mode":false,"campfire_choices":[{"data":"Barricade","floor":6,"key":"SMITH"},{"data":"Body Slam","floor":10,"key":"SMITH"},{"data":"Bash","floor":12,"key":"SMITH"},{"data":"True Grit","floor":15,"key":"SMITH"},{"data":"Corruption","floor":24,"key":"SMITH"},{"floor":29,"key":"REST"},{"floor":32,"key":"REST"},{"data":"Armaments","floor":40,"key":"SMITH"},{"data":"Juggernaut","floor":42,"key":"SMITH"},{"floor":45,"key":"RECALL"},{"data":"Ghostly Armor","floor":49,"key":"SMITH"},{"data":"Shrug It Off","floor":52,"key":"SMITH"}],"circlet_count":0,"master_deck":["Strike_R+1","Defend_R","Defend_R","Defend_R","Defend_R","Bash+1","Barricade+1","Cleave","Body Slam+1","Shrug It Off","True Grit+1","Shrug It Off+1","Shrug It Off","Body Slam","Bloodletting","Corruption+1","Entrench+1","Pommel Strike+1","Rage","Armaments+1","Burning Pact+1","Demon Form","Heavy Blade+1","Battle Trance","Battle Trance+1","Juggernaut+1","Ghostly Armor+1","Metallicize","Feel No Pain+1","Metallicize","Sentinel","Seeing Red+1","Body Slam+1","Impervious","Disarm"],"relics":["Burning Blood","Art of War","Happy Flower","Blood Vial","SlaversCollar","Membership Card","Incense Burner","Pen Nib","The Courier","Bag of Marbles","Toy Ornithopter","Runic Pyramid","OrangePellets","Matryoshka","Bronze Scales","Oddly Smooth Stone","Whetstone"],"acts_visited":["Exordium","TheCity","TheBeyond","TheEnding"],"potions_floor_usage":[5,13,18,30,55],"damage_taken":[{"damage":1,"enemies":"Cultist","floor":1,"turns":4},{"damage":0,"enemies":"Small Slimes","floor":2,"turns":3},{"damage":2,"enemies":"Jaw Worm","floor":4,"turns":4},{"damage":15,"enemies":"Exordium Wildlife","floor":5,"turns":7},{"damage":40,"enemies":"Gremlin Nob","floor":8,"turns":6},{"damage":0,"enemies":"Lots of Slimes","floor":11,"turns":3},{"damage":17,"enemies":"3 Sentries","floor":13,"turns":8},{"damage":1,"enemies":"2 Fungi Beasts","floor":14,"turns":3},{"damage":9,"enemies":"Hexaghost","floor":16,"turns":7},{"damage":24,"enemies":"3 Byrds","floor":18,"turns":7},{"damage":2,"enemies":"Chosen","floor":20,"turns":6},{"damage":24,"enemies":"Snake Plant","floor":21,"turns":7},{"damage":20,"enemies":"Shelled Parasite and Fungi","floor":23,"turns":10},{"damage":18,"enemies":"Gremlin Leader","floor":27,"turns":8},{"damage":18,"enemies":"Snecko","floor":28,"turns":7},{"damage":28,"enemies":"Snake Plant","floor":30,"turns":7},{"damage":5,"enemies":"Cultist and Chosen","floor":31,"turns":7},{"damage":17,"enemies":"Collector","floor":33,"turns":5},{"damage":13,"enemies":"3 Darklings","floor":35,"turns":5},{"damage":3,"enemies":"Orb Walker","floor":37,"turns":5},{"damage":10,"enemies":"Spire Growth","floor":38,"turns":5},{"damage":16,"enemies":"Maw","floor":39,"turns":5},{"damage":15,"enemies":"Transient","floor":41,"turns":5},{"damage":0,"enemies":"Sphere and 2 Shapes","floor":44,"turns":5},{"damage":3,"enemies":"Giant Head","floor":46,"turns":5},{"damage":7,"enemies":"Awakened One","floor":50,"turns":15},{"damage":0,"enemies":"Shield and Spear","floor":54,"turns":6},{"damage":0,"enemies":"The Heart","floor":55,"turns":7}],"seed_played":"-2705346819362432831","potions_obtained":[{"floor":4,"key":"EssenceOfSteel"},{"floor":8,"key":"PowerPotion"},{"floor":11,"key":"Weak Potion"},{"floor":14,"key":"Weak Potion"},{"floor":27,"key":"ElixirPotion"},{"floor":33,"key":"Strength Potion"},{"floor":39,"key":"FairyPotion"}],"is_trial":false,"path_per_floor":["M","M","$","M","M","R","?","E","T","R","M","R","E","M","R","B",null,"M","?","M","M","$","M","R","T","T","E","M","R","M","M","R","B",null,"M","$","M","M","M","R","M","R","T","M","R","E","?","?","R","B",null,"R","$","E","B",null],"character_chosen":"IRONCLAD","items_purchased":["Shrug It Off","Membership Card","Incense Burner","BloodPotion","Armaments","Pen Nib","OrangePellets","Ghostly Armor","Metallicize","Feel No Pain","Matryoshka","Metallicize","Impervious","Disarm","Swift Potion"],"campfire_rested":2,"item_purchase_floors":[3,22,22,22,22,22,36,36,36,36,36,36,53,53,53],"current_hp_per_floor":[80,80,80,80,71,71,71,37,37,37,43,43,32,39,39,38,80,62,62,68,52,52,40,40,40,40,30,20,44,29,32,56,47,80,73,73,78,76,68,68,61,61,61,69,69,74,74,74,74,75,76,76,76,76,76],"gold":87,"neow_bonus":"ONE_RANDOM_RARE_CARD","is_daily":false,"chose_seed":false,"campfire_upgraded":9,"win_rate":0.0,"timestamp":1610613894,"path_taken":["M","M","?","M","M","R","?","E","T","R","?","R","E","M","R","BOSS","M","?","M","?","$","M","R","?","T","E","M","R","?","?","R","BOSS","M","$","M","M","M","R","M","R","T","M","R","E","?","?","R","BOSS","R","$","E","BOSS"],"items_purchased_type":["Card","Relic","Relic","Potion","Card","Relic","Relic","Card","Card","Card","Relic","Card","Card","Card","Potion"],"build_version":"2020-12-22","purchased_purges":4,"victory":true,"max_hp_per_floor":[80,80,80,80,80,80,80,80,80,80,80,80,80,80,80,80,80,80,80,80,80,80,80,80,80,80,80,80,80,80,80,80,80,80,80,80,80,80,80,80,80,80,80,80,80,80,76,76,76,76,76,76,76,76,76],"card_choices":[{"not_picked":["Sword Boomerang","Twin Strike"],"picked":"Cleave","floor":1},{"not_picked":["Bloodletting","Pommel Strike"],"picked":"Body Slam","floor":2},{"not_picked":["Uppercut","Spot Weakness"],"picked":"True Grit","floor":4},{"not_picked":["Wild Strike","True Grit"],"picked":"Shrug It Off","floor":5},{"not_picked":["Limit Break","Wild Strike"],"picked":"Shrug It Off","floor":8},{"not_picked":["Wild Strike","Fire Breathing","Perfected Strike"],"picked":"SKIP","floor":11},{"not_picked":["Fire Breathing","Limit Break"],"picked":"Body Slam","floor":13},{"not_picked":["Wild Strike","Heavy Blade"],"picked":"Bloodletting","floor":14},{"not_picked":["Berserk","Double Tap"],"picked":"Corruption","floor":16},{"not_picked":["Shrug It Off","Headbutt"],"picked":"Entrench+1","floor":18},{"not_picked":["Seeing Red","Infernal Blade"],"picked":"Pommel Strike+1","floor":20},{"not_picked":["Twin Strike","Flex"],"picked":"Rage","floor":21},{"not_picked":["Blood for Blood+1","Twin Strike"],"picked":"Burning Pact+1","floor":23},{"not_picked":["Clothesline+1","Shrug It Off"],"picked":"Demon Form","floor":27},{"not_picked":["Sword Boomerang","Clothesline"],"picked":"Heavy Blade","floor":28},{"not_picked":["Burning Pact","Twin Strike+1"],"picked":"Battle Trance","floor":30},{"not_picked":["Wild Strike","Body Slam"],"picked":"Battle Trance+1","floor":31},{"not_picked":["Double Tap","Demon Form"],"picked":"Juggernaut","floor":33},{"not_picked":["Flex+1","Clash","Perfected Strike+1"],"picked":"SKIP","floor":35},{"not_picked":["Warcry","Wild Strike+1","Thunderclap+1"],"picked":"SKIP","floor":37},{"not_picked":["Anger+1","Sword Boomerang+1"],"picked":"Sentinel","floor":38},{"not_picked":["Warcry","Hemokinesis"],"picked":"Seeing Red+1","floor":39},{"not_picked":["Spot Weakness+1","Carnage","Rampage+1"],"picked":"SKIP","floor":41},{"not_picked":["Inflame+1","Armaments"],"picked":"Body Slam+1","floor":44},{"not_picked":["Juggernaut","Cleave+1","Infernal Blade+1"],"picked":"SKIP","floor":46},{"not_picked":["Feed","Metallicize","True Grit+1"],"picked":"SKIP","floor":54}],"player_experience":820366,"relics_obtained":[{"floor":8,"key":"Art of War"},{"floor":9,"key":"Happy Flower"},{"floor":13,"key":"Blood Vial"},{"floor":25,"key":"The Courier"},{"floor":26,"key":"Bag of Marbles"},{"floor":27,"key":"Toy Ornithopter"},{"floor":43,"key":"Bronze Scales"},{"floor":46,"key":"Oddly Smooth Stone"},{"floor":54,"key":"Whetstone"}],"event_choices":[{"cards_removed":["Strike_R"],"damage_healed":0,"gold_gain":0,"player_choice":"Offered Basic","damage_taken":0,"max_hp_gain":0,"max_hp_loss":0,"event_name":"Bonfire Elementals","floor":7,"gold_loss":0},{"damage_healed":0,"gold_gain":275,"player_choice":"Desecrate","damage_taken":0,"max_hp_gain":0,"max_hp_loss":0,"event_name":"Golden Shrine","floor":19,"gold_loss":0,"cards_obtained":["Regret"]},{"damage_healed":0,"gold_gain":0,"player_choice":"Max HP","damage_taken":0,"max_hp_gain":0,"max_hp_loss":4,"event_name":"Winding Halls","floor":47,"gold_loss":0},{"damage_healed":0,"gold_gain":0,"player_choice":"Forge","damage_taken":0,"max_hp_gain":0,"max_hp_loss":0,"event_name":"Accursed Blacksmith","floor":48,"gold_loss":0,"cards_upgraded":["Feel No Pain"]}],"is_beta":false,"boss_relics":[{"not_picked":["Runic Cube","Black Star"],"picked":"SlaversCollar"},{"not_picked":["Tiny House","Busted Crown"],"picked":"Runic Pyramid"}],"items_purged_floors":[3,22,36,53],"is_endless":false,"potions_floor_spawned":[4,8,11,14,27,28,33,37,38,39,46,54],"ascension_level":0}}