{"host":"tazbulao4mmrh18w","time":1610658169,"event":{"mods":["AchievementEnabler","BaseMod","Colored Map","Colored Powertips","DeckTracker","Highlight Path","Minty Spire (QoL Compilation)","Practice Mode","Quick Restart","Random Character Button","Relic Stats"],"gold_per_floor":[116,116,116,136,136,136,136,152,152,177,197,114,129,162,162,283,283,297,311,311,311,331,331,349,349,430,430,448,472,540,560,560,560,560],"floor_reached":33,"language":"ENG","playtime":3149,"items_purged":[],"score":241,"play_id":"9e4142cb-49a1-4f64-86af-9c0b49c48d14","local_time":"20210114160249","is_ascension_mode":false,"campfire_choices":[{"data":"Clothesline","floor":7.0,"key":"SMITH"},{"floor":15.0,"key":"REST"},{"floor":23,"key":"REST"},{"floor":25,"key":"REST"},{"floor":32,"key":"REST"}],"circlet_count":0,"master_deck":["Strike_R","Strike_R","Strike_R","Strike_R","Strike_R","Defend_R","Defend_R","Defend_R","Defend_R","Bash","Clothesline+1","Injury","Reckless Charge+1","Seeing Red","Inflame","Seeing Red","Good Instincts","Twin Strike","Cleave","Juggernaut","Anger+1","Heavy Blade","Metallicize","Shockwave"],"relics":["Burning Blood","Bronze Scales","Golden Idol","CultistMask","Pocketwatch","Odd Mushroom","Runic Cube","Gremlin Horn","Paper Frog","Ornamental Fan"],"acts_visited":[],"potions_floor_usage":[19,22,24],"damage_taken":[{"damage":5.0,"enemies":"Small Slimes","floor":1.0,"turns":5.0},{"damage":0.0,"enemies":"2 Louse","floor":4.0,"turns":3.0},{"damage":0.0,"enemies":"Cultist","floor":8.0,"turns":3.0},{"damage":3.0,"enemies":"Red Slaver","floor":10.0,"turns":3.0},{"damage":7.0,"enemies":"Blue Slaver","floor":11.0,"turns":2.0},{"damage":0.0,"enemies":"Looter","floor":13.0,"turns":2.0},{"damage":18.0,"enemies":"The Mushroom Lair","floor":14.0,"turns":4.0},{"damage":35.0,"enemies":"Hexaghost","floor":16.0,"turns":9.0},{"damage":10,"enemies":"Chosen","floor":18,"turns":4},{"damage":22,"enemies":"2 Thieves","floor":19,"turns":4},{"damage":32,"enemies":"Snake Plant","floor":22,"turns":3},{"damage":11,"enemies":"Snecko","floor":24,"turns":4},{"damage":16,"enemies":"Cultist and Chosen","floor":28,"turns":4},{"damage":21,"enemies":"Centurion and Healer","floor":29,"turns":7},{"damage":25,"enemies":"Shelled Parasite and Fungi","floor":31,"turns":4},{"damage":48,"enemies":"Collector","floor":33,"turns":5}],"seed_played":"-9069136917867642537","potions_obtained":[{"floor":1.0,"key":"ElixirPotion"},{"floor":8.0,"key":"SneckoOil"},{"floor":11.0,"key":"Energy Potion"},{"floor":13.0,"key":"SpeedPotion"},{"floor":18,"key":"Weak Potion"},{"floor":19,"key":"AttackPotion"},{"floor":22,"key":"AttackPotion"}],"is_trial":false,"path_per_floor":["M","?","?","M","?","?","R","M","T","M","M","$","M","?","R","B",null,"M","M","?","?","M","R","M","R","T","?","M","M","T","M","R","B"],"character_chosen":"IRONCLAD","items_purchased":["Good Instincts"],"campfire_rested":4,"item_purchase_floors":[12],"current_hp_per_floor":[80,80,80,80,80,80,80,80,80,80,79,79,80,68,80,51,80,76,60,60,60,34,58,53,77,77,68,58,43,43,24,48,0,0],"gold":560,"neow_bonus":"RANDOM_COMMON_RELIC","is_daily":false,"chose_seed":false,"campfire_upgraded":1,"win_rate":0.0,"timestamp":1610658169,"path_taken":["M","?","?","M","?","?","R","M","T","M","?","?","M","?","R","BOSS","M","M","?","?","M","R","M","R","T","?","M","M","?","M","R","BOSS"],"items_purchased_type":["Card"],"build_version":"2020-12-22","purchased_purges":0,"victory":false,"max_hp_per_floor":[80,80,80,80,80,80,80,80,80,80,80,80,80,80,80,80,80,80,80,80,80,80,80,80,80,80,80,80,80,80,80,80,80,80],"relic_stats":{"Gremlin Horn":[3,3],"counters":[16,66],"Golden Idol":77,"Ornamental Fan":[16],"Bronze Scales":[194],"obtain_stats":[{"Gremlin Horn":20,"Golden Idol":2,"Ornamental Fan":30,"Bronze Scales":0,"CultistMask":6,"Odd Mushroom":14,"Burning Blood":0,"Pocketwatch":9,"Runic Cube":17,"Paper Frog":26},{"Gremlin Horn":10,"Golden Idol":1,"Ornamental Fan":14,"Bronze Scales":0,"CultistMask":2,"Odd Mushroom":7,"Burning Blood":0,"Pocketwatch":3,"Runic Cube":8,"Paper Frog":12},{"Gremlin Horn":39,"Golden Idol":5,"Ornamental Fan":57,"Bronze Scales":0,"CultistMask":8,"Odd Mushroom":22,"Burning Blood":0,"Pocketwatch":11,"Runic Cube":31,"Paper Frog":46}],"Burning Blood":69,"Pocketwatch":[59],"Runic Cube":[32]},"card_choices":[{"not_picked":["Blood for Blood","Headbutt"],"picked":"Clothesline","floor":1.0},{"not_picked":["Body Slam","Hemokinesis"],"picked":"Reckless Charge","floor":4.0},{"not_picked":["Pommel Strike","Clothesline"],"picked":"Seeing Red","floor":8.0},{"not_picked":["Twin Strike","Bloodletting"],"picked":"Inflame","floor":10.0},{"not_picked":["Second Wind","Clothesline"],"picked":"Seeing Red","floor":11.0},{"not_picked":["Dark Embrace","Metallicize"],"picked":"Twin Strike","floor":13.0},{"not_picked":["Heavy Blade","Armaments"],"picked":"Cleave","floor":14.0},{"not_picked":["Brutality","Impervious"],"picked":"Juggernaut","floor":16.0},{"not_picked":["Armaments","Sword Boomerang","Clash"],"picked":"SKIP","floor":18},{"not_picked":["Pommel Strike","Thunderclap+1"],"picked":"Anger+1","floor":19},{"not_picked":["Seeing Red+1","Headbutt"],"picked":"Heavy Blade","floor":22},{"not_picked":["Searing Blow","Perfected Strike","Entrench+1"],"picked":"SKIP","floor":24},{"not_picked":["Dark Embrace+1","Cleave"],"picked":"Metallicize","floor":28},{"not_picked":["Flex","Intimidate","Hemokinesis"],"picked":"SKIP","floor":29},{"not_picked":["Battle Trance","Metallicize"],"picked":"Shockwave","floor":31}],"player_experience":84409,"relics_obtained":[{"floor":9.0,"key":"Pocketwatch"},{"floor":14.0,"key":"Odd Mushroom"},{"floor":26,"key":"Paper Frog"},{"floor":30,"key":"Ornamental Fan"}],"event_choices":[{"damage_healed":0.0,"max_hp_gain":0.0,"max_hp_loss":0.0,"gold_gain":0.0,"event_name":"Golden Idol","player_choice":"Take Wound","floor":2.0,"gold_loss":0.0,"damage_taken":0.0,"relics_obtained":["Golden Idol"],"cards_obtained":["Injury"]},{"damage_healed":0.0,"max_hp_gain":0.0,"max_hp_loss":0.0,"gold_gain":0.0,"event_name":"Scrap Ooze","player_choice":"Fled","floor":3.0,"gold_loss":0.0,"damage_taken":0.0},{"damage_healed":0.0,"max_hp_gain":0.0,"max_hp_loss":0.0,"gold_gain":0.0,"event_name":"Living Wall","player_choice":"Grow","floor":5.0,"gold_loss":0.0,"damage_taken":0.0,"cards_upgraded":["Reckless Charge"]},{"damage_healed":0.0,"max_hp_gain":0.0,"max_hp_loss":0.0,"gold_gain":0.0,"event_name":"FaceTrader","player_choice":"Trade","floor":6.0,"gold_loss":0.0,"damage_taken":0.0,"relics_obtained":["CultistMask"]},{"damage_healed":0.0,"max_hp_gain":0.0,"max_hp_loss":0.0,"gold_gain":0.0,"event_name":"Mushrooms","player_choice":"Fought Mushrooms","floor":14.0,"gold_loss":0.0,"damage_taken":0.0},{"damage_healed":0,"gold_gain":0,"player_choice":"Opened","damage_taken":0,"relics_obtained":["Gremlin Horn"],"max_hp_gain":0,"max_hp_loss":0,"event_name":"The Mausoleum","floor":20,"gold_loss":0},{"damage_healed":0,"gold_gain":0,"player_choice":"Ignored","damage_taken":0,"max_hp_gain":0,"max_hp_loss":0,"event_name":"Ghosts","floor":21,"gold_loss":0},{"damage_healed":0,"gold_gain":0,"player_choice":"Stopped","damage_taken":9,"max_hp_gain":0,"max_hp_loss":0,"event_name":"Cursed Tome","floor":27,"gold_loss":0}],"is_beta":false,"boss_relics":[{"not_picked":["Ectoplasm","Mark of Pain"],"picked":"Runic Cube"}],"items_purged_floors":[],"is_endless":false,"potions_floor_spawned":[1,8,11,13,18,19,22],"killed_by":"Collector","ascension_level":0}}