{"host":"09c1j7k0szn5tpd7","time":1610653694,"event":{"mods":["BaseMod","Googly Eyes","Hubris","Infinite Spire","Minty Spire (QoL Compilation)","Replay The Spire","StSLib","??????REMEMod"],"gold_per_floor":[111,111,111,111,111,144,144,144,144,144,69,107,131,131,154,154,154,154],"floor_reached":18,"language":"ENG","playtime":735,"items_purged":["Defend_R"],"score":216,"play_id":"a075eac0-54e6-4b7d-a8bf-915ce4ba6adf","local_time":"20210114194814","is_ascension_mode":true,"campfire_choices":[{"data":"Bash","floor":6,"key":"SMITH"},{"data":"infinitespire:OneForAll","floor":15,"key":"SMITH"},{"data":"Flame Barrier","floor":17,"key":"SMITH"}],"circlet_count":0,"master_deck":["Strike_R","Strike_R","Strike_R","Strike_R","Defend_R","Defend_R","Defend_R","Bash+1","Flame Barrier+1","infinitespire:OneForAll+1","Whirlwind"],"relics":["Burning Blood","REME_ComplimentaryCards","NeowsBlessing","hubris:Teleporter","Ancient Tea Set","hubris:Spice","Golden Idol","infinitespire:Satchel","hubris:64BitClover"],"acts_visited":["Exordium"],"potions_floor_usage":[18,18],"damage_taken":[{"damage":0,"enemies":"Cultist","floor":1,"turns":1},{"damage":0,"enemies":"Gremlin Nob","floor":7,"turns":1},{"damage":0,"enemies":"Lagavulin","floor":13,"turns":1},{"damage":2,"enemies":"2 Louse","floor":14,"turns":2},{"damage":2,"enemies":"Small Slimes","floor":16,"turns":3},{"damage":69,"enemies":"Slime Boss","floor":18,"turns":9}],"seed_played":"-11840210709348804","potions_obtained":[{"floor":1,"key":"Toxic Potion"},{"floor":14,"key":"Adrenaline Potion"}],"is_trial":false,"path_per_floor":["M","T","?","?","R","E","?","PTL","PTL","T","$","E","M","R","M","R","B"],"character_chosen":"IRONCLAD","items_purchased":[],"campfire_rested":0,"item_purchase_floors":[],"current_hp_per_floor":[78,78,60,60,60,74,52,52,52,52,52,58,62,62,66,66,0,0],"gold":154,"neow_bonus":"THREE_ENEMY_KILL","is_daily":false,"chose_seed":false,"campfire_upgraded":3,"win_rate":0.0,"timestamp":1610653694,"path_taken":["M","?","?","?","R","E","?","PTL","PTL","T","?","E","M","R","M","R","BOSS"],"items_purchased_type":[],"build_version":"2020-12-22","purchased_purges":1,"victory":false,"max_hp_per_floor":[80,80,80,80,80,88,88,88,88,88,88,88,88,88,88,88,88,88],"card_choices":[{"not_picked":["Havoc","Wild Strike","Warcry"],"picked":"SKIP","floor":1},{"not_picked":["Twin Strike","Evolve"],"picked":"Flame Barrier","floor":7},{"not_picked":["hubris:CleavingFinish","Whirlwind"],"picked":"infinitespire:OneForAll","floor":13},{"not_picked":["Pommel Strike","Sword Boomerang"],"picked":"Whirlwind","floor":14},{"not_picked":["Iron Wave","Shrug It Off","Perfected Strike"],"picked":"SKIP","floor":16}],"player_experience":921206,"relics_obtained":[{"floor":2,"key":"hubris:Teleporter"},{"floor":7,"key":"hubris:Spice"},{"floor":11,"key":"infinitespire:Satchel"},{"floor":13,"key":"hubris:64BitClover"}],"event_choices":[{"damage_healed":0,"gold_gain":0,"player_choice":"Success","damage_taken":18,"relics_obtained":["Ancient Tea Set"],"max_hp_gain":0,"max_hp_loss":0,"event_name":"Scrap Ooze","floor":4,"gold_loss":0},{"cards_removed":["Strike_R"],"damage_healed":0,"gold_gain":0,"player_choice":"Forget","damage_taken":0,"max_hp_gain":0,"max_hp_loss":0,"event_name":"Living Wall","floor":5,"gold_loss":0},{"damage_healed":0,"gold_gain":0,"player_choice":"Take Damage","damage_taken":22,"relics_obtained":["Golden Idol"],"max_hp_gain":0,"max_hp_loss":0,"event_name":"Golden Idol","floor":8,"gold_loss":0}],"is_beta":false,"boss_relics":[],"items_purged_floors":[12],"is_endless":false,"potions_floor_spawned":[1,14],"killed_by":"Slime Boss","ascension_level":6}}