{"host":"sc0o2qwpf9j16a4i","time":1610650653,"event":{"mods":["AchievementEnabler","BaseMod","BetterRewards","Block Reminder","Colored Map","Colored Powertips","Custom Start","Highlight Path","Minty Spire (QoL Compilation)","Relic Stats"],"gold_per_floor":[118,134,134,59,69,69,95,95,95,65,65,79,91,114,114,186,186,145,163,163,76,1,1,34,34,34,53,53,53,53],"floor_reached":29,"language":"ENG","playtime":979,"items_purged":["Strike_G"],"score":482,"play_id":"461ad732-fe17-40d1-8c13-141570936356","local_time":"20210114205733","is_ascension_mode":true,"campfire_choices":[{"data":"Sucker Punch","floor":6.0,"key":"SMITH"},{"floor":8.0,"key":"REST"},{"floor":11.0,"key":"REST"},{"floor":15.0,"key":"REST"},{"floor":23.0,"key":"REST"}],"circlet_count":0,"master_deck":["AscendersBane","Strike_G","Strike_G","Defend_G","Defend_G","Defend_G","Defend_G","Defend_G","Survivor","Neutralize","Sucker Punch+1","Dagger Throw","Dodge and Roll","Noxious Fumes","Riddle With Holes","Deadly Poison","Well Laid Plans","A Thousand Cuts","PiercingWail+1","Leg Sweep","Crippling Poison","Crippling Poison+1","Crippling Poison","Backflip+1"],"relics":["Ring of the Snake","Kunai","Dream Catcher","Snecko Eye","Centennial Puzzle","Anchor","Turnip"],"acts_visited":["Exordium","TheCity"],"potions_floor_usage":[24],"damage_taken":[{"damage":1.0,"enemies":"Small Slimes","floor":1.0,"turns":5.0},{"damage":0.0,"enemies":"2 Louse","floor":2.0,"turns":3.0},{"damage":0.0,"enemies":"Cultist","floor":5.0,"turns":3.0},{"damage":49.0,"enemies":"3 Sentries","floor":7.0,"turns":18.0},{"damage":7.0,"enemies":"Exordium Wildlife","floor":12.0,"turns":8.0},{"damage":25.0,"enemies":"Exordium Thugs","floor":13.0,"turns":7.0},{"damage":13.0,"enemies":"Hexaghost","floor":16.0,"turns":10.0},{"damage":13.0,"enemies":"2 Thieves","floor":18.0,"turns":5.0},{"damage":11.0,"enemies":"Shell Parasite","floor":19.0,"turns":7.0},{"damage":31,"enemies":"Book of Stabbing","floor":24,"turns":7},{"damage":10,"enemies":"Shelled Parasite and Fungi","floor":27,"turns":5},{"damage":10,"enemies":"Snake Plant","floor":29,"turns":3}],"seed_played":"3980767177399460856","potions_obtained":[{"floor":1.0,"key":"SpeedPotion"},{"floor":10.0,"key":"SmokeBomb"},{"floor":10.0,"key":"EntropicBrew"},{"floor":12.0,"key":"Weak Potion"},{"floor":13.0,"key":"BlessingOfTheForge"},{"floor":16.0,"key":"SteroidPotion"},{"floor":18.0,"key":"SteroidPotion"},{"floor":19.0,"key":"Explosive Potion"}],"is_trial":false,"path_per_floor":["M","M","?","?","M","R","E","R","T","?","R","M","M","T","R","B",null,"M","M","?","$","$","R","E","?","T","M","T","M"],"character_chosen":"THE_SILENT","items_purchased":["Sucker Punch","Crippling Poison"],"campfire_rested":4,"item_purchase_floors":[0,21],"current_hp_per_floor":[58,58,58,58,58,58,9,28,28,28,47,40,15,15,34,21,55,42,31,31,31,31,50,19,19,19,9,9,0,0],"gold":53,"neow_bonus":"","is_daily":false,"chose_seed":false,"campfire_upgraded":1,"win_rate":0.0,"timestamp":1610650653,"path_taken":["M","M","?","?","M","R","E","R","T","?","R","?","M","?","R","BOSS","M","M","?","?","$","R","E","?","T","M","?","M"],"items_purchased_type":["Card","Card"],"build_version":"2020-12-22","purchased_purges":1,"victory":false,"max_hp_per_floor":[66,66,66,66,66,66,66,66,66,66,66,66,66,66,66,66,66,66,66,66,66,66,66,66,66,66,66,66,66,66],"relic_stats":{"Dream Catcher":6,"Centennial Puzzle":[36],"counters":[27,153],"Snecko Eye":[477,467,473,449],"Turnip":[4],"Kunai":[13],"obtain_stats":[{"Potion Belt":9,"Tiny House":0,"Sling":4,"Dream Catcher":6,"Centennial Puzzle":21,"Anchor":26,"Snecko Eye":17,"Tiny Chest":11,"WingedGreaves":3,"Turnip":28,"Kunai":9,"Ring of the Snake":0,"Runic Pyramid":17},{"Potion Belt":5,"Tiny House":0,"Sling":3,"Dream Catcher":5,"Centennial Puzzle":11,"Anchor":25,"Snecko Eye":22,"Tiny Chest":6,"WingedGreaves":13,"Turnip":26,"Kunai":19,"Ring of the Snake":0,"Runic Pyramid":9},{"Potion Belt":25,"Tiny House":0,"Sling":11,"Dream Catcher":25,"Centennial Puzzle":59,"Anchor":145,"Snecko Eye":126,"Tiny Chest":30,"WingedGreaves":67,"Turnip":150,"Kunai":101,"Ring of the Snake":0,"Runic Pyramid":47}],"Ring of the Snake":[30]},"card_choices":[{"not_picked":["Heel Hook","Dodge and Roll"],"picked":"Dagger Throw","floor":1.0},{"not_picked":["Acrobatics","Catalyst","Backflip"],"picked":"SKIP","floor":2.0},{"not_picked":["Concentrate","Accuracy"],"picked":"Dodge and Roll","floor":5.0},{"not_picked":["Crippling Poison","Dagger Throw"],"picked":"Noxious Fumes","floor":7.0},{"not_picked":["Accuracy","Tools of the Trade"],"picked":"Riddle With Holes","floor":12.0},{"not_picked":["Calculated Gamble","Heel Hook"],"picked":"Deadly Poison","floor":13.0},{"not_picked":["Sucker Punch","Deadly Poison"],"picked":"Well Laid Plans","floor":15.0},{"not_picked":["Storm of Steel","Phantasmal Killer"],"picked":"A Thousand Cuts","floor":16.0},{"not_picked":["Noxious Fumes","Deflect"],"picked":"PiercingWail+1","floor":18.0},{"not_picked":["Tactician","Dagger Throw"],"picked":"Leg Sweep","floor":19.0},{"not_picked":["Dagger Throw","Noxious Fumes"],"picked":"Crippling Poison+1","floor":23.0},{"not_picked":["Eviscerate+1","Skewer"],"picked":"Crippling Poison","floor":24},{"not_picked":["Grand Finale","Reflex"],"picked":"Backflip+1","floor":27}],"player_experience":632700,"relics_obtained":[{"floor":9.0,"key":"Kunai"},{"floor":14.0,"key":"Dream Catcher"},{"floor":24,"key":"Centennial Puzzle"},{"floor":26,"key":"Anchor"},{"floor":28,"key":"Turnip"}],"event_choices":[{"damage_healed":0.0,"max_hp_gain":0.0,"max_hp_loss":0.0,"gold_gain":0.0,"event_name":"Liars Game","player_choice":"Ignored","floor":3.0,"gold_loss":0.0,"damage_taken":0.0},{"cards_removed":["Strike_G"],"damage_healed":0.0,"max_hp_gain":0.0,"max_hp_loss":0.0,"gold_gain":0.0,"event_name":"The Cleric","player_choice":"Card Removal","floor":4.0,"gold_loss":75.0,"damage_taken":0.0},{"damage_healed":0.0,"max_hp_gain":0.0,"max_hp_loss":0.0,"gold_gain":0.0,"event_name":"The Woman in Blue","player_choice":"Bought 2 Potions","floor":10.0,"gold_loss":0.0,"damage_taken":0.0},{"cards_removed":["Strike_G"],"damage_healed":0.0,"max_hp_gain":0.0,"max_hp_loss":0.0,"gold_gain":0.0,"event_name":"Purifier","player_choice":"Purged","floor":20.0,"gold_loss":0.0,"damage_taken":0.0},{"damage_healed":0,"gold_gain":0,"player_choice":"Ignored","damage_taken":0,"max_hp_gain":0,"max_hp_loss":0,"event_name":"Cursed Tome","floor":25,"gold_loss":0}],"is_beta":false,"boss_relics":[{"not_picked":["HoveringKite","Philosopher\u0027s Stone"],"picked":"Snecko Eye"}],"items_purged_floors":[22],"is_endless":false,"potions_floor_spawned":[1,12,13,16,18,19],"killed_by":"Snake Plant","ascension_level":20}}