{"host":"kmq7aw60w430zvtx","time":1610667239,"event":{"mods":["BaseMod","Downfall","GifTheSpireLib","Hermit","Hubris","Minty Spire (QoL Compilation)","Replay The Spire","StSLib","The Construct","The Cursed","The Hierophant","The Jungle","The Necromancer","The Runesmith"],"gold_per_floor":[113,126,301,311,311,345,345,376,402,420,420,119,119,119,119,240,240,255,225,244,46,46,46,90,90,90,90,103,117,117,42,42,167,167,181,181,202,227,227,227,258,258,258,273,307,307,15,30,30,30,30,30,30,74,74,74],"floor_reached":55,"language":"ENG","playtime":3505,"items_purged":["Strike_G","Defend_G"],"score":1034,"play_id":"22140c05-1a13-4681-980e-8e09d9e9f6ad","local_time":"20210115003359","is_ascension_mode":true,"campfire_choices":[{"floor":7.0,"key":"REST"},{"floor":11.0,"key":"RECALL"},{"floor":13.0,"key":"REST"},{"data":"ReplayTheSpireMod:Scrap Shanks","floor":15.0,"key":"SMITH"},{"data":"A Thousand Cuts","floor":23.0,"key":"SMITH"},{"data":"Footwork","floor":27.0,"key":"SMITH"},{"data":"Accuracy","floor":30.0,"key":"SMITH"},{"data":"hubris:Sniper","floor":32.0,"key":"SMITH"},{"floor":40,"key":"REST"},{"floor":42,"key":"REST"},{"floor":46,"key":"REST"},{"floor":49,"key":"REST"},{"floor":52,"key":"REST"}],"circlet_count":0,"master_deck":["Strike_G","Strike_G","Strike_G","Defend_G+1","Defend_G+1","Defend_G+1","Survivor","Neutralize","Slice","Deflect","Doubt","Deflect","Footwork+1","Deflect","hubris:Sniper","ReplayTheSpireMod:Scrap Shanks+1","hubris:Sniper+1","A Thousand Cuts+1","Quick Slash","Deflect","Shame","Infinite Blades","Blade Dance","Accuracy+1","Die Die Die","Venomology","Cloak And Dagger","Backstab","Backflip+1","Endless Agony+1","ReplayTheSpireMod:Shiv Toss","Blade Dance","Tactician+1"],"relics":["Snecko Scales","Golden Idol","Orichalcum","hubris:ToyBattleship","War Paint","DollysMirror","construct:WeddingRing","Blood Vial","Vajra","Simple Rune","hubris:Towel","Runic Pyramid","Nunchaku","hubris:AncientText","hubris:TinFlute","hubris:SlimyHat","hubris:MysteriousPyramids"],"acts_visited":["Exordium","TheCity","TheBeyond","TheEnding"],"potions_floor_usage":[35,41,41,44,44,45,48,48,48,48,48,50,54,55],"damage_taken":[{"damage":0.0,"enemies":"Jaw Worm","floor":1.0,"turns":4.0},{"damage":0.0,"enemies":"Small Slimes","floor":2.0,"turns":3.0},{"damage":0.0,"enemies":"2 Louse","floor":4.0,"turns":2.0},{"damage":38.0,"enemies":"3 Sentries","floor":6.0,"turns":20.0},{"damage":5.0,"enemies":"Lagavulin","floor":8.0,"turns":8.0},{"damage":0.0,"enemies":"Exordium Thugs","floor":10.0,"turns":6.0},{"damage":0.0,"enemies":"The Guardian","floor":16.0,"turns":7.0},{"damage":0.0,"enemies":"Chosen","floor":18.0,"turns":4.0},{"damage":0.0,"enemies":"Spheric Guardian","floor":20.0,"turns":3.0},{"damage":9.0,"enemies":"Slavers","floor":24.0,"turns":6.0},{"damage":1.0,"enemies":"Centurion and Healer","floor":28.0,"turns":3.0},{"damage":0.0,"enemies":"Shelled Parasite and Fungi","floor":29.0,"turns":3.0},{"damage":3.0,"enemies":"Pondfish","floor":33.0,"turns":6.0},{"damage":0,"enemies":"3 Darklings","floor":35,"turns":3},{"damage":4,"enemies":"Orb Walker","floor":37,"turns":3},{"damage":30,"enemies":"4 Shapes","floor":38,"turns":5},{"damage":26,"enemies":"Reptomancer","floor":41,"turns":4},{"damage":22,"enemies":"Writhing Mass","floor":44,"turns":4},{"damage":0,"enemies":"R_Hoarder","floor":45,"turns":7},{"damage":12,"enemies":"Transient","floor":48,"turns":5},{"damage":35,"enemies":"Replay:Hell Engine","floor":50,"turns":3},{"damage":20,"enemies":"Shield and Spear","floor":54,"turns":4},{"damage":79,"enemies":"The Heart","floor":55,"turns":3}],"seed_played":"-8212555744596886938","potions_obtained":[{"floor":4.0,"key":"Guardian:BlockOnCardUsePotion"},{"floor":6.0,"key":"BlessingOfTheForge"},{"floor":8.0,"key":"ColorlessPotion"},{"floor":19.0,"key":"Block Potion"},{"floor":19.0,"key":"EntropicBrew"},{"floor":24.0,"key":"Elixir"},{"floor":33.0,"key":"AttackPotion"},{"floor":41,"key":"EntropicBrew"}],"is_trial":false,"path_per_floor":["M","M","?","M","?","E","R","E","T","M","R","$","R","?","R","B",null,"M","?","M","$","?","R","E","?","T","R","M","M","R","?","R","B",null,"M","?","M","M","?","R","E","R","T","M","E","R","$","M","R","B",null,"R","$","E","B"],"character_chosen":"THE_SILENT","items_purchased":["ReplayTheSpireMod:Scrap Shanks","DollysMirror","Deflect","Blood Vial","hubris:SlimyHat","ReplayTheSpireMod:Shiv Toss"],"campfire_rested":7,"item_purchase_floors":[12,12,21,21,47,47],"current_hp_per_floor":[63,63,63,63,63,25,44,39,39,39,39,39,58,51,51,51,62,62,62,62,62,62,62,63,63,63,63,64,65,65,65,65,62,64,65,65,61,33,33,52,28,47,47,27,29,48,48,38,57,24,55,65,65,45,0,0],"gold":74,"neow_bonus":"BOSS_RELIC","is_daily":false,"chose_seed":false,"campfire_upgraded":5,"win_rate":0.0,"timestamp":1610667239,"path_taken":["M","M","?","M","?","E","R","E","T","M","R","$","R","?","R","BOSS","M","?","?","$","?","R","E","?","T","R","M","M","R","?","R","BOSS","M","?","?","M","?","R","E","R","T","M","E","R","$","M","R","BOSS","R","$","E","BOSS"],"items_purchased_type":["Card","Relic","Card","Relic","Relic","Card"],"build_version":"2020-12-22","purchased_purges":2,"victory":false,"max_hp_per_floor":[70,70,70,70,65,65,65,65,65,65,65,65,65,65,65,65,65,65,65,65,65,65,65,65,65,65,65,65,65,65,65,65,65,65,65,65,65,65,65,65,65,65,65,65,65,65,65,65,65,65,65,65,65,65,65,65],"card_choices":[{"not_picked":["Cloak And Dagger","ReplayTheSpireMod:Shiv Toss"],"picked":"Slice","floor":1.0},{"not_picked":["Infinite Blades","PiercingWail"],"picked":"Deflect","floor":2.0},{"not_picked":["Acrobatics","Flying Knee"],"picked":"Deflect","floor":4.0},{"not_picked":["Predator","Dagger Spray"],"picked":"Footwork","floor":6.0},{"not_picked":["ReplayTheSpireMod:Shiv Toss","Choke"],"picked":"Deflect","floor":8.0},{"not_picked":["Reflex","hubris:SlightOfHand"],"picked":"hubris:Sniper","floor":10.0},{"not_picked":["Adrenaline","Glass Knife"],"picked":"A Thousand Cuts","floor":16.0},{"not_picked":["Crippling Poison","Dodge and Roll"],"picked":"Quick Slash","floor":18.0},{"not_picked":["Dodge and Roll","Catalyst","Poisoned Stab+1"],"picked":"SKIP","floor":20.0},{"not_picked":["Cloak And Dagger+1","PiercingWail"],"picked":"Infinite Blades","floor":24.0},{"not_picked":["Dodge and Roll","Quick Slash"],"picked":"Blade Dance","floor":28.0},{"not_picked":["Cloak And Dagger","Quick Slash"],"picked":"Accuracy","floor":29.0},{"not_picked":["Night Terror","Unload"],"picked":"Die Die Die","floor":33.0},{"not_picked":["Acrobatics+1","Predator+1","Prepared"],"picked":"SKIP","floor":35},{"not_picked":["Expertise","Hidden Blade"],"picked":"Venomology","floor":37},{"not_picked":["Dagger Throw","Sucker Punch"],"picked":"Cloak And Dagger","floor":38},{"not_picked":["Deflect+1","Dash"],"picked":"Backstab","floor":41},{"not_picked":["Skewer","ReplayTheSpireMod:Exploit Weakness+1"],"picked":"Backflip+1","floor":44},{"not_picked":["Quick Slash","Riddle With Holes+1"],"picked":"Endless Agony+1","floor":45},{"not_picked":["Quick Slash+1","Acrobatics"],"picked":"Blade Dance","floor":48},{"not_picked":["Quick Slash","Underhanded Strike"],"picked":"Tactician+1","floor":54}],"player_experience":293921,"relics_obtained":[{"floor":6.0,"key":"Orichalcum"},{"floor":8.0,"key":"hubris:ToyBattleship"},{"floor":9.0,"key":"War Paint"},{"floor":24.0,"key":"Simple Rune"},{"floor":41,"key":"Nunchaku"},{"floor":43,"key":"hubris:AncientText"},{"floor":45,"key":"hubris:TinFlute"},{"floor":54,"key":"hubris:MysteriousPyramids"}],"event_choices":[{"damage_healed":0.0,"max_hp_gain":0.0,"max_hp_loss":0.0,"gold_gain":175.0,"event_name":"Liars Game","player_choice":"AGREE","floor":3.0,"gold_loss":0.0,"damage_taken":0.0,"cards_obtained":["Doubt"]},{"damage_healed":0.0,"max_hp_gain":0.0,"max_hp_loss":5.0,"gold_gain":0.0,"event_name":"Golden Idol","player_choice":"Lose Max HP","floor":5.0,"gold_loss":0.0,"damage_taken":0.0,"relics_obtained":["Golden Idol"]},{"cards_removed":["Defend_G"],"damage_healed":0.0,"max_hp_gain":0.0,"max_hp_loss":0.0,"gold_gain":0.0,"event_name":"Golden Wing","player_choice":"Card Removal","floor":14.0,"gold_loss":0.0,"damage_taken":7.0},{"damage_healed":0.0,"max_hp_gain":0.0,"max_hp_loss":0.0,"gold_gain":0.0,"event_name":"The Woman in Blue","player_choice":"Bought 2 Potions","floor":19.0,"gold_loss":0.0,"damage_taken":0.0},{"damage_healed":0.0,"max_hp_gain":0.0,"max_hp_loss":0.0,"gold_gain":0.0,"event_name":"Addict","player_choice":"Stole Relic","floor":22.0,"gold_loss":0.0,"damage_taken":0.0,"relics_obtained":["Vajra"],"cards_obtained":["Shame"]},{"cards_removed":["Strike_G"],"damage_healed":0.0,"max_hp_gain":0.0,"max_hp_loss":0.0,"gold_gain":0.0,"event_name":"Beggar","player_choice":"Gave Gold","floor":31.0,"gold_loss":75.0,"damage_taken":0.0},{"damage_healed":0,"gold_gain":0,"player_choice":"Ignored","damage_taken":0,"max_hp_gain":0,"max_hp_loss":0,"event_name":"SecretPortal","floor":36,"gold_loss":0},{"damage_healed":0,"gold_gain":0,"player_choice":"Ignored","damage_taken":0,"max_hp_gain":0,"max_hp_loss":0,"event_name":"Tomb of Lord Red Mask","floor":39,"gold_loss":0}],"is_beta":false,"boss_relics":[{"not_picked":["Snecko Eye","SlaversCollar"],"picked":"construct:WeddingRing"},{"not_picked":["Replay:Grab Bag","ReplayTheSpireMod:DimensionalGlitch"],"picked":"Runic Pyramid"}],"items_purged_floors":[12,47],"is_endless":false,"potions_floor_spawned":[4,6,8,24,33,35,41,45],"killed_by":"The Heart","ascension_level":6}}