{"host":"xt3o4iokwksypl90","time":1610649214,"event":{"mods":["AchievementEnabler","BaseMod","Googly Eyes","Highlight Path","Minty Spire (QoL Compilation)","Permanent Neow"],"gold_per_floor":[114,114,127,145,24,55,55,55,81,108,108,122,138,154,154,250,250,269,269,283,299,299,51,51,80,129,129,148,148,166,181,181,276,276,295,312,312,324,234,267,279,301,313,351,363,392,420,532,544,556],"floor_reached":51,"language":"ENG","playtime":2927,"items_purged":["Strike_R","Strike_R"],"score":1134,"play_id":"d6c47790-c92e-4f83-b336-89e62660a06d","local_time":"20210114193334","is_ascension_mode":true,"campfire_choices":[{"data":"Armaments","floor":15.0,"key":"SMITH"},{"data":"Demon Form","floor":24.0,"key":"SMITH"},{"data":"Fiend Fire","floor":32.0,"key":"SMITH"},{"data":"1","floor":41,"key":"LIFT"},{"floor":49,"key":"REST"}],"circlet_count":0,"master_deck":["AscendersBane","Strike_R","Strike_R+1","Defend_R","Defend_R","Defend_R","Bash","Blood for Blood","Flame Barrier","Pommel Strike","Fiend Fire+1","Metallicize","Armaments+1","Immolate","Clothesline","Demon Form+1","Clothesline","Shrug It Off","True Grit+1","Heavy Blade+1","True Grit+1","Reaper","Heavy Blade+1","Shrug It Off+1"],"relics":["SlaversCollar","Tiny Chest","MealTicket","Centennial Puzzle","Anchor","Bag of Marbles","Snecko Eye","Pear","Orrery","Lantern","Strawberry","Sozu","Girya","MawBank","Bird Faced Urn","Happy Flower","The Courier"],"acts_visited":["Exordium","TheCity","TheBeyond"],"potions_floor_usage":[],"damage_taken":[{"damage":1.0,"enemies":"Cultist","floor":1.0,"turns":3.0},{"damage":11.0,"enemies":"Small Slimes","floor":3.0,"turns":3.0},{"damage":2.0,"enemies":"2 Louse","floor":4.0,"turns":4.0},{"damage":23.0,"enemies":"Gremlin Nob","floor":6.0,"turns":5.0},{"damage":0.0,"enemies":"Large Slime","floor":12.0,"turns":3.0},{"damage":6.0,"enemies":"Lots of Slimes","floor":13.0,"turns":4.0},{"damage":2.0,"enemies":"Gremlin Gang","floor":14.0,"turns":8.0},{"damage":18.0,"enemies":"Hexaghost","floor":16.0,"turns":6.0},{"damage":11.0,"enemies":"2 Thieves","floor":18.0,"turns":4.0},{"damage":2.0,"enemies":"Shell Parasite","floor":20.0,"turns":3.0},{"damage":11.0,"enemies":"Sentry and Sphere","floor":21.0,"turns":3.0},{"damage":2.0,"enemies":"Slavers","floor":25.0,"turns":3.0},{"damage":0.0,"enemies":"Chosen and Byrds","floor":28.0,"turns":3.0},{"damage":0.0,"enemies":"Centurion and Healer","floor":30.0,"turns":4.0},{"damage":0.0,"enemies":"Shelled Parasite and Fungi","floor":31.0,"turns":2.0},{"damage":59.0,"enemies":"Automaton","floor":33.0,"turns":10.0},{"damage":0,"enemies":"3 Shapes","floor":35,"turns":3},{"damage":0,"enemies":"Orb Walker","floor":36,"turns":2},{"damage":7,"enemies":"4 Shapes","floor":38,"turns":4},{"damage":47,"enemies":"Nemesis","floor":40,"turns":5},{"damage":0,"enemies":"Transient","floor":42,"turns":5},{"damage":27,"enemies":"Giant Head","floor":44,"turns":7},{"damage":11,"enemies":"Jaw Worm Horde","floor":46,"turns":3},{"damage":5,"enemies":"3 Darklings","floor":47,"turns":4},{"damage":76,"enemies":"Awakened One","floor":50,"turns":9}],"seed_played":"-6727772433737825588","potions_obtained":[{"floor":3.0,"key":"SpeedPotion"},{"floor":4.0,"key":"Strength Potion"},{"floor":6.0,"key":"PowerPotion"},{"floor":12.0,"key":"Energy Potion"},{"floor":13.0,"key":"Fruit Juice"},{"floor":20.0,"key":"PowerPotion"},{"floor":21.0,"key":"Dexterity Potion"},{"floor":28.0,"key":"FearPotion"},{"floor":31.0,"key":"Regen Potion"}],"is_trial":false,"path_per_floor":["M","?","M","M","$","E","$","?","T","T","?","M","M","M","R","B",null,"M","?","M","M","T","$","R","E","T","?","M","?","M","M","R","B",null,"M","M","T","M","?","E","R","M","T","E","T","M","M","?","R","B",null],"character_chosen":"IRONCLAD","items_purchased":["Pommel Strike","Orrery"],"campfire_rested":1,"item_purchase_floors":[5,23],"current_hp_per_floor":[71,71,60,58,58,35,50,43,43,43,36,36,35,33,33,15,68,57,85,83,72,82,95,95,93,100,100,100,79,79,79,79,35,89,107,107,107,104,104,57,57,57,57,34,34,27,34,34,66,18],"gold":568,"neow_bonus":"BOSS_RELIC","is_daily":false,"chose_seed":false,"campfire_upgraded":3,"win_rate":0.0,"timestamp":1610649214,"path_taken":["M","?","?","M","$","E","?","?","T","?","?","M","M","M","R","BOSS","M","?","M","?","?","$","R","E","T","?","?","?","M","M","R","BOSS","M","M","?","?","?","E","R","?","T","E","?","M","M","?","R","BOSS"],"items_purchased_type":["Card","Relic"],"build_version":"2020-12-22","purchased_purges":2,"victory":true,"max_hp_per_floor":[80,80,80,80,80,80,80,80,80,80,80,80,85,85,85,85,85,85,85,85,85,95,95,95,95,102,102,102,107,107,107,107,107,107,107,107,107,107,107,107,107,107,107,107,107,107,107,107,107,107],"card_choices":[{"not_picked":["Heavy Blade","Body Slam"],"picked":"Sever Soul","floor":1.0},{"not_picked":["Entrench","Havoc"],"picked":"Blood for Blood","floor":3.0},{"not_picked":["Whirlwind","Sever Soul"],"picked":"Flame Barrier","floor":4.0},{"not_picked":["Feel No Pain","Sword Boomerang"],"picked":"Fiend Fire","floor":6.0},{"not_picked":["Rage","Heavy Blade"],"picked":"Inflame","floor":12.0},{"not_picked":["Thunderclap","Second Wind"],"picked":"Metallicize","floor":13.0},{"not_picked":["Searing Blow","Pommel Strike"],"picked":"Armaments","floor":14.0},{"not_picked":["Barricade","Berserk"],"picked":"Immolate","floor":16.0},{"not_picked":["Rage","Thunderclap"],"picked":"Clothesline","floor":18.0},{"not_picked":["Thunderclap+1","Sword Boomerang","Headbutt"],"picked":"SKIP","floor":20.0},{"not_picked":["Anger","Twin Strike","Thunderclap"],"picked":"SKIP","floor":21.0},{"not_picked":["Second Wind","Cleave"],"picked":"Demon Form","floor":23.0},{"not_picked":["Havoc","Sever Soul"],"picked":"Clothesline","floor":23.0},{"not_picked":["Flex","Clothesline"],"picked":"Shrug It Off","floor":23.0},{"not_picked":["Hemokinesis","Cleave"],"picked":"True Grit+1","floor":23.0},{"not_picked":["Spot Weakness","Reckless Charge"],"picked":"Heavy Blade","floor":25.0},{"not_picked":["Flex","Rage","Warcry"],"picked":"SKIP","floor":28.0},{"not_picked":["Entrench","Cleave+1"],"picked":"True Grit+1","floor":30.0},{"not_picked":["Pommel Strike","Headbutt+1","Dropkick"],"picked":"SKIP","floor":31.0},{"not_picked":["Barricade","Fiend Fire"],"picked":"Reaper","floor":33.0},{"not_picked":["Blood for Blood+1","Wild Strike+1","Armaments+1"],"picked":"SKIP","floor":35},{"not_picked":["Sword Boomerang+1","Warcry+1"],"picked":"Heavy Blade+1","floor":36},{"not_picked":["Carnage","Pommel Strike","Iron Wave"],"picked":"SKIP","floor":38},{"not_picked":["Rupture+1","Thunderclap","Warcry+1"],"picked":"SKIP","floor":40},{"not_picked":["Clothesline","Wild Strike","Cleave"],"picked":"SKIP","floor":42},{"not_picked":["Entrench+1","Evolve+1","Rupture"],"picked":"SKIP","floor":44},{"not_picked":["Fiend Fire","Twin Strike"],"picked":"Shrug It Off+1","floor":46},{"not_picked":["Warcry+1","Cleave+1","Sever Soul"],"picked":"SKIP","floor":47}],"player_experience":322394,"relics_obtained":[{"floor":6.0,"key":"MealTicket"},{"floor":9.0,"key":"Anchor"},{"floor":10.0,"key":"Bag of Marbles"},{"floor":22.0,"key":"Pear"},{"floor":25.0,"key":"Lantern"},{"floor":26.0,"key":"Strawberry"},{"floor":37,"key":"Girya"},{"floor":40,"key":"MawBank"},{"floor":43,"key":"Bird Faced Urn"},{"floor":44,"key":"Happy Flower"},{"floor":45,"key":"The Courier"}],"event_choices":[{"cards_removed":["Sever Soul"],"damage_healed":0.0,"max_hp_gain":0.0,"max_hp_loss":0.0,"gold_gain":0.0,"event_name":"WeMeetAgain","player_choice":"Gave Card","floor":2.0,"gold_loss":0.0,"damage_taken":0.0,"relics_obtained":["Tiny Chest"]},{"damage_healed":0.0,"max_hp_gain":0.0,"max_hp_loss":0.0,"gold_gain":0.0,"event_name":"Scrap Ooze","player_choice":"Success","floor":8.0,"gold_loss":0.0,"damage_taken":7.0,"relics_obtained":["Centennial Puzzle"]},{"cards_removed":["Defend_R"],"damage_healed":0.0,"max_hp_gain":0.0,"max_hp_loss":0.0,"gold_gain":0.0,"event_name":"Golden Wing","player_choice":"Card Removal","floor":11.0,"gold_loss":0.0,"damage_taken":7.0},{"cards_removed":["Inflame"],"damage_healed":28.0,"max_hp_gain":0.0,"max_hp_loss":0.0,"gold_gain":0.0,"event_name":"Bonfire Elementals","player_choice":"Offered Uncommon","floor":19.0,"gold_loss":0.0,"damage_taken":0.0},{"damage_healed":0.0,"max_hp_gain":0.0,"max_hp_loss":0.0,"gold_gain":0.0,"event_name":"Upgrade Shrine","player_choice":"Upgraded","floor":27.0,"gold_loss":0.0,"damage_taken":0.0,"cards_upgraded":["Heavy Blade"]},{"damage_healed":0.0,"max_hp_gain":5.0,"max_hp_loss":0.0,"gold_gain":0.0,"event_name":"Forgotten Altar","player_choice":"Shed Blood","floor":29.0,"gold_loss":0.0,"damage_taken":26.0},{"cards_removed":["Strike_R"],"damage_healed":0,"gold_gain":0,"player_choice":"Upgrade and Remove","damage_taken":0,"max_hp_gain":0,"max_hp_loss":0,"event_name":"Designer","floor":39,"gold_loss":90,"cards_upgraded":["Strike_R"]},{"damage_healed":0,"gold_gain":100,"player_choice":"Pray","damage_taken":0,"max_hp_gain":0,"max_hp_loss":0,"event_name":"Golden Shrine","floor":48,"gold_loss":0}],"is_beta":false,"boss_relics":[{"not_picked":["Runic Dome","Ectoplasm"],"picked":"Snecko Eye"},{"not_picked":["Pandora\u0027s Box","Cursed Key"],"picked":"Sozu"}],"items_purged_floors":[5,23],"is_endless":false,"potions_floor_spawned":[3,4,6,12,13,20,21,28,31,38,40,44],"ascension_level":10}}