{"host":"lxihx0b6awoz2w1j","time":1610666288,"event":{"mods":["Aspiration","BaseMod","Better Third Choice","CapriCore","Colored Powertips","Downfall","Hermit","Hubris","Infinite Spire","JesterMod","Luminous","Marisa????????","Melee Mod","Minty Spire (QoL Compilation)","Prisma Mod","Quick Restart","Relic Stats","Replay The Spire","Shade Mod","Spicy Shops","StSLib","The Alterego","The Blue Laboratory","The Cursed","The Disciple","The Forsaken","The Immortal","The Jungle","The Marked","The Runesmith","The Senshi","The Servant 0.9.4","Waifu the Spire"],"gold_per_floor":[114,124,139,149,1,1,30,30,30,88,102,177,177,177,177,277,277,290,306,325,425,436,436,449,449,494,494,494,527,544,544,575,594,594,691,691,708,732,732,749,769,799,818,818,888,624,624,673,673,633,633,734,784,786,488,487,223,235,247,247,247,247,247,247,247],"floor_reached":64,"language":"ENG","playtime":3854,"items_purged":[],"score":848,"play_id":"5e1986cb-eaa0-461a-8b2d-f45aebd77565","local_time":"20210115001808","is_ascension_mode":false,"campfire_choices":[{"data":"theSenshi:MoonTiaraMagic","floor":6.0,"key":"SMITH"},{"floor":8.0,"key":"REST"},{"data":"theSenshi:CrisisMakeUp","floor":13.0,"key":"SMITH"},{"data":"theSenshi:RoseThrow","floor":15.0,"key":"SMITH"},{"data":"theSenshi:GlimpseOfThePast","floor":23.0,"key":"SMITH"},{"data":"theSenshi:Sidestep","floor":25.0,"key":"SMITH"},{"floor":31.0,"key":"REST"},{"floor":34.0,"key":"REST"},{"floor":44.0,"key":"REST"},{"data":"theSenshi:MoonPrismPowerMakeUp","floor":49.0,"key":"SMITH"},{"data":"Metamorphosis","floor":51.0,"key":"SMITH"},{"data":"theSenshi:FatedKiss","floor":60.0,"key":"SMITH"},{"data":"theSenshi:CrisisMakeUp","floor":63.0,"key":"SMITH"}],"circlet_count":0,"master_deck":["theSenshi:SailorKick","theSenshi:SailorKick+1","theSenshi:SailorKick","theSenshi:SailorKick+1","theSenshi:SailorBlock","theSenshi:SailorBlock","theSenshi:SailorBlock","theSenshi:SailorBlock","theSenshi:RoseThrow+1","theSenshi:MoonPrismPowerMakeUp+1","expansioncontent:YouAreMine","theSenshi:MoonPunch","theSenshi:MoonPrincessHalation+1","theSenshi:MoonKick","theSenshi:MoonTiaraMagic+1","theSenshi:SailorMarsAssists+1","theSenshi:CrisisMakeUp+1","theSenshi:JupitersPower","theSenshi:MoonPower+1","theSenshi:VenusGlamour+1","theSenshi:GlimpseOfThePast+1","theSenshi:Sidestep+1","theSenshi:TallSilhouette+1","theSenshi:PlutosSolemnity","theSenshi:TallSilhouette","theSenshi:Sidestep+1","theSenshi:MoonGorgeousMeditation","theSenshi:SailorMercuryAssists+1","theSenshi:MoonPower+1","infinitespire:Fortify","theSenshi:SaturnsMystery+1","theSenshi:GatheringStrength+1","theSenshi:MoonSpiralHeartAttack+1","theSenshi:MoonPower+1","theSenshi:RainbowMoonHeartAche+1","Metamorphosis+1","theSenshi:FatedKiss+1","theSenshi:SaturnsMystery+1","theSenshi:CrisisMakeUp+1","theSenshi:EncouragingSpeech+1","expansioncontent:DashGenerateEvil","theSenshi:MoonlightKnight","theSenshi:UranusStrength","theSenshi:MoonGorgeousMeditation"],"relics":["theSenshi:TransformationBroochRelic","Blood Vial","Boot","theForsaken:Lifeblossom","SacredBark","Replay:Wanted Poster","theSenshi:CutieMoonRodRelic","Gremlin Food","theForsaken:HumbleEgg","aspiration:SecretTechniqueScroll","Lee\u0027s Waffle","Centennial Puzzle","White Beast Statue","Blue Doll","Ginger","Tiny House","Whetstone","Replay:WaspNest","Question Card","hubris:BundleOfHerbs"],"acts_visited":["Exordium","TheCity","TheBeyond","Exordium"],"potions_floor_usage":[],"damage_taken":[{"damage":6.0,"enemies":"Jaw Worm","floor":1.0,"turns":4.0},{"damage":7.0,"enemies":"Small Slimes","floor":2.0,"turns":4.0},{"damage":5.0,"enemies":"2 Louse","floor":3.0,"turns":3.0},{"damage":4.0,"enemies":"Blue Slaver","floor":4.0,"turns":5.0},{"damage":14.0,"enemies":"Lagavulin","floor":7.0,"turns":6.0},{"damage":9.0,"enemies":"Red Slaver","floor":11.0,"turns":3.0},{"damage":35.0,"enemies":"The Guardian","floor":16.0,"turns":10.0},{"damage":0.0,"enemies":"3 Byrds","floor":18.0,"turns":4.0},{"damage":15.0,"enemies":"Chosen","floor":19.0,"turns":5.0},{"damage":9.0,"enemies":"Snake Plant","floor":20.0,"turns":4.0},{"damage":10.0,"enemies":"Sentry and Sphere","floor":22.0,"turns":3.0},{"damage":4.0,"enemies":"Cultist and Chosen","floor":24.0,"turns":4.0},{"damage":18.0,"enemies":"Nightmare","floor":29.0,"turns":7.0},{"damage":10.0,"enemies":"Centurion and Healer","floor":30.0,"turns":5.0},{"damage":42.0,"enemies":"Gremlin Leader","floor":32.0,"turns":6.0},{"damage":14.0,"enemies":"Shelled Parasite and Fungi","floor":33.0,"turns":6.0},{"damage":28.0,"enemies":"Automaton","floor":35.0,"turns":11.0},{"damage":9.0,"enemies":"3 Darklings","floor":37.0,"turns":5.0},{"damage":2.0,"enemies":"Orb Walker","floor":40.0,"turns":3.0},{"damage":9.0,"enemies":"Jaw Worm Horde","floor":41.0,"turns":3.0},{"damage":24.0,"enemies":"Reptomancer","floor":42.0,"turns":7.0},{"damage":33.0,"enemies":"3 Darklings","floor":43.0,"turns":7.0},{"damage":25.0,"enemies":"2 Orb Walkers","floor":48.0,"turns":5.0},{"damage":19.0,"enemies":"Donu and Deca","floor":52.0,"turns":9.0},{"damage":0.0,"enemies":"infinitespire:Voidling","floor":54.0,"turns":2.0},{"damage":4.0,"enemies":"Cultist","floor":56.0,"turns":4.0},{"damage":18.0,"enemies":"Jaw Worm","floor":58.0,"turns":2.0},{"damage":0.0,"enemies":"Gremlin Nob","floor":59.0,"turns":4.0},{"damage":0,"enemies":"2 Fungi Beasts","floor":64,"turns":1}],"seed_played":"1833196578025338599","potions_obtained":[{"floor":1.0,"key":"SpeedPotion"},{"floor":4.0,"key":"blueLaboratory:HorrorPotion"},{"floor":19.0,"key":"Fire Potion"},{"floor":24.0,"key":"Fire Potion"},{"floor":29.0,"key":"blueLaboratory:FruitPunch"},{"floor":30.0,"key":"ColorlessPotion"},{"floor":33.0,"key":"BlessingOfTheForge"},{"floor":35.0,"key":"champ:CounterPotion"},{"floor":38.0,"key":"Block Potion"},{"floor":38.0,"key":"Dexterity Potion"},{"floor":40.0,"key":"blueLaboratory:PhilterOfMotion"},{"floor":48.0,"key":"LifebloodPotion"},{"floor":50.0,"key":"blueLaboratory:ImpenetrablePotion"},{"floor":52.0,"key":"LiquidMemories"},{"floor":53.0,"key":"blueLaboratory:ImpenetrablePotion"},{"floor":54.0,"key":"FearPotion"},{"floor":59.0,"key":"blueLaboratory:BottledHope"}],"is_trial":false,"path_per_floor":["M","M","M","M","$","R","E","R","T","?","M","?","R","?","R","B",null,"M","M","M","AVR","M","R","M","R","T","PTL","PTL","NM","M","R","E","M","R","B",null,"M","?","AVR","M","M","E","M","R","T","$","?","?","R","?","R","B",null,"M","$","M","$","M","E","R","T","T","R","M"],"character_chosen":"THE_SENSHI","items_purchased":["Blood Vial","Blue Doll","theSenshi:RainbowMoonHeartAche","theSenshi:CrisisMakeUp","Whetstone","EntropicBrew","expansioncontent:DashGenerateEvil","theSenshi:MoonlightKnight"],"campfire_rested":4,"item_purchase_floors":[5,46,46,55,55,55,57,57],"current_hp_per_floor":[69,62,57,53,53,53,41,63,63,63,61,50,50,50,50,23,75,75,63,62,62,59,59,63,63,63,63,63,53,51,73,38,32,55,35,79,71,52,86,85,79,63,59,84,84,84,84,63,63,63,63,67,91,91,91,87,87,73,91,91,91,91,91,91,91],"gold":247,"neow_bonus":"RANDOM_COLORLESS","is_daily":false,"chose_seed":false,"campfire_upgraded":9,"win_rate":0.0,"timestamp":1610666288,"path_taken":["M","M","M","M","$","R","E","R","T","?","M","?","R","?","R","BOSS","M","M","M","AVR","M","R","M","R","T","PTL","PTL","NM","M","R","E","M","R","BOSS","M","?","AVR","M","?","E","M","R","T","$","?","?","R","?","R","BOSS","M","$","M","?","?","E","R","?","T","R","M"],"items_purchased_type":["Relic","Relic","Card","Card","Relic","Potion","Card","Card"],"build_version":"2020-12-22","purchased_purges":0,"victory":false,"max_hp_per_floor":[75,75,75,75,75,75,75,75,75,75,75,75,75,75,75,75,75,75,75,75,75,75,75,75,75,75,75,75,75,75,75,79,79,79,79,79,79,79,86,86,86,86,86,86,86,86,86,86,86,86,86,86,91,91,91,91,91,91,91,91,91,91,91,91,91],"relic_stats":{"Blood Vial":35,"Lee\u0027s Waffle":34,"Centennial Puzzle":[15],"counters":[29,142],"Ginger":[0],"Whetstone":["theSenshi:MoonSpiralHeartAttack","theSenshi:RainbowMoonHeartAche"],"Boot":[37],"Question Card":0,"obtain_stats":[{"theSenshi:CutieMoonRodRelic":26,"Gremlin Food":29,"Lee\u0027s Waffle":39,"Tiny House":53,"SacredBark":17,"theForsaken:Lifeblossom":9,"Blue Doll":46,"Replay:WaspNest":59,"aspiration:SecretTechniqueScroll":36,"Ginger":48,"Whetstone":55,"Boot":7,"Question Card":61,"White Beast Statue":45,"Blood Vial":5,"Replay:Wanted Poster":21,"theForsaken:HumbleEgg":32,"Centennial Puzzle":42,"theSenshi:TransformationBroochRelic":0,"hubris:BundleOfHerbs":62},{"theSenshi:CutieMoonRodRelic":12,"Gremlin Food":13,"Lee\u0027s Waffle":18,"Tiny House":24,"SacredBark":7,"theForsaken:Lifeblossom":5,"Blue Doll":22,"Replay:WaspNest":28,"aspiration:SecretTechniqueScroll":17,"Ginger":23,"Whetstone":25,"Boot":5,"Question Card":28,"White Beast Statue":22,"Blood Vial":4,"Replay:Wanted Poster":10,"theForsaken:HumbleEgg":15,"Centennial Puzzle":21,"theSenshi:TransformationBroochRelic":0,"hubris:BundleOfHerbs":28},{"theSenshi:CutieMoonRodRelic":55,"Gremlin Food":62,"Lee\u0027s Waffle":95,"Tiny House":129,"SacredBark":35,"theForsaken:Lifeblossom":22,"Blue Doll":115,"Replay:WaspNest":141,"aspiration:SecretTechniqueScroll":90,"Ginger":120,"Whetstone":131,"Boot":22,"Question Card":141,"White Beast Statue":115,"Blood Vial":16,"Replay:Wanted Poster":48,"theForsaken:HumbleEgg":73,"Centennial Puzzle":108,"theSenshi:TransformationBroochRelic":0,"hubris:BundleOfHerbs":141}]},"card_choices":[{"not_picked":["expansioncontent:Sear","Deep Breath"],"picked":"expansioncontent:YouAreMine","floor":0.0},{"not_picked":["theSenshi:LunasBite","theSenshi:SailorUranusAssists"],"picked":"theSenshi:MoonPunch","floor":1.0},{"not_picked":["theSenshi:LateForSchool","theSenshi:MoonPower"],"picked":"theSenshi:MoonPrincessHalation","floor":2.0},{"not_picked":["theSenshi:SupersonicWaves","theSenshi:EncouragingSpeech"],"picked":"theSenshi:MoonKick","floor":3.0},{"not_picked":["theSenshi:HesSoDreamy","theSenshi:MoonKick"],"picked":"theSenshi:MoonTiaraMagic","floor":4.0},{"not_picked":["theSenshi:CrisisMakeUp","theSenshi:LunasBite"],"picked":"theSenshi:SailorMarsAssists","floor":7.0},{"not_picked":["theSenshi:SchoolBag","theSenshi:SupersonicWaves"],"picked":"theSenshi:CrisisMakeUp","floor":11.0},{"not_picked":["theSenshi:FatedKiss","theSenshi:SailorCosmosAssists"],"picked":"theSenshi:JupitersPower","floor":16.0},{"not_picked":["theSenshi:SailorPlanetPower","theSenshi:SchoolBag"],"picked":"theSenshi:MoonPower+1","floor":18.0},{"not_picked":["theSenshi:MoonPunch","theSenshi:MoonPrincessHalation+1"],"picked":"theSenshi:VenusGlamour+1","floor":19.0},{"not_picked":["theSenshi:SchoolBag","theSenshi:EncouragingSpeech"],"picked":"theSenshi:GlimpseOfThePast","floor":20.0},{"not_picked":["theSenshi:SupersonicWaves+1","theSenshi:SailorMarsAssists"],"picked":"theSenshi:Sidestep","floor":22.0},{"not_picked":["theSenshi:SailorChibiMoonAssists+1","theSenshi:RainbowMoonHeartAche"],"picked":"theSenshi:TallSilhouette+1","floor":24.0},{"not_picked":["theSenshi:SailorPlanetPower","theSenshi:MoonKick+1"],"picked":"theSenshi:PlutosSolemnity","floor":29.0},{"not_picked":["theSenshi:MoonKick","theSenshi:MoonPower"],"picked":"theSenshi:TallSilhouette","floor":30.0},{"not_picked":["theSenshi:YouCanTalk","theSenshi:LateForSchool+1"],"picked":"theSenshi:Sidestep+1","floor":32.0},{"not_picked":["theSenshi:KlutzyLuck","theSenshi:VenusGlamour","theSenshi:Overload"],"picked":"SKIP","floor":33.0},{"not_picked":["theSenshi:IWillPunishYou","theSenshi:SilverMoonCrystalPowerKiss"],"picked":"theSenshi:MoonGorgeousMeditation","floor":35.0},{"not_picked":["theSenshi:Sidestep+1","theSenshi:SailorVenusAssists+1"],"picked":"theSenshi:SailorMercuryAssists+1","floor":37.0},{"not_picked":["theSenshi:SailorVenusAssists+1","theSenshi:SailorUranusAssists"],"picked":"theSenshi:MoonPower+1","floor":38.0},{"not_picked":["theSenshi:Overload","theSenshi:MercurysCunning"],"picked":"theSenshi:SaturnsMystery+1","floor":40.0},{"not_picked":["theSenshi:LunaSensingAllies","theSenshi:Overload"],"picked":"theSenshi:GatheringStrength+1","floor":41.0},{"not_picked":["theSenshi:MoonTiaraMagic+1","theSenshi:InTheNickOfTime+1"],"picked":"theSenshi:MoonSpiralHeartAttack","floor":42.0},{"not_picked":["theSenshi:LateForSchool+1","theSenshi:SailorMarsAssists+1"],"picked":"theSenshi:MoonPower+1","floor":43.0},{"not_picked":["Impatience","expansioncontent:GuardianWhirl"],"picked":"Metamorphosis","floor":47.0},{"not_picked":["theSenshi:SailorPlutoAssists","theSenshi:LunaSensingAllies"],"picked":"theSenshi:FatedKiss","floor":52.0},{"not_picked":["theSenshi:MoonPower+1","theSenshi:MoonPunch+1"],"picked":"theSenshi:SaturnsMystery+1","floor":53.0},{"not_picked":["theSenshi:LunasBite+1","theSenshi:MoonKick+1","theSenshi:MoonPrincessHalation+1"],"picked":"SKIP","floor":54.0},{"not_picked":["theSenshi:SailorMercuryAssists+1","theSenshi:MoonPunch+1"],"picked":"theSenshi:EncouragingSpeech+1","floor":56.0},{"not_picked":["theSenshi:MoonPunch+1","theSenshi:MoonPower+1"],"picked":"theSenshi:UranusStrength","floor":58.0},{"not_picked":["theSenshi:EncouragingSpeech+1","theSenshi:TallSilhouette+1"],"picked":"theSenshi:MoonGorgeousMeditation","floor":59.0}],"player_experience":605232,"relics_obtained":[{"floor":7.0,"key":"Boot"},{"floor":9.0,"key":"theForsaken:Lifeblossom"},{"floor":26.0,"key":"theSenshi:CutieMoonRodRelic"},{"floor":29.0,"key":"Gremlin Food"},{"floor":32.0,"key":"theForsaken:HumbleEgg"},{"floor":42.0,"key":"Centennial Puzzle"},{"floor":45.0,"key":"White Beast Statue"},{"floor":48.0,"key":"Ginger"},{"floor":59.0,"key":"Replay:WaspNest"},{"floor":61.0,"key":"Question Card"},{"floor":62.0,"key":"hubris:BundleOfHerbs"}],"event_choices":[{"damage_healed":0.0,"max_hp_gain":0.0,"max_hp_loss":0.0,"gold_gain":58.0,"event_name":"Golden Wing","player_choice":"Gained Gold","floor":10.0,"gold_loss":0.0,"damage_taken":0.0},{"damage_healed":0.0,"max_hp_gain":0.0,"max_hp_loss":0.0,"gold_gain":75.0,"event_name":"betterThird:BetterGoop","player_choice":"Gold","floor":12.0,"gold_loss":0.0,"damage_taken":11.0},{"damage_healed":0.0,"max_hp_gain":0.0,"max_hp_loss":0.0,"gold_gain":0.0,"event_name":"SensoryStone","player_choice":"Memory 1","floor":47.0,"gold_loss":0.0,"damage_taken":0.0},{"damage_healed":0.0,"max_hp_gain":0.0,"max_hp_loss":0.0,"gold_gain":0.0,"event_name":"Mysterious Sphere","player_choice":"Fight","floor":48.0,"gold_loss":0.0,"damage_taken":0.0},{"damage_healed":0.0,"max_hp_gain":0.0,"max_hp_loss":0.0,"gold_gain":0.0,"event_name":"The Woman in Blue","player_choice":"Bought 3 Potions","floor":50.0,"gold_loss":0.0,"damage_taken":0.0}],"is_beta":false,"boss_relics":[{"not_picked":["ReplayTheSpireMod:DimensionalGlitch","hubris:GrandSneckoEye"],"picked":"SacredBark"},{"not_picked":["Pandora\u0027s Box","hubris:BlackHole"],"picked":"aspiration:SecretTechniqueScroll"},{"not_picked":["Abe\u0027s Treasure","aspiration:FutureDiary"],"picked":"Tiny House"}],"items_purged_floors":[],"is_endless":true,"potions_floor_spawned":[1,4,19,24,29,30,33,35,40,48,52,54,56,58,59],"killed_by":"2 Fungi Beasts","ascension_level":0}}