{"host":"3pvh99l9qedhoxgj","time":1610602663,"event":{"mods":["BaseMod","Colored Powertips","Conspire","Downfall","Highlight Path","Infinite Spire","Minty Spire (QoL Compilation)","Replay The Spire","StSLib","The Bug Knight","[功能]商店购物价格优惠80%"],"gold_per_floor":[99,109,122,122,138,172,172,172,1,19,36,36,36,46,56,156,156,156,156,168,186,202,202,202,202],"floor_reached":24,"language":"ZHS","playtime":1200,"items_purged":["Defend_G","Defend_G","Defend_G","Strike_G","Strike_G","Strike_G"],"score":288,"play_id":"f0d24b4c-11d9-46fc-8b8f-9e0b79e43803","local_time":"20210114133743","is_ascension_mode":true,"campfire_choices":[{"floor":1,"key":"RECALL"},{"floor":13,"key":"REST"}],"circlet_count":0,"master_deck":["Strike_G+1","Strike_G","Defend_G","Defend_G+1","Survivor","Neutralize","Escape Plan","Outmaneuver","Prepared","Panache","Infinite Blades","Reflex","Infinite Blades","Prepared","Adrenaline","conspire:DoublingDagger+1","Dagger Spray+1"],"relics":["Ring of the Snake","Replay:Bottled Steam","conspire:TreasureMap","Counterbalance","FaceOfCleric","Black Star"],"acts_visited":["Exordium","TheCity"],"potions_floor_usage":[6,6,6,9,9,9,16,16,16,20,22,24],"damage_taken":[{"damage":6,"enemies":"2 Louse","floor":2,"turns":2},{"damage":1,"enemies":"Small Slimes","floor":3,"turns":4},{"damage":0,"enemies":"Cultist","floor":5,"turns":4},{"damage":23,"enemies":"Replay:BlueRogue","floor":6,"turns":8},{"damage":12,"enemies":"downfall:FleeingMerchant","floor":9,"turns":4},{"damage":0,"enemies":"3 Louse","floor":10,"turns":2},{"damage":15,"enemies":"Gremlin Gang","floor":11,"turns":2},{"damage":7,"enemies":"Large Slime","floor":14,"turns":4},{"damage":0,"enemies":"Exordium Wildlife","floor":15,"turns":3},{"damage":12,"enemies":"Slime Boss","floor":16,"turns":7},{"damage":11,"enemies":"Spheric Guardian","floor":20,"turns":4},{"damage":9,"enemies":"Shell Parasite","floor":21,"turns":3},{"damage":28,"enemies":"Snake Plant","floor":22,"turns":5},{"damage":43,"enemies":"Slavers","floor":24,"turns":2}],"seed_played":"8905191993160623109","potions_obtained":[{"floor":2,"key":"Explosive Potion"},{"floor":3,"key":"EssenceOfSteel"},{"floor":5,"key":"Weak Potion"},{"floor":6,"key":"DistilledChaos"},{"floor":8,"key":"hexamod:EctoCoolerPotion"},{"floor":8,"key":"Death Potion"},{"floor":10,"key":"Weak Potion"},{"floor":11,"key":"Weak Potion"},{"floor":14,"key":"Death Potion"},{"floor":15,"key":"hexamod:EctoCoolerPotion"},{"floor":16,"key":"Poison Potion"},{"floor":21,"key":"Languid Potion"},{"floor":21,"key":"Strength Potion"},{"floor":22,"key":"SneckoOil"}],"is_trial":false,"path_per_floor":["R","M","M","?","M","E","T","?","$","M","M","?","R","M","M","B",null,"PTL","PTL","M","M","M","?","E"],"character_chosen":"THE_SILENT","items_purchased":["conspire:TreasureMap","Panache","Counterbalance"],"campfire_rested":1,"item_purchase_floors":[9,9,9],"current_hp_per_floor":[77,71,70,55,55,32,32,32,20,20,5,5,28,22,23,12,80,80,80,70,62,35,35,0,0],"gold":202,"neow_bonus":"TEN_PERCENT_HP_BONUS","is_daily":false,"chose_seed":false,"campfire_upgraded":0,"win_rate":0.0,"timestamp":1610602663,"path_taken":["R","M","M","?","M","E","T","?","$","M","?","?","R","?","M","BOSS","PTL","PTL","M","M","M","?","E"],"items_purchased_type":["Relic","Card","Relic"],"build_version":"2020-12-22","purchased_purges":6,"victory":false,"max_hp_per_floor":[77,77,77,77,77,77,77,77,77,77,77,77,77,78,79,80,80,80,80,81,82,83,83,83,83],"card_choices":[{"not_picked":["Choke","Sucker Punch","Fluid Movement"],"picked":"SKIP","floor":2},{"not_picked":["Blade Dance","Reflex"],"picked":"Escape Plan","floor":3},{"not_picked":["Dodge and Roll","Quick Slash"],"picked":"Outmaneuver","floor":5},{"not_picked":["Hidden Blade","Cloak And Dagger"],"picked":"Prepared","floor":6},{"not_picked":["ReplayTheSpireMod:Scrap Shanks","ReplayTheSpireMod:Exploit Weakness","Cloak And Dagger"],"picked":"SKIP","floor":9},{"not_picked":["PiercingWail","Replay:Poison Smokescreen"],"picked":"Infinite Blades","floor":10},{"not_picked":["Slice","Sucker Punch"],"picked":"Reflex","floor":11},{"not_picked":["Cloak And Dagger","ReplayTheSpireMod:Tripwire"],"picked":"Infinite Blades","floor":14},{"not_picked":["Flying Knee","Hidden Blade"],"picked":"Prepared","floor":15},{"not_picked":["ReplayTheSpireMod:From All Sides","Phantasmal Killer"],"picked":"Adrenaline","floor":16},{"not_picked":["Flying Knee+1","Dodge and Roll"],"picked":"conspire:DoublingDagger+1","floor":20},{"not_picked":["Dodge and Roll","Slice","ReplayTheSpireMod:Exploit Weakness"],"picked":"SKIP","floor":21},{"not_picked":["Underhanded Strike","PiercingWail+1"],"picked":"Dagger Spray+1","floor":22}],"player_experience":92030,"relics_obtained":[{"floor":6,"key":"Replay:Bottled Steam"}],"event_choices":[{"damage_healed":0,"gold_gain":0,"player_choice":"Entered Light","damage_taken":15,"max_hp_gain":0,"max_hp_loss":0,"event_name":"Shining Light","floor":4,"gold_loss":0,"cards_upgraded":["Strike_G","Defend_G"]},{"damage_healed":0,"gold_gain":0,"player_choice":"Got Potions","damage_taken":0,"max_hp_gain":0,"max_hp_loss":0,"event_name":"Lab","floor":8,"gold_loss":0},{"damage_healed":0,"gold_gain":0,"player_choice":"Trade","damage_taken":0,"relics_obtained":["FaceOfCleric"],"max_hp_gain":0,"max_hp_loss":0,"event_name":"FaceTrader","floor":12,"gold_loss":0}],"is_beta":false,"boss_relics":[{"not_picked":["Pandora\u0027s Box","Snecko Eye"],"picked":"Black Star"}],"items_purged_floors":[9,9,9,9,9,9],"is_endless":false,"potions_floor_spawned":[2,3,5,6,10,11,14,15,16,21,21,22],"killed_by":"Slavers","ascension_level":3}}