{"host":"ecaj4hn004xnnrw9","time":1610631614,"event":{"mods":["AchievementEnabler","BaseMod","Better Third Choice","Hermit","Hubris","Infinite Spire","Jorbs\u0027s Wanderer Trilogy","Minty Spire (QoL Compilation)","Quick Restart","Shop Mod","StSLib","The Construct","The Jungle","The Runesmith"],"gold_per_floor":[115,129,129,0,19,19,54,67,92,108,127,127,139,173,173,275,275,289,139,139,139,139,139,151,178,178,178,178,278,296,321,321,425,425,443,443,493,493,593,625,625,655,655,670,670,31,31,63,63,158,158,168,168,183,10,10,10,33,33,56,77,77,80,93,93,93,169,169,179,179,179,183,183,183,198,198,198,198,217,217,218,307,307,377,377,381,28,28,28,28,53,0,0,0,19,19,52,51,52,52,129,129,135,204,281,283,285,315,315,346,346,346,372,130,130,154,154,248,248,257,257,270,273,275,306,305,323,374,394,409,409,409,404,404,491,491,490,490],"floor_reached":137,"language":"ENG","playtime":23224,"items_purged":["Strike_R","Strike_R+1","Strike_R+1","Defend_R+1","Disarm+1"],"score":5821,"play_id":"39c22404-a1a3-4344-823a-abef8940d881","local_time":"20210114134014","is_ascension_mode":true,"campfire_choices":[{"data":"Demon Form","floor":6.0,"key":"SMITH"},{"floor":15,"key":"REST"},{"data":"hubris:StunningStrike","floor":23,"key":"SMITH"},{"floor":28,"key":"REST"},{"data":"Feed","floor":32,"key":"SMITH"},{"data":"Apotheosis","floor":41,"key":"SMITH"},{"data":"Exhume","floor":47,"key":"SMITH"},{"data":"Disarm","floor":49,"key":"SMITH"},{"data":"hubris:StunningStrike","floor":57,"key":"SMITH"},{"data":"Disarm","floor":59,"key":"SMITH"},{"data":"hubris:DuctTapeCard","floor":66,"key":"SMITH"},{"data":"construct:ClockworkEgg","floor":74,"key":"SMITH"},{"data":"construct:ClockworkEgg+1","floor":76,"key":"SMITH"},{"data":"construct:ClockworkEgg+2","floor":78,"key":"SMITH"},{"data":"construct:HammerDown+1","floor":83,"key":"SMITH"},{"data":"Enlightenment","floor":93,"key":"SMITH"},{"data":"infinitespire:UltimateForm","floor":96,"key":"SMITH"},{"data":"Metallicize","floor":100,"key":"SMITH"},{"data":"Bash","floor":109,"key":"SMITH"},{"data":"Shrug It Off","floor":112,"key":"SMITH"},{"data":"hubris:InfiniteBlow+43","floor":115,"key":"SMITH"},{"data":"hubris:InfiniteBlow+44","floor":117,"key":"SMITH"},{"floor":131,"key":"RECALL"},{"data":"hubris:InfiniteBlow+47","floor":134,"key":"SMITH"}],"circlet_count":0,"master_deck":["AscendersBane","Bash+1","Demon Form+1","Shrug It Off+1","Pommel Strike+1","Enlightenment+1","hubris:StunningStrike+1","hubris:DuctTapeCard+2","Feed+1","Metallicize+1","Shrug It Off+1","Offering+1","Reaper+1","Apotheosis+1","infinitespire:UltimateForm+1","Shrug It Off+1","Exhume+1","hubris:StunningStrike+1","Shrug It Off+1","Disarm+1","construct:HammerDown+2","hubris:InfiniteBlow+48","Offering+1"],"relics":["Burning Blood","hubris:Icosahedron","Runesmith:AutoHammer","Bag of Preparation","hubris:DuctTape","Empty Cage","hubris:Towel","Magic Flower","Kunai","Brimstone","Sozu","hubris:Potato","hubris:Reverence","PreservedInsect","SlaversCollar","CaptainsWheel","infinitespire:Golems Mask","Bottled Lightning","FossilizedHelix","hubris:DisguiseKit","StrikeDummy","Omamori","Orrery","Vajra","Runesmith:Nanobots","hubris:SlimyHat","Strawberry","Cauldron","Black Star","Necronomicon","Whetstone","Juzu Bracelet","infinitespire:PuzzleCube","The Courier","Molten Egg 2","Toxic Egg 2","Frozen Egg 2","construct:ClockworkPhoenix","hubris:IronBody","Pen Nib","Paper Frog","hubris:MedicalManual","hubris:BottledRain","hubris:HollowSoul","infinitespire:Beetle Shell","Gambling Chip","Centennial Puzzle","War Paint","hubris:MysteriousPyramids","Red Mask","infinitespire:Midas Blood","Lantern","construct:BoolHorns","construct:WeddingRing","Matryoshka","Ancient Tea Set","Champion Belt","Blood Vial","hubris:ToyBattleship","Smiling Mask","MealTicket","Dead Branch","hubris:PeanutButter","infinitespire:FocusingShard","Oddly Smooth Stone","Philosopher\u0027s Stone","Bag of Marbles","construct:RocketBooster","Tiny Chest","Question Card","infinitespire:WardingShard","hubris:FunFungus","hubris:TenFootPole","CeramicFish","Turnip","Boot"],"acts_visited":["Exordium","TheCity","TheBeyond","Exordium","TheCity","TheBeyond","Exordium","Exordium","TheBeyond"],"potions_floor_usage":[14,16,25,25],"damage_taken":[{"damage":9.0,"enemies":"2 Louse","floor":1.0,"turns":4.0},{"damage":9.0,"enemies":"Small Slimes","floor":2.0,"turns":6.0},{"damage":11.0,"enemies":"Cultist","floor":5.0,"turns":4.0},{"damage":33,"enemies":"3 Sentries","floor":7,"turns":6},{"damage":13,"enemies":"Large Slime","floor":8,"turns":7},{"damage":0,"enemies":"2 Fungi Beasts","floor":10,"turns":4},{"damage":9,"enemies":"3 Louse","floor":11,"turns":3},{"damage":8,"enemies":"Blue Slaver","floor":13,"turns":3},{"damage":31,"enemies":"Lagavulin","floor":14,"turns":6},{"damage":8,"enemies":"Slime Boss","floor":16,"turns":6},{"damage":35,"enemies":"Shell Parasite","floor":18,"turns":7},{"damage":7,"enemies":"Spheric Guardian","floor":24,"turns":5},{"damage":33,"enemies":"Book of Stabbing","floor":25,"turns":8},{"damage":0,"enemies":"Colosseum Slavers","floor":29,"turns":4},{"damage":8,"enemies":"Colosseum Nobs","floor":29,"turns":6},{"damage":9,"enemies":"Snake Plant","floor":30,"turns":3},{"damage":6,"enemies":"Slavers","floor":31,"turns":8},{"damage":45,"enemies":"Champ","floor":33,"turns":8},{"damage":0,"enemies":"3 Shapes","floor":35,"turns":6},{"damage":0,"enemies":"Mind Bloom Boss Battle","floor":37,"turns":5},{"damage":22,"enemies":"infinitespire:Three Voidlings","floor":39,"turns":4},{"damage":104,"enemies":"Nightmare_Alpha","floor":39,"turns":8},{"damage":0,"enemies":"Nightmare","floor":40,"turns":6},{"damage":0,"enemies":"Reptomancer","floor":42,"turns":3},{"damage":0,"enemies":"Orb Walker","floor":44,"turns":4},{"damage":0,"enemies":"Giant Head","floor":48,"turns":6},{"damage":1,"enemies":"Awakened One","floor":50,"turns":8},{"damage":0,"enemies":"Jaw Worm","floor":52,"turns":2},{"damage":0,"enemies":"Cultist","floor":54,"turns":2},{"damage":0,"enemies":"Lagavulin","floor":58,"turns":3},{"damage":0,"enemies":"3 Sentries","floor":61,"turns":2},{"damage":0,"enemies":"2 Louse","floor":63,"turns":2},{"damage":0,"enemies":"Blue Slaver","floor":64,"turns":2},{"damage":0,"enemies":"The Guardian","floor":67,"turns":4},{"damage":0,"enemies":"Spheric Guardian","floor":69,"turns":1},{"damage":0,"enemies":"Shell Parasite","floor":72,"turns":2},{"damage":1,"enemies":"Slavers","floor":75,"turns":3},{"damage":0,"enemies":"Book of Stabbing","floor":79,"turns":2},{"damage":0,"enemies":"Shelled Parasite and Fungi","floor":81,"turns":2},{"damage":0,"enemies":"Colosseum Slavers","floor":82,"turns":1},{"damage":0,"enemies":"Colosseum Nobs","floor":82,"turns":1},{"damage":0,"enemies":"Champ","floor":84,"turns":5},{"damage":0,"enemies":"3 Shapes","floor":86,"turns":3},{"damage":0,"enemies":"Nemesis","floor":91,"turns":1},{"damage":0,"enemies":"Orb Walker","floor":95,"turns":2},{"damage":0,"enemies":"Nightmare","floor":97,"turns":1},{"damage":0,"enemies":"Maw","floor":98,"turns":3},{"damage":0,"enemies":"3 Darklings","floor":99,"turns":3},{"damage":0,"enemies":"hubris:GrandSnecko","floor":101,"turns":2},{"damage":0,"enemies":"Jaw Worm","floor":103,"turns":1},{"damage":0,"enemies":"Lagavulin","floor":108,"turns":1},{"damage":0,"enemies":"Gremlin Nob","floor":110,"turns":1},{"damage":0,"enemies":"Nightmare","floor":113,"turns":1},{"damage":0,"enemies":"Gremlin Nob","floor":116,"turns":1},{"damage":0,"enemies":"Slime Boss","floor":118,"turns":1},{"damage":0,"enemies":"theJungle:GiantWrat","floor":120,"turns":1},{"damage":0,"enemies":"theJungle:Flameango_and_Byrd","floor":122,"turns":1},{"damage":0,"enemies":"Snake Plant","floor":123,"turns":1},{"damage":0,"enemies":"theJungle:Cassacara","floor":125,"turns":1},{"damage":0,"enemies":"JungleHuntersEvent","floor":126,"turns":1},{"damage":0,"enemies":"theJungle:2_Phrogs","floor":127,"turns":1},{"damage":0,"enemies":"Nightmare","floor":129,"turns":2},{"damage":0,"enemies":"theJungle:SlimyTreeVines","floor":130,"turns":1},{"damage":0,"enemies":"theJungle:2_Flameangoes","floor":133,"turns":2},{"damage":0,"enemies":"theJungle:FunGuy","floor":135,"turns":1}],"seed_played":"2924030813734860497","potions_obtained":[{"floor":7,"key":"SteroidPotion"},{"floor":8,"key":"EssenceOfSteel"},{"floor":14,"key":"Strength Potion"},{"floor":16,"key":"HeartOfIron"}],"is_trial":false,"path_per_floor":["M","M","?","?","M","R","E","M","T","M","M","?","M","E","R","B",null,"M","$","?","?","?","R","M","E","T","AVR","R","?","M","E","R","B",null,"M","?","?","?","?","NM","R","E","T","M","?","$","R","E","R","B",null,"M","?","M","$","?","R","E","R","T","E","?","M","M","AVR","R","B",null,"M","?","$","M","T","R","E","R","T","R","E","T","M","?","R","B",null,"M","$","?","?","AVR","E","?","R","T","M","R","NM","M","M","R","B",null,"M","?","?","?","?","E","R","E","T","R","NM","$","R","E","R","B",null,"M","AVR","M","M","?","E","?","E","T","NM","M","R","?","M","R","B",null,"M"],"character_chosen":"IRONCLAD","items_purchased":["Metallicize","StrikeDummy","Omamori","Orrery","Shrug It Off","infinitespire:Beetle Shell","Gambling Chip","hubris:PeanutButter"],"campfire_rested":2,"item_purchase_floors":[19,46,46,46,55,87,87,114],"current_hp_per_floor":[69,66,66,72,67,67,40,33,33,39,36,36,34,9,32,30,66,37,37,37,37,37,37,39,15,15,15,40,55,55,63,63,33,79,98,98,102,92,17,58,58,111,111,122,122,122,122,126,126,130,130,130,123,130,130,130,130,134,134,134,145,145,149,149,149,149,153,153,153,137,137,146,146,146,153,153,153,153,153,153,153,153,153,153,153,157,157,157,157,157,157,157,157,157,157,157,157,161,161,161,165,165,165,165,149,107,74,83,83,92,92,92,104,119,119,131,131,143,160,165,165,165,165,157,165,165,169,169,169,169,169,169,169,169,169,169,169,169],"gold":490,"neow_bonus":"THREE_RARE_CARDS","is_daily":false,"chose_seed":false,"campfire_upgraded":21,"win_rate":0.0,"timestamp":1610631614,"path_taken":["M","M","?","?","M","R","E","M","T","M","M","?","M","E","R","BOSS","M","$","?","?","?","R","M","E","T","AVR","R","?","M","E","R","BOSS","M","?","?","?","?","NM","R","E","T","M","?","$","R","E","R","BOSS","M","?","M","$","?","R","E","R","T","E","?","M","M","AVR","R","BOSS","M","?","$","M","?","R","E","R","T","R","E","?","M","?","R","BOSS","M","$","?","?","AVR","E","?","R","T","M","R","NM","M","M","R","BOSS","M","?","?","?","?","E","R","E","T","R","NM","$","R","E","R","BOSS","M","AVR","M","M","?","E","?","E","T","NM","M","R","?","M","R","BOSS","M"],"items_purchased_type":["Card","Relic","Relic","Relic","Card","Relic","Relic","Relic"],"build_version":"2020-12-22","purchased_purges":5,"victory":false,"max_hp_per_floor":[72,72,72,78,78,78,78,78,78,78,78,78,78,78,78,78,78,78,78,78,78,78,78,81,84,84,84,84,87,87,90,90,94,94,98,98,102,102,110,114,114,118,118,122,122,122,122,126,126,130,130,130,130,130,130,130,130,134,134,134,145,145,149,149,149,149,153,153,153,153,153,153,153,153,153,153,153,153,153,153,153,153,153,153,153,157,157,157,157,157,157,157,157,157,157,157,157,161,161,161,165,165,165,165,165,165,165,165,165,165,165,165,165,165,165,165,165,165,165,165,165,165,165,165,165,165,169,169,169,169,169,169,169,169,169,169,169,169],"card_choices":[{"not_picked":["Juggernaut","Berserk"],"picked":"Demon Form","floor":0.0},{"not_picked":["Ghostly Armor","Clash"],"picked":"Shrug It Off","floor":1.0},{"not_picked":["Reckless Charge","Armaments"],"picked":"Pommel Strike","floor":2.0},{"not_picked":["hubris:ReadiedAction","Dark Embrace","Iron Wave"],"picked":"SKIP","floor":5.0},{"not_picked":["Bludgeon","hubris:CleavingFinish"],"picked":"infinitespire:OneForAll","floor":7},{"not_picked":["Cleave","Iron Wave"],"picked":"Thunderclap","floor":8},{"not_picked":["Anger","Cleave","Clash"],"picked":"SKIP","floor":10},{"not_picked":["Body Slam","Heavy Blade"],"picked":"hubris:StunningStrike","floor":11},{"not_picked":["Thunderclap","Flex","Dark Embrace"],"picked":"SKIP","floor":13},{"not_picked":["True Grit","Shockwave"],"picked":"Ghostly Armor","floor":14},{"not_picked":["Corruption","Bludgeon"],"picked":"Feed","floor":16},{"not_picked":["Power Through","Perfected Strike","Armaments"],"picked":"SKIP","floor":18},{"not_picked":["Spot Weakness","Clothesline","Iron Wave"],"picked":"SKIP","floor":24},{"not_picked":["hubris:ReadiedAction+1","Wild Strike","Thunderclap"],"picked":"SKIP","floor":25},{"not_picked":["Anger","Bloodletting"],"picked":"Shrug It Off+1","floor":29},{"not_picked":["hubris:ReadiedAction","Anger"],"picked":"Offering","floor":30},{"not_picked":["Perfected Strike","infinitespire:OneForAll","Bloodletting+1"],"picked":"SKIP","floor":31},{"not_picked":["Brutality","Feed"],"picked":"Reaper","floor":33},{"not_picked":["Body Slam","Second Wind","Rage"],"picked":"SKIP","floor":35},{"not_picked":["Panacea","Enlightenment"],"picked":"Apotheosis","floor":38},{"not_picked":["infinitespire:Collect","infinitespire:FinalStrike"],"picked":"infinitespire:UltimateForm","floor":39},{"not_picked":["Perfected Strike","Wild Strike"],"picked":"Disarm","floor":39},{"not_picked":["Armaments+1","Brutality","Clash"],"picked":"SKIP","floor":40},{"not_picked":["Thunderclap","Blood for Blood","Pommel Strike"],"picked":"SKIP","floor":42},{"not_picked":["Anger+1","infinitespire:OneForAll+1","Havoc","construct:Versatility"],"picked":"SKIP","floor":44},{"not_picked":["Uppercut","Clothesline","construct:SuppressiveFire"],"picked":"Shrug It Off","floor":46},{"not_picked":["Pummel","Headbutt","construct:ScrapCannon"],"picked":"Exhume","floor":46},{"not_picked":["Carnage","Flex","Metallicize","construct:ModeShift"],"picked":"SKIP","floor":48},{"not_picked":["Offering","Barricade","construct:Reserves"],"picked":"hubris:StunningStrike","floor":50},{"not_picked":["Havoc","True Grit","Shrug It Off","construct:SweepLaser"],"picked":"SKIP","floor":52},{"not_picked":["Uppercut","Feel No Pain","Sword Boomerang","construct:SuppressiveFire"],"picked":"SKIP","floor":54},{"not_picked":["Second Wind","Sever Soul","construct:HeavyBolt"],"picked":"Disarm","floor":58},{"not_picked":["True Grit","Havoc","Flex","construct:GoldenBullet"],"picked":"SKIP","floor":61},{"not_picked":["Shrug It Off","Cleave","Clash","construct:Boost"],"picked":"SKIP","floor":63},{"not_picked":["Clash","Pommel Strike","Anger","construct:Reserves"],"picked":"SKIP","floor":64},{"not_picked":["Impervious","Corruption","Immolate"],"picked":"construct:ClockworkEgg","floor":67},{"not_picked":["Clash","Heavy Blade","Rupture","construct:VentSteam"],"picked":"SKIP","floor":69},{"not_picked":["Wild Strike","Clothesline","True Grit+1"],"picked":"construct:HammerDown","floor":72},{"not_picked":["Dropkick+1","Perfected Strike","Heavy Blade","construct:SaveState"],"picked":"SKIP","floor":75},{"not_picked":["Body Slam+1","Metallicize+1","Headbutt+1","construct:Analyze"],"picked":"SKIP","floor":79},{"not_picked":["hubris:CleavingFinish+1","Anger+1","Shrug It Off+1","construct:PowerUp"],"picked":"SKIP","floor":81},{"not_picked":["Clothesline+1","Thunderclap+1","Sword Boomerang+1","construct:Tumble"],"picked":"SKIP","floor":86},{"not_picked":["Clash+1","Iron Wave+1","Limit Break+1","construct:Reinforce"],"picked":"SKIP","floor":91},{"not_picked":["Twin Strike+1","Armaments+1","Hemokinesis+1","construct:HammerDown"],"picked":"SKIP","floor":95},{"not_picked":["Barricade+1","Perfected Strike+1","Limit Break+1","construct:Construct_Overclock"],"picked":"SKIP","floor":97},{"not_picked":["Flex+1","Inflame+1","Armaments+1","construct:Analyze"],"picked":"SKIP","floor":98},{"not_picked":["Cleave+1","Anger+1","Armaments+1","construct:Antimatter"],"picked":"SKIP","floor":99},{"not_picked":["Cleave+1","Reckless Charge+1","Clash+1","construct:Construct_Overclock"],"picked":"SKIP","floor":103},{"not_picked":["infinitespire:Menacing","infinitespire:DeathsTouch"],"picked":"hubris:InfiniteBlow+43","floor":106},{"not_picked":["Searing Blow+1","Anger+1","Blood for Blood+1","construct:ShiftStrike"],"picked":"SKIP","floor":108},{"not_picked":["hubris:ReadiedAction+1","Wild Strike+1","Body Slam+1","construct:Tumble"],"picked":"SKIP","floor":110},{"not_picked":["infinitespire:Execution","infinitespire:SevenWalls"],"picked":"infinitespire:SealOfDarkness+","floor":113},{"not_picked":["Clash+1","Heavy Blade+1","Shockwave+1","construct:ShiftStrike"],"picked":"SKIP","floor":113},{"not_picked":["Searing Blow+1","True Grit+1","Thunderclap+1","construct:Analyze"],"picked":"SKIP","floor":116},{"not_picked":["Fiend Fire+1","Demon Form+1","construct:MemoryTap"],"picked":"Offering+1","floor":118},{"not_picked":["Combust+1","Dropkick+1","Cleave+1","construct:ModeShift"],"picked":"SKIP","floor":120},{"not_picked":["Power Through+1","Dropkick+1","Wild Strike+1","construct:Analyze"],"picked":"SKIP","floor":122},{"not_picked":["Headbutt+1","Wild Strike+1","Perfected Strike+1","construct:SaveState"],"picked":"SKIP","floor":123},{"not_picked":["Shrug It Off+1","Heavy Blade+1","Seeing Red+1","construct:SyphonStrike"],"picked":"SKIP","floor":125},{"not_picked":["True Grit+1","Thunderclap+1","Entrench+1","Barricade+1","construct:Tumble"],"picked":"SKIP","floor":127},{"not_picked":["Wild Strike+1","Cleave+1","Heavy Blade+1","Feed+1","construct:Multistage"],"picked":"SKIP","floor":129},{"not_picked":["Sentinel+1","hubris:SharpeningStone+1","Dark Embrace+1","Headbutt+1","construct:SuppressiveFire"],"picked":"SKIP","floor":130},{"not_picked":["Infernal Blade+1","True Grit+1","hubris:CleavingFinish+1","hubris:ReadiedAction+1","construct:Forcefield"],"picked":"SKIP","floor":133}],"player_experience":316697,"relics_obtained":[{"floor":7,"key":"Runesmith:AutoHammer"},{"floor":9,"key":"Bag of Preparation"},{"floor":14,"key":"hubris:DuctTape"},{"floor":25,"key":"Magic Flower"},{"floor":26,"key":"Kunai"},{"floor":29,"key":"hubris:Potato"},{"floor":29,"key":"hubris:Reverence"},{"floor":31,"key":"PreservedInsect"},{"floor":37,"key":"CaptainsWheel"},{"floor":39,"key":"infinitespire:Golems Mask"},{"floor":40,"key":"Bottled Lightning"},{"floor":42,"key":"FossilizedHelix"},{"floor":43,"key":"hubris:DisguiseKit"},{"floor":48,"key":"Vajra"},{"floor":58,"key":"Runesmith:Nanobots"},{"floor":60,"key":"hubris:SlimyHat"},{"floor":61,"key":"Strawberry"},{"floor":70,"key":"Necronomicon"},{"floor":73,"key":"Whetstone"},{"floor":75,"key":"Juzu Bracelet"},{"floor":75,"key":"infinitespire:PuzzleCube"},{"floor":77,"key":"The Courier"},{"floor":79,"key":"hubris:IronBody"},{"floor":79,"key":"Pen Nib"},{"floor":80,"key":"Paper Frog"},{"floor":82,"key":"hubris:MedicalManual"},{"floor":82,"key":"hubris:BottledRain"},{"floor":91,"key":"War Paint"},{"floor":91,"key":"hubris:MysteriousPyramids"},{"floor":94,"key":"infinitespire:Midas Blood"},{"floor":97,"key":"Lantern"},{"floor":97,"key":"construct:BoolHorns"},{"floor":108,"key":"Matryoshka"},{"floor":108,"key":"Ancient Tea Set"},{"floor":110,"key":"Champion Belt"},{"floor":110,"key":"Blood Vial"},{"floor":111,"key":"hubris:ToyBattleship"},{"floor":111,"key":"Smiling Mask"},{"floor":113,"key":"MealTicket"},{"floor":113,"key":"Dead Branch"},{"floor":116,"key":"infinitespire:FocusingShard"},{"floor":116,"key":"Oddly Smooth Stone"},{"floor":125,"key":"construct:RocketBooster"},{"floor":125,"key":"Tiny Chest"},{"floor":126,"key":"Question Card"},{"floor":127,"key":"infinitespire:WardingShard"},{"floor":127,"key":"hubris:FunFungus"},{"floor":128,"key":"hubris:TenFootPole"},{"floor":128,"key":"CeramicFish"},{"floor":129,"key":"Turnip"},{"floor":129,"key":"Boot"}],"event_choices":[{"damage_healed":0.0,"max_hp_gain":0.0,"max_hp_loss":0.0,"gold_gain":0.0,"event_name":"betterThird:BetterSerpent","player_choice":"RENOUNCE","floor":4.0,"gold_loss":129.0,"damage_taken":129.0,"cards_obtained":["Enlightenment"]},{"damage_healed":0,"gold_gain":0,"player_choice":"Upgraded","damage_taken":0,"max_hp_gain":0,"max_hp_loss":0,"event_name":"Upgrade Shrine","floor":12,"gold_loss":0,"cards_upgraded":["infinitespire:OneForAll"]},{"damage_healed":0,"gold_gain":0,"player_choice":"Simplicity","damage_taken":0,"max_hp_gain":0,"max_hp_loss":6,"event_name":"betterThird:BetterWriting","floor":20,"gold_loss":0},{"damage_healed":0,"gold_gain":0,"player_choice":"Ignored","damage_taken":0,"max_hp_gain":0,"max_hp_loss":0,"event_name":"Vampires","floor":21,"gold_loss":0},{"damage_healed":0,"gold_gain":0,"player_choice":"Fight","damage_taken":0,"max_hp_gain":0,"max_hp_loss":0,"event_name":"Colosseum","floor":29,"gold_loss":0},{"damage_healed":0,"gold_gain":0,"player_choice":"Fought Nobs","damage_taken":0,"max_hp_gain":0,"max_hp_loss":0,"event_name":"Colosseum","floor":29,"gold_loss":0},{"cards_removed":["Defend_R"],"damage_healed":0,"gold_gain":0,"player_choice":"Removed Skill","damage_taken":0,"max_hp_gain":0,"max_hp_loss":0,"event_name":"Falling","floor":36,"gold_loss":0},{"damage_healed":0,"gold_gain":0,"player_choice":"Fight","damage_taken":0,"max_hp_gain":0,"max_hp_loss":0,"event_name":"MindBloom","floor":37,"gold_loss":0},{"damage_healed":0,"gold_gain":0,"player_choice":"Memory 3","damage_taken":10,"max_hp_gain":0,"max_hp_loss":0,"event_name":"SensoryStone","floor":38,"gold_loss":0},{"damage_healed":0,"gold_gain":0,"player_choice":"Ignored","damage_taken":0,"max_hp_gain":0,"max_hp_loss":0,"event_name":"Tomb of Lord Red Mask","floor":45,"gold_loss":0},{"cards_removed":["Defend_R"],"damage_healed":0,"gold_gain":0,"player_choice":"Card Removal","damage_taken":7,"max_hp_gain":0,"max_hp_loss":0,"event_name":"Golden Wing","floor":53,"gold_loss":0},{"damage_healed":0,"gold_gain":0,"player_choice":"Obtained Book","damage_taken":16,"max_hp_gain":0,"max_hp_loss":0,"event_name":"Cursed Tome","floor":70,"gold_loss":0},{"damage_healed":0,"gold_gain":0,"player_choice":"Fight","damage_taken":0,"max_hp_gain":0,"max_hp_loss":0,"event_name":"Colosseum","floor":82,"gold_loss":0},{"damage_healed":0,"gold_gain":0,"player_choice":"Fought Nobs","damage_taken":0,"max_hp_gain":0,"max_hp_loss":0,"event_name":"Colosseum","floor":82,"gold_loss":0},{"cards_removed":["Ghostly Armor"],"damage_healed":0,"gold_gain":0,"player_choice":"Removed Skill","damage_taken":0,"max_hp_gain":0,"max_hp_loss":0,"event_name":"Falling","floor":88,"gold_loss":0},{"damage_healed":0,"gold_gain":0,"player_choice":"Paid","damage_taken":0,"relics_obtained":["Red Mask"],"max_hp_gain":0,"max_hp_loss":0,"event_name":"Tomb of Lord Red Mask","floor":92,"gold_loss":53},{"damage_healed":0,"gold_gain":69,"player_choice":"Gained Gold","damage_taken":0,"max_hp_gain":0,"max_hp_loss":0,"event_name":"Golden Wing","floor":104,"gold_loss":0},{"damage_healed":0,"gold_gain":75,"player_choice":"Touch","damage_taken":16,"max_hp_gain":0,"max_hp_loss":0,"event_name":"FaceTrader","floor":105,"gold_loss":0},{"damage_healed":107,"gold_gain":0,"player_choice":"Upgrade","damage_taken":33,"max_hp_gain":0,"max_hp_loss":165,"event_name":"betterThird:BetterShining","floor":107,"gold_loss":0,"cards_upgraded":["Shrug It Off","Pommel Strike"]}],"is_beta":false,"boss_relics":[{"not_picked":["hubris:TerracottaHorce","Mark of Pain"],"picked":"Empty Cage"},{"not_picked":["construct:ClawGrip","hubris:RunicObelisk"],"picked":"SlaversCollar"},{"not_picked":["infinitespire:Burning Sword","Busted Crown","Astrolabe"]},{"not_picked":["hubris:BlackHole","Cursed Key"],"picked":"Black Star"},{"not_picked":["Velvet Choker","hubris:RunicObelisk"],"picked":"hubris:HollowSoul"},{"not_picked":["Astrolabe","Pandora\u0027s Box"],"picked":"construct:WeddingRing"},{"not_picked":["Tiny House","Runic Cube"],"picked":"Philosopher\u0027s Stone"},{"not_picked":["hubris:VirtuousBlindfold","Runesmith:UraniumAnvil","Busted Crown"]}],"items_purged_floors":[19,27,46,55,114],"is_endless":true,"potions_floor_spawned":[7,8,11,14,16,24,29,29,30,35,39,42,44,48,50,58,61,64,69,72,79,82,84,86,97,98,103,113,118,123,125,126,127],"killed_by":"3 Darklings","ascension_level":12}}