{"host":"0cgp910o8339lr91","time":1610640970,"event":{"mods":["BaseMod","Block Reminder","Colored Map","Colored Powertips","Minty Spire (QoL Compilation)","Relic Stats","Slay-I","ojb\u0027s Better Paths Mod","ojb\u0027s Info Mod"],"gold_per_floor":[112,112,112,112,262,262,295,315,315,358,374,374,306,83,83,83,83],"floor_reached":16,"language":"ENG","playtime":987,"items_purged":["Doubt"],"score":229,"play_id":"4603e4ca-df86-48fb-b2e4-1f28bec0b2c0","local_time":"20210114171610","is_ascension_mode":true,"campfire_choices":[{"data":"Beam Cell","floor":6,"key":"SMITH"},{"floor":12,"key":"DIG"},{"floor":15,"key":"DIG"}],"circlet_count":0,"master_deck":["AscendersBane","Strike_B","Strike_B","Strike_B","Strike_B","Defend_B","Defend_B","Defend_B+1","Zap","Dualcast+1","Beam Cell+1","Echo Form","Leap","Glacier","Self Repair","Defragment"],"relics":["Cracked Core","NeowsBlessing","Golden Idol","Shovel","Turnip","Pantograph","Ginger","War Paint","Nunchaku"],"acts_visited":["Exordium"],"potions_floor_usage":[],"damage_taken":[{"damage":0,"enemies":"2 Louse","floor":1,"turns":1},{"damage":0,"enemies":"Lagavulin","floor":7,"turns":1},{"damage":0,"enemies":"Jaw Worm","floor":8,"turns":1},{"damage":36,"enemies":"3 Sentries","floor":10,"turns":7},{"damage":6,"enemies":"Cultist","floor":11,"turns":4},{"damage":41,"enemies":"Hexaghost","floor":16,"turns":12}],"seed_played":"4409188962539518867","potions_obtained":[{"floor":10,"key":"SpeedPotion"}],"is_trial":false,"path_per_floor":["M","?","?","$","?","R","E","M","T","E","M","R","$","$","R","B"],"character_chosen":"DEFECT","items_purchased":["Defragment","War Paint"],"campfire_rested":0,"item_purchase_floors":[13,14],"current_hp_per_floor":[64,64,57,57,57,57,57,57,57,21,15,15,15,15,15,0,0],"gold":83,"neow_bonus":"THREE_ENEMY_KILL","is_daily":false,"chose_seed":false,"campfire_upgraded":1,"win_rate":0.0,"timestamp":1610640970,"path_taken":["M","?","?","?","?","R","E","?","T","E","M","R","?","$","R","BOSS"],"items_purchased_type":["Card","Relic"],"build_version":"2020-12-22","purchased_purges":1,"victory":false,"max_hp_per_floor":[71,64,64,64,64,64,64,64,64,64,64,64,64,64,64,64,64],"relic_stats":{"Nunchaku":[2],"Shovel":2,"counters":[6,26],"Golden Idol":23,"Pantograph":25,"Turnip":[0],"Ginger":[0],"War Paint":["Dualcast","Defend_B"],"obtain_stats":[{"Nunchaku":15,"Shovel":7,"NeowsBlessing":0,"Golden Idol":2,"Pantograph":10,"Turnip":9,"Ginger":12,"War Paint":14,"Cracked Core":0},{"Nunchaku":5,"Shovel":2,"NeowsBlessing":0,"Golden Idol":1,"Pantograph":4,"Turnip":3,"Ginger":5,"War Paint":5,"Cracked Core":0},{"Nunchaku":14,"Shovel":2,"NeowsBlessing":0,"Golden Idol":1,"Pantograph":10,"Turnip":3,"Ginger":14,"War Paint":14,"Cracked Core":0}]},"card_choices":[{"not_picked":["Go for the Eyes","Coolheaded"],"picked":"Beam Cell","floor":1},{"not_picked":["Conserve Battery","Barrage"],"picked":"Echo Form","floor":7},{"not_picked":["Beam Cell","Aggregate"],"picked":"Leap","floor":8},{"not_picked":["Streamline","Consume"],"picked":"Glacier","floor":10},{"not_picked":["Coolheaded","Darkness"],"picked":"Self Repair","floor":11}],"player_experience":1426859,"relics_obtained":[{"floor":7,"key":"Shovel"},{"floor":9,"key":"Turnip"},{"floor":10,"key":"Pantograph"},{"floor":12,"key":"Ginger"},{"floor":15,"key":"Nunchaku"}],"event_choices":[{"damage_healed":0,"gold_gain":0,"player_choice":"Lose Max HP","damage_taken":0,"relics_obtained":["Golden Idol"],"max_hp_gain":0,"max_hp_loss":7,"event_name":"Golden Idol","floor":2,"gold_loss":0},{"cards_removed":["Defend_B"],"damage_healed":0,"gold_gain":0,"player_choice":"Card Removal","damage_taken":7,"max_hp_gain":0,"max_hp_loss":0,"event_name":"Golden Wing","floor":3,"gold_loss":0},{"damage_healed":0,"gold_gain":150,"player_choice":"AGREE","damage_taken":0,"max_hp_gain":0,"max_hp_loss":0,"event_name":"Liars Game","floor":5,"gold_loss":0,"cards_obtained":["Doubt"]}],"is_beta":false,"boss_relics":[],"items_purged_floors":[14],"is_endless":false,"potions_floor_spawned":[10],"killed_by":"Hexaghost","ascension_level":15}}