{"host":"0gl1h2c0bid0oqhv","time":1610632191,"event":{"mods":["BaseMod","Colored Map","Googly Eyes","Highlight Path","Minty Spire (QoL Compilation)","Quick Restart","Rare Cards Sparkle","Shop Mod","StSLib","The Animator","The Dragon Tamer","The Jungle"],"gold_per_floor":[119,73,148,165,165,204,204,87,87,99,132,132,153,5,5,122,147,176,176,20,62,84,84,188,188,261,261,285,36,36,36,36,42,42],"floor_reached":33,"language":"ENG","playtime":1816,"items_purged":[],"score":296,"play_id":"647ce028-1b34-41c7-8e11-98057073a6f1","local_time":"20210114134951","is_ascension_mode":false,"campfire_choices":[{"data":"animator:PandorasActor","floor":7,"key":"SMITH"},{"data":"animator:Chris","floor":12,"key":"SMITH"},{"data":"animator:YunYun","floor":15,"key":"SMITH"},{"floor":23,"key":"REST"},{"floor":25,"key":"REST"},{"data":"animator:Shiro","floor":27,"key":"SMITH"},{"floor":32,"key":"REST"}],"circlet_count":0,"master_deck":["animator:Strike_Konosuba","animator:Defend_Konosuba+1","animator:Strike","animator:Strike","animator:Strike","animator:Defend","animator:Defend","animator:Defend","animator:Kazuma","animator:Aqua+1","animator:Alexander","animator:Entoma+5","animator:PandorasActor+1","animator:YunYun+1","animator:Kazuma","animator:Chris+1","animator:Gilgamesh+4","animator:KrulTepes","animator:Megumin+4","animator:Evileye+1","animator:Shiro+1","animator:DolaStephanie+1"],"relics":["animator:LivingPicture","animator:TheMissingPiece","NeowsBlessing","Shuriken","animator:CerealBox","Red Skull","Orichalcum","animator:ShionDessert","Black Star","Anchor","Champion Belt","Pantograph","War Paint","Bag of Marbles"],"acts_visited":["Exordium","TheCity"],"potions_floor_usage":[11,11,13,22,24,28,33,33],"damage_taken":[{"damage":0,"enemies":"2 Louse","floor":1,"turns":1},{"damage":0,"enemies":"Cultist","floor":4,"turns":1},{"damage":0,"enemies":"3 Sentries","floor":6,"turns":2},{"damage":3,"enemies":"Jaw Worm","floor":10,"turns":4},{"damage":15,"enemies":"Lagavulin","floor":11,"turns":7},{"damage":0,"enemies":"Exordium Wildlife","floor":13,"turns":3},{"damage":48,"enemies":"The Guardian","floor":16,"turns":9},{"damage":20,"enemies":"2 Thieves","floor":18,"turns":4},{"damage":8,"enemies":"Spheric Guardian","floor":21,"turns":5},{"damage":33,"enemies":"Snake Plant","floor":22,"turns":4},{"damage":21,"enemies":"Slavers","floor":24,"turns":4},{"damage":32,"enemies":"Sentry and Sphere","floor":28,"turns":6},{"damage":85,"enemies":"Automaton","floor":33,"turns":8}],"seed_played":"-2954771345502299661","potions_obtained":[{"floor":4,"key":"SkillPotion"},{"floor":6,"key":"Block Potion"},{"floor":10,"key":"PowerPotion"},{"floor":16,"key":"Ancient Potion"},{"floor":22,"key":"LiquidBronze"},{"floor":24,"key":"GamblersBrew"},{"floor":28,"key":"Strength Potion"}],"is_trial":false,"path_per_floor":["M","$","?","M","?","E","R","$","T","M","E","R","M","$","R","B",null,"M","?","$","M","M","R","E","R","T","R","M","$","?","?","R","B"],"character_chosen":"THE_ANIMATOR","items_purchased":["animator:Entoma","animator:CerealBox","animator:ShionDessert","Anchor","Bag of Marbles","CultistPotion"],"campfire_rested":3,"item_purchase_floors":[2,8,14,20,29,29],"current_hp_per_floor":[66,66,60,62,62,64,64,64,64,63,65,65,71,71,71,25,71,57,61,61,63,32,53,34,55,55,55,27,35,35,22,45,0,0],"gold":42,"neow_bonus":"THREE_ENEMY_KILL","is_daily":false,"chose_seed":false,"campfire_upgraded":4,"win_rate":0.0,"timestamp":1610632191,"path_taken":["M","$","?","?","?","E","R","?","T","M","E","R","M","$","R","BOSS","M","?","$","M","M","R","E","R","T","R","M","$","?","?","R","BOSS"],"items_purchased_type":["Card","Relic","Relic","Relic","Relic","Potion"],"build_version":"2020-12-22","purchased_purges":0,"victory":false,"max_hp_per_floor":[66,66,66,68,68,70,70,70,70,70,71,71,71,71,71,71,71,71,71,71,71,71,71,71,71,71,71,72,72,72,77,77,79,79],"card_choices":[{"not_picked":["animator:Cocytus","animator:Kazuma"],"picked":"animator:Alexander","floor":1},{"not_picked":["animator:SakuraMatou","animator:Yuuichirou"],"picked":"animator:PandorasActor","floor":4},{"not_picked":["animator:Shigure","animator:Aqua"],"picked":"animator:YunYun","floor":6},{"not_picked":["animator:Verdia","animator:YunYun"],"picked":"animator:Kazuma","floor":10},{"not_picked":["animator:HiiragiShinya","animator:Assassin"],"picked":"animator:Chris","floor":11},{"not_picked":["animator:DolaCouronne","animator:Aqua"],"picked":"animator:Entoma","floor":13},{"not_picked":["animator:Wiz","animator:Shiro"],"picked":"animator:Gilgamesh","floor":16},{"not_picked":["animator:Jibril","animator:Yoichi","animator:Illya"],"picked":"SKIP","floor":18},{"not_picked":["animator:Vanir","animator:Mitsurugi"],"picked":"animator:Megumin","floor":21},{"not_picked":["animator:SilverFang+1","animator:Genos"],"picked":"animator:Evileye+1","floor":22},{"not_picked":["animator:Mitsurugi","animator:CrowleyEusford+1"],"picked":"animator:Shiro","floor":24},{"not_picked":["animator:AcuraAkari","animator:Tatsumaki"],"picked":"animator:DolaStephanie+1","floor":28}],"player_experience":935,"relics_obtained":[{"floor":6,"key":"Shuriken"},{"floor":9,"key":"Red Skull"},{"floor":11,"key":"Orichalcum"},{"floor":24,"key":"Champion Belt"},{"floor":24,"key":"Pantograph"},{"floor":26,"key":"War Paint"}],"event_choices":[{"damage_healed":0,"gold_gain":75,"player_choice":"Touch","damage_taken":6,"max_hp_gain":0,"max_hp_loss":0,"event_name":"FaceTrader","floor":3,"gold_loss":0},{"damage_healed":0,"gold_gain":0,"player_choice":"Grow","damage_taken":0,"max_hp_gain":0,"max_hp_loss":0,"event_name":"Living Wall","floor":5,"gold_loss":0,"cards_upgraded":["animator:Entoma"]},{"damage_healed":0,"gold_gain":0,"player_choice":"Read","damage_taken":0,"max_hp_gain":0,"max_hp_loss":0,"event_name":"The Library","floor":19,"gold_loss":0,"cards_obtained":["animator:KrulTepes"]},{"damage_healed":0,"gold_gain":0,"player_choice":"Shed Blood","damage_taken":18,"max_hp_gain":5,"max_hp_loss":0,"event_name":"Forgotten Altar","floor":31,"gold_loss":0}],"is_beta":false,"boss_relics":[{"not_picked":["Empty Cage","Astrolabe"],"picked":"Black Star"}],"items_purged_floors":[],"is_endless":false,"potions_floor_spawned":[4,6,10,16,22,24,28],"killed_by":"Automaton","ascension_level":0}}