{"host":"tn8gi6c98rb0hmd4","time":1610609764,"event":{"mods":["100% Spire Juice","Act Like it!","Bard","BaseMod","Better Altar","Better Match","Better Skull","Better Third Choice","Better Vampires","BetterRewards","Colored Map","Colored Powertips","Conspire","Dark Map","Downfall","Hermit","Hubris","Infinite Spire","Marisa????????","Mimic Mod","Minty Spire (QoL Compilation)","Rare Cards Sparkle","Relic Stats","Replay The Spire","Shop Mod","StSLib","The Cursed","The Disciple","The Marked","The Servant 0.9.4"],"gold_per_floor":[116,136,146,146,146,71,82,357,357,371,371,371,391,7,128,183,183,183,183],"floor_reached":18,"language":"ENG","playtime":440,"items_purged":[],"score":114,"play_id":"be3a7e36-1bf1-4da8-b87a-f3f26ff557f2","local_time":"20210113233604","is_ascension_mode":false,"campfire_choices":[{"data":"DC","floor":9,"key":"SMITH"},{"floor":17,"key":"REST"}],"circlet_count":0,"master_deck":["Strike_MRS","Strike_MRS","Strike_MRS","Strike_MRS","Defend_MRS","Defend_MRS","Defend_MRS","Defend_MRS","MasterSpark","UpSweep","ChargingUp","DC+1","AsteroidBelt","GrandCross","Regret","FinalSpark","Injury","ShootTheMoon","WitchOfGreed","Robbery","WitchOfGreed","Singularity"],"relics":["MiniHakkero","NeowsBlessing","Iron Hammer","Golden Idol","hubris:SphereOfDissonance","infinitespire:BottledMercury"],"acts_visited":["Exordium"],"potions_floor_usage":[15,16,18,18],"damage_taken":[{"damage":0,"enemies":"Jaw Worm","floor":1,"turns":1},{"damage":0,"enemies":"Cultist","floor":2,"turns":1},{"damage":0,"enemies":"infinitespire:Voidling","floor":3,"turns":1},{"damage":20,"enemies":"conspire:2 RoseBushes","floor":7,"turns":6},{"damage":19,"enemies":"Gremlin Gang","floor":10,"turns":4},{"damage":2,"enemies":"3 Louse","floor":13,"turns":3},{"damage":16,"enemies":"Gremlin Nob","floor":15,"turns":3},{"damage":9,"enemies":"conspire:2 RoseBushes","floor":16,"turns":3},{"damage":35,"enemies":"The Guardian","floor":18,"turns":4}],"seed_played":"-4488166510966622664","potions_obtained":[{"floor":2,"key":"DuplicationPotion"},{"floor":3,"key":"Ancient Potion"},{"floor":15,"key":"GamblersBrew"},{"floor":15,"key":"ColorlessPotion"},{"floor":16,"key":"champ:CounterPotion"}],"is_trial":false,"path_per_floor":["M","M","M","PTL","PTL","?","M","?","R","M","T","?","M","$","E","M","R_BF","B"],"character_chosen":"MARISA","items_purchased":["WitchOfGreed","hubris:SphereOfDissonance","Robbery"],"campfire_rested":1,"item_purchase_floors":[14,14,14],"current_hp_per_floor":[75,75,75,75,75,75,55,55,55,36,36,36,34,34,18,9,31,0,0],"gold":183,"neow_bonus":"THREE_ENEMY_KILL","is_daily":false,"chose_seed":false,"campfire_upgraded":1,"win_rate":0.0,"timestamp":1610609764,"path_taken":["M","M","M","PTL","PTL","?","?","?","R","?","T","?","M","$","E","M","R_BF","BOSS"],"items_purchased_type":["Card","Relic","Card"],"build_version":"2020-12-22","purchased_purges":0,"victory":false,"max_hp_per_floor":[75,75,75,75,75,75,75,75,75,75,75,75,75,75,75,75,75,75,75],"relic_stats":{"counters":[9,26],"Golden Idol":66,"obtain_stats":[{"infinitespire:BottledMercury":15,"NeowsBlessing":0,"Golden Idol":12,"hubris:SphereOfDissonance":14,"Iron Hammer":11,"MiniHakkero":0},{"infinitespire:BottledMercury":7,"NeowsBlessing":0,"Golden Idol":5,"hubris:SphereOfDissonance":6,"Iron Hammer":5,"MiniHakkero":0},{"infinitespire:BottledMercury":19,"NeowsBlessing":0,"Golden Idol":13,"hubris:SphereOfDissonance":16,"Iron Hammer":13,"MiniHakkero":0}]},"card_choices":[{"not_picked":["MachineGunSpark","6A"],"picked":"ChargingUp","floor":1},{"not_picked":["NonDirectionalLaser","IllusionStar"],"picked":"DC","floor":2},{"not_picked":["MilkyWay","Orbital"],"picked":"AsteroidBelt","floor":3},{"not_picked":["NonDirectionalLaser","MachineGunSpark"],"picked":"GrandCross","floor":7},{"not_picked":["GrandCross","AsteroidBelt"],"picked":"FinalSpark","floor":10},{"not_picked":["SuperPerseids","IllusionStar"],"picked":"ShootTheMoon","floor":13},{"not_picked":["EarthLightRay","NonDirectionalLaser"],"picked":"WitchOfGreed","floor":15},{"not_picked":["Acceleration","DC"],"picked":"Singularity","floor":16}],"player_experience":480402,"relics_obtained":[{"floor":11,"key":"Iron Hammer"},{"floor":15,"key":"infinitespire:BottledMercury"}],"event_choices":[{"damage_healed":0,"gold_gain":0,"player_choice":"3","damage_taken":0,"max_hp_gain":0,"max_hp_loss":0,"event_name":"betterMatch:BetterMatch","floor":6,"gold_loss":0,"cards_obtained":[]},{"damage_healed":0,"gold_gain":275,"player_choice":"Desecrate","damage_taken":0,"max_hp_gain":0,"max_hp_loss":0,"event_name":"Golden Shrine","floor":8,"gold_loss":0,"cards_obtained":["Regret"]},{"damage_healed":0,"gold_gain":0,"player_choice":"Take Wound","damage_taken":0,"relics_obtained":["Golden Idol"],"max_hp_gain":0,"max_hp_loss":0,"event_name":"Golden Idol","floor":12,"gold_loss":0,"cards_obtained":["Injury"]}],"is_beta":false,"boss_relics":[],"items_purged_floors":[],"is_endless":false,"potions_floor_spawned":[2,3,15],"killed_by":"The Guardian","ascension_level":0}}