{"host":"6jrnojxwearbrjzo","time":1610632615,"event":{"mods":["BaseMod","Conspire","Highlight Path","Marisa（F雨　魔理沙）","Minty Spire (QoL Compilation)","MostiFishMod","Quick Restart","Random Character Button","RumiaBox-露米娅的神秘盒子","Shop Mod","Spicy Shops","StSLib","The Construct","The Servant 0.9.4","Yuyuko","[功能]功能增强和修复MOD","vexMod","篝火指南"],"gold_per_floor":[319,319,319,332,109,109,89,122,176,176,187,187,187,187,3,15,15],"floor_reached":16,"language":"ZHS","playtime":916,"items_purged":["Regret"],"score":96,"play_id":"5ba1a02e-bfe0-4a05-a35e-2dc9fc3e35bc","local_time":"20210114215655","is_ascension_mode":false,"campfire_choices":[{"data":"Snowing Sakura","floor":6,"key":"SMITH"},{"data":"Death Dancing","floor":10,"key":"SMITH"},{"data":"Sakura Sakura","floor":12,"key":"SMITH"}],"circlet_count":0,"master_deck":["Fantasy Butterflies","Fantasy Butterflies","Fantasy Butterflies","Fantasy Butterflies","Fantasy Butterflies","Dreamy Sakura","Dreamy Sakura","Dreamy Sakura","Dreamy Sakura","Dreamy Sakura","Deathly Ground","City of Death","Snowing Sakura+1","The Nether+1","Death Dancing+1","Sakura Sakura+1","Unknown Petal","Phantom Butterflies","Wandering Soul"],"relics":["Coronal","Yuyuko\u0027s fan","DaveBox","GuanYuAspect","Old Coin","SynthV:TestCard","conspire:GiftBox","NlothsMask","Obi","Lantern","Ancient Tea Set","MealTicket","Dodecahedron","Potion Belt","Bag of Preparation","Strange Spoon","MagicDraw4","MawBank","Centennial Puzzle"],"acts_visited":["Exordium"],"potions_floor_usage":[8,8,8,11,16],"damage_taken":[{"damage":7,"enemies":"Small Slimes","floor":1,"turns":3},{"damage":18,"enemies":"Cultist","floor":4,"turns":5},{"damage":26,"enemies":"3 Sentries","floor":8,"turns":6},{"damage":10,"enemies":"2 Louse","floor":11,"turns":2},{"damage":22,"enemies":"The Guardian","floor":16,"turns":2}],"seed_played":"-2714848249481500562","potions_obtained":[{"floor":7,"key":"Explosive Potion"},{"floor":8,"key":"AttackPotion"},{"floor":8,"key":"FearPotion"}],"is_trial":false,"path_per_floor":["M","?","?","M","$","R","?","E","T","R","M","R","?","?","R","B"],"character_chosen":"YUYOKO","items_purchased":["Obi","Lantern","Ancient Tea Set","MealTicket","Dodecahedron","Death Dancing","BlessingOfTheForge","Bag of Preparation","Strange Spoon","Wandering Soul","MagicDraw4","MawBank","Centennial Puzzle"],"campfire_rested":0,"item_purchase_floors":[5,5,5,5,5,5,5,15,15,15,15,15,15],"current_hp_per_floor":[17,17,17,14,14,14,14,14,14,14,14,14,14,14,14,0,0],"gold":15,"neow_bonus":"ONE_RARE_RELIC","is_daily":false,"chose_seed":false,"campfire_upgraded":3,"win_rate":0.0,"timestamp":1610632615,"path_taken":["M","?","?","?","$","R","?","E","T","R","?","R","?","?","R","BOSS"],"items_purchased_type":["Relic","Relic","Relic","Relic","Relic","Card","Potion","Relic","Relic","Card","Relic","Relic","Relic"],"build_version":"2020-12-22","purchased_purges":1,"victory":false,"max_hp_per_floor":[20,20,20,20,20,20,20,20,20,20,20,20,20,20,20,20,20],"card_choices":[{"not_picked":["Dark Wind","Phantom Butterflies"],"picked":"City of Death","floor":1},{"not_picked":["Scenery of Papilio","Past Graveyard"],"picked":"Snowing Sakura","floor":2},{"not_picked":["Become Phantom","Unknown Petal","Unstable Ward","Gone"],"picked":"The Nether","floor":4},{"not_picked":["Cerasus Subhirtella","Dying Sakura","Redemption of Death","Serene Spring"],"picked":"Sakura Sakura","floor":8},{"not_picked":["Stifle","Cerasus Subhirtella","Dancing Butterflies","Become Phantom"],"picked":"Unknown Petal","floor":11}],"player_experience":67871,"relics_obtained":[{"floor":1,"key":"SynthV:TestCard"},{"floor":8,"key":"Potion Belt"}],"event_choices":[{"damage_healed":0,"gold_gain":0,"player_choice":"Box","damage_taken":0,"relics_obtained":["conspire:GiftBox"],"max_hp_gain":0,"max_hp_loss":0,"event_name":"Big Fish","floor":2,"gold_loss":0,"cards_obtained":["Regret"]},{"damage_healed":0,"gold_gain":0,"player_choice":"Trade","damage_taken":0,"relics_obtained":["NlothsMask"],"max_hp_gain":0,"max_hp_loss":0,"event_name":"FaceTrader","floor":3,"gold_loss":0},{"damage_healed":0,"gold_gain":0,"player_choice":"Bought 1 Potion","damage_taken":0,"max_hp_gain":0,"max_hp_loss":0,"event_name":"The Woman in Blue","floor":7,"gold_loss":0},{"damage_healed":0,"gold_gain":0,"player_choice":"Grow","damage_taken":0,"max_hp_gain":0,"max_hp_loss":0,"event_name":"Living Wall","floor":13,"gold_loss":0,"cards_upgraded":["The Nether"]},{"damage_healed":0,"gold_gain":0,"cards_transformed":["Faramita\u0027s Temptation"],"player_choice":"Transformed","damage_taken":0,"max_hp_gain":0,"max_hp_loss":0,"event_name":"Transmorgrifier","floor":14,"gold_loss":0,"cards_obtained":["Phantom Butterflies"]}],"is_beta":false,"boss_relics":[],"items_purged_floors":[5],"is_endless":false,"potions_floor_spawned":[1,4,4,8,8,8],"killed_by":"The Guardian","ascension_level":0}}