{"host":"51fyd6gkml7xavq8","time":1610615755,"event":{"mods":["BaseMod","BetterRewards","Colored Map","Energized Spire","Infinite Spire","Minty Spire (QoL Compilation)","Replay The Spire","Shop Mod","Spicy Shops","StSLib","The Blue Laboratory","[IsaacMod]????"],"gold_per_floor":[115,5,15,15,15,15,343,418,418,27,45,57,57,107,107,204,204,214,16,26,37,48,48,79,79,79,98,115,115,144,162,162,257,257,267,542,592,592,258,289,289,303,303,31,31,43,74,90,90,90,90,90,4,39,39,39],"floor_reached":55,"language":"ENG","playtime":4189,"items_purged":["Bash","Strike_R","Regret","Defend_R"],"score":1313,"play_id":"cefa5df7-0424-435b-bf6d-42fc569ea1e8","local_time":"20210114061555","is_ascension_mode":true,"campfire_choices":[{"data":"EpicFetus","floor":6.0,"key":"SMITH"},{"data":"Twin Strike","floor":13.0,"key":"SMITH"},{"floor":15.0,"key":"REST"},{"data":"Apotheosis","floor":23.0,"key":"SMITH"},{"floor":25.0,"key":"RECALL"},{"data":"Metallicize","floor":29.0,"key":"SMITH"},{"data":"Inflame","floor":32.0,"key":"SMITH"},{"data":"Metallicize","floor":45.0,"key":"SMITH"},{"data":"Juggernaut","floor":49.0,"key":"SMITH"},{"data":"ReplayTheSpireMod:Chaos Vortex","floor":52.0,"key":"SMITH"}],"circlet_count":1,"master_deck":["Strike_R","Strike_R","Strike_R","Strike_R","Defend_R","Defend_R","Defend_R","EpicFetus+1","True Grit","Twin Strike+1","Reaper","Metallicize+1","Apotheosis+1","Inflame+1","Reaper","ReplayTheSpireMod:Chaos Vortex+1","Metallicize+1","Flash of Steel+1","Double Tap","Madness","Madness","Inflame","Juggernaut+1","Parasite","Juggernaut+1"],"relics":["Burning Blood","HushsDoor","infinitespire:Satchel","MerchantsRug","SteamSale","Circlet","Mummified Hand","infinitespire:BottledMercury","Snack Pack","energizedSpire:OgreHead","Replay:Rubber Ducky","UnicornStump","Question Card","Mirror","Philosopher\u0027s Stone","Torii","Garlic","Anchor","AnarchistCookbook","Bird Faced Urn","Toy Ornithopter","PunchingBag","Replay:Bottled Flurry","Champion Belt","Oddly Smooth Stone","Strawberry"],"acts_visited":["Exordium","TheCity","TheBeyond","TheEnding"],"potions_floor_usage":[],"damage_taken":[{"damage":12.0,"enemies":"Jaw Worm","floor":1.0,"turns":3.0},{"damage":20.0,"enemies":"Small Slimes","floor":3.0,"turns":3.0},{"damage":18.0,"enemies":"Gremlin Nob","floor":7.0,"turns":4.0},{"damage":0.0,"enemies":"2 Louse","floor":11.0,"turns":2.0},{"damage":12.0,"enemies":"Exordium Thugs","floor":12.0,"turns":3.0},{"damage":28.0,"enemies":"Hiden Room Battle","floor":14.0,"turns":4.0},{"damage":11.0,"enemies":"Hexaghost","floor":16.0,"turns":7.0},{"damage":14.0,"enemies":"Chosen","floor":18.0,"turns":4.0},{"damage":28.0,"enemies":"2 Thieves","floor":20.0,"turns":4.0},{"damage":1.0,"enemies":"Cultist and Chosen","floor":21.0,"turns":4.0},{"damage":0.0,"enemies":"3 Cultists","floor":22.0,"turns":5.0},{"damage":84.0,"enemies":"Gremlin Leader","floor":24.0,"turns":7.0},{"damage":16.0,"enemies":"Sentry and Sphere","floor":27.0,"turns":4.0},{"damage":0.0,"enemies":"Snecko","floor":28.0,"turns":5.0},{"damage":0.0,"enemies":"Book of Stabbing","floor":30.0,"turns":5.0},{"damage":0.0,"enemies":"Centurion and Healer","floor":31.0,"turns":4.0},{"damage":46.0,"enemies":"Automaton","floor":33.0,"turns":8.0},{"damage":45.0,"enemies":"3 Shapes","floor":35.0,"turns":4.0},{"damage":2.0,"enemies":"Mind Bloom Boss Battle","floor":37.0,"turns":6.0},{"damage":0.0,"enemies":"R_Hoarder","floor":40.0,"turns":8.0},{"damage":1.0,"enemies":"Orb Walker","floor":42.0,"turns":3.0},{"damage":70.0,"enemies":"4 Shapes","floor":46.0,"turns":6.0},{"damage":0.0,"enemies":"Giant Head","floor":47.0,"turns":7.0},{"damage":0.0,"enemies":"Writhing Mass","floor":48.0,"turns":4.0},{"damage":76.0,"enemies":"Donu and Deca","floor":50.0,"turns":8.0},{"damage":109.0,"enemies":"Shield and Spear","floor":54.0,"turns":7.0},{"damage":99,"enemies":"Delirium","floor":55,"turns":16}],"seed_played":"-7033473895987078372","potions_obtained":[{"floor":11.0,"key":"SkillPotion"},{"floor":14.0,"key":"AttackPotion"},{"floor":18.0,"key":"blueLaboratory:BottleOfRum"},{"floor":21.0,"key":"AttackPotion"},{"floor":27.0,"key":"SpeedPotion"},{"floor":28.0,"key":"PowerPotion"},{"floor":31.0,"key":"LifebloodPotion"},{"floor":33.0,"key":"blueLaboratory:CorrosionFlask"},{"floor":40.0,"key":"blueLaboratory:PyrophylliteBrew"},{"floor":47.0,"key":"SkillPotion"}],"is_trial":false,"path_per_floor":["M","$","M","$","?","R","E","?","T","$","M","M","R","?","R","B",null,"M","$","M","M","M","R","E","R","T","M","M","R","E","M","R","B",null,"M","?","?","?","$","E","?","M","T","$","R","M","E","M","R","B",null,"R","$","E","B"],"character_chosen":"IRONCLAD","items_purchased":["infinitespire:Satchel","MerchantsRug","SteamSale","Mummified Hand","Twin Strike","infinitespire:BottledMercury","Apotheosis","Replay:Rubber Ducky","Torii","Garlic","Anchor","Metallicize","Flash of Steel+1","Inflame","Toy Ornithopter","PunchingBag","Replay:Bottled Flurry","Juggernaut+1","Oddly Smooth Stone"],"campfire_rested":1,"item_purchase_floors":[0,0,2,10,10,10,19,19,39,39,39,39,39,44,44,44,44,53,53],"current_hp_per_floor":[59,59,45,45,45,45,45,34,34,34,40,34,34,12,36,37,69,69,69,59,76,80,80,18,18,18,17,31,31,43,71,71,46,72,56,56,79,59,59,80,70,80,80,80,80,69,80,80,80,63,76,76,76,32,0,0],"gold":39,"neow_bonus":"","is_daily":false,"chose_seed":false,"campfire_upgraded":8,"win_rate":0.0,"timestamp":1610615755,"path_taken":["M","$","M","$","?","R","E","?","T","$","M","?","R","?","R","BOSS","M","$","M","M","M","R","E","R","T","M","M","R","E","M","R","BOSS","M","?","?","?","$","E","?","M","T","?","R","?","E","M","R","BOSS","R","$","E","BOSS"],"items_purchased_type":["Relic","Relic","Relic","Relic","Card","Relic","Card","Relic","Relic","Relic","Relic","Card","Card","Card","Relic","Relic","Relic","Card","Relic"],"build_version":"2020-12-22","purchased_purges":4,"victory":false,"max_hp_per_floor":[80,80,80,80,80,80,80,80,80,80,80,80,80,80,80,80,80,80,80,80,80,80,80,80,80,80,80,80,80,80,80,80,80,80,80,80,80,80,80,80,80,80,80,80,80,80,80,80,80,80,80,80,80,87,87,87],"card_choices":[{"not_picked":[],"picked":"EpicFetus","floor":0.0},{"not_picked":["Dark Embrace","ReplayReversal"],"picked":"True Grit","floor":1.0},{"not_picked":["Armaments","Intimidate","Eclipse"],"picked":"SKIP","floor":3.0},{"not_picked":["Whirlwind","Evolve","Sentinel"],"picked":"SKIP","floor":7.0},{"not_picked":["Clothesline","Replay:Undeath\u0027s Touch","Clash"],"picked":"SKIP","floor":11.0},{"not_picked":["Havoc","Flex","Anger"],"picked":"SKIP","floor":12.0},{"not_picked":["Havoc","Flex","Anger"],"picked":"SKIP","floor":12.0},{"not_picked":["Hemogenesis","Fiend Fire"],"picked":"Reaper","floor":16.0},{"not_picked":["True Grit+1","Evolve"],"picked":"Metallicize","floor":18.0},{"not_picked":["Spot Weakness","Iron Wave","Headbutt"],"picked":"SKIP","floor":20.0},{"not_picked":["Shockwave","Twin Strike+1","Power Through"],"picked":"SKIP","floor":21.0},{"not_picked":["Shrug It Off+1","Demonic Infusion","Clothesline"],"picked":"SKIP","floor":22.0},{"not_picked":["Seeing Red","Body Slam"],"picked":"Inflame","floor":24.0},{"not_picked":["Sentinel","Twin Strike","infinitespire:OneForAll","Reckless Charge"],"picked":"SKIP","floor":27.0},{"not_picked":["ReplayTheSpireMod:Strike From Hell","Clash","Anger","Flame Barrier"],"picked":"SKIP","floor":28.0},{"not_picked":["Body Slam+1","Intimidate+1","ReplayTheSpireMod:LeadingStrike","Fiend Fire"],"picked":"SKIP","floor":30.0},{"not_picked":["Body Slam","Havoc","True Grit+1","Pommel Strike"],"picked":"SKIP","floor":31.0},{"not_picked":["Immolate","Eclipse","Offering"],"picked":"Reaper","floor":33.0},{"not_picked":["True Grit","Anger","ReplayTheSpireMod:Strike From Hell","Shrug It Off+1"],"picked":"SKIP","floor":35.0},{"not_picked":["infinitespire:FinalStrike","infinitespire:Punishment"],"picked":"ReplayTheSpireMod:Chaos Vortex","floor":38.0},{"not_picked":["Flex","Searing Blow+1","Flame Barrier"],"picked":"Double Tap","floor":40.0},{"not_picked":["Heavy Blade+1","Twin Strike","Power Through+1","Pommel Strike"],"picked":"SKIP","floor":42.0},{"not_picked":["Iron Wave+1","Searing Blow+1","Clothesline","Wild Strike"],"picked":"SKIP","floor":46.0},{"not_picked":["Warcry","Body Slam","Power Through"],"picked":"Juggernaut","floor":47.0},{"not_picked":["Heavy Blade","Clothesline","Shockwave","Seeing Red+1"],"picked":"SKIP","floor":48.0},{"not_picked":["Eclipse","Flame Barrier","Replay:Many Hands","Body Slam+1"],"picked":"SKIP","floor":54.0}],"player_experience":508255,"relics_obtained":[{"floor":5.0,"key":"Dead Branch"},{"floor":7.0,"key":"Old Coin"},{"floor":14.0,"key":"Snack Pack"},{"floor":14.0,"key":"Blue Doll"},{"floor":24.0,"key":"UnicornStump"},{"floor":26.0,"key":"Question Card"},{"floor":30.0,"key":"Mirror"},{"floor":37.0,"key":"BloodDonationMachine"},{"floor":40.0,"key":"AnarchistCookbook"},{"floor":43.0,"key":"Bird Faced Urn"},{"floor":47.0,"key":"Champion Belt"},{"floor":54.0,"key":"Strawberry"}],"event_choices":[{"damage_healed":0.0,"max_hp_gain":0.0,"max_hp_loss":0.0,"gold_gain":75.0,"event_name":"World of Goop","player_choice":"Gather Gold","floor":8.0,"gold_loss":0.0,"damage_taken":11.0},{"damage_healed":0.0,"max_hp_gain":0.0,"max_hp_loss":0.0,"gold_gain":0.0,"event_name":"HidenRoomEvent","player_choice":"Fight","floor":14.0,"gold_loss":0.0,"damage_taken":0.0},{"damage_healed":0.0,"max_hp_gain":0.0,"max_hp_loss":0.0,"gold_gain":275.0,"event_name":"Golden Shrine","player_choice":"Desecrate","floor":36.0,"gold_loss":0.0,"damage_taken":0.0,"cards_obtained":["Regret"]},{"damage_healed":0.0,"max_hp_gain":0.0,"max_hp_loss":0.0,"gold_gain":0.0,"event_name":"MindBloom","player_choice":"Fight","floor":37.0,"gold_loss":0.0,"damage_taken":0.0},{"damage_healed":0.0,"max_hp_gain":0.0,"max_hp_loss":0.0,"gold_gain":0.0,"event_name":"Winding Halls","player_choice":"Embrace Madness","floor":41.0,"gold_loss":0.0,"damage_taken":10.0,"cards_obtained":["Madness","Madness"]}],"is_beta":false,"boss_relics":[{"not_picked":["ChewingGum","Painkiller Herb"],"picked":"energizedSpire:OgreHead"},{"not_picked":[]},{"not_picked":["Ooze Armor","SlaversCollar"],"picked":"Philosopher\u0027s Stone"},{"not_picked":[]}],"items_purged_floors":[10,10,39,44],"is_endless":false,"potions_floor_spawned":[11,14,18,21,27,28,31,33,40,47,48],"killed_by":"Delirium","ascension_level":5}}