{"host":"jfbo3eu2ui08ej1u","time":1610600658,"event":{"mods":["2.2 Compatiblity","AchievementEnabler","Act Like it!","Aspiration","BaseMod","Better Altar","Better Match","Better Note","Better Sensory Stone","Better Skull","Better Third Choice","Block Reminder","Colored Map","Colored Powertips","Conspire","DeckTracker","Displayed Cursed Tome","Downfall","Energized Spire","Fox Events","GifTheSpireLib","Hubris","Infinite Spire","Marked Mod","Minty Spire (QoL Compilation)","Pale of the Ancients","Quick Restart","RRrroohrrRGHHhhh!!","Relic Filter","Reorder Act Four","Replay The Spire","Shop Mod","Spicy Shops","StSLib","Stuff the Spire","The Blue Laboratory","The Disciple","The Forsaken","The Hierophant","The Marked","Uncapped","Unceasing Turn Reminder","Wandering Minibosses"],"gold_per_floor":[99,119,3,3,16,32,32,17,17,17,17,17,28,55,66,66,66,66],"floor_reached":16,"language":"ENG","playtime":663,"items_purged":["champ:Strike"],"score":113,"play_id":"aff5b404-0560-47fc-b6f7-a9cdab6ccb80","local_time":"20210114000418","is_ascension_mode":true,"campfire_choices":[{"data":"champ:Devastate","floor":1.0,"key":"SMITH"},{"floor":10.0,"key":"REST"},{"data":"champ:Taunt","floor":12.0,"key":"SMITH"}],"circlet_count":0,"master_deck":["champ:Strike","champ:Defend","champ:Defend","champ:Defend","champ:Defend","champ:Execute","champ:Taunt+1","champ:Devastate+1","champ:GladiatorsShout","champ:Riposte","champ:Backstep","champ:ShieldSigil","champ:StanceDance","champ:BringItOn","champ:IgnorePain"],"relics":["champ:ChampionCrown","hubris:Icosahedron","conspire:DeflatedDodgeball","White Beast Statue","ReplayTheSpireMod:Shallot"],"acts_visited":["Exordium"],"potions_floor_usage":[16],"damage_taken":[{"damage":7.0,"enemies":"Small Slimes","floor":2.0,"turns":4.0},{"damage":15.0,"enemies":"downfall:FleeingMerchant","floor":3.0,"turns":4.0},{"damage":0.0,"enemies":"2 Louse","floor":5.0,"turns":3.0},{"damage":52.0,"enemies":"3 Sentries","floor":6.0,"turns":12.0},{"damage":5.0,"enemies":"downfall:FleeingMerchant","floor":8.0,"turns":4.0},{"damage":0.0,"enemies":"Jaw Worm","floor":13.0,"turns":1.0},{"damage":37.0,"enemies":"Lagavulin","floor":14.0,"turns":7.0},{"damage":0.0,"enemies":"Blue Slaver","floor":15.0,"turns":2.0},{"damage":46,"enemies":"downfall:Defect","floor":16,"turns":8}],"seed_played":"7378264828852566027","potions_obtained":[{"floor":5.0,"key":"blueLaboratory:HorrorPotion"},{"floor":8.0,"key":"blueLaboratory:NullPotion"},{"floor":13.0,"key":"Strength Potion"},{"floor":14.0,"key":"Dexterity Potion"}],"is_trial":false,"path_per_floor":["R","M","$","?","M","E","T","$","?","R","?","R","M","E","M","B"],"character_chosen":"THE_CHAMP","items_purchased":["champ:Backstep"],"campfire_rested":1,"item_purchase_floors":[3],"current_hp_per_floor":[90,88,78,78,78,38,38,38,38,65,65,65,65,42,42,0,0,0],"gold":66,"neow_bonus":"TRANSFORM_CARD","is_daily":false,"chose_seed":false,"campfire_upgraded":2,"win_rate":0.0,"timestamp":1610600658,"path_taken":["R","M","$","?","M","E","T","$","?","R","?","R","M","E","M","BOSS"],"items_purchased_type":["Card"],"build_version":"2020-12-22","purchased_purges":1,"victory":false,"max_hp_per_floor":[90,90,90,90,90,90,90,90,90,90,90,90,90,90,90,90,90,90],"card_choices":[{"not_picked":["champ:Backstep","champ:FocusedBerserking"],"picked":"champ:GladiatorsShout","floor":2.0},{"not_picked":["champ:RisingSlash","champ:GladiatorsShout"],"picked":"champ:Riposte","floor":3.0},{"not_picked":["champ:Encircle","champ:EnGarde"],"picked":"champ:ShieldSigil","floor":5.0},{"not_picked":["champ:DefensiveShout","champ:GladiatorsShout"],"picked":"champ:StanceDance","floor":6.0},{"not_picked":["champ:EnragedBash","champ:IgnorePain","champ:FocusedDefense"],"picked":"SKIP","floor":8.0},{"not_picked":["champ:FocusedGladiator","champ:ShieldWall"],"picked":"champ:BringItOn","floor":13.0},{"not_picked":["champ:Shatter","champ:FocusedBerserking"],"picked":"champ:IgnorePain","floor":14.0},{"not_picked":["champ:Circumvent","champ:ShieldSigil","champ:FightOn"],"picked":"SKIP","floor":15.0}],"player_experience":1211928,"relics_obtained":[{"floor":6.0,"key":"conspire:DeflatedDodgeball"},{"floor":7.0,"key":"White Beast Statue"},{"floor":14.0,"key":"ReplayTheSpireMod:Shallot"}],"event_choices":[{"damage_healed":0.0,"max_hp_gain":0.0,"max_hp_loss":0.0,"gold_gain":0.0,"event_name":"conspire:LoneGhost","player_choice":"Disagree","floor":9.0,"gold_loss":0.0,"damage_taken":0.0}],"is_beta":false,"boss_relics":[],"items_purged_floors":[3],"is_endless":false,"potions_floor_spawned":[5,8,13,14,15],"killed_by":"downfall:Defect","ascension_level":1}}