{"host":"oumbqh1z6oj8ya5w","time":1610641899,"event":{"mods":["A Magickal Journey","AchievementEnabler","Act Like it!","Aspiration","Astrologer","BaseMod","Better Note","Conjunction","Gensokyo","Googly Eyes","Hallownest","Hyrulean Relics","Jedi Mod","Koishi","Marisa????????","Minty Spire (QoL Compilation)","Pale of the Ancients","Rare Cards Sparkle","Reimu??????","SCP261 Mod","SacredBarkPlus","StSLib","The Bladedancer","The Blue Laboratory","The Bug Knight","The Death Knight","The Forsaken","The Servant 0.9.4","The Spell Scribe","Uncapped"],"gold_per_floor":[359,359,373,7,20,20,20,20],"floor_reached":7,"language":"ENG","playtime":303,"items_purged":[],"score":68,"play_id":"c660f263-cb61-4416-9ba1-6109cdb73f38","local_time":"20210114163139","is_ascension_mode":true,"campfire_choices":[{"floor":6,"key":"REST"}],"circlet_count":0,"master_deck":["AscendersBane","Strike_MRS","Strike_MRS","Strike_MRS","Strike_MRS","Defend_MRS","Defend_MRS","Defend_MRS","Defend_MRS","MasterSpark","UpSweep","MagicChant","6A","BlazeAway","GravityBeat","ManaConvection"],"relics":["MiniHakkero","Prayer Wheel"],"acts_visited":["Exordium"],"potions_floor_usage":[7,7],"damage_taken":[{"damage":2,"enemies":"Gensokyo:Python","floor":1,"turns":3},{"damage":9,"enemies":"Gensokyo:3_Fairies","floor":3,"turns":5},{"damage":6,"enemies":"Gensokyo:2_Kodama","floor":5,"turns":4},{"damage":57,"enemies":"Gensokyo:Cirno","floor":7,"turns":6}],"seed_played":"-4735125667514427385","potions_obtained":[{"floor":3,"key":"blueLaboratory:BottledHope"},{"floor":5,"key":"blueLaboratory:BottleOfVodka"}],"is_trial":false,"path_per_floor":["M","?","M","$","M","R","E"],"character_chosen":"MARISA","items_purchased":["Prayer Wheel","BlazeAway"],"campfire_rested":1,"item_purchase_floors":[4,4],"current_hp_per_floor":[48,48,39,39,33,55,0,0],"gold":20,"neow_bonus":"TWO_FIFTY_GOLD","is_daily":false,"chose_seed":false,"campfire_upgraded":0,"win_rate":0.0,"timestamp":1610641899,"path_taken":["M","?","?","$","?","R","E"],"items_purchased_type":["Relic","Card"],"build_version":"2020-12-22","purchased_purges":0,"victory":false,"max_hp_per_floor":[75,75,75,75,75,75,75,75],"card_choices":[{"not_picked":["ShootingEcho","GravityBeat"],"picked":"MagicChant","floor":1},{"not_picked":["WitchLeyline","EventHorizon"],"picked":"6A","floor":3},{"not_picked":["FairyDestructionRay","DC"],"picked":"GravityBeat","floor":5},{"not_picked":["Orbital","LuminesStrike"],"picked":"ManaConvection","floor":5}],"player_experience":588424,"relics_obtained":[],"event_choices":[],"is_beta":false,"boss_relics":[],"items_purged_floors":[],"is_endless":false,"potions_floor_spawned":[3,5],"killed_by":"Gensokyo:Cirno","ascension_level":13}}