{"host":"59efrpl3ft1ymrg4","time":1610626320,"event":{"mods":["BaseMod","Infinite Spire","Minty Spire (QoL Compilation)","Replay The Spire","StSLib"],"gold_per_floor":[116,130,55,55,65,92,108,108,408,428,82,107,107,107,107,204,204,217,76,114,39,56,56,66,77,101,111,127,127,145,176,176,274,274,289,289,301,316,332,332,348,348,423,443,443,443],"floor_reached":45,"language":"ENG","playtime":3655,"items_purged":["Strike_P","Hallucinations","Regret","Spreading Infection"],"score":526,"play_id":"6090200a-80cc-44cd-8540-2bdb0f161f39","local_time":"20210114121200","is_ascension_mode":false,"campfire_choices":[{"data":"FlurryOfBlows","floor":8,"key":"SMITH"},{"data":"FlurryOfBlows","floor":13,"key":"SMITH"},{"data":"Replay:Battleflow","floor":15,"key":"SMITH"},{"floor":23,"key":"REST"},{"floor":29,"key":"REST"},{"data":"Defend_P","floor":32,"key":"PURGE"},{"floor":40,"key":"REST"},{"floor":42,"key":"REST"}],"circlet_count":0,"master_deck":["Strike_P","Strike_P","Strike_P","Defend_P","Defend_P","Eruption","Vigilance","FlurryOfBlows+1","Prostrate","Conclude","Tantrum","EmptyBody+1","FlurryOfBlows+1","Replay:Hum+1","JustLucky","Replay:Battleflow+1","Devotion","EmptyFist+1","Replay:ManipulateFuture+1","Replay:Battleflow+1","Crescendo+1","DevaForm+1","FlurryOfBlows","ClearTheMind","FlurryOfBlows+1","Normality"],"relics":["Cursed Key","infinitespire:Eraser","Old Coin","Membership Card","Centennial Puzzle","Ginger","Bronze Scales","Medical Kit","FossilizedHelix","Gremlin Food","Anchor","Simple Rune","VioletLotus","Divine Protection","Quantum Egg"],"acts_visited":["Exordium","TheCity","TheBeyond"],"potions_floor_usage":[16,18,27,31,33,39],"damage_taken":[{"damage":0,"enemies":"2 Louse","floor":1,"turns":3},{"damage":1,"enemies":"Cultist","floor":2,"turns":3},{"damage":7,"enemies":"Jaw Worm","floor":5,"turns":4},{"damage":0,"enemies":"Gremlin Nob","floor":6,"turns":3},{"damage":0,"enemies":"Looter","floor":7,"turns":2},{"damage":1,"enemies":"Exordium Thugs","floor":10,"turns":3},{"damage":0,"enemies":"3 Sentries","floor":12,"turns":3},{"damage":26,"enemies":"Hexaghost","floor":16,"turns":7},{"damage":2,"enemies":"Spheric Guardian","floor":18,"turns":3},{"damage":0,"enemies":"Shell Parasite","floor":22,"turns":2},{"damage":0,"enemies":"Chosen and Byrds","floor":24,"turns":4},{"damage":3,"enemies":"3 Cultists","floor":25,"turns":4},{"damage":4,"enemies":"Snecko","floor":27,"turns":4},{"damage":14,"enemies":"Sentry and Sphere","floor":28,"turns":3},{"damage":0,"enemies":"Chosen and Byrds","floor":30,"turns":4},{"damage":15,"enemies":"Book of Stabbing","floor":31,"turns":3},{"damage":32,"enemies":"Champ","floor":33,"turns":7},{"damage":0,"enemies":"Orb Walker","floor":35,"turns":3},{"damage":15,"enemies":"3 Shapes","floor":37,"turns":3},{"damage":0,"enemies":"Spire Growth","floor":38,"turns":4},{"damage":19,"enemies":"Sphere and 2 Shapes","floor":39,"turns":4},{"damage":33,"enemies":"3 Darklings","floor":41,"turns":3},{"damage":23,"enemies":"Writhing Mass","floor":44,"turns":4},{"damage":34,"enemies":"Reptomancer","floor":45,"turns":2}],"seed_played":"380744183203417449","potions_obtained":[{"floor":2,"key":"Adrenaline Potion"},{"floor":5,"key":"BottledMiracle"},{"floor":12,"key":"LiquidBronze"},{"floor":16,"key":"Elixir"},{"floor":22,"key":"Dexterity Potion"},{"floor":24,"key":"GamblersBrew"},{"floor":30,"key":"DistilledChaos"},{"floor":33,"key":"Elixir"},{"floor":35,"key":"GamblersBrew"}],"is_trial":false,"path_per_floor":["M","M","$","?","M","E","M","R","T","M","$","E","R","?","R","B",null,"M","$","?","$","M","R","M","M","T","M","M","R","M","E","R","B",null,"M","AVR","M","M","M","R","M","R","T","M","E"],"character_chosen":"WATCHER","items_purchased":["Membership Card","Centennial Puzzle","JustLucky","Medical Kit","Gremlin Food"],"campfire_rested":4,"item_purchase_floors":[11,11,11,19,21],"current_hp_per_floor":[72,71,71,71,64,64,64,64,64,63,63,63,63,63,63,37,72,70,70,52,52,52,72,72,69,69,65,51,72,72,57,57,25,72,72,72,57,57,38,59,26,47,47,24,0,0],"gold":443,"neow_bonus":"BOSS_RELIC","is_daily":false,"chose_seed":false,"campfire_upgraded":3,"win_rate":0.0,"timestamp":1610626320,"path_taken":["M","M","$","?","?","E","M","R","T","M","$","E","R","?","R","BOSS","M","$","?","?","?","R","M","M","T","M","M","R","M","E","R","BOSS","M","AVR","?","M","?","R","M","R","T","M","E"],"items_purchased_type":["Relic","Relic","Card","Relic","Relic"],"build_version":"2020-12-22","purchased_purges":4,"victory":false,"max_hp_per_floor":[72,72,72,72,72,72,72,72,72,72,72,72,72,72,72,72,72,72,72,72,72,72,72,72,72,72,72,72,72,72,72,72,72,72,72,72,72,72,72,72,72,72,72,72,72,72],"card_choices":[{"not_picked":["BowlingBash","PathToVictory"],"picked":"FlurryOfBlows","floor":1},{"not_picked":["LikeWater","EmptyFist"],"picked":"Prostrate","floor":2},{"not_picked":["CarveReality","SashWhip"],"picked":"Tantrum","floor":5},{"not_picked":["Sanctity","CrushJoints"],"picked":"EmptyBody","floor":6},{"not_picked":["CarveReality","LessonLearned"],"picked":"FlurryOfBlows","floor":7},{"not_picked":["PathToVictory","Protect"],"picked":"Replay:Hum","floor":10},{"not_picked":["Replay:DivineShield","BattleHymn"],"picked":"Replay:Battleflow","floor":12},{"not_picked":["Establishment","ConjureBlade"],"picked":"Devotion","floor":16},{"not_picked":["FlyingSleeves","Adaptation","SashWhip"],"picked":"SKIP","floor":18},{"not_picked":["SandsOfTime+1","Replay:DivineShield"],"picked":"EmptyFist+1","floor":20},{"not_picked":["ThirdEye+1","FlyingSleeves+1"],"picked":"Replay:ManipulateFuture+1","floor":22},{"not_picked":["Collect+1","Replay:ManipulateFuture","Swivel"],"picked":"SKIP","floor":24},{"not_picked":["Replay:AtTheReady","Halt"],"picked":"Replay:Battleflow+1","floor":25},{"not_picked":["Alpha","PathToVictory","FollowUp"],"picked":"SKIP","floor":27},{"not_picked":["SashWhip","ForeignInfluence","ThirdEye"],"picked":"SKIP","floor":28},{"not_picked":["WreathOfFlame","InnerPeace"],"picked":"Crescendo+1","floor":30},{"not_picked":["EmptyMind","Halt+1","BowlingBash"],"picked":"SKIP","floor":31},{"not_picked":["DeusExMachina","Establishment"],"picked":"DevaForm","floor":33},{"not_picked":["CutThroughFate","Replay:BluntJabs+1"],"picked":"FlurryOfBlows","floor":35},{"not_picked":["Replay:AtTheReady+1","Replay:ManipulateFuture+1"],"picked":"ClearTheMind","floor":37},{"not_picked":["Replay:DivineShield","Perseverance+1"],"picked":"FlurryOfBlows","floor":38},{"not_picked":["Replay:ManipulateFuture","ReachHeaven","SignatureMove+1"],"picked":"SKIP","floor":39},{"not_picked":["Protect","Replay:Vibes","ClearTheMind"],"picked":"SKIP","floor":41},{"not_picked":["Indignation","Worship","Study"],"picked":"SKIP","floor":44}],"player_experience":52148,"relics_obtained":[{"floor":6,"key":"infinitespire:Eraser"},{"floor":9,"key":"Old Coin"},{"floor":12,"key":"Ginger"},{"floor":20,"key":"FossilizedHelix"},{"floor":26,"key":"Anchor"},{"floor":31,"key":"Simple Rune"},{"floor":43,"key":"Quantum Egg"}],"event_choices":[{"damage_healed":0,"gold_gain":0,"cards_transformed":["Defend_P"],"player_choice":"Transformed","damage_taken":0,"max_hp_gain":0,"max_hp_loss":0,"event_name":"Transmorgrifier","floor":4,"gold_loss":0,"cards_obtained":["Conclude"]},{"damage_healed":0,"gold_gain":0,"player_choice":"Box","damage_taken":0,"relics_obtained":["Bronze Scales"],"max_hp_gain":0,"max_hp_loss":0,"event_name":"Big Fish","floor":14,"gold_loss":0,"cards_obtained":["Regret"]}],"is_beta":false,"boss_relics":[{"not_picked":["Velvet Choker","infinitespire:Cupcake","ReplayTheSpireMod:SealedPack"]},{"not_picked":["Replay:Ancient Bell","Abe\u0027s Treasure"],"picked":"VioletLotus"}],"items_purged_floors":[3,11,19,36],"is_endless":false,"potions_floor_spawned":[2,5,12,16,22,24,30,33,35],"killed_by":"Reptomancer","ascension_level":0}}