{"host":"ecaj4hn004xnnrw9","time":1610634362,"event":{"mods":["AchievementEnabler","BaseMod","Better Third Choice","Hermit","Hubris","Infinite Spire","Jorbs\u0027s Wanderer Trilogy","Minty Spire (QoL Compilation)","Quick Restart","Shop Mod","StSLib","The Construct","The Jungle","The Runesmith"],"gold_per_floor":[113,12,12,25,39,66,66,94,94,94,94,113,113,13,13,117,117,132,132,132,7,20,20,45,45,45,63,96,108,108,108,108,108,108],"floor_reached":33,"language":"ENG","playtime":1043,"items_purged":["Strike_P","Strike_P","Strike_P"],"score":384,"play_id":"a5439de5-3d8a-4d5a-b025-8f7851c5f64c","local_time":"20210114142602","is_ascension_mode":true,"campfire_choices":[{"data":"TalkToTheHand","floor":7,"key":"SMITH"},{"data":"CrushJoints","floor":10,"key":"SMITH"},{"data":"SashWhip","floor":13,"key":"SMITH"},{"data":"CutThroughFate","floor":15,"key":"SMITH"},{"data":"Vigilance","floor":23,"key":"SMITH"},{"floor":30,"key":"REST"},{"floor":32,"key":"REST"}],"circlet_count":0,"master_deck":["Strike_P+1","Defend_P","Defend_P","Defend_P+1","Defend_P+1","Eruption+1","Vigilance+1","CrushJoints+1","Consecrate","SashWhip+1","CutThroughFate+1","TalkToTheHand+1","LessonLearned","Ragnarok+1","EmptyFist+1"],"relics":["Cursed Key"],"acts_visited":["Exordium","TheCity"],"potions_floor_usage":[24,28,28,28,33],"damage_taken":[{"damage":1,"enemies":"Cultist","floor":1,"turns":4},{"damage":4,"enemies":"Jaw Worm","floor":4,"turns":2},{"damage":0,"enemies":"2 Louse","floor":5,"turns":2},{"damage":19,"enemies":"3 Sentries","floor":6,"turns":8},{"damage":0,"enemies":"Gremlin Nob","floor":8,"turns":2},{"damage":0,"enemies":"2 Fungi Beasts","floor":12,"turns":1},{"damage":0,"enemies":"Slime Boss","floor":16,"turns":3},{"damage":0,"enemies":"Spheric Guardian","floor":18,"turns":2},{"damage":20,"enemies":"3 Byrds","floor":22,"turns":5},{"damage":19,"enemies":"Book of Stabbing","floor":24,"turns":5},{"damage":13,"enemies":"Shelled Parasite and Fungi","floor":27,"turns":4},{"damage":10,"enemies":"Slavers","floor":28,"turns":6},{"damage":0,"enemies":"Snake Plant","floor":29,"turns":2},{"damage":55,"enemies":"Collector","floor":33,"turns":6}],"seed_played":"-4205928584542042899","potions_obtained":[{"floor":5,"key":"Dexterity Potion"},{"floor":6,"key":"Ancient Potion"},{"floor":22,"key":"Block Potion"},{"floor":27,"key":"StancePotion"},{"floor":28,"key":"Dexterity Potion"}],"is_trial":false,"path_per_floor":["M","$","?","M","M","E","R","E","T","R","$","M","R","$","R","B",null,"M","?","?","$","M","R","E","?","T","M","E","M","R","?","R","B"],"character_chosen":"WATCHER","items_purchased":["Consecrate"],"campfire_rested":2,"item_purchase_floors":[2],"current_hp_per_floor":[71,71,71,67,67,48,48,48,48,48,48,48,48,48,48,48,72,72,72,72,72,52,52,33,33,33,20,10,10,31,31,52,0,0],"gold":108,"neow_bonus":"BOSS_RELIC","is_daily":false,"chose_seed":false,"campfire_upgraded":5,"win_rate":0.0,"timestamp":1610634362,"path_taken":["M","$","?","M","M","E","R","E","T","R","$","?","R","$","R","BOSS","M","?","?","$","M","R","E","?","T","?","E","M","R","?","R","BOSS"],"items_purchased_type":["Card"],"build_version":"2020-12-22","purchased_purges":3,"victory":false,"max_hp_per_floor":[72,72,72,72,72,72,72,72,72,72,72,72,72,72,72,72,72,72,72,72,72,72,72,72,72,72,72,72,72,72,72,72,72,72],"card_choices":[{"not_picked":["ThirdEye","Halt"],"picked":"CrushJoints","floor":1},{"not_picked":["Prostrate","JustLucky"],"picked":"SashWhip","floor":4},{"not_picked":["CrushJoints","EmptyFist"],"picked":"CutThroughFate","floor":5},{"not_picked":["SignatureMove","Consecrate"],"picked":"TalkToTheHand","floor":6},{"not_picked":["SignatureMove","CarveReality"],"picked":"LessonLearned","floor":8},{"not_picked":["ClearTheMind","WreathOfFlame","ThirdEye"],"picked":"SKIP","floor":12},{"not_picked":["DeusExMachina","Scrawl"],"picked":"Ragnarok","floor":16},{"not_picked":["CrushJoints","EmptyFist","ThirdEye"],"picked":"SKIP","floor":18},{"not_picked":["Pray","ClearTheMind","CrushJoints+1"],"picked":"SKIP","floor":22},{"not_picked":["LikeWater","WheelKick","Crescendo"],"picked":"SKIP","floor":24},{"not_picked":["Establishment","DeceiveReality"],"picked":"EmptyFist+1","floor":27},{"not_picked":["Tantrum","Prostrate","Crescendo+1"],"picked":"SKIP","floor":28},{"not_picked":["WindmillStrike","BowlingBash","EmptyBody+1"],"picked":"SKIP","floor":29}],"player_experience":339921,"relics_obtained":[],"event_choices":[{"damage_healed":0,"gold_gain":0,"player_choice":"Upgraded","damage_taken":0,"max_hp_gain":0,"max_hp_loss":0,"event_name":"Upgrade Shrine","floor":3,"gold_loss":0,"cards_upgraded":["Eruption"]},{"damage_healed":0,"gold_gain":0,"player_choice":"Ignored","damage_taken":0,"max_hp_gain":0,"max_hp_loss":0,"event_name":"The Mausoleum","floor":19,"gold_loss":0},{"damage_healed":0,"gold_gain":0,"player_choice":"Relic","damage_taken":0,"max_hp_gain":0,"max_hp_loss":0,"event_name":"Wheel of Change","floor":25,"gold_loss":0}],"is_beta":false,"boss_relics":[{"not_picked":["Snecko Eye","SlaversCollar","construct:WeddingRing"]}],"items_purged_floors":[2,14,21],"is_endless":false,"potions_floor_spawned":[5,6,22,27,28],"killed_by":"Collector","ascension_level":1}}