{"host":"wbdly04l9mkn9nrc","time":1610604197,"event":{"mods":["AchievementEnabler","BaseMod","BetterRewards","Minty Spire (QoL Compilation)","Replay The Spire","StSLib","[IsaacMod]ÒÔÈö¼âËþ"],"gold_per_floor":[112,123,123,123,141,182,207,259,283,283,358,155,5,31,31,165,165,200,475,475,339,339,339,362,422,422,422,446,478,478,152,152,308,308,334,334,334,334,105,169,303,303,381,381,450,494,304,359,359,395],"floor_reached":51,"language":"ZHS","playtime":2529,"items_purged":["Strike_P","Defend_P","Regret"],"score":1541,"play_id":"641b2453-2ac9-458c-96b4-07d6b154ae6f","local_time":"20210114140317","is_ascension_mode":true,"campfire_choices":[{"data":"Apotheosis","floor":10.0,"key":"SMITH"},{"floor":15.0,"key":"DIG"},{"data":"Collect","floor":23.0,"key":"SMITH"},{"data":"DeusExMachina","floor":27.0,"key":"SMITH"},{"data":"Eruption","floor":30.0,"key":"SMITH"},{"data":"DevaForm","floor":32.0,"key":"SMITH"},{"data":"DeusExMachina","floor":42.0,"key":"SMITH"},{"data":"TalkToTheHand","floor":44.0,"key":"SMITH"},{"data":"BettingIsNotGood","floor":49.0,"key":"SMITH"}],"circlet_count":0,"master_deck":["AscendersBane","Defend_P","Eruption+1","Vigilance","BettingIsNotGood+1","DevaForm+1","Brilliance","Wallop","EpicFetus","Apotheosis+1","EmptyBody","FollowUp","DeusExMachina+1","ThirdEye","SpiritShield","Ragnarok+1","ConjureBlade+1","ReachHeaven+1","Crescendo+1","Evaluate","Collect+1","InnerPeace","FollowUp","Wish+1","Scrawl","Madness","Madness","TalkToTheHand+1","Adaptation+1","DeusExMachina+1","BattleHymn+1","ForeignInfluence+1","CrushJoints+1","FearNoEvil","FlurryOfBlows+1","Parasite"],"relics":["PureWater","HushsDoor","YumHeart","Quantum Egg","Lee\u0027s Waffle","ReplayTheSpireMod:Lightbulb","Centennial Puzzle","SteamSale","PreservedInsect","Golden Idol","Dream Catcher","Replay:Bandana","InkBottle","Tiny Chest","Odd Mushroom","Gambling Chip","DoctorsRemote","Turnip","Astrolabe","Letter Opener","Sling","Mercury Hourglass","GuppysTail","Du-Vu Doll","Counterbalance","Kunai","Black Star","GnawedLeaf","Orrery","Anchor","Gremlin Food","White Beast Statue","CeramicFish","Darkstone Periapt","Frozen Egg 2","Akabeko","BookOfRevelations","TheBean"],"acts_visited":["Exordium","TheCity","TheBeyond"],"potions_floor_usage":[50],"damage_taken":[{"damage":2.0,"enemies":"2 Louse","floor":1.0,"turns":3.0},{"damage":4.0,"enemies":"Jaw Worm","floor":2.0,"turns":2.0},{"damage":8.0,"enemies":"Small Slimes","floor":5.0,"turns":2.0},{"damage":10.0,"enemies":"3 Sentries","floor":6.0,"turns":2.0},{"damage":0.0,"enemies":"Blue Slaver","floor":7.0,"turns":1.0},{"damage":0.0,"enemies":"Lagavulin","floor":8.0,"turns":3.0},{"damage":6.0,"enemies":"The Mushroom Lair","floor":11.0,"turns":3.0},{"damage":0.0,"enemies":"Exordium Wildlife","floor":14.0,"turns":3.0},{"damage":5.0,"enemies":"Fading Forest","floor":16.0,"turns":11.0},{"damage":28.0,"enemies":"Shell Parasite","floor":18.0,"turns":3.0},{"damage":6.0,"enemies":"3 Byrds","floor":24.0,"turns":2.0},{"damage":7.0,"enemies":"Book of Stabbing","floor":25.0,"turns":3.0},{"damage":0.0,"enemies":"Centurion and Healer","floor":29.0,"turns":2.0},{"damage":4.0,"enemies":"Automaton","floor":33.0,"turns":4.0},{"damage":18.0,"enemies":"3 Shapes","floor":35.0,"turns":2.0},{"damage":2.0,"enemies":"Giant Head","floor":40.0,"turns":3.0},{"damage":3.0,"enemies":"R_Hoarder","floor":45.0,"turns":6.0},{"damage":3.0,"enemies":"3 Darklings","floor":46.0,"turns":2.0},{"damage":0.0,"enemies":"Writhing Mass","floor":48.0,"turns":3.0},{"damage":7,"enemies":"Donu and Deca","floor":50,"turns":3}],"seed_played":"7514734423949038486","potions_obtained":[{"floor":1.0,"key":"Adrenaline Potion"},{"floor":11.0,"key":"BlessingOfTheForge"},{"floor":25.0,"key":"BottledMiracle"},{"floor":29.0,"key":"DuplicationPotion"},{"floor":48.0,"key":"Energy Potion"}],"is_trial":false,"path_per_floor":["M","M","?","?","M","E","M","E","T","R","?","$","$","M","R","B",null,"M","?","T","$","?","R","M","E","T","R","?","M","R","$","R","B",null,"M","T","$","?","$","E","?","R","T","R","E","M","$","M","R","B",null],"character_chosen":"WATCHER","items_purchased":["Quantum Egg","DevaForm","Brilliance","Lee\u0027s Waffle","Wallop","ReplayTheSpireMod:Lightbulb","EpicFetus","Centennial Puzzle","SteamSale","Apotheosis","PreservedInsect","ColorlessPotion","Adrenaline Potion","Gambling Chip","DoctorsRemote","ThirdEye","Sling","Counterbalance","Wish+1","Kunai","Orrery","Anchor","Gremlin Food","BookOfRevelations","TheBean","FearNoEvil","FlurryOfBlows+1"],"campfire_rested":0,"item_purchase_floors":[0,0,0,0,0,0,0,0,0,0,0,0,0,12,13,13,21,31,31,31,39,39,39,47,47,47,47],"current_hp_per_floor":[77,73,54,51,78,68,68,68,68,68,62,62,62,62,62,79,79,76,76,76,76,76,76,70,63,63,63,63,63,63,63,63,69,77,59,59,59,49,49,72,72,72,72,72,69,66,66,77,77,70],"gold":395,"neow_bonus":"","is_daily":false,"chose_seed":false,"campfire_upgraded":8,"win_rate":0.0,"timestamp":1610604197,"path_taken":["M","M","?","?","M","E","M","E","T","R","?","?","$","M","R","BOSS","M","?","?","$","?","R","?","E","T","R","?","M","R","$","R","BOSS","M","?","$","?","$","E","?","R","T","R","E","M","?","M","R","BOSS"],"items_purchased_type":["Relic","Card","Card","Relic","Card","Relic","Card","Relic","Relic","Card","Relic","Potion","Potion","Relic","Relic","Card","Relic","Relic","Card","Relic","Relic","Relic","Relic","Relic","Relic","Card","Card"],"build_version":"2020-12-22","purchased_purges":3,"victory":true,"max_hp_per_floor":[79,79,79,79,79,79,79,79,79,79,79,79,79,79,79,79,79,79,79,79,79,79,79,79,79,79,79,79,79,79,79,79,79,79,79,79,79,79,79,79,79,79,79,79,79,79,79,85,85,85],"card_choices":[{"not_picked":[],"picked":"BettingIsNotGood","floor":0.0},{"not_picked":["SashWhip","Study","PathToVictory"],"picked":"SKIP","floor":1.0},{"not_picked":["InnerPeace","Vengeance"],"picked":"EmptyBody","floor":2.0},{"not_picked":["SignatureMove","WindmillStrike","Replay:AtTheReady"],"picked":"SKIP","floor":5.0},{"not_picked":["FlurryOfBlows","Wallop"],"picked":"FollowUp","floor":6.0},{"not_picked":["LikeWater","Bomb"],"picked":"DeusExMachina","floor":7.0},{"not_picked":["FollowUp","Consecrate","Evaluate"],"picked":"SKIP","floor":8.0},{"not_picked":["Protect","Replay:Cycle","CrushJoints"],"picked":"SKIP","floor":14.0},{"not_picked":["Blasphemy","Establishment"],"picked":"SpiritShield","floor":16.0},{"not_picked":["Sanctity","FearNoEvil"],"picked":"Crescendo+1","floor":18.0},{"not_picked":["Perseverance","FollowUp","Weave"],"picked":"SKIP","floor":24.0},{"not_picked":["LikeWater","Consecrate+1"],"picked":"InnerPeace","floor":25.0},{"not_picked":["InnerPeace","Wallop"],"picked":"FollowUp","floor":28.0},{"not_picked":["ThirdEye+1","Fasting2","EmptyBody"],"picked":"SKIP","floor":29.0},{"not_picked":["Alpha","Ragnarok"],"picked":"Scrawl","floor":33.0},{"not_picked":["Replay:ManipulateFuture+1","Crescendo","Tantrum"],"picked":"SKIP","floor":35.0},{"not_picked":["WheelKick","Replay:ManipulateFuture+1"],"picked":"TalkToTheHand","floor":39.0},{"not_picked":["BowlingBash+1","JustLucky+1"],"picked":"Adaptation+1","floor":39.0},{"not_picked":["ThirdEye","Indignation"],"picked":"DeusExMachina","floor":40.0},{"not_picked":["EmptyBody","PathToVictory+1"],"picked":"BattleHymn+1","floor":41.0},{"not_picked":["MentalFortress+1","Replay:DivineShield"],"picked":"ForeignInfluence+1","floor":45.0},{"not_picked":["JustLucky","Sanctity+1"],"picked":"CrushJoints+1","floor":46.0},{"not_picked":["ThirdEye+1","Protect","SashWhip+1"],"picked":"SKIP","floor":48.0}],"player_experience":238388,"relics_obtained":[{"floor":6.0,"key":"Replay:Bandana"},{"floor":8.0,"key":"InkBottle"},{"floor":9.0,"key":"Tiny Chest"},{"floor":11.0,"key":"Odd Mushroom"},{"floor":15.0,"key":"Turnip"},{"floor":20.0,"key":"Letter Opener"},{"floor":25.0,"key":"Mercury Hourglass"},{"floor":26.0,"key":"GuppysTail"},{"floor":28.0,"key":"Du-Vu Doll"},{"floor":36.0,"key":"GnawedLeaf"},{"floor":40.0,"key":"White Beast Statue"},{"floor":40.0,"key":"CeramicFish"},{"floor":43.0,"key":"Darkstone Periapt"},{"floor":45.0,"key":"Frozen Egg 2"},{"floor":45.0,"key":"Akabeko"}],"event_choices":[{"damage_healed":0.0,"max_hp_gain":0.0,"max_hp_loss":0.0,"gold_gain":0.0,"event_name":"Golden Idol","player_choice":"Take Damage","floor":3.0,"gold_loss":0.0,"damage_taken":19.0,"relics_obtained":["Golden Idol"]},{"damage_healed":0.0,"max_hp_gain":0.0,"max_hp_loss":0.0,"gold_gain":0.0,"event_name":"Scrap Ooze","player_choice":"Success","floor":4.0,"gold_loss":0.0,"damage_taken":3.0,"relics_obtained":["Dream Catcher"]},{"damage_healed":0.0,"max_hp_gain":0.0,"max_hp_loss":0.0,"gold_gain":0.0,"event_name":"Mushrooms","player_choice":"Fought Mushrooms","floor":11.0,"gold_loss":0.0,"damage_taken":0.0},{"damage_healed":0.0,"max_hp_gain":0.0,"max_hp_loss":0.0,"gold_gain":275.0,"event_name":"Golden Shrine","player_choice":"Desecrate","floor":19.0,"gold_loss":0.0,"damage_taken":0.0,"cards_obtained":["Regret"]},{"damage_healed":0.0,"max_hp_gain":0.0,"max_hp_loss":0.0,"gold_gain":0.0,"cards_transformed":["Strike_P","Strike_P"],"event_name":"Drug Dealer","player_choice":"Became Test Subject","floor":22.0,"gold_loss":0.0,"damage_taken":0.0,"cards_obtained":["Evaluate","Collect"]},{"damage_healed":0.0,"max_hp_gain":0.0,"max_hp_loss":0.0,"gold_gain":0.0,"event_name":"Winding Halls","player_choice":"Embrace Madness","floor":38.0,"gold_loss":0.0,"damage_taken":10.0,"cards_obtained":["Madness","Madness"]}],"is_beta":false,"boss_relics":[{"not_picked":["Runic Dome","SlaversCollar"],"picked":"Astrolabe"},{"not_picked":[]},{"not_picked":["Philosopher\u0027s Stone","Replay:Drink Me"],"picked":"Black Star"},{"not_picked":[]}],"items_purged_floors":[0,12,21],"is_endless":false,"potions_floor_spawned":[1,5,11,16,25,29,35,40,45,46,48],"ascension_level":10}}