{"host":"7w9k7wbji6yxkaex","time":1610596905,"event":{"mods":["100% Spire Juice","Act Like it!","BaseMod","DeckTracker","Elementarium","Gremlin Mod","Hubris","Jorbs\u0027s Wanderer Trilogy","Lobotomy","Minty Spire (QoL Compilation)","Potionbrewer","Quick Restart","READ ME - Guardian Mod","Slay the Relics Exporter","StSLib","The Dragon Tamer","The Druid","The Hierophant","The Marked","The Showman","The Warrior","TheHero"],"gold_per_floor":[109,109,119,74,85,114,114,125,125,125,5,25,25,39,39,140,20,34,13,32,107,119,119,30,48,73,73,73,73,73,85,85,85,85],"floor_reached":33,"language":"ENG","playtime":2633,"items_purged":[],"score":267,"play_id":"314a8933-4d10-4940-96be-88d8ee106806","local_time":"20210113220145","is_ascension_mode":false,"campfire_choices":[{"floor":7,"key":"REST"},{"floor":11,"key":"REST"},{"data":"Moonworks:CloudOfSeagulls","floor":13,"key":"SMITH"},{"data":"Moonworks:SakisCookie","floor":15,"key":"SMITH"},{"floor":23,"key":"REST"},{"floor":29,"key":"REST"},{"floor":32,"key":"REST"}],"circlet_count":0,"master_deck":["Moonworks:Strike+1","Moonworks:Strike","Moonworks:Strike+1","Moonworks:Strike","Moonworks:Defend","Moonworks:Defend","Moonworks:Defend","Moonworks:Defend","Moonworks:Ambush","Moonworks:LongDistanceShot","Moonworks:TacticalRetreat","Moonworks:NicePresent","Moonworks:IndiscriminateFireSupport","Moonworks:SakisCookie+1","Moonworks:NicePresent","Moonworks:CloudOfSeagulls+1","Moonworks:JonathanRush","Moonworks:CrystalBarrier","Moonworks:CloudOfSeagulls+1","Moonworks:CloudOfSeagulls+1","Moonworks:SakisCookie","Moonworks:LulusLuckyEgg+1","Moonworks:SakisCookie","Moonworks:Accelerator","Moonworks:Dinner"],"relics":["Moonworks:BrokenBomb","Moonworks:Homemark","Blood Vial","potionbrewer:WarMedal","Runic Pyramid","hubris:TenFootPole","Toy Ornithopter"],"acts_visited":["Exordium","TheCity"],"potions_floor_usage":[6,16,16,24,33],"damage_taken":[{"damage":3,"enemies":"2 Louse","floor":1,"turns":3},{"damage":1,"enemies":"Jaw Worm","floor":3,"turns":3},{"damage":0,"enemies":"Cultist","floor":5,"turns":3},{"damage":10,"enemies":"Gremlin Nob","floor":6,"turns":3},{"damage":13,"enemies":"Blue Slaver","floor":8,"turns":4},{"damage":0,"enemies":"3 Louse","floor":12,"turns":1},{"damage":1,"enemies":"Red Slaver","floor":14,"turns":2},{"damage":51,"enemies":"Slime Boss","floor":16,"turns":10},{"damage":2,"enemies":"Spheric Guardian","floor":18,"turns":4},{"damage":0,"enemies":"3 Byrds","floor":20,"turns":3},{"damage":35,"enemies":"Snake Plant","floor":22,"turns":4},{"damage":15,"enemies":"Gremlin Leader","floor":24,"turns":6},{"damage":17,"enemies":"3 Cultists","floor":25,"turns":5},{"damage":23,"enemies":"Chosen and Byrds","floor":31,"turns":7},{"damage":63,"enemies":"Automaton","floor":33,"turns":6}],"seed_played":"-2707099850055051889","potions_obtained":[{"floor":1,"key":"potionbrewer:AcidPotion"},{"floor":8,"key":"SkillPotion"},{"floor":10,"key":"PowerPotion"},{"floor":10,"key":"Energy Potion"},{"floor":20,"key":"FearPotion"},{"floor":25,"key":"SmokeBomb"},{"floor":31,"key":"GamblersBrew"}],"is_trial":false,"path_per_floor":["M","?","M","?","M","E","R","M","T","?","R","M","R","M","R","B",null,"M","?","M","?","M","R","E","M","T","$","$","R","?","M","R","B"],"character_chosen":"THE_STARBREAKER","items_purchased":[],"campfire_rested":5,"item_purchase_floors":[],"current_hp_per_floor":[57,45,44,33,33,23,41,30,30,30,48,50,50,51,51,5,60,58,58,60,54,24,42,32,22,22,22,22,40,40,22,40,0,0],"gold":85,"neow_bonus":"THREE_CARDS","is_daily":false,"chose_seed":false,"campfire_upgraded":2,"win_rate":0.0,"timestamp":1610596905,"path_taken":["M","?","M","?","M","E","R","M","T","?","R","?","R","M","R","BOSS","M","?","M","?","?","R","E","M","T","?","$","R","?","M","R","BOSS"],"items_purchased_type":[],"build_version":"2020-12-22","purchased_purges":0,"victory":false,"max_hp_per_floor":[60,60,60,60,60,60,60,60,60,60,60,60,60,60,60,60,60,60,60,60,60,60,60,60,60,60,60,60,60,60,60,60,60,60],"card_choices":[{"not_picked":["Moonworks:UnpaidWork","Moonworks:ImOnFire"],"picked":"Moonworks:TacticalRetreat","floor":1},{"not_picked":["Moonworks:Heat300Percent","Moonworks:SealedMemories"],"picked":"Moonworks:NicePresent","floor":3},{"not_picked":["Moonworks:ImOnFire","Moonworks:MiracleRedBeanIceCream"],"picked":"Moonworks:IndiscriminateFireSupport","floor":5},{"not_picked":["Moonworks:BackdoorTrade","Moonworks:AwakeningOfTalent"],"picked":"Moonworks:SakisCookie","floor":6},{"not_picked":["Moonworks:Heat300Percent","Moonworks:IndiscriminateFireSupport"],"picked":"Moonworks:NicePresent","floor":8},{"not_picked":["Moonworks:LulusLuckyEgg","Moonworks:RagingMadness"],"picked":"Moonworks:CloudOfSeagulls","floor":12},{"not_picked":["Moonworks:WeAreWaruda","Moonworks:AngelHand"],"picked":"Moonworks:JonathanRush","floor":14},{"not_picked":["Moonworks:EvilMastermind","Moonworks:ReflectiveShell"],"picked":"Moonworks:CrystalBarrier","floor":16},{"not_picked":["Moonworks:BigMagnum","Moonworks:BeyondHell"],"picked":"Moonworks:CloudOfSeagulls+1","floor":18},{"not_picked":["Moonworks:EvilSpyWorkPreparation","Moonworks:JonathanRush"],"picked":"Moonworks:CloudOfSeagulls+1","floor":20},{"not_picked":["Moonworks:DeployBits","Moonworks:Wanted"],"picked":"Moonworks:SakisCookie","floor":22},{"not_picked":["Moonworks:Heat300Percent","Moonworks:BeyondHell"],"picked":"Moonworks:LulusLuckyEgg+1","floor":24},{"not_picked":["Moonworks:JonathanRush","Moonworks:BigBangBell"],"picked":"Moonworks:SakisCookie","floor":25},{"not_picked":["Moonworks:Flamethrower+1","Moonworks:BeyondHell"],"picked":"Moonworks:Dinner","floor":31}],"player_experience":236432,"relics_obtained":[{"floor":6,"key":"Blood Vial"},{"floor":9,"key":"potionbrewer:WarMedal"},{"floor":24,"key":"hubris:TenFootPole"},{"floor":26,"key":"Toy Ornithopter"}],"event_choices":[{"damage_healed":0,"gold_gain":0,"player_choice":"Entered Light","damage_taken":12,"max_hp_gain":0,"max_hp_loss":0,"event_name":"Shining Light","floor":2,"gold_loss":0,"cards_upgraded":["Moonworks:Strike","Moonworks:Strike"]},{"damage_healed":0,"gold_gain":75,"player_choice":"Gather Gold","damage_taken":11,"max_hp_gain":0,"max_hp_loss":0,"event_name":"World of Goop","floor":4,"gold_loss":0},{"damage_healed":0,"gold_gain":0,"player_choice":"Got Potions","damage_taken":0,"max_hp_gain":0,"max_hp_loss":0,"event_name":"Lab","floor":10,"gold_loss":0},{"damage_healed":0,"gold_gain":99,"player_choice":"Stole From Cult","damage_taken":0,"max_hp_gain":0,"max_hp_loss":0,"event_name":"Nest","floor":19,"gold_loss":0},{"damage_healed":0,"gold_gain":75,"player_choice":"Touch","damage_taken":6,"max_hp_gain":0,"max_hp_loss":0,"event_name":"FaceTrader","floor":21,"gold_loss":0},{"damage_healed":0,"gold_gain":0,"player_choice":"1 cards matched","damage_taken":0,"max_hp_gain":0,"max_hp_loss":0,"event_name":"Match and Keep!","floor":30,"gold_loss":0,"cards_obtained":["Moonworks:Accelerator"]}],"is_beta":false,"boss_relics":[{"not_picked":["Cursed Key","Empty Cage"],"picked":"Runic Pyramid"}],"items_purged_floors":[],"is_endless":false,"potions_floor_spawned":[1,8,12,14,20,25,31],"killed_by":"Automaton","ascension_level":0}}