{"host":"pletss163z7s8pvv","time":1610589519,"event":{"mods":["AchievementEnabler","BaseMod","Colored Map","Colored Powertips","Minty Spire (QoL Compilation)"],"gold_per_floor":[114,129,144,159,1,31,46,61,86,86,101,101,24,39,39,139,139,154,169,184,199,12,12,27,27,52,52,67,67,67,67,67],"floor_reached":31,"language":"ENG","playtime":1037,"items_purged":[],"score":418,"play_id":"81570d67-45b1-4f11-afd3-016d4c8bae22","local_time":"20210113195839","daily_mods":["Insanity","Uncertain Future","Binary"],"is_ascension_mode":false,"campfire_choices":[{"floor":12,"key":"REST"},{"floor":15,"key":"REST"},{"floor":23,"key":"REST"},{"floor":27,"key":"REST"}],"circlet_count":0,"master_deck":["Dash","Sucker Punch","Accuracy","Distraction","Deadly Poison","Terror","Poisoned Stab","Distraction","Backstab","Blade Dance","Dagger Throw","Dodge and Roll","Concentrate","Crippling Poison","Acrobatics","Distraction","Dash","Skewer","Expertise","Deflect","Heel Hook","Deadly Poison","Deflect","Acrobatics","PiercingWail","Dodge and Roll","Distraction","Dodge and Roll","Cloak And Dagger","Outmaneuver","Leg Sweep","Bane","Prepared","Catalyst","Blade Dance","Flying Knee","Acrobatics","Prepared","All Out Attack","Backflip","Reflex","Predator","Dagger Spray","Catalyst","Slice","Tactician","Eviscerate","PiercingWail","Well Laid Plans","Deadly Poison","Blade Dance","Sucker Punch","Underhanded Strike","Blade Dance","Accuracy","Slice","Terror","Finisher","Dagger Throw","Adrenaline","Cloak And Dagger","Blade Dance","Dagger Spray","Prepared","Night Terror","Sucker Punch+1","Unload","Sucker Punch","Deflect","Infinite Blades","Blade Dance+1","Infinite Blades","Prepared","Backstab","PiercingWail+1","Dash+1","Ghostly","Ghostly","Ghostly","Ghostly","Ghostly","Quick Slash+1","Backstab"],"relics":["Ring of the Snake","Regal Pillow","Oddly Smooth Stone","Smiling Mask","SacredBark","Orrery","Ancient Tea Set","MutagenicStrength"],"acts_visited":["Exordium","TheCity"],"potions_floor_usage":[16,16,16,28,28],"damage_taken":[{"damage":2,"enemies":"Cultist","floor":1,"turns":3},{"damage":0,"enemies":"2 Louse","floor":2,"turns":1},{"damage":1,"enemies":"Small Slimes","floor":3,"turns":2},{"damage":1,"enemies":"Blue Slaver","floor":4,"turns":3},{"damage":30,"enemies":"Lagavulin","floor":6,"turns":4},{"damage":7,"enemies":"3 Louse","floor":7,"turns":2},{"damage":5,"enemies":"Gremlin Gang","floor":8,"turns":4},{"damage":7,"enemies":"Red Slaver","floor":11,"turns":2},{"damage":0,"enemies":"Blue Slaver","floor":14,"turns":1},{"damage":3,"enemies":"Slime Boss","floor":16,"turns":8},{"damage":0,"enemies":"Chosen","floor":18,"turns":4},{"damage":30,"enemies":"2 Thieves","floor":19,"turns":4},{"damage":30,"enemies":"Centurion and Healer","floor":20,"turns":6},{"damage":4,"enemies":"Snake Plant","floor":21,"turns":3},{"damage":39,"enemies":"Sentry and Sphere","floor":24,"turns":6},{"damage":17,"enemies":"Snecko","floor":28,"turns":4},{"damage":15,"enemies":"Slavers","floor":31,"turns":3}],"seed_played":"-4891952413640654339","potions_obtained":[{"floor":1,"key":"Dexterity Potion"},{"floor":2,"key":"SteroidPotion"},{"floor":4,"key":"Poison Potion"},{"floor":11,"key":"SkillPotion"},{"floor":16,"key":"SpeedPotion"},{"floor":20,"key":"PowerPotion"},{"floor":21,"key":"Weak Potion"}],"is_trial":false,"path_per_floor":["M","M","M","M","$","E","M","M","T","?","M","R","$","M","R","B",null,"M","M","M","M","$","R","M","?","T","R","M","?","?","E"],"character_chosen":"THE_SILENT","items_purchased":["Accuracy","Slice","Terror","Blade Dance","Dagger Spray","Infinite Blades","Orrery"],"campfire_rested":4,"item_purchase_floors":[5,5,5,13,13,22,22],"current_hp_per_floor":[68,68,67,66,66,36,29,24,24,12,5,41,41,41,70,67,70,70,40,10,6,6,42,3,3,3,28,11,11,11,0,0],"gold":67,"neow_bonus":"","is_daily":true,"chose_seed":false,"campfire_upgraded":0,"win_rate":0.0,"timestamp":1610589519,"path_taken":["M","M","M","?","?","E","M","M","T","?","M","R","$","M","R","BOSS","M","M","M","M","$","R","M","?","T","R","M","?","?","E"],"items_purchased_type":["Card","Card","Card","Card","Card","Card","Relic"],"build_version":"2020-12-22","purchased_purges":0,"victory":false,"max_hp_per_floor":[70,70,70,70,70,70,70,70,70,70,70,70,70,70,70,70,70,70,70,70,70,70,70,70,35,35,35,35,35,35,35,35],"card_choices":[{"not_picked":["Dodge and Roll"],"picked":"Blade Dance","floor":1},{"not_picked":["PiercingWail"],"picked":"Sucker Punch","floor":2},{"not_picked":["Acrobatics"],"picked":"Underhanded Strike","floor":3},{"not_picked":["Flying Knee"],"picked":"Blade Dance","floor":4},{"not_picked":["PiercingWail"],"picked":"Finisher","floor":6},{"not_picked":["Crippling Poison"],"picked":"Dagger Throw","floor":7},{"not_picked":["Prepared"],"picked":"Adrenaline","floor":8},{"not_picked":["Calculated Gamble"],"picked":"Cloak And Dagger","floor":11},{"not_picked":["Calculated Gamble"],"picked":"Prepared","floor":14},{"not_picked":["Malaise"],"picked":"Night Terror","floor":16},{"not_picked":["Deadly Poison+1"],"picked":"Sucker Punch+1","floor":18},{"not_picked":["Outmaneuver"],"picked":"Unload","floor":19},{"not_picked":["Prepared"],"picked":"Sucker Punch","floor":20},{"not_picked":["Dodge and Roll"],"picked":"Deflect","floor":21},{"not_picked":["Flying Knee"],"picked":"Blade Dance+1","floor":22},{"not_picked":["Noxious Fumes"],"picked":"Infinite Blades","floor":22},{"not_picked":["Dagger Throw"],"picked":"Prepared","floor":22},{"not_picked":["Dash"],"picked":"Backstab","floor":22},{"not_picked":["Venomology"],"picked":"PiercingWail+1","floor":22},{"not_picked":["Reflex+1"],"picked":"Dash+1","floor":24},{"not_picked":["Dagger Throw"],"picked":"Quick Slash+1","floor":28}],"player_experience":415080,"relics_obtained":[{"floor":6,"key":"Regal Pillow"},{"floor":9,"key":"Oddly Smooth Stone"},{"floor":26,"key":"Ancient Tea Set"}],"event_choices":[{"damage_healed":0,"gold_gain":0,"player_choice":"Success","damage_taken":12,"relics_obtained":["Smiling Mask"],"max_hp_gain":0,"max_hp_loss":0,"event_name":"Scrap Ooze","floor":10,"gold_loss":0},{"damage_healed":0,"gold_gain":0,"player_choice":"Became a Ghost","damage_taken":0,"max_hp_gain":0,"max_hp_loss":35,"event_name":"Ghosts","floor":25,"gold_loss":0,"cards_obtained":["Ghostly","Ghostly","Ghostly","Ghostly","Ghostly"]},{"damage_healed":0,"gold_gain":0,"player_choice":"Inject Mutagens","damage_taken":0,"relics_obtained":["MutagenicStrength"],"max_hp_gain":0,"max_hp_loss":0,"event_name":"Drug Dealer","floor":29,"gold_loss":0},{"damage_healed":0,"gold_gain":0,"player_choice":"Copied","damage_taken":0,"max_hp_gain":0,"max_hp_loss":0,"event_name":"Duplicator","floor":30,"gold_loss":0,"cards_obtained":["Backstab"]}],"is_beta":false,"boss_relics":[{"not_picked":["Sozu","Ectoplasm"],"picked":"SacredBark"}],"items_purged_floors":[],"is_endless":false,"potions_floor_spawned":[1,2,4,7,11,16,20,21],"killed_by":"Slavers","ascension_level":0}}