{"host":"p9t7qd83igtcp2bh","time":1610614605,"event":{"mods":["2.2 Compatiblity","AchievementEnabler","BaseMod","Colored Map","Colored Powertips","Custom Start","DeckTracker","Keyboard Shortcuts","Minty Spire (QoL Compilation)","Permanent Neow","StSLib","SuperFastMode","everything is the same but u backflip on backflip"],"gold_per_floor":[13,31,51,101,113,113,35,35,35,55,65,65,25,38,38,109,109,129,142,142,156,156,156],"floor_reached":22,"language":"KOR","playtime":513,"items_purged":[],"score":351,"play_id":"22e505c0-ae13-43db-b11a-35bf5745a9ce","local_time":"20210114175645","is_ascension_mode":true,"campfire_choices":[{"data":"Apotheosis","floor":6.0,"key":"SMITH"},{"data":"Loop","floor":8.0,"key":"SMITH"},{"floor":12.0,"key":"REST"},{"data":"Coolheaded","floor":15.0,"key":"SMITH"}],"circlet_count":0,"master_deck":["AscendersBane","Strike_B","Strike_B","Strike_B","Defend_B","Defend_B","Defend_B","Zap","Dualcast","Apotheosis+1","Ball Lightning","Stack","Leap","White Noise","Loop+1","Melter","Genetic Algorithm","Coolheaded+1","Core Surge","Sunder","Creative AI","Steam Power","Defragment+1"],"relics":["Cracked Core","StoneCalendar","Snecko Eye"],"acts_visited":["Exordium","TheCity"],"potions_floor_usage":[22],"damage_taken":[{"damage":0.0,"enemies":"Small Slimes","floor":1.0,"turns":4.0},{"damage":0.0,"enemies":"Cultist","floor":2.0,"turns":3.0},{"damage":11.0,"enemies":"2 Louse","floor":3.0,"turns":3.0},{"damage":3.0,"enemies":"Red Slaver","floor":5.0,"turns":4.0},{"damage":4.0,"enemies":"Exordium Wildlife","floor":10.0,"turns":2.0},{"damage":2.0,"enemies":"3 Louse","floor":11.0,"turns":3.0},{"damage":27.0,"enemies":"Exordium Thugs","floor":14.0,"turns":5.0},{"damage":36.0,"enemies":"The Guardian","floor":16.0,"turns":9.0},{"damage":12.0,"enemies":"2 Thieves","floor":18.0,"turns":4.0},{"damage":16.0,"enemies":"Spheric Guardian","floor":19.0,"turns":4.0},{"damage":34.0,"enemies":"Cultist and Chosen","floor":21.0,"turns":7.0},{"damage":46,"enemies":"Chosen and Byrds","floor":22,"turns":5}],"seed_played":"8642782512474162363","potions_obtained":[{"floor":1.0,"key":"DuplicationPotion"},{"floor":10.0,"key":"CultistPotion"},{"floor":13.0,"key":"FairyPotion"},{"floor":14.0,"key":"Fruit Juice"},{"floor":16.0,"key":"Regen Potion"}],"is_trial":false,"path_per_floor":["M","M","M","?","M","R","$","R","T","M","M","R","?","M","R","B",null,"M","M","?","M","M"],"character_chosen":"DEFECT","items_purchased":["Loop"],"campfire_rested":1,"item_purchase_floors":[7],"current_hp_per_floor":[64,64,53,53,50,50,50,50,50,46,44,65,65,43,43,7,59,47,31,31,19,0,0],"gold":156,"neow_bonus":"RANDOM_COLORLESS_2","is_daily":false,"chose_seed":false,"campfire_upgraded":3,"win_rate":0.0,"timestamp":1610614605,"path_taken":["M","M","M","?","M","R","$","R","T","M","?","R","?","M","R","BOSS","M","M","?","M","M"],"items_purchased_type":["Card"],"build_version":"2020-12-22","purchased_purges":0,"victory":false,"max_hp_per_floor":[71,71,71,71,71,71,71,71,71,71,71,71,71,76,76,76,76,76,76,76,76,76,76],"card_choices":[{"not_picked":["Master of Strategy","Secret Weapon"],"picked":"Apotheosis","floor":0.0},{"not_picked":["Sweeping Beam","Stack"],"picked":"Ball Lightning","floor":1.0},{"not_picked":["Consume","Force Field"],"picked":"Stack","floor":2.0},{"not_picked":["Auto Shields","Compile Driver"],"picked":"Leap","floor":3.0},{"not_picked":["Ball Lightning","Steam"],"picked":"White Noise","floor":5.0},{"not_picked":["Double Energy","Conserve Battery"],"picked":"Melter","floor":10.0},{"not_picked":["Hologram","Sweeping Beam"],"picked":"Genetic Algorithm","floor":11.0},{"not_picked":["Barrage","Steam"],"picked":"Coolheaded","floor":14.0},{"not_picked":["All For One","Multi-Cast"],"picked":"Core Surge","floor":16.0},{"not_picked":["Rebound","Go for the Eyes","Darkness+1"],"picked":"SKIP","floor":18.0},{"not_picked":["Turbo","Coolheaded"],"picked":"Sunder","floor":19.0},{"not_picked":["Streamline","Static Discharge"],"picked":"Defragment+1","floor":21.0}],"player_experience":642422,"relics_obtained":[{"floor":9.0,"key":"StoneCalendar"}],"event_choices":[{"damage_healed":0.0,"max_hp_gain":0.0,"max_hp_loss":0.0,"gold_gain":50.0,"event_name":"Golden Shrine","player_choice":"Pray","floor":4.0,"gold_loss":0.0,"damage_taken":0.0},{"damage_healed":0.0,"max_hp_gain":0.0,"max_hp_loss":0.0,"gold_gain":0.0,"event_name":"The Woman in Blue","player_choice":"Bought 3 Potions","floor":13.0,"gold_loss":0.0,"damage_taken":0.0},{"damage_healed":0.0,"max_hp_gain":0.0,"max_hp_loss":0.0,"gold_gain":0.0,"cards_transformed":["Strike_B","Defend_B"],"event_name":"Drug Dealer","player_choice":"Became Test Subject","floor":20.0,"gold_loss":0.0,"damage_taken":0.0,"cards_obtained":["Creative AI","Steam Power"]}],"is_beta":false,"boss_relics":[{"not_picked":["Philosopher\u0027s Stone","FrozenCore"],"picked":"Snecko Eye"}],"items_purged_floors":[],"is_endless":false,"potions_floor_spawned":[1,10,11,14,16,19],"killed_by":"Chosen and Byrds","ascension_level":19}}