{"host":"aj6dldabq8s02zuz","time":1610653963,"event":{"mods":["BaseMod","Block Reminder","Colored Map","Custom Start","Downfall","Hermit","Highlight Path","Hubris","Minty Spire (QoL Compilation)","Permanent Neow","Quick Restart","Relic Sorter","Replay The Spire","StSLib","The Blue Laboratory","The Jungle","TheArtist","Wandering Minibosses"],"gold_per_floor":[109,109,122,122,122,122,140,173,197,197,197,197,197,211,211,211,211,211],"floor_reached":16,"language":"ENG","playtime":2096,"items_purged":[],"score":198,"play_id":"93fe1879-df36-4b62-b34d-c0a24bed5ca5","local_time":"20210114135243","daily_mods":["Blue Cards","downfall:ExchangeController"],"is_ascension_mode":false,"campfire_choices":[{"data":"1","floor":6.0,"key":"LIFT"},{"data":"2","floor":13.0,"key":"LIFT"},{"data":"3","floor":15,"key":"LIFT"}],"circlet_count":0,"master_deck":["Guardian:HyperBeam_Guardian+1","Guardian:Gem_Green","Guardian:Gem_Red","Guardian:Gem_Green","Guardian:Gem_Crimson","Guardian:Gem_Blue","Guardian:Gem_Synthetic","Guardian:Gem_Synthetic","Guardian:TimeSifter","Guardian:ConstructionForm","Guardian:HyperBeam_Guardian","Guardian:CurlUp","Guardian:Defend_Guardian","Guardian:Defend_Guardian","Guardian:Defend_Guardian","Guardian:Defend_Guardian","Guardian:TwinSlam","Guardian:TwinSlam","Guardian:Strike_Guardian","Guardian:Strike_Guardian","Guardian:Strike_Guardian","Guardian:Strike_Guardian","Zap","Ball Lightning","BasicCrystalCard","Darkness","Fusion","Guardian:Gem_Lightblue"],"relics":["Guardian:ModeShifter","downfall:NeowBlessing_Player","Replay:Arrowhead","Calipers","Gremlin Horn","Ice Cream","Molten Egg 2","Sozu","Toxic Egg 2","hubris:SoftwareUpdate","Sundial","Runic Pyramid","Frozen Egg 2","Bronze Scales","Inserter","Nuclear Battery","ClockworkSouvenir","FossilizedHelix","Chemical X","King of Hearts","hubris:GlazedTorus","Simple Rune","Whetstone","Vajra","Girya","Eternal Feather","Ginger","Juzu Bracelet","Tiny Chest","Blue Doll","Ornamental Fan"],"acts_visited":["Exordium"],"potions_floor_usage":[],"damage_taken":[{"damage":0.0,"enemies":"2 Louse","floor":1.0,"turns":2.0},{"damage":5.0,"enemies":"Jaw Worm","floor":3.0,"turns":3.0},{"damage":0.0,"enemies":"Cultist","floor":7.0,"turns":3.0},{"damage":12.0,"enemies":"Lagavulin","floor":8.0,"turns":6.0},{"damage":0.0,"enemies":"Looter","floor":14.0,"turns":2.0},{"damage":0,"enemies":"Slime Boss","floor":16,"turns":5}],"seed_played":"-3956425301566630166","potions_obtained":[],"is_trial":true,"path_per_floor":["M","?","M","$","?","R","M","E","T","?","$","?","R","M","R","B"],"character_chosen":"GUARDIAN","items_purchased":[],"campfire_rested":0,"item_purchase_floors":[],"current_hp_per_floor":[180,180,175,175,175,180,180,168,168,143,143,107,122,122,137,137,137,137],"gold":211,"neow_bonus":"","is_daily":false,"chose_seed":false,"campfire_upgraded":0,"win_rate":0.0,"timestamp":1610653963,"path_taken":["M","?","M","$","?","R","M","E","T","?","$","?","R","M","R","BOSS"],"items_purchased_type":[],"build_version":"2020-12-22","purchased_purges":0,"victory":false,"max_hp_per_floor":[180,180,180,180,180,180,180,180,180,180,180,180,180,180,180,180,180,180],"card_choices":[{"not_picked":["Conserve Battery+1","Guardian:ChargeUp+1"],"picked":"Guardian:Gem_Lightblue","floor":1.0},{"not_picked":["Beam Cell+1","Sweeping Beam+1","Steam+1"],"picked":"SKIP","floor":3.0},{"not_picked":["Go for the Eyes+1","ReplayTheSpireMod:System Scan+1","Steam+1"],"picked":"SKIP","floor":7.0},{"not_picked":["Turbo+1","Coolheaded+1","BasicCrystalCard+1"],"picked":"SKIP","floor":8.0},{"not_picked":["Guardian:Gem_Fragmented","Guardian:Gem_Cyan","Aggregate+1"],"picked":"SKIP","floor":14}],"player_experience":14789,"relics_obtained":[{"floor":8.0,"key":"Tiny Chest"},{"floor":9.0,"key":"Blue Doll"}],"event_choices":[{"damage_healed":0.0,"max_hp_gain":0.0,"max_hp_loss":0.0,"gold_gain":0.0,"event_name":"Lab","player_choice":"Got Potions","floor":5.0,"gold_loss":0.0,"damage_taken":0.0},{"damage_healed":0.0,"max_hp_gain":0.0,"max_hp_loss":0.0,"gold_gain":0.0,"event_name":"Scrap Ooze","player_choice":"Success","floor":10.0,"gold_loss":0.0,"damage_taken":25.0,"relics_obtained":["Ornamental Fan"]},{"damage_healed":0.0,"max_hp_gain":0.0,"max_hp_loss":0.0,"gold_gain":0.0,"event_name":"Shining Light","player_choice":"Entered Light","floor":12.0,"gold_loss":0.0,"damage_taken":36.0,"cards_upgraded":["Guardian:Strike_Guardian","Guardian:Strike_Guardian"]}],"is_beta":false,"boss_relics":[],"items_purged_floors":[],"is_endless":true,"potions_floor_spawned":[7,8],"killed_by":"Slime Boss","ascension_level":0}}