{"host":"e4wnmsyty9uvvtwf","time":1610637124,"event":{"mods":["Act Like it!","BaseMod","Colored Map","Colored Powertips","Gensokyo","Koishi","Minty Spire (QoL Compilation)","Rare Cards Sparkle","StSLib"],"gold_per_floor":[109,109,126,126,142,142,172,183,183,198,33,0,29,29,29,133,133,143,156,156,156,156,188,188,217,217,217,237,254,254,140,140,236,236,249,249,249,249,249,478,489,249,274,30,49,80,80,99,99,99],"floor_reached":51,"language":"ZHS","playtime":1947,"items_purged":["Gensokyo:AllTheWorldsEvil"],"score":1109,"play_id":"c23509fc-2d27-400c-a1ba-7c58f4ea1982","local_time":"20210114231204","is_ascension_mode":true,"campfire_choices":[{"data":"Koishi:EmbersOfLove","floor":6,"key":"SMITH"},{"data":"Koishi:PhilosophyOfTheDespised","floor":15,"key":"SMITH"},{"data":"Koishi:MindStellarRelief","floor":24,"key":"SMITH"},{"data":"Koishi:HauntingSlash","floor":27,"key":"SMITH"},{"data":"Koishi:MentalBreakdown","floor":32,"key":"SMITH"},{"data":"Koishi:MindStellarRelief","floor":47,"key":"SMITH"},{"data":"Koishi:RoseHell","floor":49,"key":"SMITH"}],"circlet_count":0,"master_deck":["Koishi:BasicStrike","Koishi:BasicStrike","Koishi:BasicStrike","Koishi:BasicStrike","Koishi:BasicDefend","Koishi:BasicDefend","Koishi:BasicDefend","Koishi:BasicDefend","Koishi:HauntingSlash+1","Sadistic Nature+1","Koishi:EmbersOfLove+1","Koishi:RacingHeart","Koishi:PerfectMindControl","Koishi:PhilosophyOfTheDespised+1","Koishi:DreadfulBlow","Koishi:FidgetySnatcher","Koishi:PerfectMindControl","Koishi:Ego","Koishi:MindStellarRelief+1","Koishi:DNAsFlaw","Koishi:ParalyzingFear","Koishi:PredatoryInstincts","Koishi:MentalBreakdown+1","Koishi:RoseHell+1","Gensokyo:MedicineKit","Koishi:EmbryosDream+1","Koishi:MindStellarRelief+1","Koishi:PhantomBarrier+1","Gensokyo:Shovel","Sadistic Nature+1","Koishi:MentalBreakdown","Koishi:PhantomBarrier","Koishi:PerfectMindControl"],"relics":["Koishi:ImaginaryFriend","Gensokyo:Justice","Ancient Tea Set","Oddly Smooth Stone","Eternal Feather","Art of War","Koishi:BloodstainedWhiteRose","SlaversCollar","FossilizedHelix","Gensokyo:DirgeOfMelancholy","Mercury Hourglass","Vajra","Question Card","Gensokyo:ConquerorOfFear","Busted Crown","PreservedInsect","Gensokyo:DualWield","TungstenRod","Blue Candle","DollysMirror","Dream Catcher","Regal Pillow","Blood Vial"],"acts_visited":["Exordium","Gensokyo:Gensokyo","Gensokyo:Gensokyoer"],"potions_floor_usage":[33,50,50],"damage_taken":[{"damage":6,"enemies":"Gensokyo:Gryphon","floor":1,"turns":4},{"damage":0,"enemies":"Gensokyo:3_Fairies","floor":3,"turns":2},{"damage":0,"enemies":"Gensokyo:Python","floor":5,"turns":3},{"damage":0,"enemies":"Gensokyo:Cirno","floor":7,"turns":4},{"damage":0,"enemies":"Gensokyo:3_Kodama","floor":8,"turns":3},{"damage":2,"enemies":"Gensokyo:2_Rabbits","floor":10,"turns":3},{"damage":0,"enemies":"Gensokyo:Mamizou","floor":13,"turns":6},{"damage":26,"enemies":"Gensokyo:Kokoro","floor":16,"turns":9},{"damage":9,"enemies":"Gensokyo:3_Dogs","floor":18,"turns":3},{"damage":12,"enemies":"Gensokyo:AngelMirror","floor":19,"turns":5},{"damage":12,"enemies":"Gensokyo:Koishi","floor":23,"turns":6},{"damage":1,"enemies":"Gensokyo:Reisen","floor":25,"turns":4},{"damage":0,"enemies":"Gensokyo:Monolith_and_Dog","floor":28,"turns":4},{"damage":8,"enemies":"Gensokyo:Swordslinger","floor":29,"turns":4},{"damage":17,"enemies":"Gensokyo:Eiki","floor":33,"turns":7},{"damage":9,"enemies":"Gensokyo:3_Boulders","floor":35,"turns":6},{"damage":16,"enemies":"Gensokyo:Marisa","floor":40,"turns":5},{"damage":0,"enemies":"Gensokyo:AncientGuardian","floor":41,"turns":5},{"damage":0,"enemies":"Gensokyo:Rafflesia","floor":45,"turns":6},{"damage":0,"enemies":"Gensokyo:Doremy","floor":46,"turns":5},{"damage":0,"enemies":"Gensokyo:3_Boulders","floor":48,"turns":3},{"damage":0,"enemies":"Gensokyo:Scarlet_Devils","floor":50,"turns":10}],"seed_played":"3426874388586695519","potions_obtained":[{"floor":1,"key":"Swift Potion"},{"floor":3,"key":"Swift Potion"},{"floor":10,"key":"GamblersBrew"},{"floor":13,"key":"LiquidBronze"},{"floor":25,"key":"PowerPotion"},{"floor":28,"key":"PowerPotion"},{"floor":29,"key":"CultistPotion"},{"floor":33,"key":"LiquidMemories"}],"is_trial":false,"path_per_floor":["M","?","M","?","M","R","E","M","T","M","COS","$","E","?","R","B",null,"M","M","?","?","?","E","R","E","T","R","M","M","?","COS","R","B",null,"M","?","?","?","?","E","M","COS","T","$","M","E","R","M","R","B",null],"character_chosen":"KOISHI","items_purchased":["Koishi:FidgetySnatcher","Koishi:MentalBreakdown","Koishi:PhantomBarrier"],"campfire_rested":0,"item_purchase_floors":[12,44,44],"current_hp_per_floor":[56,56,56,56,57,57,59,59,59,58,58,58,60,48,60,38,55,50,38,38,38,38,33,45,51,51,60,60,60,60,60,60,60,60,60,60,60,60,36,30,30,30,30,30,42,53,60,60,60,60],"gold":99,"neow_bonus":"RANDOM_COLORLESS_2","is_daily":false,"chose_seed":false,"campfire_upgraded":7,"win_rate":0.0,"timestamp":1610637124,"path_taken":["M","?","M","?","?","R","E","?","T","?","COS","?","E","?","R","BOSS","M","M","?","?","?","E","R","E","T","R","M","?","?","COS","R","BOSS","M","?","?","?","?","E","M","COS","T","$","M","E","R","M","R","BOSS"],"items_purchased_type":["Card","Card","Card"],"build_version":"2020-12-22","purchased_purges":1,"victory":true,"max_hp_per_floor":[60,60,60,60,60,60,60,60,60,60,60,60,60,60,60,60,60,60,60,60,60,60,60,60,60,60,60,60,60,60,60,60,60,60,60,60,60,60,60,60,60,60,60,60,60,60,60,60,60,60],"card_choices":[{"not_picked":["HandOfGreed","Secret Technique"],"picked":"Sadistic Nature","floor":0},{"not_picked":["Koishi:Prune","Koishi:UnansweredLove","Koishi:SubterraneanRose"],"picked":"SKIP","floor":1},{"not_picked":["Koishi:Jaunt","Koishi:GhostParty"],"picked":"Koishi:EmbersOfLove","floor":3},{"not_picked":["Koishi:Prune","Koishi:ReleaseOfTheId"],"picked":"Koishi:RacingHeart","floor":5},{"not_picked":["Koishi:HeartfeltFancy","Koishi:UnansweredLove"],"picked":"Koishi:PerfectMindControl","floor":7},{"not_picked":["Koishi:StingingMind","Koishi:PhantomBarrier"],"picked":"Koishi:PhilosophyOfTheDespised","floor":8},{"not_picked":["Koishi:JumpScare","Koishi:FleetingPhantom"],"picked":"Koishi:DreadfulBlow","floor":10},{"not_picked":["Koishi:ParalyzingFear","Koishi:ConditionedTeleport"],"picked":"Koishi:PerfectMindControl","floor":13},{"not_picked":["Koishi:SuperEgo","Koishi:FadingMemory"],"picked":"Koishi:Ego","floor":16},{"not_picked":["Koishi:RollingInRichesHeart","Koishi:MentalBreakdown"],"picked":"Koishi:MindStellarRelief","floor":16},{"not_picked":["Koishi:PhantomBarrier","Koishi:Whimsy"],"picked":"Koishi:DNAsFlaw","floor":18},{"not_picked":["Koishi:Prune","Koishi:Vanish+1","Koishi:SpiritedAway"],"picked":"SKIP","floor":19},{"not_picked":["Koishi:JumpScare+1","Koishi:ReleaseOfTheId+1"],"picked":"Koishi:ParalyzingFear","floor":23},{"not_picked":["Koishi:Prune","Koishi:DreadfulBlow","Koishi:IdleWhim"],"picked":"SKIP","floor":25},{"not_picked":["Koishi:Prune","Koishi:UnansweredLove","Koishi:BloodcurdlingScream"],"picked":"Koishi:PredatoryInstincts","floor":28},{"not_picked":["Koishi:StingingMind","Koishi:DanmakuParanoia+1","Koishi:HeartfeltFancy"],"picked":"Koishi:MentalBreakdown","floor":29},{"not_picked":["Koishi:PerfectMindControl","Koishi:FormlessExistence","Koishi:GrowingPain"],"picked":"Koishi:RoseHell","floor":33},{"not_picked":["Koishi:PhantomBarrier","Koishi:UnansweredLove+1"],"picked":"SKIP","floor":35},{"not_picked":["Koishi:UnansweredLove+1"],"picked":"Koishi:EmbryosDream+1","floor":40},{"not_picked":["Koishi:PerfectMindControl"],"picked":"Koishi:MindStellarRelief","floor":41},{"not_picked":["Koishi:HeartfeltFancy"],"picked":"Koishi:PhantomBarrier+1","floor":41},{"not_picked":["Koishi:VengefulSpirit","Koishi:HeartfeltFancy"],"picked":"SKIP","floor":45},{"not_picked":["Koishi:DanmakuParanoia"],"picked":"Koishi:PerfectMindControl","floor":46},{"not_picked":["Koishi:SubterraneanRose+1","Koishi:EmbryosDream+1"],"picked":"SKIP","floor":48}],"player_experience":533760,"relics_obtained":[{"floor":7,"key":"Ancient Tea Set"},{"floor":9,"key":"Oddly Smooth Stone"},{"floor":13,"key":"Eternal Feather"},{"floor":23,"key":"Mercury Hourglass"},{"floor":25,"key":"Vajra"},{"floor":26,"key":"Question Card"},{"floor":33,"key":"Gensokyo:ConquerorOfFear"},{"floor":40,"key":"Blue Candle"},{"floor":43,"key":"Dream Catcher"},{"floor":46,"key":"Regal Pillow"}],"event_choices":[],"is_beta":false,"boss_relics":[{"not_picked":["SacredBark","Pandora\u0027s Box"],"picked":"SlaversCollar"},{"not_picked":["Black Star","Astrolabe"],"picked":"Busted Crown"}],"items_purged_floors":[44],"is_endless":false,"potions_floor_spawned":[1,3,10,13,25,28,29,33,40,45,46],"ascension_level":5}}