{"host":"xsuxkwaivmtd234a","time":1610653225,"event":{"mods":["BaseMod","Colored Map","Filter the Spire","Minty Spire (QoL Compilation)","Relic Stats","StSLib"],"gold_per_floor":[168,93,43,53,328,363,117,137,160,170,183,200,213,238,238,343,343,355,81,94,94,113,139,157,183,183,208,208,243,243,257,257,362,362,377,74,74,126,126,136,163,213,513,513,527,527,543,568,568,568,568,568,79,112,112,112],"floor_reached":55,"language":"ENG","playtime":3012,"items_purged":["Strike_B","Regret","Strike_B"],"score":934,"play_id":"d1daca61-a7dd-4bd5-936c-884c55b1d042","local_time":"20210114144025","is_ascension_mode":true,"campfire_choices":[{"data":"Streamline","floor":15.0,"key":"SMITH"},{"floor":28.0,"key":"REST"},{"data":"Doom and Gloom","floor":30.0,"key":"SMITH"},{"data":"Capacitor","floor":32.0,"key":"SMITH"},{"data":"Electrodynamics","floor":44.0,"key":"SMITH"},{"floor":46.0,"key":"RECALL"},{"data":"Seek","floor":49,"key":"SMITH"},{"data":"Static Discharge","floor":52,"key":"SMITH"}],"circlet_count":0,"master_deck":["Defend_B","Defend_B","Zap","Dualcast+1","Static Discharge+1","Sweeping Beam","Cold Snap","FTL","Glacier","Beam Cell","Steam","Streamline+1","Chill","Doom and Gloom+1","Electrodynamics+1","Undo+1","Hologram+1","Skim+1","Seek+1","Capacitor+1","Core Surge","BootSequence+1","Sweeping Beam+1","Hologram+1","Coolheaded+1","Double Energy","Chaos+1","Go for the Eyes+1","Double Energy","Static Discharge","Good Instincts","BootSequence+1"],"relics":["Tiny House","Bronze Scales","Orrery","Pen Nib","Tiny Chest","Sozu","OrangePellets","PreservedInsect","Happy Flower","Bag of Preparation","Ornamental Fan","Oddly Smooth Stone","Sundial","Astrolabe","DataDisk","Bag of Marbles","Darkstone Periapt","Ice Cream","Old Coin","Boot","Strawberry","Orichalcum","Incense Burner"],"acts_visited":["Exordium","TheCity","TheBeyond","TheEnding"],"potions_floor_usage":[54],"damage_taken":[{"damage":2.0,"enemies":"Small Slimes","floor":1.0,"turns":3.0},{"damage":7.0,"enemies":"2 Louse","floor":4.0,"turns":2.0},{"damage":23.0,"enemies":"3 Sentries","floor":6.0,"turns":5.0},{"damage":0.0,"enemies":"Cultist","floor":8.0,"turns":3.0},{"damage":0.0,"enemies":"Looter","floor":10.0,"turns":3.0},{"damage":0.0,"enemies":"Lots of Slimes","floor":11.0,"turns":4.0},{"damage":0.0,"enemies":"3 Louse","floor":12.0,"turns":2.0},{"damage":6.0,"enemies":"Red Slaver","floor":13.0,"turns":3.0},{"damage":4.0,"enemies":"Lagavulin","floor":14.0,"turns":7.0},{"damage":0.0,"enemies":"Hexaghost","floor":16.0,"turns":9.0},{"damage":8.0,"enemies":"Spheric Guardian","floor":18.0,"turns":3.0},{"damage":0.0,"enemies":"Chosen","floor":20.0,"turns":4.0},{"damage":21.0,"enemies":"Snake Plant","floor":22.0,"turns":3.0},{"damage":17.0,"enemies":"Slavers","floor":23.0,"turns":3.0},{"damage":12.0,"enemies":"Shelled Parasite and Fungi","floor":24.0,"turns":5.0},{"damage":4.0,"enemies":"Gremlin Leader","floor":25.0,"turns":6.0},{"damage":2.0,"enemies":"Slavers","floor":27.0,"turns":4.0},{"damage":0.0,"enemies":"Gremlin Leader","floor":29.0,"turns":4.0},{"damage":0.0,"enemies":"Snecko","floor":31.0,"turns":4.0},{"damage":27.0,"enemies":"Champ","floor":33.0,"turns":11.0},{"damage":0.0,"enemies":"Orb Walker","floor":35.0,"turns":2.0},{"damage":0.0,"enemies":"3 Darklings","floor":40.0,"turns":4.0},{"damage":10.0,"enemies":"Nemesis","floor":41.0,"turns":6.0},{"damage":0.0,"enemies":"Mind Bloom Boss Battle","floor":42.0,"turns":4.0},{"damage":2.0,"enemies":"Writhing Mass","floor":45.0,"turns":6.0},{"damage":0,"enemies":"4 Shapes","floor":47,"turns":4},{"damage":2,"enemies":"Giant Head","floor":48,"turns":7},{"damage":2,"enemies":"Awakened One","floor":50,"turns":12},{"damage":50,"enemies":"Shield and Spear","floor":54,"turns":5},{"damage":52,"enemies":"The Heart","floor":55,"turns":5}],"seed_played":"-5141713981268531239","potions_obtained":[{"floor":0.0,"key":"Weak Potion"},{"floor":4.0,"key":"FocusPotion"},{"floor":8.0,"key":"FearPotion"},{"floor":14.0,"key":"LiquidBronze"}],"is_trial":false,"path_per_floor":["M","$","?","M","?","E","$","M","T","M","M","M","M","E","R","B",null,"M","$","M","?","M","E","M","E","T","E","R","E","R","M","R","B",null,"M","$","?","T","$","M","E","?","T","R","M","R","M","E","R","B",null,"R","$","E","B"],"character_chosen":"DEFECT","items_purchased":["Orrery","OrangePellets","DataDisk","Bag of Marbles","Double Energy","Static Discharge","Strawberry","Orichalcum","Good Instincts"],"campfire_rested":1,"item_purchase_floors":[7,19,36,36,53,53,53,53,53],"current_hp_per_floor":[78,78,78,71,71,48,48,48,48,48,48,48,42,38,38,38,80,72,72,72,72,51,34,22,18,18,16,40,40,40,40,40,13,80,80,80,90,90,90,90,80,80,80,80,78,78,78,76,76,74,90,90,97,47,0,0],"gold":112,"neow_bonus":"BOSS_RELIC","is_daily":false,"chose_seed":false,"campfire_upgraded":6,"win_rate":0.0,"timestamp":1610653225,"path_taken":["M","$","?","M","?","E","$","M","T","M","M","?","M","E","R","BOSS","M","$","M","?","?","E","M","E","T","E","R","E","R","M","R","BOSS","M","$","?","?","?","M","E","?","T","R","?","R","M","E","R","BOSS","R","$","E","BOSS"],"items_purchased_type":["Relic","Relic","Relic","Relic","Card","Card","Relic","Relic","Card"],"build_version":"2020-12-22","purchased_purges":3,"victory":false,"max_hp_per_floor":[80,80,80,80,80,80,80,80,80,80,80,80,80,80,80,80,80,80,80,80,80,80,80,80,80,80,80,80,80,80,80,80,80,80,80,80,90,90,90,90,90,90,90,90,90,90,90,90,90,90,90,90,97,97,97,97],"relic_stats":{"Darkstone Periapt":0,"Happy Flower":[29],"counters":[30,143],"Astrolabe":["BootSequence","Sweeping Beam","Hologram"],"Pen Nib":[26],"PreservedInsect":412,"Bag of Preparation":[28],"Orichalcum":[6],"Boot":[28],"Sozu":7,"OrangePellets":[6],"Ornamental Fan":[116],"Sundial":[10],"Bronze Scales":[371],"Tiny Chest":1,"obtain_stats":[{"Darkstone Periapt":41,"Ice Cream":42,"Tiny House":0,"Happy Flower":23,"Astrolabe":34,"Oddly Smooth Stone":27,"Pen Nib":9,"PreservedInsect":21,"Bag of Preparation":25,"Incense Burner":54,"Orichalcum":53,"Boot":48,"Old Coin":43,"Sozu":17,"OrangePellets":19,"DataDisk":36,"Ornamental Fan":26,"Sundial":29,"Bronze Scales":6,"Strawberry":53,"Orrery":7,"Tiny Chest":14,"Bag of Marbles":36,"Cracked Core":0},{"Darkstone Periapt":23,"Ice Cream":24,"Tiny House":0,"Happy Flower":14,"Astrolabe":20,"Oddly Smooth Stone":17,"Pen Nib":4,"PreservedInsect":12,"Bag of Preparation":16,"Incense Burner":29,"Orichalcum":28,"Boot":27,"Old Coin":24,"Sozu":10,"OrangePellets":11,"DataDisk":21,"Ornamental Fan":16,"Sundial":18,"Bronze Scales":3,"Strawberry":28,"Orrery":3,"Tiny Chest":9,"Bag of Marbles":21,"Cracked Core":0},{"Darkstone Periapt":100,"Ice Cream":104,"Tiny House":0,"Happy Flower":54,"Astrolabe":88,"Oddly Smooth Stone":69,"Pen Nib":13,"PreservedInsect":48,"Bag of Preparation":65,"Incense Burner":138,"Orichalcum":133,"Boot":121,"Old Coin":104,"Sozu":41,"OrangePellets":44,"DataDisk":90,"Ornamental Fan":65,"Sundial":73,"Bronze Scales":10,"Strawberry":133,"Orrery":10,"Tiny Chest":32,"Bag of Marbles":90,"Cracked Core":0}]},"card_choices":[{"not_picked":["Turbo","Skim"],"picked":"Static Discharge","floor":0.0},{"not_picked":["Hologram","Rebound"],"picked":"Sweeping Beam","floor":1.0},{"not_picked":["Barrage","Conserve Battery"],"picked":"Cold Snap","floor":4.0},{"not_picked":["Sweeping Beam","Fission"],"picked":"FTL","floor":6.0},{"not_picked":["Core Surge","Consume"],"picked":"Glacier","floor":7.0},{"not_picked":["Barrage","Cold Snap"],"picked":"Beam Cell","floor":7.0},{"not_picked":["Scrape","Stack"],"picked":"Steam","floor":7.0},{"not_picked":["Conserve Battery","Rebound"],"picked":"Compile Driver","floor":7.0},{"not_picked":["Reinforced Body","Auto Shields","Conserve Battery"],"picked":"SKIP","floor":8.0},{"not_picked":["Leap","Static Discharge","Turbo"],"picked":"SKIP","floor":10.0},{"not_picked":["Turbo","Compile Driver","Redo"],"picked":"SKIP","floor":11.0},{"not_picked":["Steam Power","Leap"],"picked":"Streamline","floor":12.0},{"not_picked":["Gash","Skim"],"picked":"Chill","floor":13.0},{"not_picked":["Echo Form","Hello World"],"picked":"Doom and Gloom","floor":14.0},{"not_picked":["Seek","Creative AI"],"picked":"Electrodynamics","floor":16.0},{"not_picked":["Coolheaded","Tempest"],"picked":"Undo+1","floor":18.0},{"not_picked":["Steam","Hello World"],"picked":"Hologram+1","floor":20.0},{"not_picked":["Sweeping Beam","Redo","Doom and Gloom"],"picked":"SKIP","floor":22.0},{"not_picked":["Chaos","Gash","Recycle"],"picked":"SKIP","floor":23.0},{"not_picked":["Cold Snap","Hologram"],"picked":"Skim+1","floor":24.0},{"not_picked":["Doom and Gloom+1","Hologram"],"picked":"Seek","floor":25.0},{"not_picked":["Doom and Gloom","Barrage"],"picked":"Capacitor","floor":27.0},{"not_picked":["Barrage","Aggregate"],"picked":"Core Surge","floor":29.0},{"not_picked":["Barrage","Steam","Sweeping Beam"],"picked":"SKIP","floor":31.0},{"not_picked":["Electrodynamics","Core Surge"],"picked":"Rainbow","floor":33.0},{"not_picked":["Tempest","Steam","Blizzard"],"picked":"SKIP","floor":35.0},{"not_picked":["Sunder","Hello World+1","Stack"],"picked":"SKIP","floor":40.0},{"not_picked":["Fission","Sweeping Beam","Rip and Tear+1"],"picked":"SKIP","floor":41.0},{"not_picked":["Rebound+1","Fusion"],"picked":"Coolheaded+1","floor":42.0},{"not_picked":["Sweeping Beam","Capacitor+1"],"picked":"Double Energy","floor":45.0},{"not_picked":["Ball Lightning+1","Redo"],"picked":"Chaos+1","floor":47},{"not_picked":["Rip and Tear+1","BootSequence"],"picked":"Go for the Eyes+1","floor":48},{"not_picked":["All For One","Rebound"],"picked":"BootSequence+1","floor":54}],"player_experience":1169606,"relics_obtained":[{"floor":6.0,"key":"Bronze Scales"},{"floor":9.0,"key":"Pen Nib"},{"floor":14.0,"key":"Tiny Chest"},{"floor":23.0,"key":"Happy Flower"},{"floor":25.0,"key":"Bag of Preparation"},{"floor":26.0,"key":"Ornamental Fan"},{"floor":27.0,"key":"Oddly Smooth Stone"},{"floor":29.0,"key":"Sundial"},{"floor":41.0,"key":"Darkstone Periapt"},{"floor":42.0,"key":"Ice Cream"},{"floor":43.0,"key":"Old Coin"},{"floor":48,"key":"Boot"},{"floor":54,"key":"Incense Burner"}],"event_choices":[{"cards_removed":["Defend_B"],"damage_healed":0.0,"max_hp_gain":0.0,"max_hp_loss":0.0,"gold_gain":0.0,"event_name":"The Cleric","player_choice":"Card Removal","floor":3.0,"gold_loss":50.0,"damage_taken":0.0},{"damage_healed":0.0,"max_hp_gain":0.0,"max_hp_loss":0.0,"gold_gain":275.0,"event_name":"Golden Shrine","player_choice":"Desecrate","floor":5.0,"gold_loss":0.0,"damage_taken":0.0,"cards_obtained":["Regret"]},{"cards_removed":["Compile Driver"],"damage_healed":0.0,"max_hp_gain":0.0,"max_hp_loss":0.0,"gold_gain":0.0,"event_name":"WeMeetAgain","player_choice":"Gave Card","floor":21.0,"gold_loss":0.0,"damage_taken":0.0,"relics_obtained":["PreservedInsect"]},{"cards_removed":["Rainbow"],"damage_healed":0.0,"max_hp_gain":10.0,"max_hp_loss":0.0,"gold_gain":0.0,"event_name":"Bonfire Elementals","player_choice":"Offered Rare","floor":37.0,"gold_loss":0.0,"damage_taken":0.0},{"damage_healed":0.0,"max_hp_gain":0.0,"max_hp_loss":0.0,"gold_gain":0.0,"event_name":"MindBloom","player_choice":"Fight","floor":42.0,"gold_loss":0.0,"damage_taken":0.0}],"is_beta":false,"boss_relics":[{"not_picked":["Runic Dome","Ectoplasm"],"picked":"Sozu"},{"not_picked":["Nuclear Battery","Philosopher\u0027s Stone"],"picked":"Astrolabe"}],"items_purged_floors":[2,7,19],"is_endless":false,"potions_floor_spawned":[4,8,10,14,22,23,24,27,33,35,45],"killed_by":"The Heart","ascension_level":1}}