{"host":"fworv1gvvajf3x0f","time":1610647570,"event":{"mods":["AchievementEnabler","Aspiration","BaseMod","Better Vampires","Colored Map","Colored Powertips","Highlight Path","Infinite Spire","Minty Spire (QoL Compilation)","Poor People Problems","Replay The Spire","StSLib"],"gold_per_floor":[117,78,78,44,44,69,84,84,84,112,129,148,173,191,191,287,287,299,315,315,315,315,315,333,353,353,365,365,365],"floor_reached":28,"language":"ZHS","playtime":2934,"items_purged":["Strike_G"],"score":330,"play_id":"c60b8540-2e01-4692-a2bb-d2d39c29e607","local_time":"20210115020610","is_ascension_mode":true,"campfire_choices":[{"data":"Bouncing Flask","floor":8,"key":"SMITH"},{"data":"ReplayTheSpireMod:??????????????????????","floor":23,"key":"SMITH"}],"circlet_count":0,"master_deck":["Strike_G","Strike_G","Defend_G","Defend_G","Defend_G","Defend_G","Survivor","Neutralize","Hidden Blade","ReplayTheSpireMod:Tripwire","Acrobatics+1","Bouncing Flask+1","Deadly Poison","Underhanded Strike","Prepared","Well Laid Plans+1","Sneak Up","Endless Agony","Envenom+1","Dash+1","Grand Finale+1","Backflip","Backflip","Ghostly","Ghostly","Ghostly","Ghostly","Ghostly","infinitespire:Collect+1","ReplayTheSpireMod:??????????????????????+1","Acrobatics"],"relics":["Ring of the Snake","NeowsBlessing","StoneCalendar","Garlic","Darkstone Periapt","Counterbalance","PreservedInsect","Astrolabe","Pear"],"acts_visited":["Exordium","TheCity"],"potions_floor_usage":[12,13,16,19],"damage_taken":[{"damage":0,"enemies":"2 Louse","floor":1,"turns":1},{"damage":0,"enemies":"Gremlin Nob","floor":6,"turns":1},{"damage":0,"enemies":"Cultist","floor":7,"turns":1},{"damage":19,"enemies":"3 Sentries","floor":10,"turns":7},{"damage":4,"enemies":"Jaw Worm","floor":11,"turns":3},{"damage":20,"enemies":"Large Slime","floor":12,"turns":7},{"damage":15,"enemies":"Lagavulin","floor":13,"turns":5},{"damage":4,"enemies":"Exordium Thugs","floor":14,"turns":4},{"damage":19,"enemies":"Fading Forest","floor":16,"turns":11},{"damage":36,"enemies":"2 Thieves","floor":18,"turns":5},{"damage":7,"enemies":"Shell Parasite","floor":19,"turns":6},{"damage":1,"enemies":"Centurion and Healer","floor":24,"turns":3},{"damage":3,"enemies":"Shelled Parasite and Fungi","floor":25,"turns":4},{"damage":9,"enemies":"Snake Plant","floor":27,"turns":7},{"damage":2,"enemies":"Chosen and Byrds","floor":28,"turns":4}],"seed_played":"3024310945254190210","potions_obtained":[{"floor":1,"key":"Energy Potion"},{"floor":11,"key":"Block Potion"},{"floor":14,"key":"Fire Potion"},{"floor":16,"key":"Venom Potion"},{"floor":18,"key":"Regen Potion"},{"floor":24,"key":"Fire Potion"}],"is_trial":false,"path_per_floor":["M","$","?","$","T","E","M","R","T","E","M","M","E","M","R_BF","B",null,"M","M","?","AVR","?","R","M","M","T","M","M"],"character_chosen":"THE_SILENT","items_purchased":["ReplayTheSpireMod:Tripwire","Acrobatics+1"],"campfire_rested":0,"item_purchase_floors":[2,4],"current_hp_per_floor":[70,70,70,70,70,70,70,70,70,51,47,27,12,8,29,10,70,34,42,35,35,35,35,34,31,41,32,30,30],"gold":365,"neow_bonus":"THREE_ENEMY_KILL","is_daily":false,"chose_seed":false,"campfire_upgraded":2,"win_rate":0.0,"timestamp":1610647570,"path_taken":["M","$","?","$","?","E","M","R","T","E","?","M","E","M","R_BF","BOSS","M","M","?","AVR","?","R","?","?","T","M","M"],"items_purchased_type":["Card","Card"],"build_version":"2020-12-22","purchased_purges":1,"victory":false,"max_hp_per_floor":[70,70,70,70,70,70,70,70,70,70,70,70,70,70,70,70,70,70,70,35,35,35,35,35,35,45,45,45,45],"card_choices":[{"not_picked":["Dodge and Roll","Outmaneuver"],"picked":"Hidden Blade","floor":1},{"not_picked":["ReplayTheSpireMod:Exploit Weakness","Blur"],"picked":"Bouncing Flask","floor":6},{"not_picked":["Deflect","Prepared"],"picked":"Deadly Poison","floor":7},{"not_picked":["Blade Dance","Sucker Punch"],"picked":"Underhanded Strike","floor":10},{"not_picked":["Underhanded Strike","Finisher"],"picked":"Prepared","floor":11},{"not_picked":["Underhanded Strike","Deadly Poison"],"picked":"Well Laid Plans","floor":12},{"not_picked":["Slice","Predator"],"picked":"Sneak Up","floor":13},{"not_picked":["ReplayTheSpireMod:Exploit Weakness","Hidden Blade"],"picked":"Endless Agony","floor":14},{"not_picked":["ReplayTheSpireMod:From All Sides","aspiration:Lunge"],"picked":"Atom Bomb","floor":16},{"not_picked":["Deflect","Bouncing Flask"],"picked":"Backflip","floor":18},{"not_picked":["Quick Slash","Flying Knee"],"picked":"Backflip","floor":19},{"not_picked":["Bouncing Flask","Underhanded Strike+1","Poisoned Stab+1"],"picked":"SKIP","floor":24},{"not_picked":["Malaise","Terror"],"picked":"Acrobatics","floor":25},{"not_picked":["Masterful Stab+1","Deflect","ReplayTheSpireMod:Exploit Weakness"],"picked":"SKIP","floor":27}],"player_experience":211294,"relics_obtained":[{"floor":5,"key":"StoneCalendar"},{"floor":6,"key":"Garlic"},{"floor":9,"key":"Darkstone Periapt"},{"floor":10,"key":"Counterbalance"},{"floor":13,"key":"PreservedInsect"},{"floor":26,"key":"Pear"}],"event_choices":[{"cards_removed":["Strike_G"],"damage_healed":0,"gold_gain":0,"player_choice":"Purged","damage_taken":0,"max_hp_gain":0,"max_hp_loss":0,"event_name":"Purifier","floor":3,"gold_loss":0},{"damage_healed":0,"gold_gain":0,"player_choice":"Became a Ghost","damage_taken":0,"max_hp_gain":0,"max_hp_loss":35,"event_name":"Ghosts","floor":20,"gold_loss":0,"cards_obtained":["Ghostly","Ghostly","Ghostly","Ghostly","Ghostly"]},{"damage_healed":0,"gold_gain":0,"player_choice":"Forge","damage_taken":0,"max_hp_gain":0,"max_hp_loss":0,"event_name":"Accursed Blacksmith","floor":22,"gold_loss":0,"cards_upgraded":["infinitespire:Collect"]}],"is_beta":false,"boss_relics":[{"not_picked":["Painkiller Herb","ChewingGum"],"picked":"Astrolabe"}],"items_purged_floors":[21],"is_endless":false,"potions_floor_spawned":[1,11,14,16,18,24],"killed_by":"Chosen and Byrds","ascension_level":3}}