{"host":"e8ifhv72wwl3hwcg","time":1610628131,"event":{"mods":["BaseMod","Colored Map","Marisa£¨Ùöéë¡¡Øª×âÞÞ£©","Minty Spire (QoL Compilation)","StSLib","The Cursed","The Servant 0.9.4"],"gold_per_floor":[112,112,128,128,128,158,168,198,249,249,222,222,232,197,197,293,293,313,313,332,37,37,37],"floor_reached":22,"language":"KOR","playtime":2677,"items_purged":[],"score":217,"play_id":"20a8c706-c3e7-41a0-87e7-6f345fff8ec5","local_time":"20210114214211","is_ascension_mode":false,"campfire_choices":[{"floor":12,"key":"REST"},{"floor":15,"key":"REST"}],"circlet_count":0,"master_deck":["Strike_MRS","Strike_MRS","Strike_MRS","Strike_MRS","Defend_MRS+1","Defend_MRS+1","MasterSpark","UpSweep","NonDirectionalLaser","PowerUp","SprinkleStarSeal","MagicChant","SporeBomb","LuminesStrike","SuperNova","FinalSpark","EnergyRecoil","Writhe","DarkSpark"],"relics":["MiniHakkero","HandmadeGrimoire","Bag of Preparation","Juzu Bracelet","SlaversCollar","Strawberry","TungstenRod"],"acts_visited":["Exordium","TheCity"],"potions_floor_usage":[7,13],"damage_taken":[{"damage":4,"enemies":"Jaw Worm","floor":1,"turns":4},{"damage":0,"enemies":"Small Slimes","floor":3,"turns":3},{"damage":15,"enemies":"Lagavulin","floor":6,"turns":5},{"damage":0,"enemies":"2 Louse","floor":7,"turns":1},{"damage":32,"enemies":"3 Sentries","floor":8,"turns":7},{"damage":0,"enemies":"Large Slime","floor":13,"turns":3},{"damage":26,"enemies":"Slime Boss","floor":16,"turns":7},{"damage":21,"enemies":"3 Byrds","floor":18,"turns":4},{"damage":22,"enemies":"2 Thieves","floor":20,"turns":4},{"damage":32,"enemies":"Centurion and Healer","floor":22,"turns":3}],"seed_played":"-1230265558460838648","potions_obtained":[{"floor":3,"key":"DistilledChaos"},{"floor":8,"key":"SkillPotion"},{"floor":16,"key":"Ancient Potion"},{"floor":20,"key":"PowerPotion"}],"is_trial":false,"path_per_floor":["M","?","M","?","?","E","M","E","T","?","$","R","M","?","R","B",null,"M","?","M","$","M"],"character_chosen":"MARISA","items_purchased":["LuminesStrike","TungstenRod"],"campfire_rested":2,"item_purchase_floors":[11,21],"current_hp_per_floor":[78,62,62,55,48,33,33,1,1,1,1,25,25,45,69,43,82,61,68,46,46,14,14],"gold":37,"neow_bonus":"TEN_PERCENT_HP_BONUS","is_daily":false,"chose_seed":false,"campfire_upgraded":0,"win_rate":0.0,"timestamp":1610628131,"path_taken":["M","?","M","?","?","E","M","E","T","?","$","R","M","?","R","BOSS","M","?","M","$","M"],"items_purchased_type":["Card","Relic"],"build_version":"2020-12-22","purchased_purges":0,"victory":false,"max_hp_per_floor":[82,82,82,82,82,82,82,82,82,82,82,82,82,82,82,82,82,82,89,89,89,89,89],"card_choices":[{"not_picked":["DC","MysteriousBeam"],"picked":"NonDirectionalLaser","floor":1},{"not_picked":["EventHorizon","NonDirectionalLaser"],"picked":"PowerUp","floor":3},{"not_picked":["WitchLeyline","WitchOfGreed"],"picked":"SprinkleStarSeal","floor":6},{"not_picked":["Acceleration","NonDirectionalLaser"],"picked":"MagicChant","floor":7},{"not_picked":["DarkMatter","AsteroidBelt"],"picked":"SporeBomb","floor":8},{"not_picked":["IllusionStar","WitchOfGreed"],"picked":"SuperNova","floor":13},{"not_picked":["ManaRampage","TreasureHunter"],"picked":"FinalSpark","floor":16},{"not_picked":["MagicChant","GalacticHalo"],"picked":"EnergyRecoil","floor":18},{"not_picked":["6A+1","ChargingUp"],"picked":"DarkSpark","floor":20}],"player_experience":279991,"relics_obtained":[{"floor":6,"key":"Bag of Preparation"},{"floor":8,"key":"Juzu Bracelet"}],"event_choices":[{"damage_healed":0,"gold_gain":0,"player_choice":"Entered Light","damage_taken":16,"max_hp_gain":0,"max_hp_loss":0,"event_name":"Shining Light","floor":2,"gold_loss":0,"cards_upgraded":["Defend_MRS","Defend_MRS"]},{"damage_healed":0,"gold_gain":0,"player_choice":"Success","damage_taken":7,"relics_obtained":["HandmadeGrimoire"],"max_hp_gain":0,"max_hp_loss":0,"event_name":"Scrap Ooze","floor":4,"gold_loss":0},{"cards_removed":["Defend_MRS"],"damage_healed":0,"gold_gain":0,"player_choice":"Card Removal","damage_taken":7,"max_hp_gain":0,"max_hp_loss":0,"event_name":"Golden Wing","floor":5,"gold_loss":0},{"cards_removed":["Defend_MRS"],"damage_healed":0,"gold_gain":0,"player_choice":"Offered Basic","damage_taken":0,"max_hp_gain":0,"max_hp_loss":0,"event_name":"Bonfire Elementals","floor":10,"gold_loss":0},{"damage_healed":20,"gold_gain":0,"player_choice":"Healed","damage_taken":0,"max_hp_gain":0,"max_hp_loss":0,"event_name":"The Cleric","floor":14,"gold_loss":35},{"damage_healed":0,"gold_gain":0,"player_choice":"Opened","damage_taken":0,"relics_obtained":["Strawberry"],"max_hp_gain":0,"max_hp_loss":0,"event_name":"The Mausoleum","floor":19,"gold_loss":0,"cards_obtained":["Writhe"]}],"is_beta":false,"boss_relics":[{"not_picked":["Calling Bell","Sozu"],"picked":"SlaversCollar"}],"items_purged_floors":[],"is_endless":false,"potions_floor_spawned":[3,8,16,20],"killed_by":"Centurion and Healer","ascension_level":0}}