{"host":"6p0attdrtjqaih7v","time":1610594254,"event":{"mods":["2.2 Compatiblity","AchievementEnabler","Bard","BaseMod","Better Skull","Better Third Choice","Colored Powertips","Hermit","Highlight Path","Jorbs\u0027s Wanderer Trilogy","Key Reminder","Minty Spire (QoL Compilation)","Permanent Neow","Quick Restart","Random Character Button","Relic Stats","Replay The Spire","Robot Space Explorer","StSLib"],"gold_per_floor":[109,109,124,124,134,134,168,168,168,185,185,185,218,50,50,126,126,142,158,173,187,187,214,214,48,48,80,280,313,313,347,347,347,347],"floor_reached":33,"language":"ENG","playtime":1547,"items_purged":[],"score":762,"play_id":"752ec47a-d43f-43f0-8b8a-a04ab97f93e6","local_time":"20210113221734","is_ascension_mode":true,"campfire_choices":[{"data":"Dagger Spray","floor":6,"key":"SMITH"},{"data":"Replay:Bag of Tricks","floor":8,"key":"SMITH"},{"data":"ReplayTheSpireMod:From All Sides","floor":12,"key":"SMITH"},{"data":"ReplayTheSpireMod:Speed Training","floor":15,"key":"SMITH"},{"data":"Draining Mist","floor":24,"key":"SMITH"},{"data":"Corpse Explosion","floor":30,"key":"SMITH"},{"data":"Neutralize","floor":32,"key":"SMITH"}],"circlet_count":0,"master_deck":["AscendersBane","Strike_G","Strike_G","Strike_G","Strike_G","Defend_G","Defend_G+1","Defend_G","Defend_G","Defend_G","Survivor","Neutralize+1","ReplayTheSpireMod:From All Sides+1","Dash","Masterful Stab+1","Bouncing Flask+1","Dagger Spray+1","Replay:Bag of Tricks+1","ReplayTheSpireMod:Speed Training+1","Bouncing Flask+1","Corpse Explosion+1","AbeCurse","Acrobatics","Draining Mist+1","Dash","ReplayTheSpireMod:Speed Training","Backflip","Burst"],"relics":["Ring of the Snake","Pocketwatch","Ginger","Chameleon Ring","DollysMirror","Abe\u0027s Treasure","Boot","Chemical X","Quantum Egg","Akabeko","Eternal Feather","keyreminder:keyreminder","MealTicket"],"acts_visited":["Exordium","TheCity"],"potions_floor_usage":[18,27,29,33],"damage_taken":[{"damage":0,"enemies":"Jaw Worm","floor":1,"turns":7},{"damage":0,"enemies":"2 Louse","floor":3,"turns":1},{"damage":0,"enemies":"Small Slimes","floor":5,"turns":2},{"damage":7,"enemies":"Lagavulin","floor":7,"turns":6},{"damage":0,"enemies":"3 Louse","floor":10,"turns":2},{"damage":0,"enemies":"Gremlin Nob","floor":13,"turns":3},{"damage":7,"enemies":"The Guardian","floor":16,"turns":8},{"damage":0,"enemies":"2 Thieves","floor":18,"turns":2},{"damage":0,"enemies":"Spheric Guardian","floor":19,"turns":3},{"damage":2,"enemies":"Snecko","floor":20,"turns":4},{"damage":0,"enemies":"3 Cultists","floor":21,"turns":2},{"damage":12,"enemies":"Gremlin Leader","floor":23,"turns":5},{"damage":5,"enemies":"Book of Stabbing","floor":27,"turns":4},{"damage":0,"enemies":"Replay:Snechameleon","floor":29,"turns":4},{"damage":8,"enemies":"Gremlin Leader","floor":31,"turns":5},{"damage":43,"enemies":"Pondfish","floor":33,"turns":7}],"seed_played":"8990788000759229607","potions_obtained":[{"floor":1,"key":"Flashbang"},{"floor":10,"key":"Elixir"},{"floor":13,"key":"Poison Potion"},{"floor":16,"key":"CultistPotion"},{"floor":19,"key":"Swift Potion"},{"floor":29,"key":"FearPotion"},{"floor":31,"key":"Fire Potion"}],"is_trial":false,"path_per_floor":["M","?","M","?","M","R","E","R","T","M","?","R","E","$","R","B",null,"M","M","M","M","?","E","R","$","T","E","?","E","R","E","R","B"],"character_chosen":"THE_SILENT","items_purchased":["DollysMirror","Chemical X"],"campfire_rested":0,"item_purchase_floors":[14,25],"current_hp_per_floor":[59,59,59,59,59,59,52,52,52,52,52,52,52,52,52,45,61,61,61,59,59,59,47,47,47,47,42,21,21,36,28,43,0,0],"gold":347,"neow_bonus":"ONE_RANDOM_RARE_CARD","is_daily":false,"chose_seed":false,"campfire_upgraded":7,"win_rate":0.0,"timestamp":1610594254,"path_taken":["M","?","M","?","M","R","E","R","T","M","?","R","E","?","R","BOSS","M","M","M","M","?","E","R","$","T","E","?","E","R","E","R","BOSS"],"items_purchased_type":["Relic","Relic"],"build_version":"2020-12-22","purchased_purges":0,"victory":false,"max_hp_per_floor":[66,66,66,66,66,66,66,66,66,66,66,66,66,66,66,66,66,66,66,66,66,66,66,66,66,66,66,66,66,66,66,66,66,66],"relic_stats":{"counters":[16,65],"Eternal Feather":30,"MealTicket":0,"Ginger":[6],"Chemical X":[7],"Boot":[37],"obtain_stats":[{"Quantum Egg":26,"Eternal Feather":29,"Ginger":9,"Boot":23,"Akabeko":27,"keyreminder:keyreminder":29,"Chameleon Ring":13,"DollysMirror":14,"MealTicket":31,"Chemical X":25,"Abe\u0027s Treasure":17,"Ring of the Snake":0,"Pocketwatch":7},{"Quantum Egg":12,"Eternal Feather":14,"Ginger":4,"Boot":12,"Akabeko":13,"keyreminder:keyreminder":14,"Chameleon Ring":6,"DollysMirror":6,"MealTicket":15,"Chemical X":12,"Abe\u0027s Treasure":7,"Ring of the Snake":0,"Pocketwatch":4},{"Quantum Egg":45,"Eternal Feather":53,"Ginger":16,"Boot":45,"Akabeko":49,"keyreminder:keyreminder":53,"Chameleon Ring":21,"DollysMirror":21,"MealTicket":58,"Chemical X":45,"Abe\u0027s Treasure":29,"Ring of the Snake":0,"Pocketwatch":16}],"Ring of the Snake":[32],"Pocketwatch":[78]},"card_choices":[{"not_picked":["Acrobatics","Deflect"],"picked":"Dash","floor":1},{"not_picked":["Quick Slash","Infinite Blades"],"picked":"Bouncing Flask","floor":3},{"not_picked":["Infinite Blades","Eviscerate","Dagger Spray"],"picked":"SKIP","floor":5},{"not_picked":["Infinite Blades","Eviscerate"],"picked":"Dagger Spray","floor":5},{"not_picked":["Dodge and Roll","Dagger Throw"],"picked":"Replay:Bag of Tricks","floor":7},{"not_picked":["Blur","Slice","Underhanded Strike"],"picked":"SKIP","floor":10},{"not_picked":["Sucker Punch","Cloak And Dagger"],"picked":"ReplayTheSpireMod:Speed Training","floor":13},{"not_picked":["Adrenaline","Wraith Form v2"],"picked":"Corpse Explosion","floor":16},{"not_picked":["Bouncing Flask","Poisoned Stab"],"picked":"Acrobatics","floor":18},{"not_picked":["Slice","Riddle With Holes","Poisoned Stab"],"picked":"SKIP","floor":19},{"not_picked":["Acrobatics","Flechettes"],"picked":"Draining Mist","floor":20},{"not_picked":["Choke","Dodge and Roll"],"picked":"Dash","floor":21},{"not_picked":["Bane","A Thousand Cuts"],"picked":"Backflip","floor":23},{"not_picked":["Dagger Spray","Quick Slash","Heel Hook"],"picked":"SKIP","floor":27},{"not_picked":["Footwork","Flying Knee"],"picked":"Burst","floor":29},{"not_picked":["Dagger Spray","Night Terror","Predator"],"picked":"SKIP","floor":31}],"player_experience":828568,"relics_obtained":[{"floor":7,"key":"Pocketwatch"},{"floor":9,"key":"Ginger"},{"floor":13,"key":"Chameleon Ring"},{"floor":23,"key":"Boot"},{"floor":26,"key":"Quantum Egg"},{"floor":27,"key":"Akabeko"},{"floor":29,"key":"Eternal Feather"},{"floor":31,"key":"MealTicket"}],"event_choices":[{"damage_healed":0,"gold_gain":0,"player_choice":"Grow","damage_taken":0,"max_hp_gain":0,"max_hp_loss":0,"event_name":"Living Wall","floor":4,"gold_loss":0,"cards_upgraded":["Bouncing Flask"]},{"damage_healed":0,"gold_gain":0,"player_choice":"Read","damage_taken":0,"max_hp_gain":0,"max_hp_loss":0,"event_name":"The Library","floor":22,"gold_loss":0,"cards_obtained":["ReplayTheSpireMod:Speed Training"]}],"is_beta":false,"boss_relics":[{"not_picked":["ReplayTheSpireMod:DimensionalGlitch","Calling Bell"],"picked":"Abe\u0027s Treasure"}],"items_purged_floors":[],"is_endless":false,"potions_floor_spawned":[1,10,13,16,19,23,29,31],"killed_by":"Pondfish","ascension_level":20}}