{"host":"zk71suw73lg2r165","time":1610654190,"event":{"mods":["BaseMod","Colored Map","Minty Spire (QoL Compilation)","Permanent Neow","Relic Stats","StSLib"],"gold_per_floor":[110,123,142,142,162,162,162],"floor_reached":6,"language":"ENG","playtime":199,"items_purged":[],"score":76,"play_id":"1fc27248-ff0f-459f-88df-88b7790e0aa7","local_time":"20210114145630","is_ascension_mode":true,"campfire_choices":[],"circlet_count":0,"master_deck":["AscendersBane","Strike_R","Strike_R","Strike_R","Strike_R","Defend_R","Defend_R","Defend_R","Defend_R","Bash","Ghostly Armor","Perfected Strike","Body Slam","Rampage"],"relics":["Burning Blood","Magic Flower"],"acts_visited":["Exordium"],"potions_floor_usage":[6],"damage_taken":[{"damage":14,"enemies":"Jaw Worm","floor":1,"turns":4},{"damage":1,"enemies":"Cultist","floor":2,"turns":4},{"damage":9,"enemies":"Small Slimes","floor":3,"turns":4},{"damage":2,"enemies":"Looter","floor":5,"turns":4},{"damage":43,"enemies":"Lagavulin","floor":6,"turns":7}],"seed_played":"878757542670483808","potions_obtained":[{"floor":1,"key":"LiquidBronze"},{"floor":5,"key":"Block Potion"}],"is_trial":false,"path_per_floor":["M","M","M","?","M","E"],"character_chosen":"IRONCLAD","items_purchased":[],"campfire_rested":0,"item_purchase_floors":[],"current_hp_per_floor":[45,53,53,53,60,17,17],"gold":162,"neow_bonus":"ONE_RARE_RELIC","is_daily":false,"chose_seed":false,"campfire_upgraded":0,"win_rate":0.0,"timestamp":1610654190,"path_taken":["M","M","M","?","M","E"],"items_purchased_type":[],"build_version":"2020-12-22","purchased_purges":0,"victory":false,"max_hp_per_floor":[75,75,75,75,75,75,75],"relic_stats":{"counters":[5,23],"Magic Flower":[12],"obtain_stats":[{"Magic Flower":0,"Burning Blood":0},{"Magic Flower":0,"Burning Blood":0},{"Magic Flower":0,"Burning Blood":0}],"Burning Blood":36},"card_choices":[{"not_picked":["Disarm","Clothesline"],"picked":"Ghostly Armor","floor":1},{"not_picked":["Thunderclap","Clothesline"],"picked":"Perfected Strike","floor":2},{"not_picked":["Heavy Blade","Pummel"],"picked":"Body Slam","floor":3},{"not_picked":["Havoc","Shrug It Off"],"picked":"Rampage","floor":5}],"player_experience":1340498,"relics_obtained":[],"event_choices":[{"cards_removed":["Strike_R"],"damage_healed":0,"gold_gain":0,"player_choice":"Purged","damage_taken":0,"max_hp_gain":0,"max_hp_loss":0,"event_name":"Purifier","floor":4,"gold_loss":0}],"is_beta":false,"boss_relics":[],"items_purged_floors":[],"is_endless":false,"potions_floor_spawned":[1,5],"killed_by":"Lagavulin","ascension_level":20}}