{"host":"4hkuu26ltn0le3bk","time":1610663479,"event":{"mods":["100% Spire Juice","Arknights The Spire","Astrologer","BaseMod","BetterRewards","Clockwork Mod","Colored Map","Colored Powertips","Downfall","Friendly Minions","Gremlin Mod","Hermit","Marisa????????","Minty Spire (QoL Compilation)","Quick Restart","StSLib","Td1madao Mod","The Bug Knight","The Construct","The Cursed","The Disciple","The Factory","The Hierophant","The Jungle","The Servant 0.9.4"],"gold_per_floor":[109,184,198,198,96,96,110,127,152,32,45,59,79,114,114,216,96,116,134,134,134,152,152,23,36,59,59,72,92,92,112,112,214,214,231,248,248,323,342,342,356,370,370,420,420,420,438,63,63,63,63,63,28,56,56],"floor_reached":56,"language":"ENG","playtime":4204,"items_purged":["Moonworks:Strike","Moonworks:Defend"],"score":1182,"play_id":"62b09af4-a8c3-471f-bbc2-0370db6f3202","local_time":"20210114173119","is_ascension_mode":false,"campfire_choices":[{"data":"Moonworks:CloudOfSeagulls","floor":6.0,"key":"SMITH"},{"data":"Moonworks:Ambush","floor":10.0,"key":"SMITH"},{"floor":15.0,"key":"RECALL"},{"data":"Moonworks:AccelHyper","floor":23.0,"key":"SMITH"},{"data":"Moonworks:MetallicMonocoque","floor":27.0,"key":"SMITH"},{"data":"Moonworks:CloudOfSeagulls","floor":32.0,"key":"SMITH"},{"data":"Impatience","floor":40.0,"key":"SMITH"},{"data":"expansioncontent:DecasProtection","floor":46,"key":"SMITH"},{"data":"Moonworks:Dash","floor":49,"key":"SMITH"},{"data":"Moonworks:NicePresent","floor":52,"key":"SMITH"}],"circlet_count":0,"master_deck":["Moonworks:Defend","Moonworks:Defend","Moonworks:Defend","Moonworks:Ambush+1","Moonworks:LongDistanceShot","Moonworks:NicePresent+1","Moonworks:CloudOfSeagulls+1","Moonworks:SakisCookie","Moonworks:MiracleRedBeanIceCream","Moonworks:JonathanRush","Moonworks:NicePresent+1","Moonworks:Dash+1","Moonworks:Dinner","Moonworks:SakisCookie","Moonworks:AccelHyper+1","Moonworks:SakisCookie","Moonworks:CloudOfSeagulls+1","Moonworks:MetallicMonocoque+1","Moonworks:CloudOfSeagulls+1","Moonworks:MiracleRedBeanIceCream","Moonworks:LulusLuckyEgg+1","Moonworks:NicePresent+1","Moonworks:ScrambledEve","Necronomicurse","Moonworks:ShieldCounter","Moonworks:CrystalBarrier+1","Moonworks:IntelligenceOfficer+1","Moonworks:AwakeningOfTalent+1","Moonworks:Dinner+1","Impatience+1","Dark Shackles","expansioncontent:DecasProtection+1","Moonworks:RedAndBlue+1","Moonworks:CloudOfSeagulls+1","Moonworks:Dinner","Moonworks:AwakeningOfTalent","Moonworks:ScrambledEve"],"relics":["Moonworks:BrokenBomb","Moonworks:Homemark","MealTicket","SlaversCollar","Tiny Chest","Necronomicon","Astrolabe","Meat on the Bone","War Paint","CatCart","TheAbacus","Centennial Puzzle"],"acts_visited":["Exordium","TheCity","TheBeyond","TheEnding"],"potions_floor_usage":[47,50,55,55],"damage_taken":[{"damage":2.0,"enemies":"Small Slimes","floor":1.0,"turns":5.0},{"damage":1.0,"enemies":"Cultist","floor":3.0,"turns":4.0},{"damage":1.0,"enemies":"Jaw Worm","floor":5.0,"turns":3.0},{"damage":13.0,"enemies":"Large Slime","floor":7.0,"turns":7.0},{"damage":13.0,"enemies":"2 Fungi Beasts","floor":8.0,"turns":3.0},{"damage":3.0,"enemies":"Red Slaver","floor":11.0,"turns":3.0},{"damage":0.0,"enemies":"3 Louse","floor":12.0,"turns":2.0},{"damage":6.0,"enemies":"2 Fungi Beasts","floor":13.0,"turns":3.0},{"damage":0.0,"enemies":"3 Sentries","floor":14.0,"turns":2.0},{"damage":23.0,"enemies":"Hexaghost","floor":16.0,"turns":8.0},{"damage":3.0,"enemies":"Shell Parasite","floor":18.0,"turns":4.0},{"damage":10.0,"enemies":"2 Thieves","floor":19.0,"turns":4.0},{"damage":27.0,"enemies":"Sentry and Sphere","floor":22.0,"turns":4.0},{"damage":34.0,"enemies":"Chosen and Byrds","floor":25.0,"turns":5.0},{"damage":2.0,"enemies":"Cultist and Chosen","floor":28.0,"turns":5.0},{"damage":1.0,"enemies":"Centurion and Healer","floor":29.0,"turns":7.0},{"damage":24.0,"enemies":"Shelled Parasite and Fungi","floor":31.0,"turns":5.0},{"damage":20.0,"enemies":"Automaton","floor":33.0,"turns":7.0},{"damage":15.0,"enemies":"Orb Walker","floor":35.0,"turns":2.0},{"damage":11.0,"enemies":"3 Darklings","floor":36.0,"turns":6.0},{"damage":55.0,"enemies":"Transient","floor":39.0,"turns":5.0},{"damage":13,"enemies":"4 Shapes","floor":41,"turns":3},{"damage":14,"enemies":"3 Darklings","floor":42,"turns":4},{"damage":0,"enemies":"Orin","floor":44,"turns":8},{"damage":45,"enemies":"Writhing Mass","floor":47,"turns":8},{"damage":13,"enemies":"Time Eater","floor":50,"turns":9},{"damage":32,"enemies":"Shield and Spear","floor":54,"turns":6},{"damage":55,"enemies":"The Heart","floor":55,"turns":7}],"seed_played":"3814077289032823324","potions_obtained":[{"floor":1.0,"key":"PowerPotion"},{"floor":7.0,"key":"SteroidPotion"},{"floor":14.0,"key":"SteroidPotion"},{"floor":16.0,"key":"GamblersBrew"},{"floor":19.0,"key":"Strength Potion"},{"floor":28.0,"key":"AttackPotion"},{"floor":33.0,"key":"sneckomod:MuddlingPotion"},{"floor":36.0,"key":"PowerPotion"},{"floor":44,"key":"Swift Potion"},{"floor":54,"key":"SkillPotion"}],"is_trial":false,"path_per_floor":["M","?","M","?","M","R","M","M","T","R","M","M","M","E","R","B",null,"M","M","?","?","M","R","$","M","T","R","M","M","?","M","R","B",null,"M","M","?","T","M","R","M","M","T","?","?","R","M","$","R","B",null,"R","$","E","B",null],"character_chosen":"THE_STARBREAKER","items_purchased":["Moonworks:LulusLuckyEgg","TheAbacus","Moonworks:AwakeningOfTalent"],"campfire_rested":0,"item_purchase_floors":[24,48,53],"current_hp_per_floor":[64,53,52,52,51,51,38,30,30,30,32,32,26,34,34,26,66,63,60,60,60,39,39,54,35,35,35,45,66,50,44,44,38,66,56,63,53,53,23,23,41,42,42,66,66,66,42,57,57,66,66,66,66,50,38],"gold":56,"neow_bonus":"TEN_PERCENT_HP_BONUS","is_daily":false,"chose_seed":false,"campfire_upgraded":9,"win_rate":0.0,"timestamp":1610663479,"path_taken":["M","?","M","?","M","R","M","?","T","R","M","M","M","E","R","BOSS","M","M","?","?","M","R","$","M","T","R","M","?","?","M","R","BOSS","M","M","?","?","M","R","M","M","T","?","?","R","?","$","R","BOSS","R","$","E","BOSS"],"items_purchased_type":["Card","Relic","Card"],"build_version":"2020-12-22","purchased_purges":2,"victory":true,"max_hp_per_floor":[66,66,66,66,66,66,66,66,66,66,66,66,66,66,66,66,66,66,66,66,66,66,66,66,66,66,66,66,66,66,66,66,66,66,66,66,66,66,66,66,66,66,66,66,66,66,66,66,66,66,66,66,66,66,66],"card_choices":[{"not_picked":["Moonworks:Poppoformation","Moonworks:Dinner"],"picked":"Moonworks:NicePresent","floor":1.0},{"not_picked":["Moonworks:NicePresent","Moonworks:Assault"],"picked":"Moonworks:CloudOfSeagulls","floor":3.0},{"not_picked":["Moonworks:MiracleRedBeanIceCream","Moonworks:JonathanRush"],"picked":"Moonworks:SakisCookie","floor":5.0},{"not_picked":["Moonworks:BeyondHell","Moonworks:Assault"],"picked":"Moonworks:MiracleRedBeanIceCream","floor":7.0},{"not_picked":["Moonworks:Assault","Moonworks:ImOnFire"],"picked":"Moonworks:JonathanRush","floor":8.0},{"not_picked":["Moonworks:LeapThroughSpace","Moonworks:BindingChains"],"picked":"Moonworks:NicePresent","floor":11.0},{"not_picked":["Moonworks:CompletionReward","Moonworks:Assault"],"picked":"Moonworks:Dash","floor":12.0},{"not_picked":["Moonworks:IndiscriminateFireSupport","Moonworks:BindingChains"],"picked":"Moonworks:Dinner","floor":13.0},{"not_picked":["Moonworks:IntelligenceOfficer","Moonworks:BeyondHell"],"picked":"Moonworks:SakisCookie","floor":14.0},{"not_picked":["Moonworks:StarBlastingFuse","Moonworks:Wanted"],"picked":"Moonworks:AccelHyper","floor":16.0},{"not_picked":["Moonworks:IndiscriminateFireSupport","Moonworks:ExtendedPhotonRifle"],"picked":"Moonworks:SakisCookie","floor":18.0},{"not_picked":["Moonworks:JonathanRush","Moonworks:EvilSpyWorkPreparation"],"picked":"Moonworks:CloudOfSeagulls","floor":19.0},{"not_picked":["Moonworks:LulusLuckyEgg","Moonworks:ImOnFire"],"picked":"Moonworks:MiracleRedBeanIceCream","floor":22.0},{"not_picked":["Moonworks:LulusLuckyEgg","Moonworks:SakisCookie+1"],"picked":"Moonworks:NicePresent+1","floor":25.0},{"not_picked":["Moonworks:AngelHand","Moonworks:RedAndBlue","Moonworks:IndiscriminateFireSupport+1"],"picked":"SKIP","floor":28.0},{"not_picked":["Moonworks:JonathanRush","Moonworks:IntelligenceOfficer"],"picked":"Moonworks:ScrambledEve","floor":29.0},{"not_picked":["Moonworks:TacticalRetreat","Moonworks:Assault+1","Moonworks:BigMagnum"],"picked":"SKIP","floor":31.0},{"not_picked":["Moonworks:StarBlastingFuse","Moonworks:Wanted"],"picked":"Moonworks:ShieldCounter","floor":33.0},{"not_picked":["Moonworks:ImOnFire+1","Moonworks:Assault","Moonworks:CloudOfSeagulls"],"picked":"SKIP","floor":35.0},{"not_picked":["Moonworks:JonathanRush","Moonworks:Assault"],"picked":"Moonworks:Dinner","floor":36.0},{"not_picked":["expansioncontent:ManipulateTime","Swift Strike"],"picked":"Impatience","floor":37.0},{"not_picked":["expansioncontent:YouAreMine","expansioncontent:PrepareCrush"],"picked":"Dark Shackles","floor":37.0},{"not_picked":["Master of Strategy","Transmutation"],"picked":"expansioncontent:DecasProtection","floor":37.0},{"not_picked":["Moonworks:Assault","Moonworks:DeployBits"],"picked":"Moonworks:RedAndBlue+1","floor":39.0},{"not_picked":["Moonworks:ExtendedPhotonRifle+1","Moonworks:ImOnFire","Moonworks:FullSpeedAlicianrone+1"],"picked":"SKIP","floor":41},{"not_picked":["Moonworks:IndiscriminateFireSupport","Moonworks:RagingMadness","Moonworks:BindingChains+1"],"picked":"SKIP","floor":42},{"not_picked":["Moonworks:RedAndBlue+1","Moonworks:BindingChains"],"picked":"Moonworks:CloudOfSeagulls+1","floor":44},{"not_picked":["Moonworks:IndiscriminateFireSupport","Moonworks:RocketCannon"],"picked":"Moonworks:Dinner","floor":47},{"not_picked":["Moonworks:DeployBits+1","Moonworks:FinalSurgery+1"],"picked":"Moonworks:ScrambledEve","floor":54}],"player_experience":206449,"relics_obtained":[{"floor":14.0,"key":"MealTicket"},{"floor":26.0,"key":"Tiny Chest"},{"floor":30.0,"key":"Necronomicon"},{"floor":38.0,"key":"Meat on the Bone"},{"floor":43,"key":"War Paint"},{"floor":44,"key":"CatCart"},{"floor":54,"key":"Centennial Puzzle"}],"event_choices":[{"damage_healed":0.0,"max_hp_gain":0.0,"max_hp_loss":0.0,"gold_gain":75.0,"event_name":"World of Goop","player_choice":"Gather Gold","floor":2.0,"gold_loss":0.0,"damage_taken":11.0},{"damage_healed":0.0,"max_hp_gain":0.0,"max_hp_loss":0.0,"gold_gain":0.0,"event_name":"NoteForYourself","player_choice":"Ignored","floor":4.0,"gold_loss":0.0,"damage_taken":0.0},{"damage_healed":0.0,"max_hp_gain":0.0,"max_hp_loss":0.0,"gold_gain":0.0,"event_name":"The Library","player_choice":"Read","floor":20.0,"gold_loss":0.0,"damage_taken":0.0,"cards_obtained":["Moonworks:MetallicMonocoque"]},{"damage_healed":0.0,"max_hp_gain":0.0,"max_hp_loss":0.0,"gold_gain":0.0,"event_name":"Duplicator","player_choice":"Copied","floor":21.0,"gold_loss":0.0,"damage_taken":0.0,"cards_obtained":["Moonworks:CloudOfSeagulls"]},{"damage_healed":0.0,"max_hp_gain":0.0,"max_hp_loss":0.0,"gold_gain":0.0,"event_name":"Cursed Tome","player_choice":"Obtained Book","floor":30.0,"gold_loss":0.0,"damage_taken":16.0},{"damage_healed":0.0,"max_hp_gain":0.0,"max_hp_loss":0.0,"gold_gain":0.0,"event_name":"SensoryStone","player_choice":"Memory 3","floor":37.0,"gold_loss":0.0,"damage_taken":10.0},{"damage_healed":0,"gold_gain":0,"player_choice":"Fight","damage_taken":0,"max_hp_gain":0,"max_hp_loss":0,"event_name":"OrinTheCat","floor":44,"gold_loss":0},{"damage_healed":0,"gold_gain":0,"player_choice":"Upgraded","damage_taken":0,"max_hp_gain":0,"max_hp_loss":0,"event_name":"Upgrade Shrine","floor":45,"gold_loss":0,"cards_upgraded":["Moonworks:LulusLuckyEgg"]}],"is_beta":false,"boss_relics":[{"not_picked":["Philosopher\u0027s Stone","Velvet Choker"],"picked":"SlaversCollar"},{"not_picked":["Tiny House","Black Star"],"picked":"Astrolabe"}],"items_purged_floors":[24,48],"is_endless":false,"potions_floor_spawned":[1,7,14,16,19,28,29,33,36,39,42,44,54],"ascension_level":0}}