{"host":"uonldg9uriwfhjjx","time":1610608578,"event":{"mods":["AchievementEnabler","BaseMod","Minty Spire (QoL Compilation)","Relic Stats","StSLib","The Cursed"],"gold_per_floor":[116,116,116,116,131,131,141,141,141,316,329,357,357,327,327,432,432,450,466,174,191,116,145,145,145,224,224,253,83,83,83,83,183,183,200,200,200,217,217,217,244,49,75,108,158,208,237,0,0,0],"floor_reached":51,"language":"ENG","playtime":3004,"items_purged":["TheCursedMod:Defend_TheCursed"],"score":904,"play_id":"831085f7-169b-4652-9584-cd2d4fb595d1","local_time":"20210114021618","is_ascension_mode":true,"campfire_choices":[{"data":"TheCursedMod:CleanUpWorkshop","floor":6,"key":"SMITH"},{"data":"TheCursedMod:SmokeScreen","floor":8,"key":"SMITH"},{"data":"TheCursedMod:CircleOfAmplification","floor":13,"key":"SMITH"},{"data":"TheCursedMod:HellsGateOpen","floor":15,"key":"SMITH"},{"floor":24,"key":"REST"},{"data":"TheCursedMod:NeowsMight","floor":27,"key":"SMITH"},{"data":"TheCursedMod:CircleOfWindfury","floor":32,"key":"SMITH"},{"data":"TheCursedMod:VoidForm","floor":40,"key":"SMITH"},{"data":"TheCursedMod:DarkBarrier","floor":49,"key":"SMITH"}],"circlet_count":0,"master_deck":["TheCursedMod:Strike_TheCursed","TheCursedMod:Strike_TheCursed","TheCursedMod:Strike_TheCursed","TheCursedMod:Defend_TheCursed","TheCursedMod:CursedWand","TheCursedMod:CleanUpWorkshop+1","TheCursedMod:Dregs","TheCursedMod:SmokeScreen+1","TheCursedMod:DoubleShield","TheCursedMod:CircleOfWindfury+1","Doubt","TheCursedMod:Hemoplague","TheCursedMod:CircleOfAmplification+1","TheCursedMod:HellsGateOpen+1","TheCursedMod:SpitefulStrike","TheCursedMod:HellfireBreathing","TheCursedMod:LuckyCharm","TheCursedMod:NeowsMight+1","TheCursedMod:SpitefulStrike+1","TheCursedMod:VoidForm+1","TheCursedMod:HellfireBreathing","TheCursedMod:CircleOfWindfury+1","Bandage Up","TheCursedMod:EmpowerCircles","TheCursedMod:CollectTribute","TheCursedMod:AshesToAshes","Madness","Madness","TheCursedMod:DarkBarrier+1","TheCursedMod:FleshFromBone","TheCursedMod:BlessingInDisguise","TheCursedMod:Grudge+1","TheCursedMod:WearCloak","TheCursedMod:Mangle"],"relics":["TheCursedMod:BlackMagic101","NeowsBlessing","Pen Nib","Letter Opener","TheCursedMod:BloodyHarpoon","Bottled Lightning","TheCursedMod:OminousMark","Juzu Bracelet","Mercury Hourglass","TheCursedMod:DemonicMark","TheCursedMod:Tack","Enchiridion","Snecko Eye","Bag of Preparation","TheCursedMod:PinkPellets","PreservedInsect","Bag of Marbles","Turnip","Incense Burner","Akabeko","Red Mask"],"acts_visited":["Exordium","TheCity","TheBeyond"],"potions_floor_usage":[16,16,18,23,28,45,46],"damage_taken":[{"damage":0,"enemies":"Jaw Worm","floor":1,"turns":1},{"damage":0,"enemies":"2 Louse","floor":5,"turns":1},{"damage":0,"enemies":"Cultist","floor":7,"turns":1},{"damage":0,"enemies":"Blue Slaver","floor":11,"turns":6},{"damage":25,"enemies":"Gremlin Nob","floor":12,"turns":6},{"damage":0,"enemies":"Looter","floor":14,"turns":4},{"damage":27,"enemies":"Slime Boss","floor":16,"turns":11},{"damage":13,"enemies":"Chosen","floor":18,"turns":6},{"damage":12,"enemies":"3 Byrds","floor":19,"turns":5},{"damage":22,"enemies":"Snake Plant","floor":21,"turns":5},{"damage":0,"enemies":"Slavers","floor":23,"turns":4},{"damage":27,"enemies":"Book of Stabbing","floor":28,"turns":7},{"damage":1,"enemies":"Collector","floor":33,"turns":7},{"damage":4,"enemies":"Orb Walker","floor":35,"turns":3},{"damage":0,"enemies":"3 Darklings","floor":38,"turns":2},{"damage":15,"enemies":"Giant Head","floor":41,"turns":4},{"damage":7,"enemies":"Nemesis","floor":44,"turns":5},{"damage":0,"enemies":"2 Orb Walkers","floor":45,"turns":3},{"damage":6,"enemies":"Mind Bloom Boss Battle","floor":46,"turns":4},{"damage":2,"enemies":"Reptomancer","floor":47,"turns":5},{"damage":20,"enemies":"Time Eater","floor":50,"turns":8}],"seed_played":"4796590992383540439","potions_obtained":[{"floor":4,"key":"FairyPotion"},{"floor":4,"key":"Explosive Potion"},{"floor":4,"key":"BlessingOfTheForge"},{"floor":16,"key":"LiquidBronze"},{"floor":18,"key":"Weak Potion"},{"floor":19,"key":"Swift Potion"},{"floor":33,"key":"Fire Potion"},{"floor":41,"key":"LiquidMemories"},{"floor":45,"key":"Fire Potion"},{"floor":47,"key":"EntropicBrew"}],"is_trial":false,"path_per_floor":["M","?","T","?","M","R","M","R","T","?","M","E","R","M","R","B",null,"M","M","$","M","?","E","R","?","T","R","E","$","?","?","R","B",null,"M","?","?","M","?","R","E","$","T","E","?","?","E","?","R","B",null],"character_chosen":"THE_CURSED","items_purchased":["TheCursedMod:LuckyCharm","Juzu Bracelet","Bandage Up","TheCursedMod:EmpowerCircles","TheCursedMod:FleshFromBone","TheCursedMod:PinkPellets"],"campfire_rested":1,"item_purchase_floors":[20,20,29,29,42,42],"current_hp_per_floor":[75,63,63,63,63,63,63,63,63,63,63,38,38,38,38,11,75,62,50,50,28,28,28,50,50,50,50,23,23,48,32,32,35,75,71,71,71,75,66,66,55,55,55,52,56,54,56,56,56,40],"gold":0,"neow_bonus":"THREE_ENEMY_KILL","is_daily":false,"chose_seed":false,"campfire_upgraded":8,"win_rate":0.0,"timestamp":1610608578,"path_taken":["M","?","?","?","?","R","M","R","T","?","M","E","R","M","R","BOSS","M","M","$","M","?","E","R","?","T","R","E","$","?","?","R","BOSS","M","?","?","M","?","R","E","$","T","E","?","?","E","?","R","BOSS"],"items_purchased_type":["Card","Relic","Card","Card","Card","Relic"],"build_version":"2020-12-22","purchased_purges":1,"victory":true,"max_hp_per_floor":[75,75,75,75,75,75,75,75,75,75,75,75,75,75,75,75,75,75,75,75,75,75,75,75,75,75,75,75,75,75,75,75,75,75,75,75,75,75,75,75,75,75,75,75,75,75,75,75,75,75],"relic_stats":{"counters":[21,97],"Snecko Eye":[36,37,39,29],"Pen Nib":[15],"PreservedInsect":105,"Turnip":[1],"Juzu Bracelet":1,"Bag of Preparation":[10],"Letter Opener":[169],"obtain_stats":[{"TheCursedMod:BloodyHarpoon":9,"TheCursedMod:BlackMagic101":0,"NeowsBlessing":0,"TheCursedMod:Tack":28,"Enchiridion":31,"TheCursedMod:PinkPellets":42,"Pen Nib":2,"PreservedInsect":43,"Juzu Bracelet":20,"Bag of Preparation":41,"Incense Burner":46,"Letter Opener":3,"TheCursedMod:DemonicMark":26,"Akabeko":47,"Mercury Hourglass":23,"TheCursedMod:OminousMark":17,"Snecko Eye":34,"Turnip":45,"Bag of Marbles":44,"Red Mask":48,"Bottled Lightning":12},{"TheCursedMod:BloodyHarpoon":3,"TheCursedMod:BlackMagic101":0,"NeowsBlessing":0,"TheCursedMod:Tack":12,"Enchiridion":12,"TheCursedMod:PinkPellets":16,"Pen Nib":1,"PreservedInsect":16,"Juzu Bracelet":9,"Bag of Preparation":16,"Incense Burner":19,"Letter Opener":1,"TheCursedMod:DemonicMark":11,"Akabeko":20,"Mercury Hourglass":11,"TheCursedMod:OminousMark":7,"Snecko Eye":13,"Turnip":18,"Bag of Marbles":17,"Red Mask":20,"Bottled Lightning":5},{"TheCursedMod:BloodyHarpoon":3,"TheCursedMod:BlackMagic101":0,"NeowsBlessing":0,"TheCursedMod:Tack":56,"Enchiridion":56,"TheCursedMod:PinkPellets":72,"Pen Nib":1,"PreservedInsect":72,"Juzu Bracelet":41,"Bag of Preparation":72,"Incense Burner":84,"Letter Opener":1,"TheCursedMod:DemonicMark":50,"Akabeko":89,"Mercury Hourglass":50,"TheCursedMod:OminousMark":30,"Snecko Eye":63,"Turnip":80,"Bag of Marbles":77,"Red Mask":89,"Bottled Lightning":15}],"Mercury Hourglass":[176]},"card_choices":[{"not_picked":["TheCursedMod:Obscuration","TheCursedMod:Wield"],"picked":"TheCursedMod:SmokeScreen","floor":1},{"not_picked":["TheCursedMod:StingEye","TheCursedMod:RavingStaff"],"picked":"TheCursedMod:DoubleShield","floor":5},{"not_picked":["TheCursedMod:SaltUponWound","TheCursedMod:CircleOfFlame"],"picked":"TheCursedMod:CircleOfWindfury","floor":7},{"not_picked":["TheCursedMod:AbyssShockwave","TheCursedMod:TacticalStrike"],"picked":"TheCursedMod:Hemoplague","floor":11},{"not_picked":["TheCursedMod:RavingStaff","TheCursedMod:CircleOfFlame"],"picked":"TheCursedMod:CircleOfAmplification","floor":12},{"not_picked":["TheCursedMod:CircleOfWindfury","TheCursedMod:Evocation"],"picked":"TheCursedMod:HellsGateOpen","floor":14},{"not_picked":["TheCursedMod:CursedRelics","TheCursedMod:ShockAndAwe"],"picked":"TheCursedMod:ParallelWorld","floor":16},{"not_picked":["TheCursedMod:VitalStrike+1","TheCursedMod:CursedShiv"],"picked":"TheCursedMod:SpitefulStrike","floor":18},{"not_picked":["TheCursedMod:RavingStaff","TheCursedMod:CursedMace+1"],"picked":"TheCursedMod:HellfireBreathing","floor":19},{"not_picked":["TheCursedMod:SpitefulStrike","TheCursedMod:Stigma"],"picked":"TheCursedMod:NeowsMight","floor":21},{"not_picked":["TheCursedMod:HellsGateOpen","TheCursedMod:SoulCrush"],"picked":"TheCursedMod:SpitefulStrike+1","floor":23},{"not_picked":["TheCursedMod:CursedStaff","TheCursedMod:FleshFromBone+1"],"picked":"TheCursedMod:CircleOfWindfury+1","floor":28},{"not_picked":["TheCursedMod:Neurasthenia","TheCursedMod:DemonSword"],"picked":"TheCursedMod:CollectTribute","floor":33},{"not_picked":["TheCursedMod:CursedStaff","TheCursedMod:WearCloak","TheCursedMod:CursedBoomerang"],"picked":"SKIP","floor":35},{"not_picked":["TheCursedMod:Torture+1","TheCursedMod:CursedBlade"],"picked":"TheCursedMod:AshesToAshes","floor":38},{"not_picked":["TheCursedMod:HellfireBreathing","TheCursedMod:CursedBlade+1"],"picked":"TheCursedMod:DarkBarrier","floor":41},{"not_picked":["TheCursedMod:SoulCrush","TheCursedMod:Stretching"],"picked":"TheCursedMod:BlessingInDisguise","floor":44},{"not_picked":["TheCursedMod:CursedArmor+1","TheCursedMod:Wield+1"],"picked":"TheCursedMod:Grudge+1","floor":45},{"not_picked":["TheCursedMod:CursedStaff+1","TheCursedMod:SmokeScreen"],"picked":"TheCursedMod:WearCloak","floor":46},{"not_picked":["TheCursedMod:Stretching","TheCursedMod:HellfireBreathing"],"picked":"TheCursedMod:Mangle","floor":47}],"player_experience":784160,"relics_obtained":[{"floor":3,"key":"Letter Opener"},{"floor":9,"key":"TheCursedMod:BloodyHarpoon"},{"floor":12,"key":"Bottled Lightning"},{"floor":23,"key":"Mercury Hourglass"},{"floor":26,"key":"TheCursedMod:DemonicMark"},{"floor":28,"key":"TheCursedMod:Tack"},{"floor":31,"key":"Enchiridion"},{"floor":41,"key":"Bag of Preparation"},{"floor":43,"key":"PreservedInsect"},{"floor":44,"key":"Bag of Marbles"},{"floor":45,"key":"Turnip"},{"floor":46,"key":"Incense Burner"},{"floor":47,"key":"Akabeko"}],"event_choices":[{"damage_healed":0,"gold_gain":0,"player_choice":"Success","damage_taken":12,"relics_obtained":["Pen Nib"],"max_hp_gain":0,"max_hp_loss":0,"event_name":"Scrap Ooze","floor":2,"gold_loss":0},{"damage_healed":0,"gold_gain":0,"player_choice":"Got Potions","damage_taken":0,"max_hp_gain":0,"max_hp_loss":0,"event_name":"Lab","floor":4,"gold_loss":0},{"damage_healed":0,"gold_gain":175,"player_choice":"AGREE","damage_taken":0,"max_hp_gain":0,"max_hp_loss":0,"event_name":"Liars Game","floor":10,"gold_loss":0,"cards_obtained":["Doubt"]},{"cards_removed":["TheCursedMod:Defend_TheCursed"],"damage_healed":0,"gold_gain":0,"player_choice":"Gave Gold","damage_taken":0,"max_hp_gain":0,"max_hp_loss":0,"event_name":"Beggar","floor":22,"gold_loss":75},{"damage_healed":0,"gold_gain":0,"cards_transformed":["TheCursedMod:Defend_TheCursed","TheCursedMod:Strike_TheCursed"],"player_choice":"Became Test Subject","damage_taken":0,"max_hp_gain":0,"max_hp_loss":0,"event_name":"Drug Dealer","floor":25,"gold_loss":0,"cards_obtained":["TheCursedMod:VoidForm","TheCursedMod:HellfireBreathing"]},{"damage_healed":25,"gold_gain":0,"player_choice":"Heal","damage_taken":0,"max_hp_gain":0,"max_hp_loss":0,"event_name":"The Library","floor":30,"gold_loss":0},{"damage_healed":0,"gold_gain":0,"player_choice":"Obtained Book","damage_taken":16,"max_hp_gain":0,"max_hp_loss":0,"event_name":"Cursed Tome","floor":31,"gold_loss":0},{"cards_removed":["TheCursedMod:ParallelWorld"],"damage_healed":0,"gold_gain":0,"player_choice":"Removed Skill","damage_taken":0,"max_hp_gain":0,"max_hp_loss":0,"event_name":"Falling","floor":36,"gold_loss":0},{"damage_healed":0,"gold_gain":0,"player_choice":"Ignored","damage_taken":0,"max_hp_gain":0,"max_hp_loss":0,"event_name":"SecretPortal","floor":37,"gold_loss":0},{"damage_healed":0,"gold_gain":0,"player_choice":"Embrace Madness","damage_taken":9,"max_hp_gain":0,"max_hp_loss":0,"event_name":"Winding Halls","floor":39,"gold_loss":0,"cards_obtained":["Madness","Madness"]},{"damage_healed":0,"gold_gain":0,"player_choice":"Fight","damage_taken":0,"max_hp_gain":0,"max_hp_loss":0,"event_name":"Mysterious Sphere","floor":45,"gold_loss":0},{"damage_healed":0,"gold_gain":0,"player_choice":"Fight","damage_taken":0,"max_hp_gain":0,"max_hp_loss":0,"event_name":"MindBloom","floor":46,"gold_loss":0},{"damage_healed":0,"gold_gain":0,"player_choice":"Paid","damage_taken":0,"relics_obtained":["Red Mask"],"max_hp_gain":0,"max_hp_loss":0,"event_name":"Tomb of Lord Red Mask","floor":48,"gold_loss":237}],"is_beta":false,"boss_relics":[{"not_picked":["Pandora\u0027s Box","Runic Pyramid"],"picked":"TheCursedMod:OminousMark"},{"not_picked":["Velvet Choker","Calling Bell"],"picked":"Snecko Eye"}],"items_purged_floors":[20],"is_endless":false,"potions_floor_spawned":[7,12,16,18,19,21,33,41,45,47],"ascension_level":1}}