{"host":"p9t7qd83igtcp2bh","time":1610606142,"event":{"mods":["2.2 Compatiblity","AchievementEnabler","BaseMod","Colored Map","Colored Powertips","Custom Start","DeckTracker","Keyboard Shortcuts","Minty Spire (QoL Compilation)","Permanent Neow","StSLib","SuperFastMode","everything is the same but u backflip on backflip"],"gold_per_floor":[116,126,140,140,159,159,182,212,224,311,288,84,84,96,96,169,169,181,231,251,13,31,61,61,61,132,132,90,102,102,115,115,190,190,204,20,34,84,95,95,95,95,95],"floor_reached":42,"language":"KOR","playtime":1185,"items_purged":["Strike_B","Strike_B"],"score":1006,"play_id":"9e002981-54bc-4406-b8af-4d8a68072411","local_time":"20210114153542","is_ascension_mode":true,"campfire_choices":[{"data":"Buffer","floor":6.0,"key":"SMITH"},{"data":"Blizzard","floor":13.0,"key":"SMITH"},{"floor":15.0,"key":"REST"},{"floor":25,"key":"REST"},{"data":"Coolheaded","floor":27,"key":"SMITH"},{"data":"Capacitor","floor":30,"key":"SMITH"},{"data":"Loop","floor":32,"key":"SMITH"},{"data":"Electrodynamics","floor":40,"key":"SMITH"}],"circlet_count":0,"master_deck":["AscendersBane","Strike_B","Strike_B","Defend_B","Defend_B","Defend_B","Defend_B","Zap","Dualcast","Genetic Algorithm","Cold Snap","Blizzard+1","Buffer+1","Ball Lightning","Electrodynamics+1","Coolheaded+1","Capacitor+1","Rip and Tear","Thunder Strike","Cold Snap+1","Loop+1","Turbo+1","Self Repair","Hologram","Machine Learning","Chill","Leap+1","Flash of Steel","The Bomb"],"relics":["Nuclear Battery","Happy Flower","MawBank","InkBottle","Busted Crown","Runic Capacitor","Vajra","Mummified Hand","Runic Pyramid"],"acts_visited":["Exordium","TheCity","TheBeyond"],"potions_floor_usage":[22,23,33],"damage_taken":[{"damage":7.0,"enemies":"Small Slimes","floor":1.0,"turns":5.0},{"damage":2.0,"enemies":"Cultist","floor":2.0,"turns":4.0},{"damage":2.0,"enemies":"2 Louse","floor":3.0,"turns":4.0},{"damage":17.0,"enemies":"Large Slime","floor":5.0,"turns":6.0},{"damage":17.0,"enemies":"3 Sentries","floor":8.0,"turns":9.0},{"damage":17.0,"enemies":"Gremlin Gang","floor":14.0,"turns":3.0},{"damage":0.0,"enemies":"Slime Boss","floor":16.0,"turns":7.0},{"damage":8.0,"enemies":"3 Byrds","floor":18.0,"turns":4.0},{"damage":12,"enemies":"Chosen","floor":20,"turns":6},{"damage":9,"enemies":"Centurion and Healer","floor":22,"turns":5},{"damage":34,"enemies":"Slavers","floor":23,"turns":6},{"damage":12,"enemies":"Snake Plant","floor":29,"turns":4},{"damage":12,"enemies":"Shelled Parasite and Fungi","floor":31,"turns":6},{"damage":0,"enemies":"Collector","floor":33,"turns":8},{"damage":0,"enemies":"Orb Walker","floor":35,"turns":4},{"damage":2,"enemies":"3 Shapes","floor":37,"turns":7},{"damage":34,"enemies":"3 Darklings","floor":39,"turns":4},{"damage":61,"enemies":"Reptomancer","floor":42,"turns":2}],"seed_played":"3523212760929529035","potions_obtained":[{"floor":1.0,"key":"Ancient Potion"},{"floor":3.0,"key":"SteroidPotion"},{"floor":14.0,"key":"PotionOfCapacity"},{"floor":16.0,"key":"FocusPotion"},{"floor":20,"key":"Regen Potion"},{"floor":22,"key":"LiquidMemories"}],"is_trial":false,"path_per_floor":["M","M","M","?","M","R","T","E","T","?","?","$","R","M","R","B",null,"M","?","M","$","M","E","?","R","T","R","$","M","R","M","R","B",null,"M","$","M","?","M","R","?","E"],"character_chosen":"DEFECT","items_purchased":["Coolheaded","Capacitor","Runic Capacitor","Loop","Self Repair","Chill"],"campfire_rested":2,"item_purchase_floors":[12,12,21,21,28,36],"current_hp_per_floor":[57,55,53,53,36,36,36,19,19,8,25,25,25,8,29,29,61,53,53,41,41,46,12,12,33,33,33,33,28,28,23,23,30,61,68,68,71,71,44,44,34,0,0],"gold":95,"neow_bonus":"BOSS_RELIC","is_daily":false,"chose_seed":false,"campfire_upgraded":6,"win_rate":0.0,"timestamp":1610606142,"path_taken":["M","M","M","?","?","R","?","E","T","?","?","$","R","M","R","BOSS","M","?","M","$","?","E","?","R","T","R","$","M","R","?","R","BOSS","M","$","M","?","?","R","?","E"],"items_purchased_type":["Card","Card","Relic","Card","Card","Card"],"build_version":"2020-12-22","purchased_purges":2,"victory":false,"max_hp_per_floor":[71,71,71,71,71,71,71,71,71,71,71,71,71,71,71,71,71,71,71,71,71,71,71,71,71,71,71,71,71,71,71,71,71,71,71,71,71,71,71,71,71,71,71],"card_choices":[{"not_picked":["Scrape","Lockon"],"picked":"Genetic Algorithm","floor":1.0},{"not_picked":["Stack","Auto Shields"],"picked":"Cold Snap","floor":2.0},{"not_picked":["BootSequence","Glacier"],"picked":"Blizzard","floor":3.0},{"not_picked":["Darkness","Conserve Battery"],"picked":"Ball Lightning","floor":5.0},{"not_picked":["Rebound","Beam Cell"],"picked":"Electrodynamics","floor":8.0},{"not_picked":["Lockon","Conserve Battery"],"picked":"Rip and Tear","floor":14.0},{"not_picked":["Electrodynamics","Seek"],"picked":"Thunder Strike","floor":16.0},{"not_picked":[],"picked":"Cold Snap+1","floor":18.0},{"not_picked":["Conserve Battery"],"picked":"SKIP","floor":20},{"not_picked":["Chaos"],"picked":"SKIP","floor":22},{"not_picked":[],"picked":"Turbo","floor":23},{"not_picked":[],"picked":"Hologram","floor":29},{"not_picked":[],"picked":"Machine Learning","floor":31},{"not_picked":["Streamline"],"picked":"SKIP","floor":35},{"not_picked":["Sweeping Beam"],"picked":"SKIP","floor":37},{"not_picked":[],"picked":"Leap+1","floor":39},{"not_picked":[],"picked":"Flash of Steel","floor":41},{"not_picked":[],"picked":"The Bomb","floor":41}],"player_experience":635312,"relics_obtained":[{"floor":7.0,"key":"Happy Flower"},{"floor":8.0,"key":"MawBank"},{"floor":9.0,"key":"InkBottle"},{"floor":23,"key":"Vajra"},{"floor":26,"key":"Mummified Hand"}],"event_choices":[{"damage_healed":0.0,"max_hp_gain":0.0,"max_hp_loss":0.0,"gold_gain":0.0,"event_name":"Match and Keep!","player_choice":"1 cards matched","floor":4.0,"gold_loss":0.0,"damage_taken":0.0,"cards_obtained":["Buffer"]},{"damage_healed":0.0,"max_hp_gain":0.0,"max_hp_loss":0.0,"gold_gain":75.0,"event_name":"World of Goop","player_choice":"Gather Gold","floor":10.0,"gold_loss":0.0,"damage_taken":11.0},{"damage_healed":17.0,"max_hp_gain":0.0,"max_hp_loss":0.0,"gold_gain":0.0,"event_name":"The Cleric","player_choice":"Healed","floor":11.0,"gold_loss":35.0,"damage_taken":0.0},{"damage_healed":0,"gold_gain":100,"player_choice":"Bet on Murderer","damage_taken":0,"max_hp_gain":0,"max_hp_loss":0,"event_name":"The Joust","floor":19,"gold_loss":50},{"damage_healed":0,"gold_gain":0,"player_choice":"Forge","damage_taken":0,"max_hp_gain":0,"max_hp_loss":0,"event_name":"Accursed Blacksmith","floor":24,"gold_loss":0,"cards_upgraded":["Turbo"]},{"damage_healed":0,"gold_gain":50,"player_choice":"Pray","damage_taken":0,"max_hp_gain":0,"max_hp_loss":0,"event_name":"Golden Shrine","floor":38,"gold_loss":0},{"damage_healed":0,"gold_gain":0,"player_choice":"Memory 3","damage_taken":10,"max_hp_gain":0,"max_hp_loss":0,"event_name":"SensoryStone","floor":41,"gold_loss":0}],"is_beta":false,"boss_relics":[{"not_picked":["Sozu","Empty Cage"],"picked":"Busted Crown"},{"not_picked":["Calling Bell","SlaversCollar"],"picked":"Runic Pyramid"}],"items_purged_floors":[12,36],"is_endless":false,"potions_floor_spawned":[1,3,14,16,20,22],"killed_by":"Reptomancer","ascension_level":19}}