{"host":"ss2ocoam53r2lno0","time":1610628470,"event":{"mods":["Act Like it!","BaseMod","ChefMod","Clockwork Mod","Colored Powertips","Curses Come First","Displayed Cursed Tome","Downfall","Evolution","Googly Eyes","Hallownest","Highlight Path","Minty Spire (QoL Compilation)","Poor People Problems","Rare Cards Sparkle","Robot Space Explorer","Shade Mod","Shop Mod","Spicy Shops","StSLib","The Marked"],"gold_per_floor":[114,132,152,107,107,148,148,162,162,162,162],"floor_reached":10,"language":"ENG","playtime":821,"items_purged":[],"score":78,"play_id":"70ca7693-a022-43e6-b8d5-eb8fb3e700ba","local_time":"20210114134750","is_ascension_mode":true,"campfire_choices":[{"data":"Clockwork:Tinker","floor":7.0,"key":"SMITH"}],"circlet_count":0,"master_deck":["Clockwork:Strike","Clockwork:Strike","Clockwork:Strike","Clockwork:Shield","Clockwork:Shield","Clockwork:Shield","Clockwork:Tinker+1","Clockwork:WarmUp","Clockwork:QuantumStrike","Clockwork:PerfectForm"],"relics":["Clockwork:MomentumEngine","EVO:Axolotl","Golden Idol","InkBottle","Prayer Wheel"],"acts_visited":["Exordium"],"potions_floor_usage":[],"damage_taken":[{"damage":4.0,"enemies":"2 Louse","floor":1.0,"turns":5.0},{"damage":13.0,"enemies":"Small Slimes","floor":2.0,"turns":7.0},{"damage":1.0,"enemies":"Jaw Worm","floor":3.0,"turns":6.0},{"damage":6.0,"enemies":"Looter","floor":4.0,"turns":5.0},{"damage":5.0,"enemies":"Lagavulin","floor":6.0,"turns":10.0},{"damage":7.0,"enemies":"Exordium Wildlife","floor":8.0,"turns":5.0},{"damage":46,"enemies":"3 Sentries","floor":10,"turns":8}],"seed_played":"8294437805326463625","potions_obtained":[{"floor":2.0,"key":"SteroidPotion"}],"is_trial":false,"path_per_floor":["M","M","M","M","?","E","R","M","T","E"],"character_chosen":"CLOCKWORK","items_purchased":[],"campfire_rested":0,"item_purchase_floors":[],"current_hp_per_floor":[73,60,59,53,53,48,48,41,41,0,0],"gold":162,"neow_bonus":"REMOVE_TWO","is_daily":false,"chose_seed":false,"campfire_upgraded":1,"win_rate":0.0,"timestamp":1610628470,"path_taken":["M","M","M","M","?","E","R","M","T","E"],"items_purchased_type":[],"build_version":"2020-12-22","purchased_purges":0,"victory":false,"max_hp_per_floor":[77,77,77,77,71,71,71,71,71,71,71],"card_choices":[{"not_picked":["Clockwork:CogToss","Clockwork:Downsize","Clockwork:SystemHardening"],"picked":"SKIP","floor":1.0},{"not_picked":["Clockwork:MechanicalBulk","Clockwork:Minimalism"],"picked":"Clockwork:QuantumStrike","floor":2.0},{"not_picked":["Clockwork:AssemblyLine","Clockwork:ReserveSystems","Clockwork:Enhance"],"picked":"SKIP","floor":3.0},{"not_picked":["Clockwork:PerfectedStrike","Clockwork:Improve","Clockwork:SnapKeep"],"picked":"SKIP","floor":4.0},{"not_picked":["Clockwork:Clone","Clockwork:StasisBreak"],"picked":"Clockwork:PerfectForm","floor":6.0},{"not_picked":["Clockwork:SystemScan","Clockwork:InertialShield","Clockwork:RitualDaggerMk0"],"picked":"SKIP","floor":8.0}],"player_experience":694664,"relics_obtained":[{"floor":6.0,"key":"InkBottle"},{"floor":9.0,"key":"Prayer Wheel"}],"event_choices":[{"damage_healed":0.0,"max_hp_gain":0.0,"max_hp_loss":6.0,"gold_gain":0.0,"event_name":"Golden Idol","player_choice":"Lose Max HP","floor":5.0,"gold_loss":0.0,"damage_taken":0.0,"relics_obtained":["Golden Idol"]}],"is_beta":false,"boss_relics":[],"items_purged_floors":[],"is_endless":false,"potions_floor_spawned":[2],"killed_by":"3 Sentries","ascension_level":3}}