{"host":"kqe6w2igxc79vo14","time":1610627625,"event":{"mods":["AchievementEnabler","BaseMod","Downfall","Minty Spire (QoL Compilation)","Quick Restart","StSLib"],"gold_per_floor":[115,134,154,154,170,203,219,219,245,245,265,295,314,314,314,413,413,400,420,420,420,420],"floor_reached":21,"language":"ENG","playtime":1042,"items_purged":[],"score":346,"play_id":"04322c8b-5f60-4cf5-b952-6ebe1671f5ab","local_time":"20210114143345","is_ascension_mode":true,"campfire_choices":[{"floor":8.0,"key":"REST"},{"data":"Body Slam","floor":10.0,"key":"SMITH"},{"data":"Exhume","floor":15.0,"key":"SMITH"}],"circlet_count":0,"master_deck":["AscendersBane","Strike_R","Strike_R","Strike_R","Strike_R","Strike_R","Defend_R+1","Defend_R","Defend_R","Defend_R","Bash","Body Slam+1","Feed+1","Thunderclap","Shrug It Off+1","Exhume+1","Armaments","Metallicize+1","Barricade","Havoc","Metallicize+1"],"relics":["Burning Blood","Red Skull","Pen Nib","PreservedInsect","Odd Mushroom","War Paint","SlaversCollar"],"acts_visited":["Exordium","TheCity"],"potions_floor_usage":[18],"damage_taken":[{"damage":6.0,"enemies":"Cultist","floor":1.0,"turns":4.0},{"damage":10.0,"enemies":"Small Slimes","floor":2.0,"turns":4.0},{"damage":0.0,"enemies":"2 Louse","floor":3.0,"turns":3.0},{"damage":26.0,"enemies":"Exordium Thugs","floor":5.0,"turns":5.0},{"damage":58.0,"enemies":"Gremlin Nob","floor":6.0,"turns":6.0},{"damage":1.0,"enemies":"Looter","floor":7.0,"turns":3.0},{"damage":27.0,"enemies":"The Mushroom Lair","floor":11.0,"turns":6.0},{"damage":14.0,"enemies":"Lagavulin","floor":12.0,"turns":6.0},{"damage":0.0,"enemies":"Large Slime","floor":13.0,"turns":6.0},{"damage":26.0,"enemies":"Slime Boss","floor":16.0,"turns":8.0},{"damage":11,"enemies":"2 Thieves","floor":18,"turns":4},{"damage":85,"enemies":"3 Byrds","floor":19,"turns":10},{"damage":33,"enemies":"Sentry and Sphere","floor":21,"turns":7}],"seed_played":"-3850330986230944710","potions_obtained":[{"floor":5.0,"key":"Swift Potion"},{"floor":6.0,"key":"Explosive Potion"},{"floor":11.0,"key":"Explosive Potion"},{"floor":16.0,"key":"Fire Potion"},{"floor":18,"key":"HeartOfIron"}],"is_trial":false,"path_per_floor":["M","M","M","?","M","E","M","R","T","R","?","E","M","?","R","B",null,"M","M","?","M"],"character_chosen":"IRONCLAD","items_purchased":[],"campfire_rested":1,"item_purchase_floors":[],"current_hp_per_floor":[72,68,77,77,61,9,14,40,40,40,27,23,37,37,37,25,93,92,21,21,0,0],"gold":420,"neow_bonus":"RANDOM_COMMON_RELIC","is_daily":false,"chose_seed":false,"campfire_upgraded":2,"win_rate":0.0,"timestamp":1610627625,"path_taken":["M","M","M","?","M","E","?","R","T","R","?","E","M","?","R","BOSS","M","M","?","M"],"items_purchased_type":[],"build_version":"2020-12-22","purchased_purges":0,"victory":false,"max_hp_per_floor":[80,80,83,83,87,87,87,87,87,87,95,99,107,107,107,115,115,119,127,127,131,131],"card_choices":[{"not_picked":["Havoc","Perfected Strike"],"picked":"Body Slam","floor":1.0},{"not_picked":["Havoc","Cleave"],"picked":"Feed","floor":2.0},{"not_picked":["Perfected Strike","Combust"],"picked":"Thunderclap","floor":3.0},{"not_picked":["True Grit","Twin Strike"],"picked":"Shrug It Off","floor":5.0},{"not_picked":["Rage","Shrug It Off"],"picked":"Exhume","floor":6.0},{"not_picked":["Rage","Perfected Strike","Sever Soul"],"picked":"SKIP","floor":7.0},{"not_picked":["Pommel Strike","Warcry"],"picked":"Armaments","floor":11.0},{"not_picked":["Ghostly Armor","Wild Strike"],"picked":"Metallicize","floor":12.0},{"not_picked":["Disarm","Cleave","Flex"],"picked":"SKIP","floor":13.0},{"not_picked":["Corruption","Impervious"],"picked":"Barricade","floor":16.0},{"not_picked":["Flame Barrier+1","Whirlwind"],"picked":"Havoc","floor":18},{"not_picked":["Thunderclap","Rampage+1","Headbutt"],"picked":"SKIP","floor":19}],"player_experience":898663,"relics_obtained":[{"floor":6.0,"key":"Pen Nib"},{"floor":9.0,"key":"PreservedInsect"},{"floor":11.0,"key":"Odd Mushroom"},{"floor":12.0,"key":"War Paint"}],"event_choices":[{"damage_healed":0.0,"max_hp_gain":0.0,"max_hp_loss":0.0,"gold_gain":0.0,"event_name":"Upgrade Shrine","player_choice":"Upgraded","floor":4.0,"gold_loss":0.0,"damage_taken":0.0,"cards_upgraded":["Feed"]},{"damage_healed":0.0,"max_hp_gain":0.0,"max_hp_loss":0.0,"gold_gain":0.0,"event_name":"Mushrooms","player_choice":"Fought Mushrooms","floor":11.0,"gold_loss":0.0,"damage_taken":0.0},{"damage_healed":0.0,"max_hp_gain":0.0,"max_hp_loss":0.0,"gold_gain":0.0,"event_name":"Living Wall","player_choice":"Grow","floor":14.0,"gold_loss":0.0,"damage_taken":0.0,"cards_upgraded":["Metallicize"]},{"damage_healed":0,"gold_gain":0,"player_choice":"Copied","damage_taken":0,"max_hp_gain":0,"max_hp_loss":0,"event_name":"Duplicator","floor":20,"gold_loss":0,"cards_obtained":["Metallicize"]}],"is_beta":false,"boss_relics":[{"not_picked":["Runic Dome","Cursed Key"],"picked":"SlaversCollar"}],"items_purged_floors":[],"is_endless":false,"potions_floor_spawned":[5,6,11,16,18],"killed_by":"Sentry and Sphere","ascension_level":11}}