{"host":"4u4xibnmtqpdl4qa","time":1610607378,"event":{"mods":["2.2 Compatiblity","AchievementEnabler","BaseMod","Colored Map","Colored Powertips","Curses Come First","DeckTracker","Downfall","Highlight Path","Minty Spire (QoL Compilation)","Quick Restart","Rare Cards Sparkle","Relic Stats","Shop Mod","StSLib","SuperFastMode","The Senshi","The Vixen","TheHero","Waifu the Spire"],"gold_per_floor":[112,187,18,18,29,59,59,59,59,59,86,117,117,17,17,17,17],"floor_reached":16,"language":"ENG","playtime":858,"items_purged":["theSenshi:SailorKick","theSenshi:SailorBlock"],"score":109,"play_id":"3592be27-e261-4885-914a-e2a1c9845672","local_time":"20210114075618","is_ascension_mode":true,"campfire_choices":[{"data":"theSenshi:MoonlightKnight","floor":8,"key":"SMITH"},{"floor":13,"key":"REST"},{"data":"theSenshi:MoonCrystalPowerMakeUp","floor":15,"key":"SMITH"}],"circlet_count":0,"master_deck":["theSenshi:SailorKick","theSenshi:SailorKick","theSenshi:SailorBlock","theSenshi:SailorBlock","theSenshi:SailorBlock","theSenshi:RoseThrow","theSenshi:MoonPrismPowerMakeUp","theSenshi:MoonlightKnight+1","theSenshi:TuxedoMaskAssists","theSenshi:MoonCosmicPowerMakeUp","theSenshi:SailorMercuryAssists","theSenshi:TallSilhouette","theSenshi:MoonCrystalPowerMakeUp+1"],"relics":["theSenshi:TransformationBroochRelic","Ancient Tea Set","Bag of Preparation","theSenshi:CutieMoonRodRelic","Juzu Bracelet","Potion Belt","theSenshi:SailorFukuRelic"],"acts_visited":["Exordium"],"potions_floor_usage":[6],"damage_taken":[{"damage":0,"enemies":"Jaw Worm","floor":1,"turns":7},{"damage":2,"enemies":"Small Slimes","floor":5,"turns":4},{"damage":19,"enemies":"3 Sentries","floor":6,"turns":12},{"damage":17,"enemies":"Lagavulin","floor":12,"turns":13},{"damage":41,"enemies":"Slime Boss","floor":16,"turns":13}],"seed_played":"402987861159345852","potions_obtained":[{"floor":1,"key":"LiquidMemories"}],"is_trial":false,"path_per_floor":["M","?","$","?","M","E","?","R","T","?","T","E","R","$","R","B"],"character_chosen":"THE_SENSHI","items_purchased":["theSenshi:MoonCosmicPowerMakeUp","theSenshi:SailorMercuryAssists"],"campfire_rested":1,"item_purchase_floors":[3,3],"current_hp_per_floor":[75,64,64,64,62,43,43,43,43,36,36,19,41,41,41,0,0],"gold":17,"neow_bonus":"TRANSFORM_CARD","is_daily":false,"chose_seed":false,"campfire_upgraded":2,"win_rate":0.0,"timestamp":1610607378,"path_taken":["M","?","?","?","M","E","?","R","T","?","?","E","R","$","R","BOSS"],"items_purchased_type":["Card","Card"],"build_version":"2020-12-22","purchased_purges":2,"victory":false,"max_hp_per_floor":[75,75,75,75,75,75,75,75,75,75,75,75,75,75,75,75,75],"relic_stats":{"counters":[5,49],"Bag of Preparation":[4],"Juzu Bracelet":1,"obtain_stats":[{"theSenshi:CutieMoonRodRelic":7,"Potion Belt":11,"theSenshi:TransformationBroochRelic":0,"Bag of Preparation":6,"Juzu Bracelet":9,"theSenshi:SailorFukuRelic":12,"Ancient Tea Set":4},{"theSenshi:CutieMoonRodRelic":3,"Potion Belt":3,"theSenshi:TransformationBroochRelic":0,"Bag of Preparation":3,"Juzu Bracelet":3,"theSenshi:SailorFukuRelic":4,"Ancient Tea Set":1},{"theSenshi:CutieMoonRodRelic":23,"Potion Belt":23,"theSenshi:TransformationBroochRelic":0,"Bag of Preparation":23,"Juzu Bracelet":23,"theSenshi:SailorFukuRelic":36,"Ancient Tea Set":7}]},"card_choices":[{"not_picked":["theSenshi:SailorMarsAssists","theSenshi:SailorMercuryAssists"],"picked":"theSenshi:TuxedoMaskAssists","floor":1},{"not_picked":["theSenshi:VenusGlamour","theSenshi:SailorUranusAssists"],"picked":"theSenshi:TallSilhouette","floor":5},{"not_picked":["theSenshi:SailorVenusAssists","theSenshi:TuxedoSmokingBomber","theSenshi:IWillPunishYou"],"picked":"SKIP","floor":6},{"not_picked":["theSenshi:LunaWiseMentor","theSenshi:SailorVenusAssists"],"picked":"theSenshi:MoonCrystalPowerMakeUp","floor":12}],"player_experience":195566,"relics_obtained":[{"floor":6,"key":"Bag of Preparation"},{"floor":7,"key":"theSenshi:CutieMoonRodRelic"},{"floor":9,"key":"Juzu Bracelet"},{"floor":11,"key":"Potion Belt"},{"floor":12,"key":"theSenshi:SailorFukuRelic"}],"event_choices":[{"damage_healed":0,"gold_gain":75,"player_choice":"Gather Gold","damage_taken":11,"max_hp_gain":0,"max_hp_loss":0,"event_name":"World of Goop","floor":2,"gold_loss":0},{"damage_healed":0,"gold_gain":0,"player_choice":"Box","damage_taken":0,"relics_obtained":["Ancient Tea Set"],"max_hp_gain":0,"max_hp_loss":0,"event_name":"Big Fish","floor":4,"gold_loss":0,"cards_obtained":["Regret"]},{"damage_healed":0,"gold_gain":0,"player_choice":"Relic","damage_taken":0,"max_hp_gain":0,"max_hp_loss":0,"event_name":"Wheel of Change","floor":7,"gold_loss":0},{"cards_removed":["Regret"],"damage_healed":0,"gold_gain":0,"player_choice":"Card Removal","damage_taken":7,"max_hp_gain":0,"max_hp_loss":0,"event_name":"Golden Wing","floor":10,"gold_loss":0}],"is_beta":false,"boss_relics":[],"items_purged_floors":[3,14],"is_endless":false,"potions_floor_spawned":[1],"killed_by":"Slime Boss","ascension_level":1}}