{"host":"5vgyktr9o1uhp9eh","time":1610652674,"event":{"mods":["BaseMod","Downfall","Hubris","Minty Spire (QoL Compilation)","StSLib"],"gold_per_floor":[99,99,99,99,99,99,124,224,259,278,203,219,144,158,175,279,279,279,289,302,302,319,335,335,335,174,199,199,212,212,222,234,234,234,234],"floor_reached":33,"language":"ENG","playtime":2909,"items_purged":[],"score":267,"play_id":"c2be425c-7546-47f8-b2e5-d5e534141e23","local_time":"20210114123114","is_ascension_mode":false,"campfire_choices":[{"data":"champ:Taunt","floor":1.0,"key":"SMITH"},{"data":"champ:DefensiveShout","floor":6.0,"key":"SMITH"},{"floor":11.0,"key":"RECALL"},{"data":"champ:Backstep","floor":13.0,"key":"SMITH"},{"data":"champ:HoldFirm","floor":18.0,"key":"SMITH"}],"circlet_count":0,"master_deck":["champ:Strike","champ:Strike","champ:Strike","champ:Defend","champ:Defend","champ:Execute","champ:Taunt+1","champ:BladeFlurry","champ:DefensiveShout+1","champ:GutPunch","champ:Improvising","champ:TornadoPunch","champ:Backstep+1","champ:BringItOn","champ:Circumvent","champ:HoldFirm+1","champ:CrownThrow+1","champ:StanceDance+1","champ:SwordThrow+1","champ:AdrenalArmor","champ:Devastate","champ:HeartStrike","champ:FlashCut","champ:RapidStrikes+1","champ:BerserkerStyle","champ:ViciousMockery","champ:ViciousMockery+1","champ:DefensiveShout","champ:BringItOn+1","champ:ArenaPreparation+1"],"relics":["champ:ChampionCrown","downfall:HeartsMalice","hubris:Icosahedron","hubris:Towel","Toy Ornithopter","hubris:Zylophone","downfall:HeartBlessingBlue","downfall:HeartBlessingRed","Astrolabe","Mercury Hourglass","PreservedInsect","Oddly Smooth Stone"],"acts_visited":["Exordium","TheCity"],"potions_floor_usage":[33],"damage_taken":[{"damage":0.0,"enemies":"Small Slimes","floor":2.0,"turns":1.0},{"damage":0.0,"enemies":"2 Louse","floor":4.0,"turns":1.0},{"damage":0.0,"enemies":"downfall:LadyInBlue","floor":8.0,"turns":1.0},{"damage":27.0,"enemies":"Lagavulin","floor":9.0,"turns":5.0},{"damage":21.0,"enemies":"Cultist","floor":10.0,"turns":3.0},{"damage":8.0,"enemies":"Gremlin Gang","floor":12.0,"turns":2.0},{"damage":15.0,"enemies":"2 Fungi Beasts","floor":14.0,"turns":4.0},{"damage":15.0,"enemies":"Exordium Wildlife","floor":15.0,"turns":3.0},{"damage":33.0,"enemies":"downfall:Silent","floor":16.0,"turns":6.0},{"damage":8.0,"enemies":"3 Byrds","floor":19.0,"turns":6.0},{"damage":36.0,"enemies":"Snecko","floor":20.0,"turns":5.0},{"damage":9.0,"enemies":"Centurion and Healer","floor":22.0,"turns":7.0},{"damage":22.0,"enemies":"Chosen and Byrds","floor":23.0,"turns":8.0},{"damage":9.0,"enemies":"downfall:FleeingMerchant","floor":26.0,"turns":4.0},{"damage":71.0,"enemies":"Gremlin Leader","floor":27.0,"turns":9.0},{"damage":28.0,"enemies":"3 Cultists","floor":29.0,"turns":6.0},{"damage":16.0,"enemies":"Snake Plant","floor":31.0,"turns":3.0},{"damage":4,"enemies":"Chosen and Byrds","floor":32,"turns":5},{"damage":64,"enemies":"downfall:Defect","floor":33,"turns":9}],"seed_played":"-7006721767614719649","potions_obtained":[{"floor":8.0,"key":"EntropicBrew"},{"floor":8.0,"key":"Energy Potion"},{"floor":8.0,"key":"DistilledChaos"},{"floor":19.0,"key":"champ:TechniquePotion"},{"floor":27.0,"key":"SteroidPotion"},{"floor":29.0,"key":"BlessingOfTheForge"},{"floor":31.0,"key":"Guardian:BlockOnCardUsePotion"}],"is_trial":false,"path_per_floor":["R","M","?","M","?","R","T","?","E","M","R","M","R","M","M","B",null,"R","M","M","?","M","M","T","?","$","E","T","M","?","M","M","B"],"character_chosen":"THE_CHAMP","items_purchased":["champ:BerserkerStyle","champ:ViciousMockery"],"campfire_rested":0,"item_purchase_floors":[26,26],"current_hp_per_floor":[90,90,90,90,90,90,90,90,81,68,78,70,70,55,45,48,100,100,100,72,72,72,67,67,67,72,30,30,19,52,49,49,0,0,0],"gold":234,"neow_bonus":"THREE_ENEMY_KILL","is_daily":false,"chose_seed":false,"campfire_upgraded":4,"win_rate":0.0,"timestamp":1610652674,"path_taken":["R","M","?","M","?","R","T","?","E","M","R","M","R","M","M","BOSS","R","M","?","?","?","M","T","?","?","E","?","M","?","?","M","BOSS"],"items_purchased_type":["Card","Card"],"build_version":"2020-12-22","purchased_purges":0,"victory":false,"max_hp_per_floor":[90,90,90,90,90,90,90,90,90,90,100,100,100,100,100,100,100,100,100,100,100,100,100,100,100,100,100,100,100,100,100,100,100,100,100],"card_choices":[{"not_picked":["champ:ArenaPreparation","champ:IronFortress"],"picked":"champ:BladeFlurry","floor":2.0},{"not_picked":["champ:PreciseThrust","champ:BerserkersShout"],"picked":"champ:DefensiveShout","floor":4.0},{"not_picked":["champ:PerfectedStrike","champ:HeartStrike"],"picked":"champ:GutPunch","floor":8.0},{"not_picked":["champ:Haymaker","champ:BerserkerStyle"],"picked":"champ:Improvising","floor":9.0},{"not_picked":["champ:PerfectedStrike","champ:Shatter"],"picked":"champ:TornadoPunch","floor":10.0},{"not_picked":["champ:FocusedDefense","champ:DefensiveShout"],"picked":"champ:Backstep","floor":12.0},{"not_picked":["champ:ShieldWall","champ:Backstep"],"picked":"champ:BringItOn","floor":14.0},{"not_picked":["champ:CalledShot","champ:FightOn"],"picked":"champ:Circumvent","floor":15.0},{"not_picked":["champ:CheapShot","champ:MurderStrike"],"picked":"champ:HoldFirm","floor":16.0},{"not_picked":["champ:FaceSlap","champ:FightOn"],"picked":"champ:AdrenalArmor","floor":19.0},{"not_picked":["champ:EndlessRage+1","champ:Backstep","champ:BladeFlurry"],"picked":"SKIP","floor":20.0},{"not_picked":["champ:TornadoPunch","champ:PreciseThrust+1"],"picked":"champ:FlashCut","floor":22.0},{"not_picked":["champ:DefensiveShout","champ:AdrenalArmor"],"picked":"champ:RapidStrikes","floor":23.0},{"not_picked":["champ:PerfectedStrike","champ:RapidStrikes","champ:AdrenalArmor"],"picked":"SKIP","floor":26.0},{"not_picked":["champ:DefensiveStyle+1","champ:FlashCut"],"picked":"champ:ViciousMockery+1","floor":27.0},{"not_picked":["champ:CrookedStrike","champ:PerfectedStrike+1"],"picked":"champ:DefensiveShout","floor":29.0},{"not_picked":["champ:CalledShot","champ:RapidStrikes"],"picked":"champ:BringItOn+1","floor":31.0},{"not_picked":["champ:AdrenalArmor","champ:DefensiveStyle"],"picked":"champ:ArenaPreparation+1","floor":32}],"player_experience":252747,"relics_obtained":[{"floor":8.0,"key":"Toy Ornithopter"},{"floor":9.0,"key":"hubris:Zylophone"},{"floor":24.0,"key":"Mercury Hourglass"},{"floor":27.0,"key":"PreservedInsect"},{"floor":28.0,"key":"Oddly Smooth Stone"}],"event_choices":[{"damage_healed":33.0,"max_hp_gain":0.0,"max_hp_loss":0.0,"gold_gain":0.0,"event_name":"The Library","player_choice":"Heal","floor":30.0,"gold_loss":0.0,"damage_taken":0.0}],"is_beta":false,"boss_relics":[{"not_picked":["Velvet Choker","Pandora\u0027s Box"],"picked":"Astrolabe"}],"items_purged_floors":[],"is_endless":false,"potions_floor_spawned":[9,12,15,19,22,27,29,31],"killed_by":"downfall:Defect","ascension_level":0}}