{"host":"fnk117zi8wf5078t","time":1610587663,"event":{"mods":["AchievementEnabler","BaseMod","Colored Map","Minty Spire (QoL Compilation)","Rare Cards Sparkle","SuperFastMode","everything is the same but u backflip on backflip"],"gold_per_floor":[109,29,29,42,56,56,71,71,96,96,171,2,16,26,26,104,104,122,122,122],"floor_reached":19,"language":"KOR","playtime":515,"items_purged":[],"score":318,"play_id":"7def06b1-d2d8-4162-85a1-521f18259bd1","local_time":"20210114102743","is_ascension_mode":true,"campfire_choices":[{"data":"Rupture","floor":6,"key":"SMITH"},{"data":"Brutality","floor":8,"key":"SMITH"},{"floor":15,"key":"REST"}],"circlet_count":0,"master_deck":["AscendersBane","Strike_R","Strike_R","Strike_R","Strike_R","Defend_R","Defend_R","Defend_R","Defend_R","Bash","Brutality+1","Fire Breathing","Rupture","Rupture+1","Heavy Blade","Reckless Charge","Anger","Heavy Blade","Exhume"],"relics":["Burning Blood","Lantern","Pen Nib","SlaversCollar"],"acts_visited":["Exordium","TheCity"],"potions_floor_usage":[14,19],"damage_taken":[{"damage":15,"enemies":"Jaw Worm","floor":1,"turns":3},{"damage":11,"enemies":"Small Slimes","floor":4,"turns":4},{"damage":8,"enemies":"Cultist","floor":5,"turns":3},{"damage":19,"enemies":"Blue Slaver","floor":7,"turns":5},{"damage":13,"enemies":"3 Louse","floor":13,"turns":3},{"damage":11,"enemies":"2 Fungi Beasts","floor":14,"turns":3},{"damage":38,"enemies":"Slime Boss","floor":16,"turns":6},{"damage":22,"enemies":"Chosen","floor":18,"turns":4},{"damage":52,"enemies":"3 Byrds","floor":19,"turns":4}],"seed_played":"2036520569433620198","potions_obtained":[{"floor":1,"key":"FairyPotion"},{"floor":4,"key":"FearPotion"},{"floor":16,"key":"Swift Potion"}],"is_trial":false,"path_per_floor":["M","$","?","M","M","R","M","R","T","?","?","$","M","M","R","B",null,"M","M"],"character_chosen":"IRONCLAD","items_purchased":["Rupture","Pen Nib"],"campfire_rested":1,"item_purchase_floors":[2,12],"current_hp_per_floor":[59,59,52,47,45,45,32,32,32,37,26,26,19,14,38,30,68,52,0,0],"gold":122,"neow_bonus":"ONE_RANDOM_RARE_CARD","is_daily":false,"chose_seed":false,"campfire_upgraded":2,"win_rate":0.0,"timestamp":1610587663,"path_taken":["M","$","?","M","M","R","M","R","T","?","?","$","M","?","R","BOSS","M","M"],"items_purchased_type":["Card","Relic"],"build_version":"2020-12-22","purchased_purges":0,"victory":false,"max_hp_per_floor":[75,75,75,75,75,75,75,75,75,80,80,80,80,80,80,80,80,80,80,80],"card_choices":[{"not_picked":["Feel No Pain","Pommel Strike"],"picked":"Fire Breathing","floor":1},{"not_picked":["Metallicize","Clash"],"picked":"Rupture","floor":4},{"not_picked":["Anger","Body Slam"],"picked":"Heavy Blade","floor":5},{"not_picked":["Clothesline","Cleave"],"picked":"Reckless Charge","floor":7},{"not_picked":["Flame Barrier","Disarm","Anger"],"picked":"SKIP","floor":13},{"not_picked":["Flame Barrier","Disarm"],"picked":"Anger","floor":13},{"not_picked":["Intimidate","Entrench"],"picked":"Heavy Blade","floor":14},{"not_picked":["Impervious","Juggernaut"],"picked":"Exhume","floor":16},{"not_picked":["Heavy Blade","Thunderclap","Body Slam"],"picked":"SKIP","floor":18}],"player_experience":395813,"relics_obtained":[{"floor":9,"key":"Lantern"}],"event_choices":[{"cards_removed":["Strike_R"],"damage_healed":0,"gold_gain":0,"player_choice":"Card Removal","damage_taken":7,"max_hp_gain":0,"max_hp_loss":0,"event_name":"Golden Wing","floor":3,"gold_loss":0},{"damage_healed":0,"gold_gain":0,"player_choice":"Donut","damage_taken":0,"max_hp_gain":5,"max_hp_loss":0,"event_name":"Big Fish","floor":10,"gold_loss":0},{"damage_healed":0,"gold_gain":75,"player_choice":"Gather Gold","damage_taken":11,"max_hp_gain":0,"max_hp_loss":0,"event_name":"World of Goop","floor":11,"gold_loss":0}],"is_beta":false,"boss_relics":[{"not_picked":["SacredBark","Sozu"],"picked":"SlaversCollar"}],"items_purged_floors":[],"is_endless":false,"potions_floor_spawned":[1,4,16],"killed_by":"3 Byrds","ascension_level":20}}