{"host":"pq8o62wp0h1hflf3","time":1610650738,"event":{"mods":["BaseMod","Minty Spire (QoL Compilation)","Relic Stats","ojb\u0027s Info Mod"],"gold_per_floor":[113,124,11,11,27,27,56,56,56,91,91,122,132,148,148,225,225,245,278,203,8,8,38,50,80,106,106,126,126,136,168,168,241,241,255,4,226,226,243,243,273,273,355,355,365,378,409,427,427,427,427,427,427,15,47,47,47],"floor_reached":56,"language":"ENG","playtime":4764,"items_purged":[],"score":2126,"play_id":"40996d9b-28dd-4ed9-b46e-93f913b8e18e","local_time":"20210114135858","is_ascension_mode":true,"campfire_choices":[{"data":"True Grit","floor":6.0,"key":"SMITH"},{"data":"Shockwave","floor":8.0,"key":"SMITH"},{"data":"Bash","floor":11.0,"key":"SMITH"},{"data":"Flex","floor":15.0,"key":"SMITH"},{"floor":27,"key":"REST"},{"data":"Feel No Pain","floor":32,"key":"SMITH"},{"floor":40,"key":"RECALL"},{"floor":42,"key":"REST"},{"floor":49,"key":"REST"},{"data":"Juggernaut","floor":53,"key":"SMITH"}],"circlet_count":0,"master_deck":["AscendersBane","Bash+1","Clash+1","Clash+1","Flex+1","True Grit+1","Shockwave+1","Anger+1","Wild Strike+1","Feel No Pain+1","Thunderclap+1","Juggernaut+1","Bludgeon+1","Disarm","Clash+1","Iron Wave+1","Evolve","Wild Strike+1","Bludgeon+1","Bloodletting","Corruption","Shrug It Off+1","Shrug It Off","Reaper+1","Dark Embrace+1","Dark Shackles","True Grit","Parasite","Shrug It Off","Rage+1","Shrug It Off"],"relics":["Burning Blood","WarpedTongs","Mercury Hourglass","Molten Egg 2","The Courier","Pantograph","Pandora\u0027s Box","Red Mask","Membership Card","Akabeko","MutagenicStrength","Unceasing Top","Pear","Nunchaku","StrikeDummy","Sozu","Magic Flower","Gambling Chip","Centennial Puzzle","Lizard Tail","Lantern","Strawberry","Art of War","Happy Flower","Ornamental Fan","Whetstone","Toy Ornithopter"],"acts_visited":["Exordium","TheCity","TheBeyond","TheEnding"],"potions_floor_usage":[25,31,44,47],"damage_taken":[{"damage":4.0,"enemies":"Small Slimes","floor":1.0,"turns":4.0},{"damage":12.0,"enemies":"Cultist","floor":2.0,"turns":5.0},{"damage":2.0,"enemies":"Jaw Worm","floor":5.0,"turns":3.0},{"damage":24.0,"enemies":"3 Sentries","floor":7.0,"turns":13.0},{"damage":16.0,"enemies":"Lagavulin","floor":10.0,"turns":5.0},{"damage":10.0,"enemies":"Gremlin Nob","floor":12.0,"turns":3.0},{"damage":2.0,"enemies":"Exordium Wildlife","floor":13.0,"turns":4.0},{"damage":3.0,"enemies":"Large Slime","floor":14.0,"turns":4.0},{"damage":50.0,"enemies":"Hexaghost","floor":16.0,"turns":9.0},{"damage":0.0,"enemies":"Spheric Guardian","floor":18.0,"turns":1.0},{"damage":26.0,"enemies":"Masked Bandits","floor":19.0,"turns":4.0},{"damage":21.0,"enemies":"Book of Stabbing","floor":23.0,"turns":4.0},{"damage":18,"enemies":"Shell Parasite","floor":24,"turns":2},{"damage":20,"enemies":"Gremlin Leader","floor":25,"turns":4},{"damage":3,"enemies":"3 Cultists","floor":28,"turns":3},{"damage":1,"enemies":"Centurion and Healer","floor":30,"turns":3},{"damage":14,"enemies":"Book of Stabbing","floor":31,"turns":2},{"damage":59,"enemies":"Collector","floor":33,"turns":7},{"damage":20,"enemies":"3 Darklings","floor":35,"turns":5},{"damage":3,"enemies":"Orb Walker","floor":39,"turns":2},{"damage":78,"enemies":"Nemesis","floor":41,"turns":9},{"damage":9,"enemies":"Reptomancer","floor":44,"turns":6},{"damage":27,"enemies":"Writhing Mass","floor":45,"turns":6},{"damage":29,"enemies":"Sphere and 2 Shapes","floor":46,"turns":4},{"damage":29,"enemies":"Giant Head","floor":47,"turns":6},{"damage":25,"enemies":"Spire Growth","floor":48,"turns":4},{"damage":74,"enemies":"Time Eater","floor":50,"turns":12},{"damage":68,"enemies":"Donu and Deca","floor":51,"turns":7},{"damage":85,"enemies":"Shield and Spear","floor":55,"turns":5},{"damage":163,"enemies":"The Heart","floor":56,"turns":8}],"seed_played":"7765123381363818504","potions_obtained":[{"floor":2.0,"key":"ColorlessPotion"},{"floor":12.0,"key":"DistilledChaos"},{"floor":16.0,"key":"Regen Potion"},{"floor":24,"key":"SmokeBomb"},{"floor":25,"key":"SkillPotion"},{"floor":33,"key":"DistilledChaos"}],"is_trial":false,"path_per_floor":["M","M","$","?","M","R","E","R","T","E","R","E","M","M","R","B",null,"M","?","?","$","?","E","M","E","T","R","M","?","M","E","R","B",null,"M","$","?","?","M","R","E","R","T","E","M","M","E","M","R","B","B",null,"R","$","E","B"],"character_chosen":"IRONCLAD","items_purchased":["Flex","FearPotion","Membership Card","Akabeko","Magic Flower","Gambling Chip","Lantern","Strawberry","Art of War","Happy Flower","Ornamental Fan","Whetstone"],"campfire_rested":3,"item_purchase_floors":[3,3,21,21,36,36,54,54,54,54,54,54],"current_hp_per_floor":[77,71,71,71,75,75,57,57,57,47,47,43,47,50,50,31,69,75,55,55,55,55,40,28,36,36,63,66,66,71,63,63,35,78,81,81,81,71,88,88,25,52,52,78,69,49,43,65,92,47,47,81,81,88,18,0,0],"gold":47,"neow_bonus":"TEN_PERCENT_HP_BONUS","is_daily":false,"chose_seed":false,"campfire_upgraded":6,"win_rate":0.0,"timestamp":1610650738,"path_taken":["M","M","$","?","M","R","E","R","T","E","R","E","M","?","R","BOSS","M","?","?","?","?","E","M","E","T","R","M","?","M","E","R","BOSS","M","$","?","?","M","R","E","R","T","E","M","M","E","M","R","BOSS","BOSS","R","$","E","BOSS"],"items_purchased_type":["Card","Potion","Relic","Relic","Relic","Relic","Relic","Relic","Relic","Relic","Relic","Relic"],"build_version":"2020-12-22","purchased_purges":0,"victory":false,"max_hp_per_floor":[82,82,82,82,82,82,82,82,82,82,82,82,82,82,82,82,82,82,82,82,82,82,82,82,92,92,92,92,92,92,92,92,92,92,92,92,92,92,92,92,92,92,92,92,92,92,92,92,92,92,92,92,92,99,99,99,99],"relic_stats":{"Happy Flower":[4],"counters":[30,154],"Magic Flower":[139],"Whetstone":["Clash","Clash"],"Burning Blood":204,"WarpedTongs":[111],"Mercury Hourglass":[459],"Sozu":3,"Nunchaku":[16],"Centennial Puzzle":[27],"Lizard Tail":74,"Ornamental Fan":[8],"Pantograph":126,"Gambling Chip":[39],"Pandora\u0027s Box":["Bludgeon","Disarm","Clash","Rupture","Iron Wave","Evolve","Wild Strike","Bludgeon","Bloodletting"],"Art of War":[0],"obtain_stats":[{"Lantern":54,"Magic Flower":36,"Whetstone":54,"Burning Blood":0,"Sozu":34,"Nunchaku":26,"Centennial Puzzle":41,"Lizard Tail":47,"Pantograph":12,"Gambling Chip":36,"Strawberry":54,"Red Mask":19,"Pear":25,"Happy Flower":54,"The Courier":10,"Akabeko":21,"WarpedTongs":4,"Mercury Hourglass":7,"Ornamental Fan":54,"MutagenicStrength":22,"Molten Egg 2":9,"Pandora\u0027s Box":17,"Art of War":54,"Membership Card":21,"StrikeDummy":31,"Unceasing Top":23,"Toy Ornithopter":55},{"Lantern":28,"Magic Flower":19,"Whetstone":28,"Burning Blood":0,"Sozu":18,"Nunchaku":14,"Centennial Puzzle":21,"Lizard Tail":25,"Pantograph":6,"Gambling Chip":19,"Strawberry":28,"Red Mask":11,"Pear":14,"Happy Flower":28,"The Courier":5,"Akabeko":11,"WarpedTongs":2,"Mercury Hourglass":4,"Ornamental Fan":28,"MutagenicStrength":11,"Molten Egg 2":4,"Pandora\u0027s Box":9,"Art of War":28,"Membership Card":11,"StrikeDummy":17,"Unceasing Top":12,"Toy Ornithopter":29},{"Lantern":141,"Magic Flower":85,"Whetstone":141,"Burning Blood":0,"Sozu":80,"Nunchaku":65,"Centennial Puzzle":96,"Lizard Tail":118,"Pantograph":33,"Gambling Chip":85,"Strawberry":141,"Red Mask":55,"Pear":65,"Happy Flower":141,"The Courier":30,"Akabeko":55,"WarpedTongs":9,"Mercury Hourglass":25,"Ornamental Fan":141,"MutagenicStrength":55,"Molten Egg 2":25,"Pandora\u0027s Box":50,"Art of War":141,"Membership Card":55,"StrikeDummy":73,"Unceasing Top":59,"Toy Ornithopter":146}],"Unceasing Top":[27],"Toy Ornithopter":0},"card_choices":[{"not_picked":["Sever Soul","Warcry"],"picked":"Clash","floor":1.0},{"not_picked":["Entrench","Perfected Strike"],"picked":"Clash","floor":2.0},{"not_picked":["Heavy Blade","Infernal Blade"],"picked":"True Grit","floor":5.0},{"not_picked":["True Grit","Clash"],"picked":"Shockwave","floor":7.0},{"not_picked":["Reckless Charge+1","Armaments"],"picked":"Anger+1","floor":10.0},{"not_picked":["Searing Blow+1","Flex"],"picked":"Wild Strike+1","floor":12.0},{"not_picked":["Bloodletting","Dark Embrace"],"picked":"Feel No Pain","floor":13.0},{"not_picked":["Warcry","Reckless Charge+1"],"picked":"Thunderclap+1","floor":14.0},{"not_picked":["Exhume","Brutality"],"picked":"Juggernaut","floor":16.0},{"not_picked":["Warcry","Havoc+1","Evolve"],"picked":"SKIP","floor":18.0},{"not_picked":["Combust","Twin Strike+1"],"picked":"Corruption","floor":23},{"not_picked":["Twin Strike+1","Wild Strike+1","Pommel Strike+1"],"picked":"SKIP","floor":24},{"not_picked":["Clash+1","Intimidate","Barricade"],"picked":"SKIP","floor":25},{"not_picked":["Clothesline+1","Sword Boomerang+1"],"picked":"Shrug It Off+1","floor":28},{"not_picked":["Dual Wield","Infernal Blade"],"picked":"Shrug It Off","floor":30},{"not_picked":["Flex","Sword Boomerang+1","Burning Pact"],"picked":"SKIP","floor":31},{"not_picked":["Bludgeon+1","Demon Form"],"picked":"Reaper+1","floor":33},{"not_picked":["Cleave+1","Seeing Red"],"picked":"Dark Embrace+1","floor":35},{"not_picked":["Panacea","Trip"],"picked":"Dark Shackles","floor":38},{"not_picked":["Body Slam+1","Perfected Strike+1","Clothesline+1"],"picked":"SKIP","floor":39},{"not_picked":["Metallicize","Wild Strike+1"],"picked":"True Grit","floor":41},{"not_picked":["Carnage+1","Heavy Blade+1","Pommel Strike+1"],"picked":"SKIP","floor":45},{"not_picked":["Entrench","Wild Strike+1"],"picked":"Shrug It Off","floor":46},{"not_picked":["Iron Wave+1","Immolate+1"],"picked":"Rage+1","floor":47},{"not_picked":["Body Slam+1","Headbutt+1","Clash+1"],"picked":"SKIP","floor":48},{"not_picked":["Havoc","Dropkick+1"],"picked":"Shrug It Off","floor":55}],"player_experience":1138455,"relics_obtained":[{"floor":7.0,"key":"Mercury Hourglass"},{"floor":9.0,"key":"Molten Egg 2"},{"floor":10.0,"key":"The Courier"},{"floor":12.0,"key":"Pantograph"},{"floor":19.0,"key":"Red Mask"},{"floor":23,"key":"Unceasing Top"},{"floor":25,"key":"Pear"},{"floor":26,"key":"Nunchaku"},{"floor":31,"key":"StrikeDummy"},{"floor":41,"key":"Centennial Puzzle"},{"floor":47,"key":"Lizard Tail"},{"floor":55,"key":"Toy Ornithopter"}],"event_choices":[{"damage_healed":0.0,"max_hp_gain":0.0,"max_hp_loss":0.0,"gold_gain":0.0,"event_name":"Accursed Blacksmith","player_choice":"Rummage","floor":4.0,"gold_loss":0.0,"damage_taken":0.0,"relics_obtained":["WarpedTongs"],"cards_obtained":["Pain"]},{"damage_healed":0.0,"max_hp_gain":0.0,"max_hp_loss":0.0,"gold_gain":0.0,"event_name":"Masked Bandits","player_choice":"Fought Bandits","floor":19.0,"gold_loss":0.0,"damage_taken":0.0},{"cards_removed":["Pain"],"damage_healed":0.0,"max_hp_gain":0.0,"max_hp_loss":0.0,"gold_gain":0.0,"event_name":"Beggar","player_choice":"Gave Gold","floor":20.0,"gold_loss":75.0,"damage_taken":0.0},{"damage_healed":0.0,"max_hp_gain":0.0,"max_hp_loss":0.0,"gold_gain":0.0,"event_name":"Drug Dealer","player_choice":"Inject Mutagens","floor":22.0,"gold_loss":0.0,"damage_taken":0.0,"relics_obtained":["MutagenicStrength"]},{"cards_removed":["Rupture"],"damage_healed":0,"gold_gain":0,"player_choice":"Elegance","damage_taken":0,"max_hp_gain":0,"max_hp_loss":0,"event_name":"Back to Basics","floor":29,"gold_loss":0},{"damage_healed":0,"gold_gain":222,"player_choice":"Wore Mask","damage_taken":0,"max_hp_gain":0,"max_hp_loss":0,"event_name":"Tomb of Lord Red Mask","floor":37,"gold_loss":0},{"damage_healed":0,"gold_gain":0,"player_choice":"Memory 3","damage_taken":10,"max_hp_gain":0,"max_hp_loss":0,"event_name":"SensoryStone","floor":38,"gold_loss":0}],"is_beta":false,"boss_relics":[{"not_picked":["Runic Pyramid","Tiny House"],"picked":"Pandora\u0027s Box"},{"not_picked":["SacredBark","Calling Bell"],"picked":"Sozu"}],"items_purged_floors":[],"is_endless":false,"potions_floor_spawned":[2,5,12,13,16,24,25,28,30,33,41,45,47],"killed_by":"The Heart","ascension_level":20}}