{"host":"oiw60b5ins9fyx34","time":1610618260,"event":{"mods":["BaseMod","Colored Map","Colored Powertips","Minty Spire (QoL Compilation)","Permanent Neow","Quick Restart","Rare Cards Sparkle","Relic Stats","StSLib","The Cursed"],"gold_per_floor":[109,109,109,124,42,42,72,72,72,84,98,98,126,141,141,244,244,256,181,194,42,42,72,72,90,116,131,131,131,131,131,131,230,230,243,243,243,255,3,3,35,35,35,53,70,70,85,95,95,95,95,95,60,94,94],"floor_reached":56,"language":"JPN","playtime":3065,"items_purged":["TheCursedMod:Defend_TheCursed","TheCursedMod:Defend_TheCursed"],"score":1255,"play_id":"2da75273-0151-411a-82d8-c0d0dc583eda","local_time":"20210114185740","is_ascension_mode":false,"campfire_choices":[{"data":"TheCursedMod:CursedMace","floor":6,"key":"SMITH"},{"data":"TheCursedMod:ManaBullet","floor":8,"key":"SMITH"},{"data":"TheCursedMod:CursedSpellbook","floor":12,"key":"SMITH"},{"data":"TheCursedMod:CursedWand","floor":15,"key":"SMITH"},{"data":"TheCursedMod:LuckyCharm","floor":24,"key":"SMITH"},{"data":"TheCursedMod:ReleasedStrength","floor":28,"key":"SMITH"},{"data":"TheCursedMod:SmokeScreen","floor":30,"key":"SMITH"},{"data":"TheCursedMod:HellfireBreathing","floor":32,"key":"SMITH"},{"data":"TheCursedMod:Neurasthenia","floor":40,"key":"SMITH"},{"data":"TheCursedMod:CleanUpWorkshop","floor":42,"key":"SMITH"},{"data":"TheCursedMod:BloodBarrier","floor":46,"key":"SMITH"},{"floor":49,"key":"RECALL"},{"data":"TheCursedMod:TroublousMinions","floor":52,"key":"SMITH"}],"circlet_count":0,"master_deck":["TheCursedMod:Defend_TheCursed","TheCursedMod:CursedWand+1","TheCursedMod:CleanUpWorkshop+1","TheCursedMod:Dregs","TheCursedMod:CursedMace+1","TheCursedMod:LuckyCharm+1","TheCursedMod:TroublousMinions+1","TheCursedMod:ManaBullet+1","TheCursedMod:CursedSpellbook+1","TheCursedMod:SmokeScreen+1","TheCursedMod:Evocation","TheCursedMod:SoulCrush","TheCursedMod:DemonSword","TheCursedMod:CircleOfAbyss+1","TheCursedMod:SpreadPlague+1","TheCursedMod:CollectTribute+1","TheCursedMod:ReleasedStrength+1","TheCursedMod:HellfireBreathing+1","TheCursedMod:SoulReap+1","TheCursedMod:SpitefulPlan","Decay","TheCursedMod:Neurasthenia+1","TheCursedMod:AbyssShockwave","TheCursedMod:AshesToAshes+1","TheCursedMod:CursedSpellbook+1","TheCursedMod:BloodBarrier+1","TheCursedMod:StingEye+1","TheCursedMod:LuckyCharm"],"relics":["TheCursedMod:BlackMagic101","NeowsBlessing","Vajra","Bird Faced Urn","Bronze Scales","Astrolabe","Shuriken","Pear","Bag of Marbles","Sozu","DollysMirror","MealTicket","Mercury Hourglass"],"acts_visited":["Exordium","TheCity","TheBeyond","TheEnding"],"potions_floor_usage":[13,16,55,55,55],"damage_taken":[{"damage":0,"enemies":"Jaw Worm","floor":1,"turns":1},{"damage":0,"enemies":"Small Slimes","floor":4,"turns":1},{"damage":0,"enemies":"Lagavulin","floor":7,"turns":1},{"damage":2,"enemies":"2 Louse","floor":10,"turns":2},{"damage":1,"enemies":"Exordium Thugs","floor":11,"turns":6},{"damage":3,"enemies":"3 Sentries","floor":13,"turns":6},{"damage":6,"enemies":"Blue Slaver","floor":14,"turns":2},{"damage":23,"enemies":"Hexaghost","floor":16,"turns":6},{"damage":10,"enemies":"Chosen","floor":18,"turns":3},{"damage":6,"enemies":"Spheric Guardian","floor":20,"turns":3},{"damage":0,"enemies":"Gremlin Leader","floor":23,"turns":4},{"damage":0,"enemies":"Snecko","floor":25,"turns":5},{"damage":12,"enemies":"Chosen and Byrds","floor":27,"turns":4},{"damage":14,"enemies":"Champ","floor":33,"turns":8},{"damage":12,"enemies":"Orb Walker","floor":35,"turns":4},{"damage":11,"enemies":"3 Shapes","floor":38,"turns":5},{"damage":13,"enemies":"Giant Head","floor":41,"turns":5},{"damage":14,"enemies":"Sphere and 2 Shapes","floor":44,"turns":4},{"damage":0,"enemies":"4 Shapes","floor":45,"turns":4},{"damage":0,"enemies":"3 Darklings","floor":47,"turns":5},{"damage":5,"enemies":"Maw","floor":48,"turns":5},{"damage":13,"enemies":"Time Eater","floor":50,"turns":5},{"damage":26,"enemies":"Shield and Spear","floor":54,"turns":5},{"damage":50,"enemies":"The Heart","floor":55,"turns":8}],"seed_played":"-8040661265742234312","potions_obtained":[{"floor":1,"key":"Strength Potion"},{"floor":7,"key":"AttackPotion"},{"floor":13,"key":"FearPotion"},{"floor":14,"key":"Fire Potion"},{"floor":20,"key":"Swift Potion"},{"floor":27,"key":"ColorlessPotion"}],"is_trial":false,"path_per_floor":["M","?","?","M","$","R","E","R","T","M","M","R","E","M","R","B",null,"M","?","M","$","?","E","R","M","T","M","R","?","R","?","R","B",null,"M","?","?","M","$","R","E","R","T","M","M","R","M","M","R","B",null,"R","$","E","B",null],"character_chosen":"THE_CURSED","items_purchased":["TheCursedMod:TroublousMinions","TheCursedMod:HellfireBreathing","DollysMirror","TheCursedMod:LuckyCharm"],"campfire_rested":0,"item_purchase_floors":[5,21,39,53],"current_hp_per_floor":[75,68,73,73,73,73,73,73,73,73,74,74,73,69,69,48,80,70,70,66,66,66,82,82,88,88,82,82,82,82,82,82,76,90,90,85,85,76,76,76,85,85,85,75,85,85,85,80,80,74,85,85,85,64,37],"gold":94,"neow_bonus":"THREE_ENEMY_KILL","is_daily":false,"chose_seed":false,"campfire_upgraded":12,"win_rate":0.0,"timestamp":1610618260,"path_taken":["M","?","?","M","$","R","E","R","T","M","M","R","E","M","R","BOSS","M","?","M","$","?","E","R","?","T","M","R","?","R","?","R","BOSS","M","?","?","?","$","R","E","R","T","M","M","R","M","M","R","BOSS","R","$","E","BOSS"],"items_purchased_type":["Card","Card","Relic","Card"],"build_version":"2020-12-22","purchased_purges":2,"victory":true,"max_hp_per_floor":[75,75,80,80,80,80,80,80,80,80,80,80,80,80,80,80,80,80,80,80,80,80,90,90,90,90,90,90,90,90,90,90,90,90,90,85,85,85,85,85,85,85,85,85,85,85,85,85,85,85,85,85,85,85,85],"relic_stats":{"Sozu":5,"counters":[24,100],"Shuriken":[11],"Bird Faced Urn":[84],"Bronze Scales":[246],"Astrolabe":["TheCursedMod:CircleOfAbyss","TheCursedMod:SpreadPlague","TheCursedMod:CollectTribute"],"MealTicket":0,"obtain_stats":[{"TheCursedMod:BlackMagic101":0,"Pear":23,"NeowsBlessing":0,"Astrolabe":17,"Vajra":7,"Mercury Hourglass":54,"Sozu":34,"Shuriken":22,"DollysMirror":39,"Bird Faced Urn":9,"Bronze Scales":13,"MealTicket":41,"Bag of Marbles":26},{"TheCursedMod:BlackMagic101":0,"Pear":11,"NeowsBlessing":0,"Astrolabe":8,"Vajra":3,"Mercury Hourglass":23,"Sozu":14,"Shuriken":10,"DollysMirror":16,"Bird Faced Urn":3,"Bronze Scales":6,"MealTicket":17,"Bag of Marbles":12},{"TheCursedMod:BlackMagic101":0,"Pear":35,"NeowsBlessing":0,"Astrolabe":25,"Vajra":3,"Mercury Hourglass":92,"Sozu":52,"Shuriken":31,"DollysMirror":60,"Bird Faced Urn":3,"Bronze Scales":17,"MealTicket":65,"Bag of Marbles":40}],"Mercury Hourglass":[24]},"card_choices":[{"not_picked":["TheCursedMod:DoubleShield","TheCursedMod:WearCloak"],"picked":"TheCursedMod:CursedMace","floor":1},{"not_picked":["TheCursedMod:RavingStaff","TheCursedMod:FuryStrike"],"picked":"TheCursedMod:LuckyCharm","floor":4},{"not_picked":["TheCursedMod:CursedMace","TheCursedMod:SpitefulStrike"],"picked":"TheCursedMod:ManaBullet","floor":7},{"not_picked":["TheCursedMod:SmokeScreen","TheCursedMod:ReleasedKnowledge"],"picked":"TheCursedMod:CursedSpellbook","floor":10},{"not_picked":["TheCursedMod:Stigma","TheCursedMod:WearCloak"],"picked":"TheCursedMod:SmokeScreen","floor":11},{"not_picked":["TheCursedMod:CircleOfFocus","TheCursedMod:CursedAmulet"],"picked":"TheCursedMod:Evocation","floor":13},{"not_picked":["TheCursedMod:Obscuration","TheCursedMod:WearCloak"],"picked":"TheCursedMod:SoulCrush","floor":14},{"not_picked":["TheCursedMod:CircleOfAbyss","TheCursedMod:CollectTribute"],"picked":"TheCursedMod:DemonSword","floor":16},{"not_picked":["TheCursedMod:ManaBullet","TheCursedMod:Stigma","TheCursedMod:TacticalStrike"],"picked":"SKIP","floor":18},{"not_picked":["TheCursedMod:Wield","TheCursedMod:DoubleShield"],"picked":"TheCursedMod:ReleasedStrength","floor":20},{"not_picked":["TheCursedMod:ReleasedKnowledge","TheCursedMod:BlessingInDisguise","TheCursedMod:Grudge"],"picked":"SKIP","floor":23},{"not_picked":["TheCursedMod:HellfireBreathing","TheCursedMod:ReleasedStrength","TheCursedMod:Stretching+1"],"picked":"SKIP","floor":25},{"not_picked":["TheCursedMod:Stigma","TheCursedMod:TacticalStrike"],"picked":"TheCursedMod:SoulReap+1","floor":27},{"not_picked":["TheCursedMod:ShockAndAwe","TheCursedMod:StunningStrike"],"picked":"TheCursedMod:Neurasthenia","floor":33},{"not_picked":["TheCursedMod:WearCloak","TheCursedMod:SmokeScreen+1"],"picked":"TheCursedMod:AbyssShockwave","floor":35},{"not_picked":["TheCursedMod:BlessingInDisguise","TheCursedMod:RapidMovement"],"picked":"TheCursedMod:AshesToAshes+1","floor":38},{"not_picked":["TheCursedMod:Grudge+1","TheCursedMod:SmokeScreen+1","TheCursedMod:FuryStrike"],"picked":"SKIP","floor":41},{"not_picked":["TheCursedMod:SmokeScreen","TheCursedMod:Obscuration","TheCursedMod:TacticalStrike"],"picked":"SKIP","floor":44},{"not_picked":["TheCursedMod:CursedMace","TheCursedMod:SpitefulPlan+1"],"picked":"TheCursedMod:BloodBarrier","floor":45},{"not_picked":["TheCursedMod:AbyssShockwave","TheCursedMod:CircleOfFlame+1","TheCursedMod:RavingStaff"],"picked":"SKIP","floor":47},{"not_picked":["TheCursedMod:SoulCrush","TheCursedMod:SpitefulStrike"],"picked":"TheCursedMod:StingEye+1","floor":48},{"not_picked":["TheCursedMod:SoulReap","TheCursedMod:AshesToAshes","TheCursedMod:CircleOfWindfury"],"picked":"SKIP","floor":54}],"player_experience":669323,"relics_obtained":[{"floor":7,"key":"Vajra"},{"floor":9,"key":"Bird Faced Urn"},{"floor":13,"key":"Bronze Scales"},{"floor":23,"key":"Pear"},{"floor":26,"key":"Bag of Marbles"},{"floor":41,"key":"MealTicket"},{"floor":54,"key":"Mercury Hourglass"}],"event_choices":[{"cards_removed":["TheCursedMod:Strike_TheCursed"],"damage_healed":0,"gold_gain":0,"player_choice":"Card Removal","damage_taken":7,"max_hp_gain":0,"max_hp_loss":0,"event_name":"Golden Wing","floor":2,"gold_loss":0},{"damage_healed":0,"gold_gain":0,"player_choice":"Donut","damage_taken":0,"max_hp_gain":5,"max_hp_loss":0,"event_name":"Big Fish","floor":3,"gold_loss":0},{"cards_removed":["TheCursedMod:Defend_TheCursed"],"damage_healed":0,"gold_gain":0,"player_choice":"Gave Gold","damage_taken":0,"max_hp_gain":0,"max_hp_loss":0,"event_name":"Beggar","floor":19,"gold_loss":75},{"damage_healed":0,"gold_gain":0,"player_choice":"Gave Potion","damage_taken":0,"relics_obtained":["Shuriken"],"max_hp_gain":0,"max_hp_loss":0,"event_name":"WeMeetAgain","floor":22,"gold_loss":0},{"damage_healed":0,"gold_gain":0,"player_choice":"Read","damage_taken":0,"max_hp_gain":0,"max_hp_loss":0,"event_name":"The Library","floor":29,"gold_loss":0,"cards_obtained":["TheCursedMod:SpitefulPlan"]},{"damage_healed":0,"gold_gain":0,"player_choice":"Smashed Altar","damage_taken":0,"max_hp_gain":0,"max_hp_loss":0,"event_name":"Forgotten Altar","floor":31,"gold_loss":0,"cards_obtained":["Decay"]},{"damage_healed":0,"gold_gain":0,"player_choice":"Max HP","damage_taken":0,"max_hp_gain":0,"max_hp_loss":5,"event_name":"Winding Halls","floor":36,"gold_loss":0},{"damage_healed":0,"gold_gain":0,"player_choice":"Ignored","damage_taken":0,"max_hp_gain":0,"max_hp_loss":0,"event_name":"SecretPortal","floor":37,"gold_loss":0}],"is_beta":false,"boss_relics":[{"not_picked":["Empty Cage","Busted Crown"],"picked":"Astrolabe"},{"not_picked":["Pandora\u0027s Box","Coffee Dripper"],"picked":"Sozu"}],"items_purged_floors":[21,39],"is_endless":false,"potions_floor_spawned":[1,7,13,14,20,27,38,41,44,47,54],"ascension_level":0}}