{"host":"qljev0q3rb9h3k1a","time":1610652606,"event":{"mods":["AchievementEnabler","Ascension Unlocker","BaseMod","Colored Map","Minty Spire (QoL Compilation)","Permanent Neow","Quick Restart","Relic Filter","StSLib","SuperFastMode"],"gold_per_floor":[111,111,126,93,103,103,117,137,205,218,218,233,248,278,278,375,375,390,135,135,89,364,393,393,308,335,346,346,346,374,473,473,573,573,593,644,644,280,299,299,399,399,426,426,476,492,492,8,8,8],"floor_reached":51,"language":"ENG","playtime":2517,"items_purged":["Regret","Parasite"],"score":754,"play_id":"674bd750-350e-4a63-8f45-3cefbddb5534","local_time":"20210114143006","is_ascension_mode":false,"campfire_choices":[{"data":"Storm of Steel","floor":6.0,"key":"SMITH"},{"data":"Blade Dance","floor":11.0,"key":"SMITH"},{"data":"Bullet Time","floor":15.0,"key":"SMITH"},{"data":"Accuracy","floor":24.0,"key":"SMITH"},{"data":"Neutralize","floor":32.0,"key":"SMITH"},{"data":"1","floor":40,"key":"LIFT"},{"data":"2","floor":42,"key":"LIFT"},{"data":"3","floor":47,"key":"LIFT"},{"data":"After Image","floor":49,"key":"SMITH"}],"circlet_count":0,"master_deck":["Strike_G","Strike_G","Strike_G","Strike_G","Defend_G+1","Defend_G+1","Defend_G","Defend_G","Defend_G","Survivor","Neutralize+1","Storm of Steel+1","Infinite Blades","Malaise","Footwork","Blade Dance+1","Bullet Time+1","After Image+1","Accuracy+1","Blade Dance+1","Tactician+1","Blade Dance+1","Burst+1","Tactician+1","Infinite Blades","Acrobatics+1","Purity+1","Tactician+1","Bandage Up+1","Cloak And Dagger+1"],"relics":["Ring of the Serpent","Odd Mushroom","Ninja Scroll","Tough Bandages","SlaversCollar","Toxic Egg 2","Juzu Bracelet","War Paint","Ancient Tea Set","Blood Vial","Girya","Bag of Marbles","Orichalcum","Tingsha","Bottled Tornado","TheAbacus"],"acts_visited":["Exordium","TheCity","TheBeyond"],"potions_floor_usage":[33,36],"damage_taken":[{"damage":5.0,"enemies":"Small Slimes","floor":1.0,"turns":4.0},{"damage":3.0,"enemies":"Jaw Worm","floor":3.0,"turns":4.0},{"damage":3.0,"enemies":"2 Louse","floor":5.0,"turns":3.0},{"damage":11.0,"enemies":"2 Fungi Beasts","floor":7.0,"turns":5.0},{"damage":21.0,"enemies":"The Mushroom Lair","floor":8.0,"turns":6.0},{"damage":7.0,"enemies":"Gremlin Gang","floor":10.0,"turns":4.0},{"damage":0.0,"enemies":"Looter","floor":12.0,"turns":1.0},{"damage":0.0,"enemies":"3 Louse","floor":13.0,"turns":5.0},{"damage":0.0,"enemies":"Gremlin Nob","floor":14.0,"turns":2.0},{"damage":23.0,"enemies":"The Guardian","floor":16.0,"turns":15.0},{"damage":1.0,"enemies":"Spheric Guardian","floor":18.0,"turns":4.0},{"damage":7.0,"enemies":"Slavers","floor":23.0,"turns":4.0},{"damage":4.0,"enemies":"2 Thieves","floor":27.0,"turns":4.0},{"damage":15.0,"enemies":"Gremlin Leader","floor":30.0,"turns":5.0},{"damage":4,"enemies":"Collector","floor":33,"turns":7},{"damage":9,"enemies":"3 Shapes","floor":35,"turns":5},{"damage":6,"enemies":"2 Orb Walkers","floor":36,"turns":3},{"damage":1,"enemies":"Orb Walker","floor":39,"turns":4},{"damage":7,"enemies":"Mind Bloom Boss Battle","floor":45,"turns":6},{"damage":0,"enemies":"Writhing Mass","floor":46,"turns":4},{"damage":73,"enemies":"Time Eater","floor":50,"turns":9}],"seed_played":"-7665619380912077678","potions_obtained":[{"floor":1.0,"key":"Poison Potion"},{"floor":3.0,"key":"SneckoOil"},{"floor":7.0,"key":"Regen Potion"},{"floor":18.0,"key":"Ancient Potion"},{"floor":27.0,"key":"LiquidMemories"},{"floor":28.0,"key":"Fruit Juice"},{"floor":28.0,"key":"FearPotion"},{"floor":39,"key":"Ancient Potion"}],"is_trial":false,"path_per_floor":["M","?","M","$","M","R","M","?","T","M","R","M","M","E","R","B",null,"M","$","?","$","?","E","R","?","T","M","?","?","E","?","R","B",null,"M","?","?","$","M","R","?","R","T","?","?","M","R","$","R","B",null],"character_chosen":"THE_SILENT","items_purchased":["Footwork","Toxic Egg 2","Blade Dance+1","Acrobatics+1","Bag of Marbles","Purity+1","Bottled Tornado","TheAbacus"],"campfire_rested":0,"item_purchase_floors":[4,19,21,38,38,38,48,48],"current_hp_per_floor":[65,65,62,62,59,59,48,27,27,20,20,20,20,20,20,12,70,69,69,69,69,69,62,62,62,62,58,63,49,34,34,34,32,80,71,67,67,67,68,68,68,68,68,68,75,80,80,77,77,10],"gold":8,"neow_bonus":"ONE_RANDOM_RARE_CARD","is_daily":false,"chose_seed":false,"campfire_upgraded":6,"win_rate":0.0,"timestamp":1610652606,"path_taken":["M","?","M","$","M","R","M","?","T","M","R","M","M","E","R","BOSS","M","$","?","$","?","E","R","?","T","M","?","?","E","?","R","BOSS","M","?","?","$","M","R","?","R","T","?","?","M","R","$","R","BOSS"],"items_purchased_type":["Card","Relic","Card","Card","Relic","Card","Relic","Relic"],"build_version":"2020-12-22","purchased_purges":2,"victory":true,"max_hp_per_floor":[70,70,70,70,70,70,70,70,70,70,70,70,70,70,70,70,70,70,70,70,70,70,70,70,70,70,70,75,80,80,80,80,80,80,80,80,80,80,80,80,80,80,80,80,80,80,80,77,77,77],"card_choices":[{"not_picked":["Outmaneuver","Dagger Spray"],"picked":"Infinite Blades","floor":1.0},{"not_picked":["PiercingWail","Dodge and Roll","Bouncing Flask"],"picked":"SKIP","floor":3.0},{"not_picked":["Dagger Spray","Dodge and Roll","Outmaneuver"],"picked":"SKIP","floor":5.0},{"not_picked":["Skewer","Crippling Poison","Quick Slash"],"picked":"SKIP","floor":7.0},{"not_picked":["Bouncing Flask","Flechettes"],"picked":"Blade Dance","floor":8.0},{"not_picked":["Eviscerate","Riddle With Holes","Well Laid Plans"],"picked":"SKIP","floor":10.0},{"not_picked":["Catalyst","Leg Sweep"],"picked":"Bullet Time","floor":12.0},{"not_picked":["Catalyst","All Out Attack","Calculated Gamble"],"picked":"SKIP","floor":13.0},{"not_picked":["PiercingWail","Flying Knee","Endless Agony"],"picked":"SKIP","floor":14.0},{"not_picked":["A Thousand Cuts","Wraith Form v2"],"picked":"After Image","floor":16.0},{"not_picked":["Backstab","Acrobatics"],"picked":"Accuracy","floor":18.0},{"not_picked":["Infinite Blades","Flechettes"],"picked":"Tactician+1","floor":23.0},{"not_picked":["Bane","Calculated Gamble+1"],"picked":"Blade Dance+1","floor":27.0},{"not_picked":["Dash","Riddle With Holes","Dagger Throw+1"],"picked":"SKIP","floor":30.0},{"not_picked":["Night Terror+1","Phantasmal Killer+1"],"picked":"Burst+1","floor":33},{"not_picked":["Riddle With Holes+1","Deadly Poison+1"],"picked":"Tactician+1","floor":35},{"not_picked":["Dagger Throw+1","Sucker Punch+1"],"picked":"Infinite Blades","floor":36},{"not_picked":["Dagger Throw+1","Caltrops+1"],"picked":"Tactician+1","floor":39},{"not_picked":["Blade Dance+1","Bane+1"],"picked":"Cloak And Dagger+1","floor":46}],"player_experience":17832,"relics_obtained":[{"floor":8.0,"key":"Odd Mushroom"},{"floor":9.0,"key":"Ninja Scroll"},{"floor":14.0,"key":"Tough Bandages"},{"floor":23.0,"key":"Juzu Bracelet"},{"floor":26.0,"key":"Ancient Tea Set"},{"floor":30.0,"key":"Blood Vial"},{"floor":36,"key":"Girya"},{"floor":43,"key":"Orichalcum"},{"floor":45,"key":"Tingsha"}],"event_choices":[{"damage_healed":0.0,"max_hp_gain":0.0,"max_hp_loss":0.0,"gold_gain":0.0,"cards_transformed":["Strike_G"],"event_name":"Living Wall","player_choice":"Change","floor":2.0,"gold_loss":0.0,"damage_taken":0.0,"cards_obtained":["Malaise"]},{"damage_healed":0.0,"max_hp_gain":0.0,"max_hp_loss":0.0,"gold_gain":0.0,"event_name":"Mushrooms","player_choice":"Fought Mushrooms","floor":8.0,"gold_loss":0.0,"damage_taken":0.0},{"damage_healed":0.0,"max_hp_gain":0.0,"max_hp_loss":0.0,"gold_gain":0.0,"event_name":"Ghosts","player_choice":"Ignored","floor":20.0,"gold_loss":0.0,"damage_taken":0.0},{"damage_healed":0.0,"max_hp_gain":0.0,"max_hp_loss":0.0,"gold_gain":275.0,"event_name":"Golden Shrine","player_choice":"Desecrate","floor":22.0,"gold_loss":0.0,"damage_taken":0.0,"cards_obtained":["Regret"]},{"damage_healed":0.0,"max_hp_gain":0.0,"max_hp_loss":0.0,"gold_gain":0.0,"event_name":"Addict","player_choice":"Obtained Relic","floor":25.0,"gold_loss":85.0,"damage_taken":0.0,"relics_obtained":["War Paint"]},{"damage_healed":0.0,"max_hp_gain":0.0,"max_hp_loss":0.0,"gold_gain":0.0,"event_name":"Lab","player_choice":"Got Potions","floor":28.0,"gold_loss":0.0,"damage_taken":0.0},{"damage_healed":0.0,"max_hp_gain":5.0,"max_hp_loss":0.0,"gold_gain":0.0,"event_name":"Forgotten Altar","player_choice":"Shed Blood","floor":29.0,"gold_loss":0.0,"damage_taken":19.0},{"damage_healed":0.0,"max_hp_gain":0.0,"max_hp_loss":0.0,"gold_gain":99.0,"event_name":"Nest","player_choice":"Stole From Cult","floor":31.0,"gold_loss":0.0,"damage_taken":0.0},{"damage_healed":0,"gold_gain":0,"player_choice":"Fight","damage_taken":0,"max_hp_gain":0,"max_hp_loss":0,"event_name":"Mysterious Sphere","floor":36,"gold_loss":0},{"damage_healed":0,"gold_gain":0,"player_choice":"Ignored","damage_taken":0,"max_hp_gain":0,"max_hp_loss":0,"event_name":"Tomb of Lord Red Mask","floor":37,"gold_loss":0},{"damage_healed":0,"gold_gain":100,"player_choice":"Pray","damage_taken":0,"max_hp_gain":0,"max_hp_loss":0,"event_name":"Golden Shrine","floor":41,"gold_loss":0},{"damage_healed":0,"gold_gain":0,"player_choice":"1 cards matched","damage_taken":0,"max_hp_gain":0,"max_hp_loss":0,"event_name":"Match and Keep!","floor":44,"gold_loss":0,"cards_obtained":["Bandage Up"]},{"damage_healed":0,"gold_gain":0,"player_choice":"Fight","damage_taken":0,"max_hp_gain":0,"max_hp_loss":0,"event_name":"MindBloom","floor":45,"gold_loss":0}],"is_beta":false,"boss_relics":[{"not_picked":["Snecko Eye","Astrolabe"],"picked":"SlaversCollar"},{"not_picked":["Velvet Choker","Busted Crown"],"picked":"Ring of the Serpent"}],"items_purged_floors":[38,48],"is_endless":false,"potions_floor_spawned":[1,3,7,8,18,27,39],"ascension_level":0}}