{"host":"fjaupvxe7fzqrf4j","time":1610639509,"event":{"mods":["ATMod(°¢èªMod)","BaseMod","Minty Spire (QoL Compilation)","StSLib"],"gold_per_floor":[115,115,115,40,40,74,109,147,173,211,245,270,308,339,339,438,438,452,493,511,242,242,278,313,344,344,384,425,460,460,504,504,603,603,623,498,49,49,99,139,180,213,250,300,352,402,458,804,816,828,840,852,864,89,125,125],"floor_reached":57,"language":"ZHS","playtime":1271,"items_purged":["Quick Slash","Prepared","Underhanded Strike","Masterful Stab","Dagger Throw+1"],"score":5111,"play_id":"fa28566f-bc57-453a-8554-9af2495ff8cb","local_time":"20210114235149","daily_mods":["SealedDeck","Heirloom","Time Dilation","Flight","Elite Swarm"],"is_ascension_mode":true,"campfire_choices":[{"data":"Concentrate","floor":15,"key":"SMITH"},{"data":"AT_KingSlayer","floor":30,"key":"SMITH"},{"data":"Acrobatics","floor":32,"key":"SMITH"},{"floor":49,"key":"RECALL"}],"circlet_count":0,"master_deck":["AscendersBane","Prepared+1","Backflip+1","Acrobatics+1","Concentrate+1","Expertise+1","AT_DarkMatter+1","Adrenaline+1","After Image+1","Grand Finale+1","AT_Desolate+1","AT_KingSlayer+1","Wraith Form v2+1","Well Laid Plans+1"],"relics":["Ring of the Snake","AT_ATBox","Prayer Wheel","Golden Idol","Snake Skull","AT_SpeedBoots","FossilizedHelix","Oddly Smooth Stone","Pen Nib","Bronze Scales","Eternal Feather","Frozen Egg 2","HoveringKite","Red Mask","Vajra","AT_ForceNature","StrikeDummy","Potion Belt","Bag of Preparation","Thread and Needle","Juzu Bracelet","AT_ArchangelStaff","Mercury Hourglass","Coffee Dripper","Medical Kit","Mark of the Bloom","AT_BellDemon","AT_DeathDance","AT_SilverBalance","MawBank","Gambling Chip","Ancient Tea Set","White Beast Statue","AT_RabadonDeathcap","AT_BladeRuinedKing","Pear","The Specimen","AT_EbonyIvory","Blood Vial","Art of War","Old Coin","Whetstone","Chemical X","Ornamental Fan","Akabeko","War Paint","AT_BellowingDragoncrestRing"],"acts_visited":["Exordium","TheCity","TheBeyond","TheEnding"],"potions_floor_usage":[56,56,56],"damage_taken":[{"damage":0,"enemies":"2 Louse","floor":1,"turns":1},{"damage":0,"enemies":"3 Sentries","floor":6,"turns":2},{"damage":0,"enemies":"Gremlin Nob","floor":7,"turns":1},{"damage":0,"enemies":"Lagavulin","floor":8,"turns":1},{"damage":0,"enemies":"3 Sentries","floor":10,"turns":2},{"damage":0,"enemies":"Lagavulin","floor":11,"turns":1},{"damage":0,"enemies":"3 Sentries","floor":13,"turns":1},{"damage":0,"enemies":"Lagavulin","floor":14,"turns":1},{"damage":0,"enemies":"The Guardian","floor":16,"turns":1},{"damage":0,"enemies":"Chosen","floor":18,"turns":1},{"damage":0,"enemies":"Masked Bandits","floor":19,"turns":1},{"damage":0,"enemies":"2 Thieves","floor":20,"turns":1},{"damage":0,"enemies":"Book of Stabbing","floor":23,"turns":1},{"damage":0,"enemies":"Slavers","floor":24,"turns":1},{"damage":0,"enemies":"Gremlin Leader","floor":25,"turns":1},{"damage":0,"enemies":"Book of Stabbing","floor":27,"turns":1},{"damage":0,"enemies":"Slavers","floor":28,"turns":1},{"damage":0,"enemies":"Gremlin Leader","floor":29,"turns":1},{"damage":0,"enemies":"Slavers","floor":31,"turns":1},{"damage":0,"enemies":"Collector","floor":33,"turns":1},{"damage":0,"enemies":"Orb Walker","floor":35,"turns":1},{"damage":0,"enemies":"Nemesis","floor":40,"turns":1},{"damage":0,"enemies":"Reptomancer","floor":41,"turns":1},{"damage":0,"enemies":"Nemesis","floor":42,"turns":1},{"damage":0,"enemies":"Reptomancer","floor":44,"turns":1},{"damage":0,"enemies":"Giant Head","floor":45,"turns":1},{"damage":0,"enemies":"Reptomancer","floor":46,"turns":1},{"damage":0,"enemies":"Giant Head","floor":47,"turns":1},{"damage":0,"enemies":"Reptomancer","floor":48,"turns":1},{"damage":0,"enemies":"Donu and Deca","floor":50,"turns":1},{"damage":0,"enemies":"Awakened One","floor":51,"turns":2},{"damage":0,"enemies":"Shield and Spear","floor":55,"turns":1},{"damage":0,"enemies":"The Heart","floor":56,"turns":4}],"seed_played":"851667079836203887","potions_obtained":[{"floor":10,"key":"FearPotion"},{"floor":11,"key":"DistilledChaos"},{"floor":29,"key":"PowerPotion"},{"floor":42,"key":"Swift Potion"}],"is_trial":true,"path_per_floor":["M","?","?","$","?","E","E","E","T","E","E","T","E","E","R","B",null,"M","?","M","$","?","E","E","E","T","E","E","E","R","E","R","B",null,"M","$","$","?","?","E","E","E","T","E","E","E","E","E","R","B","B",null,"R","$","E","B",null],"character_chosen":"THE_SILENT","items_purchased":["Vajra","Medical Kit","Well Laid Plans+1","PowerPotion","Chemical X","Ornamental Fan","Akabeko"],"campfire_rested":0,"item_purchase_floors":[21,37,37,37,54,54,54],"current_hp_per_floor":[59,64,40,40,40,40,40,40,40,40,40,40,40,40,46,46,65,65,65,65,65,65,65,65,65,65,65,65,65,71,71,71,71,71,71,71,71,71,71,71,71,35,35,35,35,40,40,40,40,40,40,40,40,40,40,40],"gold":125,"neow_bonus":"","is_daily":false,"chose_seed":false,"campfire_upgraded":3,"win_rate":0.0,"timestamp":1610639509,"path_taken":["M","?","?","?","?","E","E","E","T","E","E","?","E","E","R","BOSS","M","?","M","$","?","E","E","E","T","E","E","E","R","E","R","BOSS","M","?","$","?","?","E","E","E","T","E","E","E","E","E","R","BOSS","BOSS","R","$","E","BOSS"],"items_purchased_type":["Relic","Relic","Card","Potion","Relic","Relic","Relic"],"build_version":"2020-12-22","purchased_purges":5,"victory":true,"max_hp_per_floor":[66,71,71,71,71,71,71,71,71,71,71,71,71,71,71,71,71,71,71,71,71,71,71,71,71,71,71,71,71,71,71,71,71,71,71,71,71,71,71,71,71,71,71,71,81,81,81,81,81,81,81,81,81,81,81,81],"card_choices":[{"not_picked":["Underhanded Strike","Skewer","Deadly Poison"],"picked":"SKIP","floor":1},{"not_picked":["Quick Slash","Underhanded Strike","Flechettes"],"picked":"SKIP","floor":1},{"not_picked":["A Thousand Cuts","Doppelganger","Malaise"],"picked":"SKIP","floor":6},{"not_picked":["Die Die Die","Bullet Time"],"picked":"Adrenaline","floor":7},{"not_picked":["AT_KingSlayer","Bullet Time"],"picked":"After Image","floor":8},{"not_picked":["Glass Knife","Malaise","A Thousand Cuts"],"picked":"SKIP","floor":10},{"not_picked":["Unload","AT_EssenceShift"],"picked":"Grand Finale","floor":11},{"not_picked":["Burst","Unload","AT_EssenceShift"],"picked":"SKIP","floor":13},{"not_picked":["Grand Finale","Phantasmal Killer","Night Terror"],"picked":"SKIP","floor":14},{"not_picked":["Blade Dance+1","AT_WindRun+1"],"picked":"AT_Desolate+1","floor":18},{"not_picked":["All Out Attack","Slice+1","Concentrate"],"picked":"SKIP","floor":18},{"not_picked":["Underhanded Strike","PiercingWail","Crippling Poison"],"picked":"SKIP","floor":20},{"not_picked":["Heel Hook","Infinite Blades+1","AT_WindFlip"],"picked":"SKIP","floor":20},{"not_picked":["Burst","Doppelganger","Storm of Steel"],"picked":"SKIP","floor":23},{"not_picked":["Burst","Adrenaline","AT_MyraUnstableElement"],"picked":"SKIP","floor":24},{"not_picked":["AT_MyraUnstableElement","Die Die Die"],"picked":"AT_KingSlayer","floor":25},{"not_picked":["AT_KingSlayer","A Thousand Cuts+1","Glass Knife"],"picked":"SKIP","floor":27},{"not_picked":["Doppelganger","Glass Knife","AT_EssenceShift+1"],"picked":"SKIP","floor":28},{"not_picked":["Phantasmal Killer","Bullet Time","Adrenaline"],"picked":"SKIP","floor":29},{"not_picked":["Tools of the Trade+1","Doppelganger","Unload"],"picked":"SKIP","floor":31},{"not_picked":["Envenom+1","Unload"],"picked":"Wraith Form v2+1","floor":33},{"not_picked":["Distraction","Cloak And Dagger","Slice"],"picked":"SKIP","floor":35},{"not_picked":["Dodge and Roll+1","Endless Agony","Skewer+1"],"picked":"SKIP","floor":35},{"not_picked":["Tools of the Trade+1","Envenom+1","Die Die Die"],"picked":"SKIP","floor":40},{"not_picked":["A Thousand Cuts+1","Grand Finale","Adrenaline"],"picked":"SKIP","floor":41},{"not_picked":["AT_KingSlayer","Envenom+1","Burst"],"picked":"SKIP","floor":42},{"not_picked":["AT_KingSlayer","Corpse Explosion","Envenom+1"],"picked":"SKIP","floor":44},{"not_picked":["Adrenaline","AT_KingSlayer","Die Die Die"],"picked":"SKIP","floor":45},{"not_picked":["Venomology","AT_KingSlayer","Grand Finale"],"picked":"SKIP","floor":46},{"not_picked":["Storm of Steel","Phantasmal Killer","Unload"],"picked":"SKIP","floor":47},{"not_picked":["Doppelganger","A Thousand Cuts+1","Glass Knife"],"picked":"SKIP","floor":48},{"not_picked":["Bullet Time","Glass Knife","AT_MyraUnstableElement"],"picked":"SKIP","floor":55}],"player_experience":437278,"relics_obtained":[{"floor":6,"key":"Snake Skull"},{"floor":7,"key":"AT_SpeedBoots"},{"floor":8,"key":"FossilizedHelix"},{"floor":10,"key":"Oddly Smooth Stone"},{"floor":11,"key":"Pen Nib"},{"floor":12,"key":"Bronze Scales"},{"floor":13,"key":"Eternal Feather"},{"floor":14,"key":"Frozen Egg 2"},{"floor":19,"key":"Red Mask"},{"floor":23,"key":"AT_ForceNature"},{"floor":24,"key":"StrikeDummy"},{"floor":25,"key":"Potion Belt"},{"floor":26,"key":"Bag of Preparation"},{"floor":27,"key":"Thread and Needle"},{"floor":28,"key":"Juzu Bracelet"},{"floor":29,"key":"AT_ArchangelStaff"},{"floor":31,"key":"Mercury Hourglass"},{"floor":40,"key":"AT_BellDemon"},{"floor":41,"key":"AT_DeathDance"},{"floor":41,"key":"AT_SilverBalance"},{"floor":42,"key":"MawBank"},{"floor":42,"key":"Gambling Chip"},{"floor":43,"key":"Ancient Tea Set"},{"floor":44,"key":"White Beast Statue"},{"floor":44,"key":"AT_RabadonDeathcap"},{"floor":45,"key":"AT_BladeRuinedKing"},{"floor":45,"key":"Pear"},{"floor":46,"key":"The Specimen"},{"floor":46,"key":"AT_EbonyIvory"},{"floor":47,"key":"Blood Vial"},{"floor":47,"key":"Art of War"},{"floor":48,"key":"Old Coin"},{"floor":48,"key":"Whetstone"},{"floor":55,"key":"War Paint"},{"floor":55,"key":"AT_BellowingDragoncrestRing"}],"event_choices":[{"damage_healed":0,"gold_gain":0,"player_choice":"Donut","damage_taken":0,"max_hp_gain":5,"max_hp_loss":0,"event_name":"Big Fish","floor":2,"gold_loss":0},{"damage_healed":0,"gold_gain":0,"player_choice":"Take Damage","damage_taken":24,"relics_obtained":["Golden Idol"],"max_hp_gain":0,"max_hp_loss":0,"event_name":"Golden Idol","floor":3,"gold_loss":0},{"damage_healed":0,"gold_gain":0,"player_choice":"Leave","damage_taken":0,"max_hp_gain":0,"max_hp_loss":0,"event_name":"The Cleric","floor":5,"gold_loss":0},{"damage_healed":0,"gold_gain":0,"player_choice":"Fought Bandits","damage_taken":0,"max_hp_gain":0,"max_hp_loss":0,"event_name":"Masked Bandits","floor":19,"gold_loss":0},{"damage_healed":0,"gold_gain":0,"player_choice":"Forge","damage_taken":0,"max_hp_gain":0,"max_hp_loss":0,"event_name":"Accursed Blacksmith","floor":22,"gold_loss":0,"cards_upgraded":["Expertise"]},{"damage_healed":0,"gold_gain":0,"player_choice":"Upgrade","damage_taken":0,"relics_obtained":["Mark of the Bloom"],"max_hp_gain":0,"max_hp_loss":0,"event_name":"MindBloom","floor":38,"gold_loss":0,"cards_upgraded":["Prepared","Backflip","Dagger Throw","AT_DarkMatter","Adrenaline","After Image","Grand Finale"]},{"damage_healed":0,"gold_gain":50,"player_choice":"Pray","damage_taken":0,"max_hp_gain":0,"max_hp_loss":0,"event_name":"Golden Shrine","floor":39,"gold_loss":0}],"is_beta":false,"boss_relics":[{"not_picked":["Astrolabe","Ectoplasm"],"picked":"HoveringKite"},{"not_picked":["Runic Pyramid","SlaversCollar"],"picked":"Coffee Dripper"}],"items_purged_floors":[4,21,36,37,54],"is_endless":false,"potions_floor_spawned":[6,8,10,11,16,18,20,23,24,29,31,35,42,45,46,47,48,55],"ascension_level":20}}