{"host":"Timothy","time":1610622840,"event":{"mods":["AchievementEnabler","BaseMod","Bestiary","Highlight Path","Minty Spire (QoL Compilation)","Quick Restart","Slay-I"],"gold_per_floor":[160,335,285,295,149,165,165,178,203,203,229,78,96,110,110,110,110],"floor_reached":16,"language":"ENG","playtime":657,"items_purged":["Strike_B"],"score":102,"play_id":"16a8be74-c445-4a2b-9f3b-4c88f58d91eb","local_time":"20210114031400","is_ascension_mode":false,"campfire_choices":[{"data":"Consume","floor":7.0,"key":"SMITH"},{"data":"Loop","floor":15,"key":"SMITH"}],"circlet_count":0,"master_deck":["Strike_B","Strike_B","Defend_B","Defend_B+1","Defend_B","Defend_B","Zap","Dualcast","Darkness","Self Repair","Self Repair","Auto Shields","Consume+1","Gash","Loop+1","All For One","Glacier"],"relics":["Tiny House","Omamori","Strawberry","DataDisk"],"acts_visited":["Exordium"],"potions_floor_usage":[],"damage_taken":[{"damage":6.0,"enemies":"Jaw Worm","floor":1.0,"turns":3.0},{"damage":10.0,"enemies":"Small Slimes","floor":4.0,"turns":3.0},{"damage":2.0,"enemies":"2 Louse","floor":6.0,"turns":5.0},{"damage":14.0,"enemies":"Exordium Wildlife","floor":8.0,"turns":8.0},{"damage":78.0,"enemies":"Gremlin Nob","floor":11.0,"turns":6.0},{"damage":12,"enemies":"Looter","floor":13,"turns":4},{"damage":12,"enemies":"Red Slaver","floor":14,"turns":5},{"damage":26,"enemies":"Slime Boss","floor":16,"turns":9}],"seed_played":"-6140504589131507522","potions_obtained":[{"floor":0.0,"key":"SpeedPotion"},{"floor":1.0,"key":"SpeedPotion"},{"floor":8.0,"key":"Swift Potion"}],"is_trial":false,"path_per_floor":["M","?","?","M","$","M","R","M","T","?","E","$","M","M","R","B"],"character_chosen":"DEFECT","items_purchased":["Auto Shields","DataDisk"],"campfire_rested":0,"item_purchase_floors":[5,12],"current_hp_per_floor":[74,74,74,71,71,80,80,80,80,80,23,23,18,20,20,0,0],"gold":110,"neow_bonus":"BOSS_RELIC","is_daily":false,"chose_seed":false,"campfire_upgraded":2,"win_rate":0.0,"timestamp":1610622840,"path_taken":["M","?","?","M","$","M","R","M","T","?","E","$","M","?","R","BOSS"],"items_purchased_type":["Card","Relic"],"build_version":"2020-12-18","purchased_purges":1,"victory":false,"max_hp_per_floor":[80,80,80,80,80,80,80,80,80,80,87,87,87,87,87,87,87],"card_choices":[{"not_picked":["Barrage","Double Energy"],"picked":"Darkness","floor":0.0},{"not_picked":["Turbo","Go for the Eyes"],"picked":"Self Repair","floor":1.0},{"not_picked":["Glacier","Rebound"],"picked":"Self Repair","floor":4.0},{"not_picked":["Sweeping Beam","Beam Cell"],"picked":"Consume","floor":6.0},{"not_picked":["Aggregate","Hello World"],"picked":"Gash","floor":8.0},{"not_picked":["FTL","Leap"],"picked":"Loop","floor":11.0},{"not_picked":["Streamline","Ball Lightning"],"picked":"All For One","floor":13},{"not_picked":["Barrage","Cold Snap"],"picked":"Glacier","floor":14}],"player_experience":818568,"relics_obtained":[{"floor":9.0,"key":"Omamori"},{"floor":11.0,"key":"Strawberry"}],"event_choices":[{"damage_healed":0.0,"max_hp_gain":0.0,"max_hp_loss":0.0,"gold_gain":175.0,"event_name":"Liars Game","player_choice":"AGREE","floor":2.0,"gold_loss":0.0,"damage_taken":0.0,"cards_obtained":["Doubt"]},{"cards_removed":["Doubt"],"damage_healed":0.0,"max_hp_gain":0.0,"max_hp_loss":0.0,"gold_gain":0.0,"event_name":"The Cleric","player_choice":"Card Removal","floor":3.0,"gold_loss":50.0,"damage_taken":0.0},{"cards_removed":["Strike_B"],"damage_healed":0.0,"max_hp_gain":0.0,"max_hp_loss":0.0,"gold_gain":0.0,"event_name":"Living Wall","player_choice":"Forget","floor":10.0,"gold_loss":0.0,"damage_taken":0.0}],"is_beta":true,"boss_relics":[],"items_purged_floors":[5],"is_endless":false,"potions_floor_spawned":[1,8,11],"killed_by":"Slime Boss","ascension_level":0}}