{"host":"l84l8xigz5v5foa2","time":1610618767,"event":{"mods":["2.2 Compatiblity","AchievementEnabler","BaseMod","Better Note","Better Vampires","Card Filter","Colored Map","DeckTracker","Downfall","Gremlin Skip","Highlight Path","Keyboard Shortcuts","Minty Spire (QoL Compilation)","Permanent Neow","Quick Restart","Relic Filter","Relic Stats","StSLib","SuperFastMode","Transform Curses","Unknown Chances"],"gold_per_floor":[99,110,128,38,38,38,61,61,74,87,114,114,124,155,173,250,250,175,194,210,245,45,45,120,137,137,150,150,75,92,107,118,190,190,190,209,209,88,103,132,132,152,185,257,306,406,331,349,361,361,361,391,11,11,11],"floor_reached":56,"language":"ENG","playtime":4051,"items_purged":["Guardian:Strike_Guardian","Guardian:Strike_Guardian","Guardian:Strike_Guardian"],"score":2492,"play_id":"1aca53e6-a42a-41b1-a3b1-90237aebbc06","local_time":"20210114190607","is_ascension_mode":true,"campfire_choices":[{"data":"Guardian:CurlUp","floor":1.0,"key":"SMITH"},{"data":"Guardian:TwinSlam","floor":6.0,"key":"SMITH"},{"data":"Guardian:DonusPower","floor":8.0,"key":"SMITH"},{"data":"Guardian:Suspension","floor":12.0,"key":"SMITH"},{"data":"Guardian:Harden","floor":18.0,"key":"SMITH"},{"data":"Guardian:FuturePlans","floor":23.0,"key":"SMITH"},{"floor":26.0,"key":"RECALL"},{"data":"Guardian:StasisEngine","floor":29.0,"key":"SMITH"},{"data":"Guardian:ExploitGems","floor":35.0,"key":"SMITH"},{"data":"Guardian:BronzeArmor","floor":47.0,"key":"SMITH"},{"data":"Guardian:Clone","floor":54,"key":"SMITH"}],"circlet_count":0,"master_deck":["AscendersBane","Guardian:Strike_Guardian","Guardian:Defend_Guardian","Guardian:Defend_Guardian","Guardian:Defend_Guardian","Guardian:Defend_Guardian","Guardian:CurlUp+1","Guardian:TwinSlam+1","Guardian:Reroute","Guardian:DonusPower+1","Guardian:Recover","Guardian:ChargeCore","Guardian:Suspension+1","Guardian:Harden+1","Guardian:ExploitGems+1","Guardian:BronzeArmor+1","Guardian:PrismaticBeam+1","Guardian:FuturePlans+1","Guardian:StasisEngine+1","Guardian:MultiBeam+1","Guardian:Recover","Guardian:Incinerate","Guardian:StasisEngine+1","Guardian:FloatingOrbs+1","Guardian:TimeCapacitor+1","Guardian:AncientConstruct","Guardian:Clone+1"],"relics":["Guardian:ModeShifter","Ice Cream","PreservedInsect","Tiny Chest","Oddly Smooth Stone","Coffee Dripper","downfall:HeartBlessingGreen","Red Mask","Question Card","Nilry\u0027s Codex","downfall:HeartBlessingRed","expansioncontent:StudyCardRelic","Guardian:GemstoneGun","Pear","Bird Faced Urn","Shuriken","Juzu Bracelet","downfall:HeartBlessingBlue","Guardian:DefensiveModeMoreBlock","Orrery"],"acts_visited":["Exordium","TheCity","TheBeyond","TheEnding"],"potions_floor_usage":[50,55],"damage_taken":[{"damage":11.0,"enemies":"2 Louse","floor":2.0,"turns":2.0},{"damage":0.0,"enemies":"Small Slimes","floor":3.0,"turns":4.0},{"damage":0.0,"enemies":"downfall:FleeingMerchant","floor":4.0,"turns":4.0},{"damage":2.0,"enemies":"Jaw Worm","floor":9.0,"turns":3.0},{"damage":7.0,"enemies":"Large Slime","floor":10.0,"turns":5.0},{"damage":8.0,"enemies":"Gremlin Nob","floor":11.0,"turns":3.0},{"damage":10.0,"enemies":"Lots of Slimes","floor":13.0,"turns":4.0},{"damage":0.0,"enemies":"Lagavulin","floor":14.0,"turns":7.0},{"damage":0.0,"enemies":"Exordium Thugs","floor":15.0,"turns":5.0},{"damage":5.0,"enemies":"downfall:Watcher","floor":16.0,"turns":10.0},{"damage":0.0,"enemies":"3 Byrds","floor":19.0,"turns":4.0},{"damage":0.0,"enemies":"Sentry and Sphere","floor":20.0,"turns":7.0},{"damage":0.0,"enemies":"Masked Bandits","floor":21.0,"turns":4.0},{"damage":1.0,"enemies":"downfall:FleeingMerchant","floor":22.0,"turns":4.0},{"damage":2.0,"enemies":"Centurion and Healer","floor":25.0,"turns":9.0},{"damage":15.0,"enemies":"Shelled Parasite and Fungi","floor":27.0,"turns":5.0},{"damage":0.0,"enemies":"Snecko","floor":30.0,"turns":7.0},{"damage":18.0,"enemies":"Snake Plant","floor":31.0,"turns":3.0},{"damage":15.0,"enemies":"Shelled Parasite and Fungi","floor":32.0,"turns":4.0},{"damage":0.0,"enemies":"downfall:Defect","floor":33.0,"turns":7.0},{"damage":11.0,"enemies":"3 Shapes","floor":36.0,"turns":5.0},{"damage":6.0,"enemies":"downfall:FleeingMerchant","floor":38.0,"turns":3.0},{"damage":4.0,"enemies":"3 Darklings","floor":39.0,"turns":2.0},{"damage":0.0,"enemies":"Reptomancer","floor":40.0,"turns":3.0},{"damage":0.0,"enemies":"Spire Growth","floor":42.0,"turns":3.0},{"damage":7.0,"enemies":"Nemesis","floor":43.0,"turns":3.0},{"damage":2.0,"enemies":"Nemesis","floor":46.0,"turns":3.0},{"damage":0.0,"enemies":"Writhing Mass","floor":48.0,"turns":4.0},{"damage":0.0,"enemies":"3 Darklings","floor":49.0,"turns":3.0},{"damage":10,"enemies":"downfall:Silent","floor":50,"turns":5},{"damage":0,"enemies":"downfall:CharBossMerchant","floor":52,"turns":4},{"damage":6,"enemies":"downfall:NeowBoss","floor":55,"turns":12}],"seed_played":"-2844786770693642805","potions_obtained":[{"floor":3.0,"key":"Block Potion"},{"floor":10.0,"key":"Fruit Juice"},{"floor":13.0,"key":"Dexterity Potion"},{"floor":14.0,"key":"Swift Potion"},{"floor":19.0,"key":"Explosive Potion"},{"floor":27.0,"key":"FairyPotion"},{"floor":31.0,"key":"EntropicBrew"},{"floor":36.0,"key":"Block Potion"},{"floor":39.0,"key":"SkillPotion"},{"floor":42.0,"key":"Ancient Potion"},{"floor":48.0,"key":"Block Potion"},{"floor":49.0,"key":"GamblersBrew"}],"is_trial":false,"path_per_floor":["R","M","M","$","?","R","T","R","M","M","E","R","M","E","M","B",null,"R","M","M","?","$","R","T","M","R","M","?","R","M","M","M","B",null,"R","M","?","$","M","E","T","M","E","T","T","?","R","M","M","B",null,"E","$","R","B",null],"character_chosen":"GUARDIAN","items_purchased":["Guardian:FuturePlans","Guardian:GemstoneGun","Guardian:Gem_Blue","Guardian:Gem_Crimson","Orrery","ColorlessPotion"],"campfire_rested":0,"item_purchase_floors":[22,38,53,53,53,53],"current_hp_per_floor":[65,54,54,54,59,59,59,59,57,55,47,47,37,37,37,32,64,64,64,64,64,63,63,63,61,61,46,25,25,25,7,22,22,62,62,51,51,45,41,51,51,51,44,44,44,56,66,78,92,87,93,95,95,95,95],"gold":11,"neow_bonus":"ONE_RARE_RELIC","is_daily":false,"chose_seed":false,"campfire_upgraded":10,"win_rate":0.0,"timestamp":1610618767,"path_taken":["R","M","M","$","?","R","T","R","M","M","E","R","M","E","M","BOSS","R","M","M","?","$","R","T","M","R","M","?","R","M","M","M","BOSS","R","M","?","$","M","E","T","M","E","?","?","?","R","M","M","BOSS","E","$","R","BOSS"],"items_purchased_type":["Card","Relic","Card","Card","Relic","Potion"],"build_version":"2020-12-22","purchased_purges":3,"victory":true,"max_hp_per_floor":[65,65,65,65,70,70,70,70,70,75,75,75,75,75,75,75,75,75,75,75,75,75,75,75,75,75,75,75,75,75,75,75,75,75,75,75,75,75,75,85,85,85,85,85,85,85,95,95,95,95,95,95,95,95,95],"relic_stats":{"counters":[32,151],"Shuriken":[25],"Bird Faced Urn":[53],"Tiny Chest":1,"PreservedInsect":333,"Juzu Bracelet":1,"Question Card":22,"obtain_stats":[{"Ice Cream":0,"Guardian:DefensiveModeMoreBlock":52,"Pear":40,"downfall:HeartBlessingRed":29,"Nilry\u0027s Codex":28,"Guardian:GemstoneGun":38,"Guardian:ModeShifter":0,"Oddly Smooth Stone":14,"downfall:HeartBlessingGreen":18,"PreservedInsect":7,"expansioncontent:StudyCardRelic":34,"Juzu Bracelet":45,"Question Card":24,"Shuriken":44,"downfall:HeartBlessingBlue":47,"Bird Faced Urn":43,"Orrery":53,"Tiny Chest":11,"Coffee Dripper":17,"Red Mask":21},{"Ice Cream":0,"Guardian:DefensiveModeMoreBlock":31,"Pear":24,"downfall:HeartBlessingRed":16,"Nilry\u0027s Codex":16,"Guardian:GemstoneGun":22,"Guardian:ModeShifter":0,"Oddly Smooth Stone":8,"downfall:HeartBlessingGreen":10,"PreservedInsect":3,"expansioncontent:StudyCardRelic":20,"Juzu Bracelet":26,"Question Card":14,"Shuriken":26,"downfall:HeartBlessingBlue":27,"Bird Faced Urn":26,"Orrery":31,"Tiny Chest":6,"Coffee Dripper":10,"Red Mask":13},{"Ice Cream":0,"Guardian:DefensiveModeMoreBlock":139,"Pear":114,"downfall:HeartBlessingRed":80,"Nilry\u0027s Codex":80,"Guardian:GemstoneGun":109,"Guardian:ModeShifter":0,"Oddly Smooth Stone":32,"downfall:HeartBlessingGreen":47,"PreservedInsect":10,"expansioncontent:StudyCardRelic":101,"Juzu Bracelet":120,"Question Card":66,"Shuriken":120,"downfall:HeartBlessingBlue":123,"Bird Faced Urn":120,"Orrery":139,"Tiny Chest":21,"Coffee Dripper":47,"Red Mask":62}]},"card_choices":[{"not_picked":["Guardian:Gem_Crimson","Guardian:Orbwalk"],"picked":"Guardian:Reroute","floor":2.0},{"not_picked":["Guardian:TimeCapacitor","Guardian:CrystalBeam"],"picked":"Guardian:DonusPower","floor":3.0},{"not_picked":["Guardian:Gem_Purple","Guardian:TemporalStrike"],"picked":"Guardian:Recover","floor":4.0},{"not_picked":["Guardian:Gem_Red","Guardian:Repulse"],"picked":"Guardian:ChargeCore","floor":9.0},{"not_picked":["Guardian:Recover","Guardian:Gem_Green"],"picked":"Guardian:Suspension","floor":10.0},{"not_picked":["Guardian:TimeCapacitor","Guardian:PrimingBeam","Guardian:ChargeCore"],"picked":"SKIP","floor":11.0},{"not_picked":["Guardian:ChargeUp","Guardian:Gem_Red"],"picked":"Guardian:Gem_Cyan","floor":13.0},{"not_picked":["Guardian:Preprogram","Guardian:Gem_Green","Guardian:TemporalStrike"],"picked":"SKIP","floor":14.0},{"not_picked":["Guardian:ChargeCore","Guardian:SpikerProtocol"],"picked":"Guardian:Harden","floor":15.0},{"not_picked":["Guardian:StasisStrike","Guardian:ConstructionForm"],"picked":"Guardian:ExploitGems","floor":16.0},{"not_picked":["Guardian:ChargeCore","Guardian:Reroute"],"picked":"Guardian:BronzeArmor","floor":19.0},{"not_picked":["Guardian:ChargeUp","Guardian:Gem_Blue"],"picked":"Guardian:PrismaticBeam+1","floor":20.0},{"not_picked":["Guardian:RollAttack","Guardian:TemporalShield","Guardian:RefractedBeam"],"picked":"SKIP","floor":22.0},{"not_picked":["Guardian:TemporalStrike","Guardian:PiercingHide","Guardian:DonusPower","Guardian:Emergency"],"picked":"SKIP","floor":25.0},{"not_picked":["Guardian:TemporalShield","Guardian:PrimingBeam+1","Guardian:Gem_Red"],"picked":"Guardian:StasisEngine","floor":27.0},{"not_picked":["Guardian:CrystalBeam","Guardian:RefractedBeam+1","Guardian:Gem_Purple"],"picked":"Guardian:MultiBeam+1","floor":30.0},{"not_picked":["Guardian:ChargeCore","Guardian:Planning","Guardian:ShieldCharger"],"picked":"Guardian:Recover","floor":31.0},{"not_picked":["Guardian:PrimingBeam","Guardian:GatlingBeam","Guardian:WalkerClaw"],"picked":"Guardian:Incinerate","floor":32.0},{"not_picked":["Guardian:TimeSifter","Guardian:FierceBash","Guardian:RevengeProtocol"],"picked":"Guardian:Gem_Orange","floor":33.0},{"not_picked":["Guardian:CrystalBeam","Guardian:Gem_Red","Guardian:Suspension"],"picked":"Guardian:Gem_Cyan","floor":36.0},{"not_picked":["Guardian:Orbwalk","Guardian:RollAttack","Guardian:ChargeCore","Guardian:BaubleBeam"],"picked":"SKIP","floor":38.0},{"not_picked":["Guardian:BronzeOrb","Guardian:DecasProtection","Guardian:Planning"],"picked":"Guardian:Gem_Yellow","floor":39.0},{"not_picked":["Guardian:Recover","Guardian:Repulse","Guardian:TimeBomb"],"picked":"Guardian:FloatingOrbs+1","floor":40.0},{"not_picked":["Guardian:Incinerate","Guardian:BronzeArmor","Guardian:DonusPower"],"picked":"Guardian:Gem_Green","floor":42.0},{"not_picked":["Guardian:Suspension","Guardian:CrystalBeam+1","Guardian:Repulse+1"],"picked":"Guardian:TimeCapacitor+1","floor":43.0},{"not_picked":["Guardian:DecasProtection","Guardian:Planning+1","Guardian:Gem_Cyan"],"picked":"Guardian:Gem_Fragmented","floor":48.0},{"not_picked":["Guardian:CrystalBeam+1","Guardian:ShieldCharger","Guardian:SpikerProtocol","Guardian:ChargeCore+1"],"picked":"SKIP","floor":49.0},{"not_picked":["Guardian:Suspension","Guardian:Gem_Fragmented","Guardian:CrystalBeam"],"picked":"Guardian:AncientConstruct","floor":52},{"not_picked":["Guardian:Gem_Red","Guardian:ShieldCharger+1","Guardian:DecasProtection+1"],"picked":"Guardian:Gem_Cyan","floor":53},{"not_picked":["Guardian:SphericShield","Guardian:ChargeCore+1","Guardian:PrimingBeam"],"picked":"Guardian:Clone","floor":53},{"not_picked":["Guardian:Reroute","Guardian:Repulse","Guardian:ChargeUp+1"],"picked":"Guardian:Gem_Blue","floor":53}],"player_experience":3189466,"relics_obtained":[{"floor":7.0,"key":"PreservedInsect"},{"floor":11.0,"key":"Tiny Chest"},{"floor":14.0,"key":"Oddly Smooth Stone"},{"floor":21.0,"key":"Red Mask"},{"floor":24.0,"key":"Question Card"},{"floor":28.0,"key":"Nilry\u0027s Codex"},{"floor":40.0,"key":"Pear"},{"floor":43.0,"key":"Bird Faced Urn"},{"floor":44.0,"key":"Shuriken"},{"floor":45.0,"key":"Juzu Bracelet"},{"floor":52,"key":"Guardian:DefensiveModeMoreBlock"}],"event_choices":[{"damage_healed":0.0,"max_hp_gain":5.0,"max_hp_loss":0.0,"gold_gain":0.0,"event_name":"Big Fish","player_choice":"Donut","floor":5.0,"gold_loss":0.0,"damage_taken":0.0},{"damage_healed":0.0,"max_hp_gain":0.0,"max_hp_loss":0.0,"gold_gain":0.0,"event_name":"Masked Bandits","player_choice":"Fought Bandits","floor":21.0,"gold_loss":0.0,"damage_taken":0.0},{"damage_healed":0.0,"max_hp_gain":0.0,"max_hp_loss":0.0,"gold_gain":0.0,"event_name":"Duplicator","player_choice":"Copied","floor":37.0,"gold_loss":0.0,"damage_taken":0.0,"cards_obtained":["Guardian:StasisEngine"]}],"is_beta":false,"boss_relics":[{"not_picked":["Cursed Key","Guardian:ModeShifterPlus"],"picked":"Coffee Dripper"},{"not_picked":["Calling Bell","Astrolabe"],"picked":"expansioncontent:StudyCardRelic"}],"items_purged_floors":[4,22,38],"is_endless":false,"potions_floor_spawned":[3,10,13,14,19,27,31,36,39,42,48,49],"ascension_level":20}}