{"host":"bf1tnxyvjw6wp3cl","time":1610592017,"event":{"mods":["AchievementEnabler","BaseMod","Better Third Choice","Block Reminder","Colored Powertips","Curses Come First","Minty Spire (QoL Compilation)","Quick Restart","Relic Stats","StSLib","SuperFastMode"],"gold_per_floor":[119,16,16,30,40,40,67,67,94,94,112,172,172,206,206,301,301,315,246,246,246,246],"floor_reached":21,"language":"ENG","playtime":551,"items_purged":[],"score":222,"play_id":"0235c0ac-27a1-4f13-88dd-f1af7c8f4967","local_time":"20210113214017","is_ascension_mode":true,"campfire_choices":[{"data":"Capacitor","floor":6,"key":"SMITH"},{"floor":10,"key":"REST"},{"floor":15,"key":"REST"}],"circlet_count":0,"master_deck":["Strike_B","Strike_B","Defend_B","Defend_B","Defend_B","Defend_B","Zap","Dualcast","Hologram","Gash","Capacitor+1","Lockon","Echo Form","Capacitor","Force Field","Doom and Gloom","Conserve Battery","Turbo+1","Redo","Meteor Strike","Loop","Self Repair"],"relics":["Cracked Core","NeowsBlessing","Pen Nib","Bag of Marbles","Orichalcum","Juzu Bracelet","Empty Cage"],"acts_visited":["Exordium","TheCity"],"potions_floor_usage":[14,14,21],"damage_taken":[{"damage":0,"enemies":"Jaw Worm","floor":1,"turns":1},{"damage":0,"enemies":"Cultist","floor":4,"turns":1},{"damage":0,"enemies":"Small Slimes","floor":5,"turns":1},{"damage":35,"enemies":"Gremlin Nob","floor":7,"turns":5},{"damage":10,"enemies":"2 Fungi Beasts","floor":11,"turns":3},{"damage":23,"enemies":"3 Sentries","floor":12,"turns":5},{"damage":17,"enemies":"Lagavulin","floor":14,"turns":9},{"damage":14,"enemies":"Hexaghost","floor":16,"turns":9},{"damage":30,"enemies":"Shell Parasite","floor":18,"turns":6},{"damage":54,"enemies":"3 Byrds","floor":21,"turns":3}],"seed_played":"-8295076479632484230","potions_obtained":[{"floor":1,"key":"SkillPotion"},{"floor":12,"key":"Block Potion"},{"floor":14,"key":"Regen Potion"},{"floor":16,"key":"SpeedPotion"},{"floor":18,"key":"GamblersBrew"}],"is_trial":false,"path_per_floor":["M","$","?","M","M","R","E","$","T","R","M","?","?","E","R","B",null,"M","$","?","M"],"character_chosen":"DEFECT","items_purchased":["Gash","Capacitor","Self Repair"],"campfire_rested":2,"item_purchase_floors":[2,2,19],"current_hp_per_floor":[75,75,75,75,75,75,40,40,40,62,52,29,29,12,34,20,75,45,45,45,0,0],"gold":246,"neow_bonus":"THREE_ENEMY_KILL","is_daily":false,"chose_seed":false,"campfire_upgraded":1,"win_rate":0.0,"timestamp":1610592017,"path_taken":["M","$","?","?","M","R","E","?","T","R","M","?","?","E","R","BOSS","M","?","?","M"],"items_purchased_type":["Card","Card","Card"],"build_version":"2020-12-22","purchased_purges":0,"victory":false,"max_hp_per_floor":[75,75,75,75,75,75,75,75,75,75,75,75,75,75,75,75,75,75,75,75,75,75],"relic_stats":{"counters":[10,43],"Pen Nib":[4],"Juzu Bracelet":0,"Orichalcum":[72],"obtain_stats":[{"NeowsBlessing":0,"Pen Nib":7,"Bag of Marbles":9,"Juzu Bracelet":14,"Orichalcum":12,"Cracked Core":0,"Empty Cage":17},{"NeowsBlessing":0,"Pen Nib":4,"Bag of Marbles":4,"Juzu Bracelet":7,"Orichalcum":5,"Cracked Core":0,"Empty Cage":8},{"NeowsBlessing":0,"Pen Nib":8,"Bag of Marbles":8,"Juzu Bracelet":25,"Orichalcum":11,"Cracked Core":0,"Empty Cage":34}]},"card_choices":[{"not_picked":["Recycle","Compile Driver"],"picked":"Hologram","floor":1},{"not_picked":["Stack","Recycle"],"picked":"Capacitor","floor":4},{"not_picked":["Leap","Redo"],"picked":"Force Field","floor":5},{"not_picked":["Steam Power","Steam"],"picked":"Doom and Gloom","floor":7},{"not_picked":["Ball Lightning","Rebound"],"picked":"Conserve Battery","floor":11},{"not_picked":["Leap","Cold Snap"],"picked":"Turbo","floor":12},{"not_picked":["Hologram","Turbo"],"picked":"Redo","floor":14},{"not_picked":["Seek","Fission"],"picked":"Meteor Strike","floor":16},{"not_picked":["Static Discharge","Coolheaded"],"picked":"Loop","floor":18}],"player_experience":168695,"relics_obtained":[{"floor":7,"key":"Pen Nib"},{"floor":9,"key":"Bag of Marbles"},{"floor":14,"key":"Juzu Bracelet"}],"event_choices":[{"damage_healed":0,"gold_gain":0,"player_choice":"2 cards matched","damage_taken":0,"max_hp_gain":0,"max_hp_loss":0,"event_name":"Match and Keep!","floor":3,"gold_loss":0,"cards_obtained":["Lockon","Echo Form"]},{"damage_healed":0,"gold_gain":0,"player_choice":"Searched \u00273\u0027 times","damage_taken":0,"relics_obtained":["Orichalcum"],"max_hp_gain":0,"max_hp_loss":0,"event_name":"Dead Adventurer","floor":12,"gold_loss":0},{"damage_healed":0,"gold_gain":0,"player_choice":"Upgraded","damage_taken":0,"max_hp_gain":0,"max_hp_loss":0,"event_name":"Upgrade Shrine","floor":13,"gold_loss":0,"cards_upgraded":["Turbo"]},{"damage_healed":0,"gold_gain":0,"player_choice":"Ignored","damage_taken":0,"max_hp_gain":0,"max_hp_loss":0,"event_name":"Beggar","floor":20,"gold_loss":0}],"is_beta":false,"boss_relics":[{"not_picked":["Busted Crown","Runic Dome"],"picked":"Empty Cage"}],"items_purged_floors":[],"is_endless":false,"potions_floor_spawned":[1,12,14,16,18],"killed_by":"3 Byrds","ascension_level":4}}