{"host":"jfbo3eu2ui08ej1u","time":1610664162,"event":{"mods":["2.2 Compatiblity","AchievementEnabler","Act Like it!","Aspiration","BaseMod","Better Altar","Better Match","Better Note","Better Sensory Stone","Better Skull","Better Third Choice","Block Reminder","Colored Map","Colored Powertips","Conspire","DeckTracker","Displayed Cursed Tome","Downfall","Energized Spire","Fox Events","GifTheSpireLib","Hubris","Infinite Spire","Marked Mod","Minty Spire (QoL Compilation)","Pale of the Ancients","Quick Restart","RRrroohrrRGHHhhh!!","Relic Filter","Reorder Act Four","Replay The Spire","Shop Mod","Spicy Shops","StSLib","Stuff the Spire","The Blue Laboratory","The Disciple","The Forsaken","The Hierophant","The Marked","Uncapped","Unceasing Turn Reminder","Wandering Minibosses"],"gold_per_floor":[112,129,129,149,163,163,163,163],"floor_reached":7,"language":"ENG","playtime":307,"items_purged":[],"score":86,"play_id":"b05aa3d3-e8d4-4a32-84b4-7069eebae345","local_time":"20210114174242","is_ascension_mode":true,"campfire_choices":[{"floor":6,"key":"REST"}],"circlet_count":0,"master_deck":["AscendersBane","Strike_G","Strike_G","Strike_G","Strike_G","Strike_G","Defend_G","Defend_G","Defend_G","Defend_G","Defend_G","Survivor","Neutralize","Doppelganger","Cloak And Dagger","ReplayTheSpireMod:Tripwire","Masterful Stab","Deadly Poison"],"relics":["Ring of the Snake"],"acts_visited":["Exordium"],"potions_floor_usage":[5,7],"damage_taken":[{"damage":12,"enemies":"Small Slimes","floor":1,"turns":5},{"damage":2,"enemies":"conspire:RoseBush","floor":2,"turns":6},{"damage":13,"enemies":"Cultist","floor":4,"turns":7},{"damage":14,"enemies":"Exordium Thugs","floor":5,"turns":7},{"damage":37,"enemies":"3 Sentries","floor":7,"turns":12}],"seed_played":"-6996236398204470467","potions_obtained":[{"floor":2,"key":"DistilledChaos"},{"floor":3,"key":"Guardian:BlockOnCardUsePotion"},{"floor":5,"key":"Weak Potion"}],"is_trial":false,"path_per_floor":["M","M","?","M","M","R","E"],"character_chosen":"THE_SILENT","items_purchased":[],"campfire_rested":1,"item_purchase_floors":[],"current_hp_per_floor":[47,45,45,32,18,37,0,0],"gold":163,"neow_bonus":"ONE_RANDOM_RARE_CARD","is_daily":false,"chose_seed":false,"campfire_upgraded":0,"win_rate":0.0,"timestamp":1610664162,"path_taken":["M","M","?","M","M","R","E"],"items_purchased_type":[],"build_version":"2020-12-22","purchased_purges":0,"victory":false,"max_hp_per_floor":[66,66,66,66,66,66,66,66],"card_choices":[{"not_picked":["StuffTheSpire:BumpUp","hubris:Sniper"],"picked":"Cloak And Dagger","floor":1},{"not_picked":["Poisoned Stab","hubris:SlightOfHand"],"picked":"ReplayTheSpireMod:Tripwire","floor":2},{"not_picked":["conspire:DoublingDagger","StuffTheSpire:ClusterCrunch"],"picked":"Masterful Stab","floor":4},{"not_picked":["StuffTheSpire:Python","rorgmod:Wraith Form 2"],"picked":"Deadly Poison","floor":5}],"player_experience":1220986,"relics_obtained":[],"event_choices":[{"damage_healed":0,"gold_gain":0,"player_choice":"Got Potions","damage_taken":0,"max_hp_gain":0,"max_hp_loss":0,"event_name":"Lab","floor":3,"gold_loss":0}],"is_beta":false,"boss_relics":[],"items_purged_floors":[],"is_endless":false,"potions_floor_spawned":[2,5],"killed_by":"3 Sentries","ascension_level":20}}