{"host":"kgfs5ebhusfk1t4t","time":1610653539,"event":{"mods":["BaseMod","Colored Map","DeckTracker","Highlight Path","KOR Keyword Fix","Keyboard Shortcuts","Minty Spire (QoL Compilation)","Permanent Neow","Quick Restart","StSLib","SuperFastMode","everything is the same but u backflip on backflip"],"gold_per_floor":[117,117,135,147,159,185,185,215,215,215,215],"floor_reached":10,"language":"KOR","playtime":501,"items_purged":[],"score":125,"play_id":"a5112273-d944-4b97-8de6-1cc340869845","local_time":"20210115044539","is_ascension_mode":true,"campfire_choices":[{"floor":7,"key":"REST"}],"circlet_count":0,"master_deck":["AscendersBane","Strike_R","Strike_R","Strike_R","Defend_R","Defend_R","Defend_R","Bash","Clothesline","Dropkick","Reckless Charge","Armaments","Dropkick","Shrug It Off","Shrug It Off","Feel No Pain"],"relics":["Burning Blood","Boot","Bronze Scales","Frozen Egg 2"],"acts_visited":["Exordium"],"potions_floor_usage":[5,10,10],"damage_taken":[{"damage":2,"enemies":"Jaw Worm","floor":1,"turns":6},{"damage":1,"enemies":"Cultist","floor":3,"turns":3},{"damage":1,"enemies":"2 Louse","floor":4,"turns":2},{"damage":34,"enemies":"Large Slime","floor":5,"turns":7},{"damage":35,"enemies":"Gremlin Nob","floor":6,"turns":5},{"damage":23,"enemies":"Lagavulin","floor":8,"turns":8},{"damage":35,"enemies":"Gremlin Nob","floor":10,"turns":4}],"seed_played":"5252568163458671457","potions_obtained":[{"floor":1,"key":"BloodPotion"},{"floor":4,"key":"LiquidBronze"},{"floor":6,"key":"GamblersBrew"}],"is_trial":false,"path_per_floor":["M","?","M","M","M","E","R","E","T","E"],"character_chosen":"IRONCLAD","items_purchased":[],"campfire_rested":1,"item_purchase_floors":[],"current_hp_per_floor":[72,65,70,72,58,29,50,33,33,0,0],"gold":215,"neow_bonus":"TRANSFORM_TWO_CARDS","is_daily":false,"chose_seed":false,"campfire_upgraded":0,"win_rate":0.0,"timestamp":1610653539,"path_taken":["M","?","M","M","M","E","R","E","T","E"],"items_purchased_type":[],"build_version":"2020-12-22","purchased_purges":0,"victory":false,"max_hp_per_floor":[72,72,72,72,72,72,72,72,72,72,72],"card_choices":[{"not_picked":["Burning Pact","Clothesline"],"picked":"Reckless Charge","floor":1},{"not_picked":["Twin Strike","Anger"],"picked":"Armaments","floor":3},{"not_picked":["Headbutt","Anger"],"picked":"Dropkick","floor":4},{"not_picked":["Clothesline","True Grit"],"picked":"Shrug It Off","floor":5},{"not_picked":["Rage","Armaments"],"picked":"Shrug It Off","floor":6},{"not_picked":["Dark Embrace","Brutality"],"picked":"Feel No Pain","floor":8}],"player_experience":480949,"relics_obtained":[{"floor":6,"key":"Boot"},{"floor":8,"key":"Bronze Scales"},{"floor":9,"key":"Frozen Egg 2"}],"event_choices":[{"cards_removed":["Strike_R"],"damage_healed":0,"gold_gain":0,"player_choice":"Card Removal","damage_taken":7,"max_hp_gain":0,"max_hp_loss":0,"event_name":"Golden Wing","floor":2,"gold_loss":0}],"is_beta":false,"boss_relics":[],"items_purged_floors":[],"is_endless":false,"potions_floor_spawned":[1,4,6],"killed_by":"Gremlin Nob","ascension_level":12}}