{"host":"Rich","time":1610588219,"event":{"mods":["AchievementEnabler","BaseMod","Highlight Path","Minty Spire (QoL Compilation)","Relic Stats"],"gold_per_floor":[109,109,109,109,127,127,127],"floor_reached":6,"language":"ENG","playtime":130,"items_purged":[],"score":68,"play_id":"b0ef24ed-12b5-4006-b75b-7f72c0a9c6aa","local_time":"20210113203659","is_ascension_mode":true,"campfire_choices":[],"circlet_count":0,"master_deck":["AscendersBane","Strike_P","Strike_P","Strike_P","Defend_P","Defend_P","Defend_P","Defend_P","Eruption","Vigilance","PathToVictory","EmptyBody"],"relics":["Runic Pyramid","Orichalcum","Dream Catcher"],"acts_visited":["Exordium"],"potions_floor_usage":[6],"damage_taken":[{"damage":0,"enemies":"Jaw Worm","floor":1,"turns":3},{"damage":2,"enemies":"Small Slimes","floor":5,"turns":3},{"damage":7,"enemies":"Gremlin Nob","floor":6,"turns":3}],"seed_played":"-9127867348544366496","potions_obtained":[{"floor":5,"key":"FearPotion"}],"is_trial":false,"path_per_floor":["M","?","?","T","M","E"],"character_chosen":"WATCHER","items_purchased":[],"campfire_rested":0,"item_purchase_floors":[],"current_hp_per_floor":[61,50,43,43,41,34,34],"gold":127,"neow_bonus":"BOSS_RELIC","is_daily":false,"chose_seed":false,"campfire_upgraded":0,"win_rate":0.0,"timestamp":1610588219,"path_taken":["M","?","?","?","M","E"],"items_purchased_type":[],"build_version":"2020-12-18","purchased_purges":0,"victory":false,"max_hp_per_floor":[68,68,68,68,68,68,68],"relic_stats":{"Dream Catcher":0,"counters":[3,9],"Orichalcum":[6],"obtain_stats":[{"Dream Catcher":4,"PureWater":0,"Orichalcum":2,"Runic Pyramid":0},{"Dream Catcher":1,"PureWater":0,"Orichalcum":1,"Runic Pyramid":0},{"Dream Catcher":3,"PureWater":0,"Orichalcum":3,"Runic Pyramid":0}]},"card_choices":[{"not_picked":["ClearTheMind","WreathOfFlame"],"picked":"PathToVictory","floor":1},{"not_picked":["Prostrate","TalkToTheHand"],"picked":"EmptyBody","floor":5}],"player_experience":1985875,"relics_obtained":[{"floor":4,"key":"Dream Catcher"}],"event_choices":[{"damage_healed":0,"gold_gain":0,"player_choice":"Success","damage_taken":11,"relics_obtained":["Orichalcum"],"max_hp_gain":0,"max_hp_loss":0,"event_name":"Scrap Ooze","floor":2,"gold_loss":0},{"cards_removed":["Strike_P"],"damage_healed":0,"gold_gain":0,"player_choice":"Card Removal","damage_taken":7,"max_hp_gain":0,"max_hp_loss":0,"event_name":"Golden Wing","floor":3,"gold_loss":0}],"is_beta":true,"boss_relics":[],"items_purged_floors":[],"is_endless":false,"potions_floor_spawned":[5],"killed_by":"Gremlin Nob","ascension_level":20}}