{"host":"45gjn1i9lq2ky2i9","time":1610602081,"event":{"mods":["2.2 Compatiblity","Act Like it!","Aspiration","Bard","BaseMod","Beaked The Cultist","Better Altar","Better Match","Better Note","Better Sensory Stone","Better Skull","Better Third Choice","Better Vampires","Conspire","Downfall","Halation","Hubris","Infinite Spire","Jedi Mod","Lobotomy","LobotomyExtend","Minty Spire (QoL Compilation)","Pale of the Ancients","Permanent Neow","Replay The Spire","Shop Mod","Spikes Relics","StSLib","The Mystic","The Runesmith","The Wild Card"],"gold_per_floor":[115,115,125,125,139,171,171,205,205,205,205,224,236,250,250,329,329,351,351,357,357],"floor_reached":20,"language":"RUS","playtime":688,"items_purged":[],"score":322,"play_id":"57362a02-a8ae-42d0-b939-c0217638b041","local_time":"20210114132801","is_ascension_mode":true,"campfire_choices":[{"data":"Sunder","floor":7,"key":"SMITH"},{"floor":15,"key":"REST"}],"circlet_count":0,"master_deck":["AscendersBane","Strike_B","Strike_B","Strike_B","Defend_B","Defend_B","Defend_B","Defend_B","Zap+1","Dualcast","Cold Snap","Sunder+1","Hologram","Streamline","jedi:markofdeath","All For One","CurseOfTheBell"],"relics":["Cracked Core","aspiration:Nostalgia","m_GuardianBlood","jedi:shrinkray","Bag of Preparation","infinitespire:CheckeredPen","Calling Bell","halation:IllGainedPizza","halation:SelfBoilingWater","Replay:Multitool","NlothsMask"],"acts_visited":["Exordium","TheCity"],"potions_floor_usage":[6,16],"damage_taken":[{"damage":10,"enemies":"Small Slimes","floor":1,"turns":3},{"damage":0,"enemies":"Cultist","floor":3,"turns":4},{"damage":2,"enemies":"Jaw Worm","floor":5,"turns":3},{"damage":25,"enemies":"Gremlin Nob","floor":6,"turns":4},{"damage":32,"enemies":"Lagavulin","floor":8,"turns":6},{"damage":0,"enemies":"Looter","floor":12,"turns":2},{"damage":5,"enemies":"2 Fungi Beasts","floor":13,"turns":2},{"damage":5,"enemies":"Lots of Slimes","floor":14,"turns":3},{"damage":59,"enemies":"Fading Forest","floor":16,"turns":11},{"damage":4,"enemies":"Chosen","floor":18,"turns":4},{"damage":4,"enemies":"3 Byrds","floor":20,"turns":2}],"seed_played":"-6894891062480880571","potions_obtained":[{"floor":5,"key":"AttackPotion"},{"floor":13,"key":"jedi:coolantleak"},{"floor":14,"key":"Fire Potion"}],"is_trial":false,"path_per_floor":["M","?","M","$","M","E","R","E","T","?","?","M","M","M","R","B",null,"M","?","M"],"character_chosen":"DEFECT","items_purchased":[],"campfire_rested":1,"item_purchase_floors":[],"current_hp_per_floor":[60,60,66,66,70,51,51,25,25,25,25,31,32,33,54,9,56,58,58,54,54],"gold":357,"neow_bonus":"NOSTALGIA","is_daily":false,"chose_seed":false,"campfire_upgraded":1,"win_rate":0.0,"timestamp":1610602081,"path_taken":["M","?","?","$","?","E","R","E","T","?","?","M","M","M","R","BOSS","M","?","?"],"items_purchased_type":[],"build_version":"2020-12-22","purchased_purges":0,"victory":false,"max_hp_per_floor":[71,71,71,71,71,71,71,71,71,71,71,71,71,71,71,71,71,71,71,71,71],"card_choices":[{"not_picked":["Guardian:WalkerClaw","Rip and Tear"],"picked":"Cold Snap","floor":1},{"not_picked":["Rebound","DiskWipe"],"picked":"Sunder","floor":3},{"not_picked":["aspiration:Polymerization","jedi:sharpshooter"],"picked":"Hologram","floor":5},{"not_picked":["Guardian:WalkerClaw","Whirlwind","Fission"],"picked":"SKIP","floor":6},{"not_picked":["BasicCrystalCard","Compile Driver","Aggregate"],"picked":"SKIP","floor":8},{"not_picked":["Loop","Entrench","BasicCrystalCard"],"picked":"SKIP","floor":12},{"not_picked":["ReplayTheSpireMod:Muscle Training","Hologram"],"picked":"Streamline","floor":13},{"not_picked":["Streamline","Spot Weakness"],"picked":"jedi:markofdeath","floor":14},{"not_picked":["jedi:darknesscall","ReplayTheSpireMod:Omega Cannon"],"picked":"All For One","floor":16},{"not_picked":["Rebound","Compile Driver+1","Turbo+1"],"picked":"SKIP","floor":18}],"player_experience":537954,"relics_obtained":[{"floor":6,"key":"jedi:shrinkray"},{"floor":8,"key":"Bag of Preparation"},{"floor":9,"key":"infinitespire:CheckeredPen"},{"floor":17,"key":"halation:IllGainedPizza"},{"floor":17,"key":"halation:SelfBoilingWater"},{"floor":17,"key":"Replay:Multitool"}],"event_choices":[{"cards_removed":["Strike_B"],"damage_healed":0,"gold_gain":0,"player_choice":"Offered Basic","damage_taken":0,"max_hp_gain":0,"max_hp_loss":0,"event_name":"Bonfire Elementals","floor":2,"gold_loss":0},{"damage_healed":0,"gold_gain":0,"player_choice":"Trade","damage_taken":0,"relics_obtained":["NlothsMask"],"max_hp_gain":0,"max_hp_loss":0,"event_name":"FaceTrader","floor":19,"gold_loss":0}],"is_beta":false,"boss_relics":[{"not_picked":["SlaversCollar","Ring of Chaos"],"picked":"Calling Bell"}],"items_purged_floors":[],"is_endless":false,"potions_floor_spawned":[5,13,14],"killed_by":"3 Byrds","ascension_level":15}}