{"host":"wnty67d4nhrob9mt","time":1610588501,"event":{"mods":["BaseMod","Block Reminder","Infinite Spire","Minty Spire (QoL Compilation)","Permanent Neow","Quick Restart","Relic Stats","Replay The Spire","StSLib","The Jungle"],"gold_per_floor":[114,129,144,159,9,39,62,107,132,132,161,161,11,32,32,146,146,165,198,217,256,256,256,291,291,316,328,391,438,220,264,264,280,280],"floor_reached":33,"language":"TUR","playtime":2732,"items_purged":[],"score":375,"play_id":"d429f000-968b-479e-a38c-007ab8649ed6","local_time":"20210114044141","daily_mods":["Insanity","Uncertain Future","Binary"],"is_ascension_mode":false,"campfire_choices":[{"floor":12,"key":"REST"},{"floor":15,"key":"REST"},{"floor":23,"key":"REST"},{"floor":27,"key":"REST"},{"floor":32,"key":"REST"}],"circlet_count":0,"master_deck":["Backstab","Blade Dance","All Out Attack","Infinite Blades","Deadly Poison","Skewer","Dodge and Roll","Flechettes","Replay:Poison Smokescreen","Slice","Sucker Punch","Acrobatics","Expertise","Catalyst","Backflip","Crippling Poison","Catalyst","Tactician","ReplayTheSpireMod:Scrap Shanks","Cloak And Dagger","Heel Hook","Dagger Spray","Quick Slash","Acrobatics","Quick Slash","Backflip","Crippling Poison","Acrobatics","Underhanded Strike","PiercingWail","Replay:Poison Smokescreen","Poisoned Stab","Hidden Blade","Draining Mist","Bane","Slice","Prepared","Hidden Blade","ReplayTheSpireMod:Exploit Weakness","Outmaneuver","Toxin Wave","Eviscerate","Poisoned Stab","Choke","Quick Slash","Noxious Fumes","Eviscerate","Bane","Accuracy","Slice","Underhanded Strike","Distraction","Replay:Poison Smokescreen","Outmaneuver","Slice","Slice","Dodge and Roll","Flechettes","Quick Slash","Corpse Explosion","Slice+1","Burst","Underhanded Strike","Bane","infinitespire:Starlight","Dash+1","Deadly Poison","Delirium","Flying Knee+1","Fluid Movement","Deadly Poison+1","Finisher","Atom Bomb","Deflect+1"],"relics":["Ring of the Snake","Art of War","Replay:Bandana","Bronze Scales","infinitespire:Satchel","ReplayTheSpireMod:TigerMarble","Fusion Hammer","Dream Catcher","Darkstone Periapt","MawBank","Vajra","ReplayTheSpireMod:Shallot"],"acts_visited":["Exordium","TheCity"],"potions_floor_usage":[11,16,16,21,31,33,33,33],"damage_taken":[{"damage":6,"enemies":"Cultist","floor":1,"turns":3},{"damage":0,"enemies":"2 Louse","floor":2,"turns":1},{"damage":6,"enemies":"Small Slimes","floor":3,"turns":2},{"damage":5,"enemies":"Blue Slaver","floor":4,"turns":3},{"damage":8,"enemies":"Gremlin Nob","floor":6,"turns":3},{"damage":0,"enemies":"3 Louse","floor":7,"turns":2},{"damage":2,"enemies":"Gremlin Gang","floor":8,"turns":3},{"damage":9,"enemies":"Red Slaver","floor":11,"turns":2},{"damage":9,"enemies":"Blue Slaver","floor":14,"turns":3},{"damage":43,"enemies":"Fading Forest","floor":16,"turns":11},{"damage":6,"enemies":"Chosen","floor":18,"turns":4},{"damage":10,"enemies":"2 Thieves","floor":19,"turns":4},{"damage":5,"enemies":"Centurion and Healer","floor":20,"turns":5},{"damage":18,"enemies":"Snake Plant","floor":21,"turns":4},{"damage":34,"enemies":"Sentry and Sphere","floor":24,"turns":6},{"damage":23,"enemies":"Snecko","floor":28,"turns":4},{"damage":15,"enemies":"Snake Plant","floor":29,"turns":2},{"damage":10,"enemies":"Nightmare","floor":31,"turns":4},{"damage":54,"enemies":"Collector","floor":33,"turns":6}],"seed_played":"-4891952413640654339","potions_obtained":[{"floor":1,"key":"AttackPotion"},{"floor":2,"key":"Weak Potion"},{"floor":7,"key":"DuplicationPotion"},{"floor":8,"key":"Reflective Coating"},{"floor":14,"key":"ColorlessPotion"},{"floor":19,"key":"Dexterity Potion"},{"floor":20,"key":"Dexterity Potion"},{"floor":21,"key":"FearPotion"},{"floor":31,"key":"Poison Potion"}],"is_trial":false,"path_per_floor":["M","M","M","M","$","E","M","M","T","?","M","R","$","M","R","B",null,"M","M","M","M","AVR","R","M","?","T","R","M","M","$","NM","R","B"],"character_chosen":"THE_SILENT","items_purchased":["Art of War","ReplayTheSpireMod:TigerMarble","Vajra","Finisher"],"campfire_rested":5,"item_purchase_floors":[5,13,30,30],"current_hp_per_floor":[64,64,58,53,53,45,45,43,43,43,34,55,55,46,67,24,70,64,58,53,35,35,56,32,38,38,60,37,22,22,12,34,0,0],"gold":280,"neow_bonus":"","is_daily":true,"chose_seed":false,"campfire_upgraded":0,"win_rate":0.0,"timestamp":1610588501,"path_taken":["M","M","M","?","?","E","M","M","T","?","M","R","$","M","R","BOSS","M","M","M","M","AVR","R","M","?","T","R","M","?","?","NM","R","BOSS"],"items_purchased_type":["Relic","Relic","Relic","Card"],"build_version":"2020-12-22","purchased_purges":0,"victory":false,"max_hp_per_floor":[70,70,70,70,70,70,70,70,70,70,70,70,70,70,70,70,70,70,70,70,70,70,70,70,76,76,76,76,76,76,76,76,76,76],"relic_stats":{"Darkstone Periapt":6,"Dream Catcher":3,"counters":[19,72],"Bronze Scales":[129],"Art of War":[6],"MawBank":48,"obtain_stats":[{"Darkstone Periapt":25,"Replay:Bandana":6,"Dream Catcher":22,"ReplayTheSpireMod:Shallot":31,"Bronze Scales":9,"infinitespire:Satchel":10,"Vajra":30,"Fusion Hammer":17,"Art of War":5,"ReplayTheSpireMod:TigerMarble":13,"MawBank":26,"Ring of the Snake":0},{"Darkstone Periapt":15,"Replay:Bandana":5,"Dream Catcher":14,"ReplayTheSpireMod:Shallot":18,"Bronze Scales":7,"infinitespire:Satchel":7,"Vajra":17,"Fusion Hammer":10,"Art of War":4,"ReplayTheSpireMod:TigerMarble":8,"MawBank":15,"Ring of the Snake":0},{"Darkstone Periapt":56,"Replay:Bandana":12,"Dream Catcher":50,"ReplayTheSpireMod:Shallot":66,"Bronze Scales":17,"infinitespire:Satchel":17,"Vajra":62,"Fusion Hammer":33,"Art of War":9,"ReplayTheSpireMod:TigerMarble":19,"MawBank":56,"Ring of the Snake":0}],"Ring of the Snake":[38]},"card_choices":[{"not_picked":["Setup"],"picked":"Underhanded Strike","floor":1},{"not_picked":["Slice"],"picked":"Distraction","floor":2},{"not_picked":["Backflip"],"picked":"Replay:Poison Smokescreen","floor":3},{"not_picked":["Backflip"],"picked":"Outmaneuver","floor":4},{"not_picked":["Cloak And Dagger"],"picked":"Slice","floor":6},{"not_picked":["Dagger Throw"],"picked":"Slice","floor":7},{"not_picked":["Prepared"],"picked":"Dodge and Roll","floor":8},{"not_picked":["Sneak Up"],"picked":"Flechettes","floor":11},{"not_picked":["Predator"],"picked":"Quick Slash","floor":14},{"not_picked":["Storm of Steel"],"picked":"Corpse Explosion","floor":16},{"not_picked":["Prepared+1"],"picked":"Slice+1","floor":18},{"not_picked":["Prepared"],"picked":"Burst","floor":19},{"not_picked":["Prepared"],"picked":"Underhanded Strike","floor":20},{"not_picked":["PiercingWail"],"picked":"Bane","floor":21},{"not_picked":["Deflect"],"picked":"Dash+1","floor":23},{"not_picked":["Slice"],"picked":"Deadly Poison","floor":24},{"not_picked":["PiercingWail"],"picked":"Flying Knee+1","floor":27},{"not_picked":["Tactician"],"picked":"Fluid Movement","floor":28},{"not_picked":["Predator"],"picked":"Deadly Poison+1","floor":29},{"not_picked":["Sucker Punch"],"picked":"Atom Bomb","floor":31},{"not_picked":["Flying Knee"],"picked":"Deflect+1","floor":32}],"player_experience":170539,"relics_obtained":[{"floor":6,"key":"Replay:Bandana"},{"floor":9,"key":"Bronze Scales"},{"floor":10,"key":"infinitespire:Satchel"},{"floor":26,"key":"MawBank"},{"floor":31,"key":"ReplayTheSpireMod:Shallot"}],"event_choices":[],"is_beta":false,"boss_relics":[{"not_picked":["Replay:Drink Me","Replay:Fungal Core"],"picked":"Fusion Hammer"}],"items_purged_floors":[],"is_endless":true,"potions_floor_spawned":[1,2,7,8,14,19,20,21,28,31],"killed_by":"Collector","ascension_level":0}}