{"host":"tom9euzqew4po1rs","time":1610629908,"event":{"mods":["BaseMod","Curses Come First","Downfall","Minty Spire (QoL Compilation)","Quick Restart","Rare Cards Sparkle","Replay The Spire","StSLib","The Cursed"],"gold_per_floor":[109,124,124,147,194,194,233,29,29,50,50,75,75,99,99,99,99],"floor_reached":16,"language":"ENG","playtime":894,"items_purged":[],"score":107,"play_id":"5c2101e8-e433-4021-bdab-c94f448ccffe","local_time":"20210114081148","is_ascension_mode":true,"campfire_choices":[{"data":"Loop","floor":6,"key":"SMITH"},{"floor":11,"key":"RECALL"},{"floor":13,"key":"REST"},{"data":"Aggregate","floor":15,"key":"SMITH"}],"circlet_count":0,"master_deck":["Strike_B","Strike_B","Strike_B","Strike_B","Defend_B","Defend_B","Defend_B","Defend_B","Zap","Dualcast","Coolheaded","Loop+1","Chill","Pot Of Greed","Pot Of Greed","Panic Button","Chill","Steam","Aggregate+1"],"relics":["Cracked Core","Golden Idol","Lantern","Snack Pack","Grinning Jar","Thread and Needle"],"acts_visited":["Exordium"],"potions_floor_usage":[7,16],"damage_taken":[{"damage":2,"enemies":"Small Slimes","floor":1,"turns":3},{"damage":1,"enemies":"Jaw Worm","floor":2,"turns":3},{"damage":0,"enemies":"Cultist","floor":4,"turns":4},{"damage":18,"enemies":"Gremlin Nob","floor":7,"turns":4},{"damage":0,"enemies":"2 Fungi Beasts","floor":10,"turns":3},{"damage":0,"enemies":"3 Louse","floor":12,"turns":4},{"damage":0,"enemies":"Exordium Wildlife","floor":14,"turns":7},{"damage":80,"enemies":"Slime Boss","floor":16,"turns":15}],"seed_played":"1902649007350377972","potions_obtained":[{"floor":2,"key":"BlessingOfTheForge"},{"floor":7,"key":"Guardian:BlockOnCardUsePotion"},{"floor":14,"key":"SneckoOil"}],"is_trial":false,"path_per_floor":["M","M","?","M","T","R","E","$","T","M","R","M","R","M","R","B"],"character_chosen":"DEFECT","items_purchased":["Grinning Jar","Panic Button"],"campfire_rested":1,"item_purchase_floors":[8,8],"current_hp_per_floor":[80,79,59,59,59,59,41,41,41,41,41,41,65,65,65,0,0],"gold":99,"neow_bonus":"TEN_PERCENT_HP_BONUS","is_daily":false,"chose_seed":false,"campfire_upgraded":2,"win_rate":0.0,"timestamp":1610629908,"path_taken":["M","M","?","M","?","R","E","$","T","M","R","M","R","M","R","BOSS"],"items_purchased_type":["Relic","Card"],"build_version":"2020-12-22","purchased_purges":0,"victory":false,"max_hp_per_floor":[82,82,82,82,82,82,82,82,82,82,82,82,82,82,82,82,82],"card_choices":[{"not_picked":["Darkness","Tempest"],"picked":"Coolheaded","floor":1},{"not_picked":["ReplayGash","Reinforced Body","Rebound"],"picked":"SKIP","floor":2},{"not_picked":["Stack","Streamline"],"picked":"Loop","floor":4},{"not_picked":["Electrodynamics","Turbo"],"picked":"Chill","floor":7},{"not_picked":["Skim","ReplayTheSpireMod:Calculation Training"],"picked":"Chill","floor":10},{"not_picked":["Conserve Battery","Compile Driver"],"picked":"Steam","floor":12},{"not_picked":["Beam Cell","Turbo"],"picked":"Aggregate","floor":14}],"player_experience":120368,"relics_obtained":[{"floor":5,"key":"Lantern"},{"floor":7,"key":"Snack Pack"},{"floor":9,"key":"Thread and Needle"}],"event_choices":[{"damage_healed":0,"gold_gain":0,"player_choice":"Take Damage","damage_taken":20,"relics_obtained":["Golden Idol"],"max_hp_gain":0,"max_hp_loss":0,"event_name":"Golden Idol","floor":3,"gold_loss":0}],"is_beta":false,"boss_relics":[],"items_purged_floors":[],"is_endless":false,"potions_floor_spawned":[2,7,14],"killed_by":"Slime Boss","ascension_level":1}}