{"host":"ylxam20yo7j5dy26","time":1610600633,"event":{"mods":["ATMod(∞¢Ë™Mod)","Act Like it!","BaseMod","BetterRewards","Conspire","Defuse TimeMaze Blight","Downfall","Energized Spire","Gensokyo","GungeonMod","Hallownest","Hubris","Infinite Spire","Lobotomy","LobotomyExtend","Marisa£®ÏF”Í°°ƒß¿Ì…≥£©","Minty Spire (QoL Compilation)","MostiFishMod","Quarter Circle Forward PUNCH!","Quick Restart","Remilia£®¿Ÿ√◊¿Ú—«£©","Replay The Spire","Robot Space Explorer","Spicy Shops","StSLib","The Runesmith","UnlockEverythingMod","vexMod","°æ“≈ŒÔø®≈∆°øREMEMod"],"gold_per_floor":[109,124,144,161,161,161,190,210,210,238,255,271,306,318,318,422,422,437,437,437],"floor_reached":2,"language":"ZHS","playtime":2786,"items_purged":[],"score":133,"play_id":"540db351-d5f2-412f-b491-c815fd4eb92a","local_time":"20210114130353","is_ascension_mode":false,"campfire_choices":[{"data":"AT_ShrugMaster","floor":6.0,"key":"SMITH"},{"data":"RobotSpaceExplorer:TrailblazerForm","floor":15.0,"key":"SMITH"}],"circlet_count":0,"master_deck":["RobotSpaceExplorer:Strike","RobotSpaceExplorer:Strike","RobotSpaceExplorer:Strike","RobotSpaceExplorer:Strike","RobotSpaceExplorer:Defend","RobotSpaceExplorer:Defend","RobotSpaceExplorer:Defend","RobotSpaceExplorer:Defend","RobotSpaceExplorer:Scan","RobotSpaceExplorer:MiniLasers","Madness","AT_ShrugMaster+1","UniverseFragment","RobotSpaceExplorer:SurgingStrike","MHz","RobotSpaceExplorer:Fix+1","RobotSpaceExplorer:GearShield","BigBird","RobotSpaceExplorer:TrailblazerForm+1","Wellcheers","WallGazer","OSAHOGD","RobotSpaceExplorer:LaserBurst","Mercenary","RobotSpaceExplorer:StarLightning","MeatLantern","RobotSpaceExplorer:Pulsar","QueenOfHatred","RobotSpaceExplorer:Accelerator","Porccubus"],"relics":["RobotSpaceExplorer:RoboCore","AT_ATBox","REME_ComplimentaryCards","DaveBox","DianPoetry","CogitoBucket","SynthV:TestCard","MagicBullet_r","vexMod:InvisibilityCloak","ChangeAnything","AT_SunfireAegis","ReplayTheSpireMod:Lightbulb","AT_ArchangelStaff","Theresia","JellyFishMachine","SynthV:TestCard","LetterFromLob"],"acts_visited":["Exordium","TheCity"],"potions_floor_usage":[],"damage_taken":[{"damage":0.0,"enemies":"conspire:RoseBush","floor":1.0,"turns":3.0},{"damage":2.0,"enemies":"Jaw Worm","floor":2.0,"turns":3.0},{"damage":0.0,"enemies":"Small Slimes","floor":3.0,"turns":2.0},{"damage":0.0,"enemies":"Exordium Thugs","floor":4.0,"turns":6.0},{"damage":0.0,"enemies":"Lagavulin","floor":7.0,"turns":5.0},{"damage":4.0,"enemies":"2 Fungi Beasts","floor":8.0,"turns":5.0},{"damage":6.0,"enemies":"3 Sentries","floor":10.0,"turns":5.0},{"damage":3.0,"enemies":"Looter","floor":11.0,"turns":2.0},{"damage":2.0,"enemies":"conspire:2 RoseBushes","floor":12.0,"turns":3.0},{"damage":24.0,"enemies":"Lagavulin","floor":13.0,"turns":4.0},{"damage":31.0,"enemies":"Red Slaver","floor":14.0,"turns":6.0},{"damage":2.0,"enemies":"Fading Forest","floor":16.0,"turns":11.0},{"damage":38.0,"enemies":"2 Louse","floor":1.0,"turns":1.0},{"damage":50,"enemies":"Jaw Worm","floor":2,"turns":1}],"seed_played":"5435947922017887162","potions_obtained":[{"floor":1.0,"key":"SpeedPotion"},{"floor":8.0,"key":"SpeedPotion"},{"floor":11.0,"key":"LiquidMemories"},{"floor":1,"key":"Strength Potion"}],"is_trial":false,"path_per_floor":["M","M","M","M","?","R","E","M","T","E","M","M","E","M","R","B",null,"M","M","M"],"character_chosen":"RobotSpaceExplorer","items_purchased":[],"campfire_rested":0,"item_purchase_floors":[],"current_hp_per_floor":[75,73,75,75,68,68,75,75,75,75,72,75,63,47,47,75,75,39,0,0],"gold":437,"neow_bonus":"","is_daily":false,"chose_seed":false,"campfire_upgraded":2,"win_rate":0.0,"timestamp":1610600633,"path_taken":["M","M","M","M","?","R","E","M","T","E","M","M","E","M","R","BOSS","M","M","M"],"items_purchased_type":[],"build_version":"2020-12-22","purchased_purges":0,"victory":false,"max_hp_per_floor":[75,75,75,75,75,75,75,75,75,75,75,75,75,75,75,75,75,77,77,77],"card_choices":[{"not_picked":["VoidDream","BlackSwan"],"picked":"UniverseFragment","floor":1.0},{"not_picked":["RobotSpaceExplorer:SlimeMissile","RobotSpaceExplorer:ScrapShield"],"picked":"RobotSpaceExplorer:SurgingStrike","floor":1.0},{"not_picked":["BeautyBeast","MeatLantern"],"picked":"MHz","floor":2.0},{"not_picked":["RobotSpaceExplorer:Counterblock","RobotSpaceExplorer:DualCore","RobotSpaceExplorer:Probe","RobotSpaceExplorer:MetalStrike"],"picked":"RobotSpaceExplorer:Fix","floor":2.0},{"not_picked":["RobotSpaceExplorer:StunGrenade","RobotSpaceExplorer:ShockKick","RobotSpaceExplorer:Electroshield","RobotSpaceExplorer:FrostMissile"],"picked":"RobotSpaceExplorer:GearShield","floor":3.0},{"not_picked":["FairyFestival","BlackSwan"],"picked":"BigBird","floor":4.0},{"not_picked":["RobotSpaceExplorer:SwiftStep","RobotSpaceExplorer:Counterblock","RobotSpaceExplorer:ShockKick","RobotSpaceExplorer:SurgingStrike"],"picked":"RobotSpaceExplorer:Calculate","floor":4.0},{"not_picked":["RobotSpaceExplorer:FrostMissile","RobotSpaceExplorer:Electropulse","RobotSpaceExplorer:LuckyStrike","RobotSpaceExplorer:ImprovisedAttack"],"picked":"RobotSpaceExplorer:TrailblazerForm","floor":7.0},{"not_picked":["CrumblingArmor","Bloodbath"],"picked":"Wellcheers","floor":8.0},{"not_picked":["RobotSpaceExplorer:Electroshield","RobotSpaceExplorer:SlimeMissile","RobotSpaceExplorer:Probe","RobotSpaceExplorer:FreezingShield","RobotSpaceExplorer:FreezeRay"],"picked":"SKIP","floor":8.0},{"not_picked":["FairyFestival","BeautyBeast"],"picked":"WallGazer","floor":10.0},{"not_picked":["RobotSpaceExplorer:FrostMissile","RobotSpaceExplorer:ShockKick","RobotSpaceExplorer:Probe","RobotSpaceExplorer:Ammunition","RobotSpaceExplorer:ImprovisedAttack"],"picked":"SKIP","floor":10.0},{"not_picked":["OldLady","Freischutz"],"picked":"OSAHOGD","floor":11.0},{"not_picked":["RobotSpaceExplorer:LuckyStrike","RobotSpaceExplorer:PowerCollector","RobotSpaceExplorer:LaserBurst","RobotSpaceExplorer:FreezingShield","RobotSpaceExplorer:GlueShot"],"picked":"SKIP","floor":11.0},{"not_picked":["RobotSpaceExplorer:LuckyStrike","RobotSpaceExplorer:PowerCollector","RobotSpaceExplorer:FreezingShield","RobotSpaceExplorer:GlueShot"],"picked":"RobotSpaceExplorer:LaserBurst","floor":11.0},{"not_picked":["ShyLook","Scorched","NakedNest"],"picked":"Singing Bowl","floor":12.0},{"not_picked":["OldLady","Scorched"],"picked":"Mercenary","floor":12.0},{"not_picked":["RobotSpaceExplorer:FrostMissile","RobotSpaceExplorer:ToxicBomb","RobotSpaceExplorer:LuckyStrike","RobotSpaceExplorer:Ammunition"],"picked":"RobotSpaceExplorer:StarLightning","floor":12.0},{"not_picked":["OldLady","SpiderBud"],"picked":"MeatLantern","floor":13.0},{"not_picked":["RobotSpaceExplorer:LaserBurst","RobotSpaceExplorer:Electroshield","RobotSpaceExplorer:StunGrenade","RobotSpaceExplorer:SlimeMissile"],"picked":"RobotSpaceExplorer:Pulsar","floor":13.0},{"not_picked":["OldLady","CrumblingArmor","VoidDream"],"picked":"Singing Bowl","floor":14.0},{"not_picked":["SingingMachine","HappyTeddy"],"picked":"QueenOfHatred","floor":14.0},{"not_picked":["RobotSpaceExplorer:ScrapMissile","RobotSpaceExplorer:SlimeMissile","RobotSpaceExplorer:ShockKick","RobotSpaceExplorer:HighVoltage","RobotSpaceExplorer:IronShell"],"picked":"SKIP","floor":14.0},{"not_picked":["RobotSpaceExplorer:Multitool","RobotSpaceExplorer:Arsenal","RobotSpaceExplorer:BlastShield","RobotSpaceExplorer:DroneSwarm"],"picked":"RobotSpaceExplorer:Accelerator","floor":16.0},{"not_picked":["DespairKnight","SpiderBud"],"picked":"Porccubus","floor":16.0},{"not_picked":["RobotSpaceExplorer:FranticSearch","RobotSpaceExplorer:MiniDrones","RobotSpaceExplorer:FrostMissile","RobotSpaceExplorer:PowerGlove","RobotSpaceExplorer:StunGrenade"],"picked":"SKIP","floor":1}],"player_experience":148141,"relics_obtained":[{"floor":1.0,"key":"SynthV:TestCard"},{"floor":1.0,"key":"LetterFromLob"},{"floor":7.0,"key":"vexMod:InvisibilityCloak"},{"floor":9.0,"key":"AT_SunfireAegis"},{"floor":10.0,"key":"ReplayTheSpireMod:Lightbulb"},{"floor":13.0,"key":"AT_ArchangelStaff"},{"floor":1,"key":"SynthV:TestCard"},{"floor":1,"key":"LetterFromLob"}],"event_choices":[],"is_beta":false,"boss_relics":[{"not_picked":["vexMod:DeviousBotling","hubris:RunicObelisk"],"picked":"JellyFishMachine"}],"items_purged_floors":[],"is_endless":false,"potions_floor_spawned":[1,7,8,11,12,1],"killed_by":"Jaw Worm","ascension_level":0}}