{"host":"6jtzbi9kl8x9w6dt","time":1610602653,"event":{"mods":["Act Like it!","Aspiration","BaseMod","BetterRewards","Colored Powertips","Defuse TimeMaze Blight","Downfall","Friendly Minions","Halation","Hallownest","Hermit","Hubris","Marisa????????","Mimic Mod","Minty Spire (QoL Compilation)","Prisma Mod","READ ME - Guardian Mod","StSLib","SuperFastMode","Td1madao Mod","The Animator","The Bladedancer","The Construct","The Cursed","The Disciple","The Hierophant","The Mystic","The Necromancer","The Senshi","The Servant 0.9.4"],"gold_per_floor":[99,113,128,147,147,165,165,165,177,27,38,38,67,67,82,186,186,111,128,128,139,152,179,206,206,226,239,239,250,250,82,82,82],"floor_reached":31,"language":"ENG","playtime":1464,"items_purged":[],"score":286,"play_id":"3eae8770-e914-46df-a51b-640c6f3b73f8","local_time":"20210113213733","is_ascension_mode":false,"campfire_choices":[{"floor":1,"key":"RECALL"},{"data":"Guardian:TwinSlam","floor":10,"key":"SMITH"},{"data":"Guardian:ShieldCharger","floor":12,"key":"SMITH"},{"data":"Guardian:PrismaticBeam","floor":18,"key":"SMITH"},{"floor":28,"key":"REST"},{"floor":30,"key":"REST"}],"circlet_count":0,"master_deck":["Guardian:Defend_Guardian","Guardian:Defend_Guardian","Guardian:Defend_Guardian","Guardian:Defend_Guardian","Guardian:CurlUp","Guardian:TwinSlam+1","Guardian:ShieldCharger+1","Guardian:ShieldCharger","Guardian:Incinerate","Guardian:PiercingHide","Guardian:ConstructionForm","Guardian:PrismaticBeam+1","Slimebound:Tackle+1","Slimebound:Tackle+1","Slimebound:Tackle+1","Guardian:WalkerClaw+1","Guardian:WalkerClaw","Guardian:SentryBeam+1","Guardian:ArmoredProtocol","Guardian:SpikerProtocol+1","Guardian:TimeSifter"],"relics":["Blood Vial","ClockworkSouvenir","Hallownest:DreamNailRelic","downfall:HeartBlessingRed","downfall:HeartBlessingBlue","Pantograph","Velvet Choker","downfall:HeartBlessingGreen","Question Card","Bronze Scales","halation:Thesaurus","champ:ChampionCrown"],"acts_visited":["Hallownest:Greenpath","TheCity"],"potions_floor_usage":[11,16,27],"damage_taken":[{"damage":10,"enemies":"Hallownest:monsterHuskGuard","floor":2,"turns":6},{"damage":0,"enemies":"Hallownest:monsterHuskWarrior","floor":3,"turns":5},{"damage":3,"enemies":"Hallownest:2_Baldur","floor":4,"turns":5},{"damage":3,"enemies":"Hallownest:monsterFoolEater","floor":6,"turns":5},{"damage":11,"enemies":"Hallownest:MossCreep_and_Mosskin","floor":9,"turns":7},{"damage":0,"enemies":"Hallownest:1_Ooma_and_2_Uuma","floor":11,"turns":8},{"damage":19,"enemies":"Hallownest:eliteMossKnight","floor":13,"turns":12},{"damage":0,"enemies":"Hallownest:monsterAspidMother","floor":14,"turns":5},{"damage":0,"enemies":"Hallownest:MossCreep_and_Mosskin","floor":15,"turns":5},{"damage":37,"enemies":"downfall:Silent","floor":16,"turns":17},{"damage":6,"enemies":"Chosen","floor":19,"turns":4},{"damage":4,"enemies":"3 Byrds","floor":21,"turns":3},{"damage":12,"enemies":"3 Cultists","floor":22,"turns":6},{"damage":33,"enemies":"Slavers","floor":23,"turns":8},{"damage":12,"enemies":"Snecko","floor":26,"turns":5},{"damage":3,"enemies":"Snake Plant","floor":27,"turns":3},{"damage":10,"enemies":"Sentry and Sphere","floor":29,"turns":4},{"damage":0,"enemies":"downfall:FleeingMerchant","floor":31,"turns":4}],"seed_played":"-4391830215658066635","potions_obtained":[{"floor":2,"key":"Guardian:AcceleratePotion"},{"floor":3,"key":"Guardian:AcceleratePotion"},{"floor":6,"key":"Dexterity Potion"},{"floor":9,"key":"Fire Potion"},{"floor":19,"key":"Guardian:AcceleratePotion"},{"floor":21,"key":"ColorlessPotion"},{"floor":23,"key":"PowerPotion"},{"floor":29,"key":"DuplicationPotion"}],"is_trial":false,"path_per_floor":["R","M","M","M","$","?","T","?","M","R","M","R","E","M","M","B",null,"R","M","?","M","M","E","T","?","M","M","R","M","R","$"],"character_chosen":"GUARDIAN","items_purchased":["Blood Vial","ClockworkSouvenir","halation:Thesaurus"],"campfire_rested":2,"item_purchase_floors":[5,5,31],"current_hp_per_floor":[88,78,78,75,55,54,54,54,45,55,57,57,40,42,44,34,98,98,92,92,90,80,49,49,49,39,38,67,59,88,90,90,90],"gold":82,"neow_bonus":"TEN_PERCENT_HP_BONUS","is_daily":false,"chose_seed":false,"campfire_upgraded":3,"win_rate":0.0,"timestamp":1610602653,"path_taken":["R","M","M","M","?","?","T","?","M","R","?","R","E","?","M","BOSS","R","M","?","M","M","E","T","?","M","M","R","?","R","$"],"items_purchased_type":["Relic","Relic","Relic"],"build_version":"2020-12-22","purchased_purges":0,"victory":false,"max_hp_per_floor":[88,88,88,88,88,88,88,88,88,98,98,98,98,98,98,98,98,98,98,98,98,98,98,98,98,98,98,98,98,98,98,98,98],"card_choices":[{"not_picked":["Guardian:RefractedBeam","Guardian:Repulse"],"picked":"Guardian:Gem_Purple","floor":2},{"not_picked":["Guardian:TemporalStrike","Guardian:BronzeOrb"],"picked":"Guardian:ShieldCharger","floor":3},{"not_picked":["Guardian:Recover","Guardian:PrimingBeam"],"picked":"Guardian:ShieldCharger","floor":4},{"not_picked":["Guardian:TemporalShield","Guardian:TemporalStrike"],"picked":"Guardian:Incinerate","floor":6},{"not_picked":["Guardian:Repulse","Guardian:PolyBeam"],"picked":"Guardian:Gem_Orange","floor":9},{"not_picked":["Guardian:Gem_Green","Guardian:Suspension"],"picked":"Guardian:PiercingHide","floor":11},{"not_picked":["Guardian:PiercingHide","Guardian:ShieldCharger"],"picked":"Guardian:ConstructionForm","floor":13},{"not_picked":["Guardian:Incinerate","Guardian:Suspension"],"picked":"Guardian:PrismaticBeam","floor":14},{"not_picked":["Guardian:Planning","Guardian:SentryBeam"],"picked":"Guardian:Gem_Cyan","floor":15},{"not_picked":["Guardian:ConstructionForm","Guardian:HyperBeam_Guardian"],"picked":"Guardian:Gem_Synthetic","floor":16},{"not_picked":["Guardian:EvasiveProtocol","Guardian:PolyBeam"],"picked":"Guardian:Gem_Cyan","floor":19},{"not_picked":["Guardian:Gem_Lightblue","Guardian:Reroute+1"],"picked":"Guardian:WalkerClaw+1","floor":21},{"not_picked":["Guardian:BronzeArmor","Guardian:Recover"],"picked":"Guardian:Gem_Lightblue","floor":22},{"not_picked":["Guardian:ChargeCore","Guardian:ShieldCharger"],"picked":"Guardian:WalkerClaw","floor":23},{"not_picked":["Guardian:PrimingBeam+1","Guardian:Gem_Fragmented","Guardian:CrystalBeam+1"],"picked":"Guardian:SentryBeam+1","floor":26},{"not_picked":["Guardian:TemporalShield","Guardian:ShieldCharger","Guardian:Gem_Green"],"picked":"Guardian:ArmoredProtocol","floor":27},{"not_picked":["Guardian:CrystalBeam","Guardian:PrimingBeam+1","Guardian:Suspension"],"picked":"Guardian:SpikerProtocol+1","floor":29},{"not_picked":["Guardian:GuardianWhirl","Guardian:Reroute","Guardian:Preprogram+1"],"picked":"Guardian:TimeSifter","floor":31}],"player_experience":71396,"relics_obtained":[{"floor":13,"key":"Pantograph"},{"floor":23,"key":"Question Card"},{"floor":24,"key":"Bronze Scales"}],"event_choices":[],"is_beta":false,"boss_relics":[{"not_picked":["Snecko Eye","Runic Dome"],"picked":"Velvet Choker"}],"items_purged_floors":[],"is_endless":false,"potions_floor_spawned":[2,3,6,9,19,21,22,23,29],"ascension_level":0}}