{"host":"tnsigirk6wurdark","time":1610613532,"event":{"mods":["BaseMod","Bestiary","Colored Map","Colored Powertips","Curses Come First","DeckTracker","Highlight Path","Minty Spire (QoL Compilation)","Quick Restart","Relic Sorter","StSLib","Synergy Search"],"gold_per_floor":[111,186,205,170,29,60,70,98,98,113,126,146,146,446,446,446,446],"floor_reached":16,"language":"ENG","playtime":687,"items_purged":[],"score":243,"play_id":"6e96c87b-43f6-488f-bb3d-449137bd50ad","local_time":"20210114083852","is_ascension_mode":true,"campfire_choices":[{"floor":13,"key":"REST"},{"floor":15,"key":"REST"}],"circlet_count":0,"master_deck":["AscendersBane","Strike_G","Strike_G","Strike_G","Strike_G","Strike_G","Defend_G","Defend_G","Defend_G","Defend_G","Defend_G","Survivor","Neutralize","Deadly Poison","Cloak And Dagger","Acrobatics","Tactician","Tactician","Adrenaline","Cloak And Dagger","Underhanded Strike","Slice"],"relics":["Ring of the Snake","Question Card","NeowsBlessing","Blood Vial","Turnip","Odd Mushroom","Old Coin"],"acts_visited":["Exordium"],"potions_floor_usage":[8,8,12,12],"damage_taken":[{"damage":0.0,"enemies":"Small Slimes","floor":1.0,"turns":1.0},{"damage":0.0,"enemies":"Jaw Worm","floor":3.0,"turns":1.0},{"damage":0.0,"enemies":"3 Sentries","floor":6.0,"turns":2.0},{"damage":0,"enemies":"2 Louse","floor":7,"turns":3},{"damage":35,"enemies":"Lagavulin","floor":8,"turns":6},{"damage":0,"enemies":"2 Fungi Beasts","floor":10,"turns":4},{"damage":0,"enemies":"Blue Slaver","floor":11,"turns":5},{"damage":10,"enemies":"The Mushroom Lair","floor":12,"turns":6},{"damage":54,"enemies":"The Guardian","floor":16,"turns":8}],"seed_played":"7491129062388430544","potions_obtained":[{"floor":1.0,"key":"FearPotion"},{"floor":8,"key":"Energy Potion"},{"floor":10,"key":"Swift Potion"}],"is_trial":false,"path_per_floor":["M","?","M","?","$","E","M","E","T","M","M","?","R","?","R","B"],"character_chosen":"THE_SILENT","items_purchased":["Acrobatics","DistilledChaos"],"campfire_rested":2,"item_purchase_floors":[5,5],"current_hp_per_floor":[59,48,48,64,64,64,66,31,31,33,35,27,46,28,47,0,0],"gold":446,"neow_bonus":"THREE_ENEMY_KILL","is_daily":false,"chose_seed":false,"campfire_upgraded":0,"win_rate":0.0,"timestamp":1610613532,"path_taken":["M","?","M","?","$","E","M","E","T","M","M","?","R","?","R","BOSS"],"items_purchased_type":["Card","Potion"],"build_version":"2020-12-22","purchased_purges":0,"victory":false,"max_hp_per_floor":[66,66,66,66,66,66,66,66,66,66,66,66,66,66,66,66,66],"card_choices":[{"not_picked":["All Out Attack","Eviscerate"],"picked":"Deadly Poison","floor":1.0},{"not_picked":["Distraction","PiercingWail"],"picked":"Cloak And Dagger","floor":3.0},{"not_picked":["Dodge and Roll","Slice"],"picked":"Tactician","floor":6.0},{"not_picked":["Concentrate","Backflip"],"picked":"Tactician","floor":7},{"not_picked":["Escape Plan","Prepared"],"picked":"Adrenaline","floor":8},{"not_picked":["Slice","Riddle With Holes","Accuracy"],"picked":"Cloak And Dagger","floor":10},{"not_picked":["Poisoned Stab","Concentrate","Riddle With Holes"],"picked":"Underhanded Strike","floor":11},{"not_picked":["Dagger Spray","Prepared","PiercingWail"],"picked":"Slice","floor":12}],"player_experience":755833,"relics_obtained":[{"floor":6.0,"key":"Blood Vial"},{"floor":8,"key":"Turnip"},{"floor":9,"key":"Question Card"},{"floor":12,"key":"Odd Mushroom"}],"event_choices":[{"damage_healed":0.0,"max_hp_gain":0.0,"max_hp_loss":0.0,"gold_gain":75.0,"event_name":"World of Goop","player_choice":"Gather Gold","floor":2.0,"gold_loss":0.0,"damage_taken":11.0},{"damage_healed":16.0,"max_hp_gain":0.0,"max_hp_loss":0.0,"gold_gain":0.0,"event_name":"The Cleric","player_choice":"Healed","floor":4.0,"gold_loss":35.0,"damage_taken":0.0},{"damage_healed":0,"gold_gain":0,"player_choice":"Fought Mushrooms","damage_taken":0,"max_hp_gain":0,"max_hp_loss":0,"event_name":"Mushrooms","floor":12,"gold_loss":0},{"damage_healed":0,"gold_gain":0,"player_choice":"Success","damage_taken":18,"relics_obtained":["Old Coin"],"max_hp_gain":0,"max_hp_loss":0,"event_name":"Scrap Ooze","floor":14,"gold_loss":0}],"is_beta":false,"boss_relics":[],"items_purged_floors":[],"is_endless":false,"potions_floor_spawned":[1,8,10],"killed_by":"The Guardian","ascension_level":16}}