{"host":"mai03x2ekbjy4059","time":1610608498,"event":{"mods":["2.2 Compatiblity","BaseMod","DeckTracker","Highlight Path","Keyboard Shortcuts","Minty Spire (QoL Compilation)","Permanent Neow","Quick Restart","SuperFastMode","everything is the same but u backflip on backflip"],"gold_per_floor":[112,129,204,184,199,225,243,273,273,285,210,210,3,33,33,106,106,121,132,50,50,70,70,98,23,50,61,73,73,101,120,120,194,194,213,213,213,82,96,96,124,43,66,66,92,92,110,122,122,122,122,122,38,71,71],"floor_reached":56,"language":"KOR","playtime":2033,"items_purged":["Strike_P","Strike_P","Strike_P","Defend_P","Defend_P"],"score":2455,"play_id":"8b79ea86-bfe6-493c-8d96-f53bf528703b","local_time":"20210114161458","is_ascension_mode":true,"campfire_choices":[{"data":"Eruption","floor":12.0,"key":"SMITH"},{"data":"InnerPeace","floor":15.0,"key":"SMITH"},{"floor":23.0,"key":"REST"},{"floor":29.0,"key":"REST"},{"floor":32.0,"key":"REST"},{"data":"Adaptation","floor":40.0,"key":"SMITH"},{"data":"CarveReality","floor":44.0,"key":"PURGE"},{"data":"Brilliance","floor":46.0,"key":"PURGE"},{"floor":49.0,"key":"RECALL"},{"data":"Defend_P","floor":52.0,"key":"PURGE"}],"circlet_count":0,"master_deck":["AscendersBane","Eruption+1","Vigilance","FlurryOfBlows","InnerPeace+1","Adaptation+1","Vault","Adaptation+1"],"relics":["PureWater","Bottled Flame","Ice Cream","Eternal Feather","Membership Card","Gremlin Horn","VioletLotus","Mummified Hand","Smiling Mask","Akabeko","SlaversCollar","Medical Kit","Peace Pipe","Anchor","Oddly Smooth Stone","TheAbacus","Pear"],"acts_visited":["Exordium","TheCity","TheBeyond","TheEnding"],"potions_floor_usage":[55],"damage_taken":[{"damage":2.0,"enemies":"Jaw Worm","floor":1.0,"turns":3.0},{"damage":0.0,"enemies":"2 Louse","floor":2.0,"turns":1.0},{"damage":0.0,"enemies":"Cultist","floor":5.0,"turns":2.0},{"damage":0.0,"enemies":"Lagavulin","floor":6.0,"turns":2.0},{"damage":9.0,"enemies":"Red Slaver","floor":7.0,"turns":3.0},{"damage":0.0,"enemies":"Gremlin Nob","floor":8.0,"turns":2.0},{"damage":6.0,"enemies":"Looter","floor":10.0,"turns":3.0},{"damage":5.0,"enemies":"3 Sentries","floor":14.0,"turns":4.0},{"damage":30.0,"enemies":"The Guardian","floor":16.0,"turns":9.0},{"damage":15.0,"enemies":"Chosen","floor":18.0,"turns":4.0},{"damage":33.0,"enemies":"3 Byrds","floor":19.0,"turns":5.0},{"damage":2.0,"enemies":"3 Cultists","floor":22.0,"turns":3.0},{"damage":32.0,"enemies":"Slavers","floor":24.0,"turns":6.0},{"damage":4.0,"enemies":"Centurion and Healer","floor":27.0,"turns":3.0},{"damage":4.0,"enemies":"Sentry and Sphere","floor":28.0,"turns":3.0},{"damage":0.0,"enemies":"Gremlin Leader","floor":30.0,"turns":2.0},{"damage":11.0,"enemies":"Snake Plant","floor":31.0,"turns":2.0},{"damage":13.0,"enemies":"Champ","floor":33.0,"turns":3.0},{"damage":13.0,"enemies":"Orb Walker","floor":35.0,"turns":3.0},{"damage":0.0,"enemies":"3 Darklings","floor":39.0,"turns":2.0},{"damage":0.0,"enemies":"Reptomancer","floor":41.0,"turns":2.0},{"damage":0.0,"enemies":"Nemesis","floor":45.0,"turns":4.0},{"damage":0.0,"enemies":"Maw","floor":47.0,"turns":2.0},{"damage":1.0,"enemies":"Jaw Worm Horde","floor":48.0,"turns":2.0},{"damage":0.0,"enemies":"Donu and Deca","floor":50.0,"turns":1.0},{"damage":0.0,"enemies":"Shield and Spear","floor":54.0,"turns":1.0},{"damage":70,"enemies":"The Heart","floor":55,"turns":5}],"seed_played":"-862887218364618968","potions_obtained":[{"floor":1.0,"key":"SteroidPotion"},{"floor":4.0,"key":"FairyPotion"},{"floor":10.0,"key":"DistilledChaos"},{"floor":16.0,"key":"Dexterity Potion"},{"floor":22.0,"key":"Weak Potion"},{"floor":24.0,"key":"SkillPotion"},{"floor":28.0,"key":"EntropicBrew"},{"floor":30.0,"key":"Strength Potion"},{"floor":35.0,"key":"LiquidBronze"},{"floor":39.0,"key":"FearPotion"},{"floor":45.0,"key":"FairyPotion"}],"is_trial":false,"path_per_floor":["M","M","?","?","M","E","M","E","T","M","$","R","$","E","R","B",null,"M","M","$","?","M","R","E","$","T","M","M","R","E","M","R","B",null,"M","?","?","$","M","R","E","$","T","R","E","R","M","M","R","B",null,"R","$","E","B",null],"character_chosen":"WATCHER","items_purchased":["Membership Card","Adaptation","Medical Kit","Anchor","TheAbacus"],"campfire_rested":3,"item_purchase_floors":[13,20,38,42,53],"current_hp_per_floor":[59,59,48,48,48,48,39,39,39,33,33,39,39,34,40,10,49,34,1,1,1,18,42,10,10,10,6,2,26,26,15,39,26,53,40,40,40,40,40,46,46,46,46,52,52,58,58,57,60,60,62,62,62,72,2],"gold":71,"neow_bonus":"TRANSFORM_TWO_CARDS","is_daily":false,"chose_seed":false,"campfire_upgraded":3,"win_rate":0.0,"timestamp":1610608498,"path_taken":["M","M","?","?","?","E","M","E","T","M","?","R","$","E","R","BOSS","M","M","$","?","M","R","E","$","T","M","M","R","E","M","R","BOSS","M","?","?","$","M","R","E","$","T","R","E","R","M","?","R","BOSS","R","$","E","BOSS"],"items_purchased_type":["Relic","Card","Relic","Relic","Relic"],"build_version":"2020-12-22","purchased_purges":5,"victory":true,"max_hp_per_floor":[62,62,62,62,62,62,62,62,62,62,62,62,62,62,62,62,62,62,62,62,62,62,62,62,62,62,62,62,62,62,62,62,62,62,62,62,62,62,62,62,62,62,62,62,62,62,62,62,62,62,62,62,62,72,72],"card_choices":[{"not_picked":["ClearTheMind","BowlingBash"],"picked":"FlurryOfBlows","floor":1.0},{"not_picked":["Wallop","Meditate","ClearTheMind"],"picked":"SKIP","floor":2.0},{"not_picked":["Consecrate","FlyingSleeves","ThirdEye"],"picked":"SKIP","floor":5.0},{"not_picked":["ReachHeaven","EmptyFist","CrushJoints"],"picked":"SKIP","floor":6.0},{"not_picked":["Sanctity","EmptyBody","FlurryOfBlows"],"picked":"SKIP","floor":7.0},{"not_picked":["Indignation","CrushJoints","Consecrate"],"picked":"SKIP","floor":8.0},{"not_picked":["Judgement","Prostrate"],"picked":"InnerPeace","floor":10.0},{"not_picked":["ThirdEye","Weave","Consecrate"],"picked":"SKIP","floor":14.0},{"not_picked":["InnerPeace","JustLucky+1","Collect"],"picked":"SKIP","floor":18.0},{"not_picked":["TalkToTheHand","Evaluate","BattleHymn"],"picked":"SKIP","floor":19.0},{"not_picked":["DeceiveReality","SashWhip","EmptyMind"],"picked":"SKIP","floor":22.0},{"not_picked":["Prostrate","BowlingBash","FollowUp"],"picked":"SKIP","floor":24.0},{"not_picked":["FlurryOfBlows","Weave","Protect"],"picked":"SKIP","floor":27.0},{"not_picked":["SandsOfTime","SpiritShield","CrushJoints+1"],"picked":"SKIP","floor":28.0},{"not_picked":["Crescendo","FlurryOfBlows","BattleHymn"],"picked":"SKIP","floor":30.0},{"not_picked":["EmptyFist","PathToVictory","FlyingSleeves"],"picked":"SKIP","floor":31.0},{"not_picked":["ConjureBlade","Blasphemy"],"picked":"Vault","floor":33.0},{"not_picked":["Weave+1","Crescendo"],"picked":"Adaptation","floor":35.0},{"not_picked":["ClearTheMind","Halt","PathToVictory"],"picked":"SKIP","floor":39.0},{"not_picked":["MasterReality","ForeignInfluence","Indignation+1"],"picked":"SKIP","floor":41.0},{"not_picked":["ThirdEye","WheelKick","FollowUp"],"picked":"SKIP","floor":45.0},{"not_picked":["Evaluate","Collect","Weave"],"picked":"SKIP","floor":47.0},{"not_picked":["ThirdEye","Swivel","Wallop+1"],"picked":"SKIP","floor":48.0},{"not_picked":["Consecrate","Prostrate","EmptyBody"],"picked":"SKIP","floor":54.0}],"player_experience":992549,"relics_obtained":[{"floor":6.0,"key":"Bottled Flame"},{"floor":8.0,"key":"Ice Cream"},{"floor":9.0,"key":"Eternal Feather"},{"floor":14.0,"key":"Gremlin Horn"},{"floor":24.0,"key":"Mummified Hand"},{"floor":26.0,"key":"Smiling Mask"},{"floor":30.0,"key":"Akabeko"},{"floor":41.0,"key":"Peace Pipe"},{"floor":45.0,"key":"Oddly Smooth Stone"},{"floor":54.0,"key":"Pear"}],"event_choices":[{"damage_healed":0.0,"max_hp_gain":0.0,"max_hp_loss":0.0,"gold_gain":75.0,"event_name":"World of Goop","player_choice":"Gather Gold","floor":3.0,"gold_loss":0.0,"damage_taken":11.0},{"damage_healed":0.0,"max_hp_gain":0.0,"max_hp_loss":0.0,"gold_gain":0.0,"event_name":"The Woman in Blue","player_choice":"Bought 1 Potion","floor":4.0,"gold_loss":0.0,"damage_taken":0.0},{"damage_healed":0.0,"max_hp_gain":0.0,"max_hp_loss":0.0,"gold_gain":0.0,"event_name":"The Mausoleum","player_choice":"Ignored","floor":21.0,"gold_loss":0.0,"damage_taken":0.0},{"damage_healed":0.0,"max_hp_gain":0.0,"max_hp_loss":0.0,"gold_gain":0.0,"event_name":"Mysterious Sphere","player_choice":"Ignored","floor":36.0,"gold_loss":0.0,"damage_taken":0.0},{"damage_healed":0.0,"max_hp_gain":0.0,"max_hp_loss":0.0,"gold_gain":0.0,"event_name":"Accursed Blacksmith","player_choice":"Forge","floor":37.0,"gold_loss":0.0,"damage_taken":0.0,"cards_upgraded":["Adaptation"]}],"is_beta":false,"boss_relics":[{"not_picked":["Black Star","Astrolabe"],"picked":"VioletLotus"},{"not_picked":["Sozu","Velvet Choker"],"picked":"SlaversCollar"}],"items_purged_floors":[11,13,20,25,38],"is_endless":false,"potions_floor_spawned":[1,10,14,16,22,24,28,30,35,39,45],"ascension_level":17}}