{"host":"vyjryxuuuxkt43k4","time":1610614303,"event":{"mods":["BaseMod","Colored Map","DeckTracker","Minty Spire (QoL Compilation)","Permanent Neow","Quick Restart","StSLib","SuperFastMode","everything is the same but u backflip on backflip"],"gold_per_floor":[364,384,400,414,4,38,38,68,91,91,105,121,134,167,167,272,272,285,297,307,307,76,109,109,109,109,123,151,168,186,203,203,300,300,316,332,180,196,214,214,233,263,263,297,297,11,11,30,30,30],"floor_reached":51,"language":"KOR","playtime":5405,"items_purged":["Normality","Strike_R"],"score":1013,"play_id":"b6e256e8-0af4-45df-8ac7-af23d1ae2e8b","local_time":"20210114175143","is_ascension_mode":true,"campfire_choices":[{"floor":7,"key":"REST"},{"floor":10,"key":"REST"},{"data":"Apotheosis","floor":15,"key":"SMITH"},{"data":"Corruption","floor":24,"key":"SMITH"},{"data":"Ghostly","floor":32,"key":"SMITH"},{"data":"Ghostly","floor":40,"key":"SMITH"},{"floor":49,"key":"REST"}],"circlet_count":0,"master_deck":["Strike_R","Strike_R","Defend_R+1","Defend_R","Defend_R","Defend_R+1","Bash","Body Slam","Headbutt","Pummel","Feel No Pain","Apotheosis+1","Shockwave","Demon Form","Power Through","Dark Embrace","Feed","Bludgeon","Cleave","Disarm+1","Corruption+1","Ghostly+1","Ghostly+1","Ghostly","Ghostly","Ghostly","Impervious","Searing Blow","Berserk","Offering","Intimidate+1","Heavy Blade","Barricade","Sever Soul","Dual Wield+1","Madness","Madness"],"relics":["Burning Blood","Vajra","Potion Belt","Regal Pillow","Ancient Tea Set","Lantern","Runic Pyramid","ClockworkSouvenir","War Paint","Meat on the Bone","Dream Catcher","Mark of Pain","PreservedInsect","Art of War","Torii"],"acts_visited":["Exordium","TheCity","TheBeyond"],"potions_floor_usage":[6,8,16,16,23,23,23,23,27,27,28,33,42,44,44,50],"damage_taken":[{"damage":9,"enemies":"Small Slimes","floor":1,"turns":5},{"damage":11,"enemies":"Jaw Worm","floor":2,"turns":6},{"damage":3,"enemies":"2 Louse","floor":3,"turns":3},{"damage":50,"enemies":"Exordium Thugs","floor":4,"turns":7},{"damage":20,"enemies":"3 Sentries","floor":6,"turns":12},{"damage":25,"enemies":"Gremlin Nob","floor":8,"turns":4},{"damage":12,"enemies":"Gremlin Gang","floor":11,"turns":6},{"damage":22,"enemies":"Large Slime","floor":12,"turns":5},{"damage":10,"enemies":"2 Fungi Beasts","floor":13,"turns":5},{"damage":8,"enemies":"3 Sentries","floor":14,"turns":7},{"damage":18,"enemies":"Hexaghost","floor":16,"turns":10},{"damage":0,"enemies":"Chosen","floor":18,"turns":5},{"damage":48,"enemies":"Spheric Guardian","floor":19,"turns":7},{"damage":15,"enemies":"Chosen and Byrds","floor":20,"turns":7},{"damage":13,"enemies":"Gremlin Leader","floor":23,"turns":7},{"damage":18,"enemies":"3 Cultists","floor":27,"turns":6},{"damage":6,"enemies":"Book of Stabbing","floor":28,"turns":5},{"damage":6,"enemies":"Shelled Parasite and Fungi","floor":29,"turns":4},{"damage":6,"enemies":"Snecko","floor":30,"turns":5},{"damage":13,"enemies":"Cultist and Chosen","floor":31,"turns":6},{"damage":14,"enemies":"Champ","floor":33,"turns":9},{"damage":28,"enemies":"3 Darklings","floor":35,"turns":6},{"damage":5,"enemies":"Orb Walker","floor":36,"turns":5},{"damage":6,"enemies":"Spire Growth","floor":38,"turns":5},{"damage":26,"enemies":"3 Darklings","floor":39,"turns":7},{"damage":12,"enemies":"Sphere and 2 Shapes","floor":41,"turns":6},{"damage":7,"enemies":"Nemesis","floor":42,"turns":7},{"damage":4,"enemies":"Reptomancer","floor":44,"turns":6},{"damage":7,"enemies":"Maw","floor":48,"turns":6},{"damage":61,"enemies":"Time Eater","floor":50,"turns":10}],"seed_played":"-7774498453348461122","potions_obtained":[{"floor":1,"key":"Ancient Potion"},{"floor":4,"key":"ColorlessPotion"},{"floor":6,"key":"Swift Potion"},{"floor":8,"key":"DuplicationPotion"},{"floor":11,"key":"SpeedPotion"},{"floor":14,"key":"Swift Potion"},{"floor":19,"key":"EntropicBrew"},{"floor":23,"key":"FairyPotion"},{"floor":27,"key":"LiquidMemories"},{"floor":29,"key":"Ancient Potion"},{"floor":35,"key":"LiquidMemories"},{"floor":41,"key":"Dexterity Potion"},{"floor":42,"key":"AttackPotion"},{"floor":44,"key":"HeartOfIron"}],"is_trial":false,"path_per_floor":["M","M","M","M","$","E","R","E","T","R","M","M","M","E","R","B",null,"M","M","M","?","$","E","R","?","T","M","E","M","M","M","R","B",null,"M","M","$","M","M","R","M","E","T","E","?","$","$","M","R","B",null],"character_chosen":"IRONCLAD","items_purchased":["Apotheosis","Vajra","ClockworkSouvenir","Impervious","Energy Potion","Torii"],"campfire_rested":3,"item_purchase_floors":[5,5,22,22,37,46],"current_hp_per_floor":[77,72,75,31,31,17,41,22,22,61,55,39,35,33,33,25,69,79,37,32,32,32,25,25,25,25,38,42,46,46,43,43,51,62,44,49,49,53,45,45,55,58,58,60,49,49,49,60,86,47],"gold":30,"neow_bonus":"TWO_FIFTY_GOLD","is_daily":false,"chose_seed":false,"campfire_upgraded":4,"win_rate":0.0,"timestamp":1610614303,"path_taken":["M","M","M","M","$","E","R","E","T","R","M","M","M","E","R","BOSS","M","M","M","?","$","E","R","?","T","M","E","M","M","?","R","BOSS","M","M","$","M","M","R","M","E","T","E","?","?","$","M","R","BOSS"],"items_purchased_type":["Card","Relic","Relic","Card","Potion","Relic"],"build_version":"2020-12-22","purchased_purges":2,"victory":true,"max_hp_per_floor":[80,80,80,80,80,80,80,80,80,80,80,80,80,80,80,84,84,88,88,92,46,46,46,46,46,46,50,54,58,58,62,62,66,66,70,74,74,78,78,78,82,86,86,86,86,86,86,86,86,90],"card_choices":[{"not_picked":["Warcry","Armaments"],"picked":"Body Slam","floor":1},{"not_picked":["Ghostly Armor","Bloodletting"],"picked":"Headbutt","floor":2},{"not_picked":["Second Wind","Disarm"],"picked":"Pummel","floor":3},{"not_picked":["Carnage","Power Through"],"picked":"Feel No Pain","floor":4},{"not_picked":["Armaments","Body Slam"],"picked":"Shockwave","floor":6},{"not_picked":["Anger","Burning Pact"],"picked":"Demon Form","floor":8},{"not_picked":["Body Slam","Havoc"],"picked":"Power Through","floor":11},{"not_picked":["Seeing Red","Perfected Strike"],"picked":"Dark Embrace","floor":12},{"not_picked":["Power Through","True Grit","Clothesline"],"picked":"SKIP","floor":13},{"not_picked":["Wild Strike","Armaments"],"picked":"Feed","floor":14},{"not_picked":["Double Tap","Berserk"],"picked":"Bludgeon","floor":16},{"not_picked":["Flex","Twin Strike"],"picked":"Cleave","floor":18},{"not_picked":["Hemokinesis","Feel No Pain+1"],"picked":"Disarm+1","floor":19},{"not_picked":["Armaments","Dark Embrace"],"picked":"Corruption","floor":20},{"not_picked":["Iron Wave+1","Cleave+1","Anger+1"],"picked":"SKIP","floor":23},{"not_picked":["Pommel Strike","Clash","Headbutt"],"picked":"SKIP","floor":27},{"not_picked":["Power Through","Flex"],"picked":"Offering","floor":28},{"not_picked":["Ghostly Armor","Wild Strike+1","Havoc"],"picked":"SKIP","floor":29},{"not_picked":["Anger+1","Clash"],"picked":"Intimidate+1","floor":30},{"not_picked":["Clash+1","Dropkick"],"picked":"Heavy Blade","floor":31},{"not_picked":["Impervious","Brutality"],"picked":"Barricade","floor":33},{"not_picked":["Sever Soul+1","Searing Blow","Clash"],"picked":"SKIP","floor":35},{"not_picked":["Dark Embrace+1","Sword Boomerang+1","Havoc"],"picked":"SKIP","floor":36},{"not_picked":["Reckless Charge+1","Shrug It Off","Disarm+1"],"picked":"SKIP","floor":38},{"not_picked":["Iron Wave+1","Twin Strike","Anger+1"],"picked":"SKIP","floor":39},{"not_picked":["Armaments","Reckless Charge","Evolve"],"picked":"SKIP","floor":41},{"not_picked":["Rampage","Dark Embrace"],"picked":"Sever Soul","floor":42},{"not_picked":["Armaments+1","Wild Strike"],"picked":"Dual Wield+1","floor":44},{"not_picked":["Power Through+1","Havoc+1","Thunderclap+1"],"picked":"SKIP","floor":48}],"player_experience":285484,"relics_obtained":[{"floor":6,"key":"Potion Belt"},{"floor":8,"key":"Regal Pillow"},{"floor":9,"key":"Ancient Tea Set"},{"floor":14,"key":"Lantern"},{"floor":23,"key":"War Paint"},{"floor":26,"key":"Meat on the Bone"},{"floor":28,"key":"Dream Catcher"},{"floor":42,"key":"PreservedInsect"},{"floor":44,"key":"Art of War"}],"event_choices":[{"damage_healed":0,"gold_gain":0,"player_choice":"Became a Ghost","damage_taken":0,"max_hp_gain":0,"max_hp_loss":46,"event_name":"Ghosts","floor":21,"gold_loss":0,"cards_obtained":["Ghostly","Ghostly","Ghostly","Ghostly","Ghostly"]},{"damage_healed":0,"gold_gain":0,"cards_transformed":["Strike_R","Strike_R"],"player_choice":"Became Test Subject","damage_taken":0,"max_hp_gain":0,"max_hp_loss":0,"event_name":"Drug Dealer","floor":25,"gold_loss":0,"cards_obtained":["Searing Blow","Berserk"]},{"damage_healed":0,"gold_gain":0,"player_choice":"Embrace Madness","damage_taken":11,"max_hp_gain":0,"max_hp_loss":0,"event_name":"Winding Halls","floor":45,"gold_loss":0,"cards_obtained":["Madness","Madness"]}],"is_beta":false,"boss_relics":[{"not_picked":["Runic Cube","Fusion Hammer"],"picked":"Runic Pyramid"},{"not_picked":["Calling Bell","Pandora\u0027s Box"],"picked":"Mark of Pain"}],"items_purged_floors":[5,37],"is_endless":false,"potions_floor_spawned":[1,4,6,8,11,14,19,23,27,29,35,41,42,44],"ascension_level":5}}