{"host":"2xi35nzst5j6xtbr","time":1610623588,"event":{"mods":["BaseMod","Colored Map","Colored Powertips","Dota2Spire","Downfall","Minty Spire (QoL Compilation)","Quick Restart","Replay The Spire","StSLib","The Gatherer","[GremlinLeader]The Maniac","¡¾ÒÅÎï¿¨ÅÆ¡¿REMEMod"],"gold_per_floor":[99,109,126,136,149,181,181,201,214,241,91,91,1,101,114,212,212,212,229,22,39,57,57,81,101,128,19,39,67,67,67,86,183,183,108,121,168,183,13,13,13,13],"floor_reached":40,"language":"ZHS","playtime":4378,"items_purged":["Guardian:Strike_Guardian"],"score":515,"play_id":"39e909de-b6e9-488c-ba93-3037300ba70a","local_time":"20210114192628","is_ascension_mode":false,"campfire_choices":[{"floor":1,"key":"RECALL"},{"data":"Guardian:ShieldSpikes","floor":11,"key":"SMITH"},{"data":"Guardian:SpikerProtocol","floor":18,"key":"SMITH"},{"floor":23,"key":"REST"},{"data":"Guardian:SpikerProtocol","floor":35,"key":"SMITH"}],"circlet_count":0,"master_deck":["Guardian:Strike_Guardian","Guardian:Strike_Guardian+1","Guardian:Defend_Guardian+1","Guardian:Defend_Guardian+1","Guardian:Defend_Guardian+1","Guardian:Defend_Guardian+1","Guardian:CurlUp","Guardian:TwinSlam","Guardian:Reroute","Guardian:SpikerProtocol+1","Guardian:TemporalShield","Guardian:RollAttack+1","Guardian:PiercingHide","Guardian:EvasiveProtocol","Guardian:TimeBomb","Guardian:Suspension","Guardian:ExploitGems","Guardian:Planning","Guardian:Recover","Guardian:ChargeUp","Guardian:ShieldSpikes+1","Guardian:Incinerate","Guardian:ShieldCharger+1","Guardian:SpikerProtocol+1","Guardian:PrismaticBarrier+1","Guardian:ShieldSpikes+1","Replay:SS_hec_4","Guardian:SpikerProtocol+1","Guardian:RevengeProtocol","Guardian:Gem_Lightblue"],"relics":["Guardian:ModeShifterPlus","REME_ComplimentaryCards","REME_IWantAll","Replay:Bottled Eggs","Mango","downfall:HeartBlessingRed","downfall:HeartBlessingBlue","DollysMirror","Dota2Spire:MagicBottle","Mercury Hourglass","downfall:RedIOU","REME_LowDesire","Dream Catcher","Dota2Spire:PowerTreads","downfall:HeartBlessingGreen","Anchor","Dota2Spire:EchoSabre"],"acts_visited":["Exordium","TheCity","TheBeyond"],"potions_floor_usage":[6,10,10,16,16,22,26,27,27,33,39,39],"damage_taken":[{"damage":0,"enemies":"Cultist","floor":2,"turns":3},{"damage":0,"enemies":"Small Slimes","floor":3,"turns":4},{"damage":0,"enemies":"Jaw Worm","floor":4,"turns":5},{"damage":7,"enemies":"Lots of Slimes","floor":5,"turns":5},{"damage":11,"enemies":"Replay:BlueRogue","floor":6,"turns":6},{"damage":0,"enemies":"Red Slaver","floor":8,"turns":5},{"damage":2,"enemies":"2 Fungi Beasts","floor":9,"turns":4},{"damage":5,"enemies":"3 Sentries","floor":10,"turns":6},{"damage":0,"enemies":"downfall:FleeingMerchant","floor":13,"turns":4},{"damage":2,"enemies":"Exordium Thugs","floor":15,"turns":6},{"damage":14,"enemies":"downfall:Watcher","floor":16,"turns":13},{"damage":0,"enemies":"3 Byrds","floor":19,"turns":3},{"damage":0,"enemies":"downfall:FleeingMerchant","floor":20,"turns":4},{"damage":6,"enemies":"Centurion and Healer","floor":21,"turns":8},{"damage":36,"enemies":"Cultist and Chosen","floor":22,"turns":7},{"damage":0,"enemies":"Snecko","floor":25,"turns":8},{"damage":0,"enemies":"Gremlin Leader","floor":26,"turns":9},{"damage":0,"enemies":"downfall:FleeingMerchant","floor":27,"turns":4},{"damage":0,"enemies":"Snake Plant","floor":28,"turns":3},{"damage":0,"enemies":"REME_1_Revenger","floor":29,"turns":7},{"damage":2,"enemies":"Chosen and Byrds","floor":32,"turns":4},{"damage":42,"enemies":"downfall:Defect","floor":33,"turns":14},{"damage":0,"enemies":"3 Darklings","floor":36,"turns":5},{"damage":23,"enemies":"Orb Walker","floor":38,"turns":6},{"damage":0,"enemies":"downfall:FleeingMerchant","floor":39,"turns":4},{"damage":58,"enemies":"Giant Head","floor":40,"turns":13}],"seed_played":"-4947699187950952606","potions_obtained":[{"floor":3,"key":"Swift Potion"},{"floor":6,"key":"SpeedPotion"},{"floor":8,"key":"Fire Potion"},{"floor":9,"key":"Fire Potion"},{"floor":15,"key":"SpeedPotion"},{"floor":21,"key":"Fire Potion"},{"floor":22,"key":"Fire Potion"},{"floor":25,"key":"FearPotion"},{"floor":28,"key":"Dexterity Potion"},{"floor":37,"key":"AttackPotion"},{"floor":37,"key":"AttackPotion"}],"is_trial":false,"path_per_floor":["R","M","M","M","M","E","T","M","M","E","R","?","$","?","M","B",null,"R","M","$","M","M","R","T","M","E","$","M","E","?","?","M","B",null,"R","M","?","M","$","E"],"character_chosen":"GUARDIAN","items_purchased":["DollysMirror","Dexterity Potion","Replay:SS_hec_4","Dota2Spire:EchoSabre"],"campfire_rested":1,"item_purchase_floors":[20,20,27,39],"current_hp_per_floor":[72,75,75,78,74,66,66,66,64,73,83,83,83,83,81,67,108,108,108,108,102,66,98,98,98,98,98,98,98,98,98,96,66,108,108,108,81,58,58,0,0,0],"gold":13,"neow_bonus":"ONE_RARE_RELIC","is_daily":false,"chose_seed":false,"campfire_upgraded":3,"win_rate":0.0,"timestamp":1610623588,"path_taken":["R","M","M","M","?","E","T","M","M","E","R","?","$","?","M","BOSS","R","M","$","M","M","R","T","M","E","$","M","E","?","?","M","BOSS","R","M","?","?","$","E"],"items_purchased_type":["Relic","Potion","Card","Relic"],"build_version":"2020-12-22","purchased_purges":1,"victory":false,"max_hp_per_floor":[72,75,75,78,81,84,84,84,84,98,108,108,108,108,108,108,108,108,108,108,108,108,108,108,108,108,108,108,108,108,108,108,108,108,108,108,108,108,108,108,108,108],"card_choices":[{"not_picked":["Guardian:Reroute","Guardian:SpikerProtocol","Guardian:TemporalShield"],"picked":"Singing Bowl","floor":2},{"not_picked":["Guardian:Harden","Guardian:PrimingBeam"],"picked":"Guardian:Gem_Cyan","floor":3},{"not_picked":["Guardian:Gem_Cyan","Guardian:RollAttack","Guardian:PiercingHide"],"picked":"Singing Bowl","floor":4},{"not_picked":["Guardian:EvasiveProtocol","Guardian:TimeBomb","Guardian:Suspension"],"picked":"Singing Bowl","floor":5},{"not_picked":["Guardian:ExploitGems","Guardian:Planning","Guardian:Gem_Cyan"],"picked":"SKIP","floor":6},{"not_picked":["Guardian:ExploitGems","Guardian:Planning","Guardian:Gem_Cyan"],"picked":"Singing Bowl","floor":6},{"not_picked":["Guardian:ChargeCore","Guardian:RollAttack"],"picked":"Guardian:Recover","floor":8},{"not_picked":["Guardian:VentSteam","Guardian:TemporalStrike"],"picked":"Guardian:ChargeUp","floor":9},{"not_picked":["Guardian:Gem_Green","Guardian:Gem_White"],"picked":"Guardian:ShieldSpikes","floor":10},{"not_picked":["Guardian:PrimingBeam","Guardian:PiercingHide"],"picked":"Guardian:Gem_Cyan","floor":13},{"not_picked":["Guardian:TemporalShield","Guardian:Gem_Orange"],"picked":"Guardian:Incinerate","floor":15},{"not_picked":["Guardian:SphericShield","Guardian:StasisStrike"],"picked":"Guardian:Gem_Synthetic","floor":16},{"not_picked":["Guardian:WalkerClaw","Guardian:Repulse"],"picked":"Guardian:ShieldCharger+1","floor":19},{"not_picked":["Guardian:Incinerate","Guardian:DecasProtection","Guardian:Planning"],"picked":"SKIP","floor":20},{"not_picked":["Guardian:Gem_Green","Guardian:WalkerClaw"],"picked":"Guardian:PrismaticBarrier+1","floor":21},{"not_picked":["Guardian:Clone","Guardian:ShieldCharger+1"],"picked":"Guardian:Gem_Green","floor":22},{"not_picked":["Guardian:Reroute","Guardian:WalkerClaw+1","Guardian:VentSteam+1"],"picked":"SKIP","floor":25},{"not_picked":["Guardian:Incinerate","Guardian:ChargeCore"],"picked":"Guardian:ShieldSpikes+1","floor":26},{"not_picked":["Guardian:PrismaticBarrier","Guardian:ShieldCharger","Guardian:SentryBeam"],"picked":"SKIP","floor":27},{"not_picked":["Guardian:Incinerate","Guardian:Gem_Red"],"picked":"Guardian:Gem_Lightblue","floor":28},{"not_picked":["Guardian:BronzeOrb+1","Guardian:SentryBeam"],"picked":"Guardian:SpikerProtocol","floor":29},{"not_picked":["Guardian:DonusPower+1","Guardian:TemporalShield","Guardian:Gem_White"],"picked":"SKIP","floor":32},{"not_picked":["Guardian:FastForward","Guardian:HyperBeam_Guardian"],"picked":"Guardian:RevengeProtocol","floor":33},{"not_picked":["Guardian:Gem_Fragmented","Guardian:Gem_Red","Guardian:WalkerClaw","REME_WheelOfFate"],"picked":"SKIP","floor":36},{"not_picked":["Guardian:WalkerClaw+1","Guardian:PrismaticBarrier","Impatience"],"picked":"Guardian:Gem_Lightblue","floor":37},{"not_picked":["Guardian:CrystalBeam","Guardian:TemporalShield","Guardian:PrismaticBarrier+1","Replay:SS_hec_4"],"picked":"SKIP","floor":38},{"not_picked":["Guardian:Gem_Cyan","Guardian:StasisStrike","Guardian:VentSteam+1","expansioncontent:Chronoboost+1"],"picked":"SKIP","floor":39}],"player_experience":111911,"relics_obtained":[{"floor":6,"key":"Replay:Bottled Eggs"},{"floor":10,"key":"Mango"},{"floor":24,"key":"Whetstone"},{"floor":26,"key":"Dota2Spire:MagicBottle"},{"floor":29,"key":"Mercury Hourglass"},{"floor":34,"key":"Dream Catcher"},{"floor":34,"key":"Dota2Spire:PowerTreads"},{"floor":37,"key":"Anchor"}],"event_choices":[],"is_beta":false,"boss_relics":[{"not_picked":["Painkiller Herb","REME_DemonsWealth"],"picked":"Guardian:ModeShifterPlus"},{"not_picked":["SacredBark","Calling Bell"],"picked":"REME_LowDesire"}],"items_purged_floors":[13],"is_endless":false,"potions_floor_spawned":[3,6,8,9,15,21,22,25,28],"killed_by":"Giant Head","ascension_level":0}}