{"host":"kg61lsvem4dxoat8","time":1610598728,"event":{"mods":["BaseMod","Colored Powertips","Minty Spire (QoL Compilation)","Quick Restart","Rare Cards Sparkle","Relic Stats","slay the spire mod where everything is the same but ironclad has a cowboy hat"],"gold_per_floor":[114,114,189,200,41,69,89,117,117,135,164,176,186,215,215,316,316,316,316],"floor_reached":18,"language":"ENG","playtime":8203,"items_purged":["Strike_R"],"score":279,"play_id":"37115082-c08c-43a0-b402-f898aa18528d","local_time":"20210114123208","is_ascension_mode":true,"campfire_choices":[{"floor":15,"key":"REST"}],"circlet_count":0,"master_deck":["Strike_R","Strike_R","Strike_R","Strike_R","Defend_R","Defend_R","Defend_R","Defend_R","Bash","Shrug It Off","Swift Strike","Carnage","Spot Weakness+1","Rage+1","Feed"],"relics":["Burning Blood","NeowsBlessing","Toxic Egg 2","Girya","Champion Belt","Akabeko","Odd Mushroom","SacredBark"],"acts_visited":["Exordium","TheCity"],"potions_floor_usage":[11,16],"damage_taken":[{"damage":0,"enemies":"Cultist","floor":1,"turns":1},{"damage":0,"enemies":"2 Louse","floor":4,"turns":1},{"damage":0,"enemies":"Lagavulin","floor":6,"turns":1},{"damage":12,"enemies":"Jaw Worm","floor":7,"turns":2},{"damage":28,"enemies":"Gremlin Nob","floor":8,"turns":4},{"damage":15,"enemies":"2 Fungi Beasts","floor":10,"turns":3},{"damage":35,"enemies":"Lagavulin","floor":11,"turns":5},{"damage":5,"enemies":"Exordium Wildlife","floor":12,"turns":3},{"damage":1,"enemies":"Red Slaver","floor":13,"turns":2},{"damage":13,"enemies":"The Mushroom Lair","floor":14,"turns":4},{"damage":35,"enemies":"The Guardian","floor":16,"turns":11},{"damage":0,"enemies":"3 Byrds","floor":18,"turns":2}],"seed_played":"-957846978674662749","potions_obtained":[{"floor":6,"key":"GamblersBrew"},{"floor":7,"key":"PowerPotion"},{"floor":10,"key":"Fire Potion"},{"floor":11,"key":"Ancient Potion"},{"floor":16,"key":"DuplicationPotion"}],"is_trial":false,"path_per_floor":["M","?","?","M","$","E","M","E","T","M","E","M","M","?","R","B",null,"M"],"character_chosen":"IRONCLAD","items_purchased":["Swift Strike"],"campfire_rested":1,"item_purchase_floors":[5],"current_hp_per_floor":[78,83,72,78,78,84,78,56,56,47,18,19,24,17,42,13,67,67,67],"gold":316,"neow_bonus":"THREE_ENEMY_KILL","is_daily":false,"chose_seed":false,"campfire_upgraded":0,"win_rate":0.0,"timestamp":1610598728,"path_taken":["M","?","?","M","?","E","M","E","T","M","E","M","M","?","R","BOSS","M"],"items_purchased_type":["Card"],"build_version":"2020-12-22","purchased_purges":1,"victory":false,"max_hp_per_floor":[80,85,85,85,85,85,85,85,85,85,85,85,85,85,85,85,85,85,85],"relic_stats":{"counters":[12,39],"Champion Belt":[5],"obtain_stats":[{"Girya":8,"NeowsBlessing":0,"SacredBark":17,"Champion Belt":9,"Toxic Egg 2":6,"Odd Mushroom":14,"Burning Blood":0,"Akabeko":11},{"Girya":5,"NeowsBlessing":0,"SacredBark":11,"Champion Belt":5,"Toxic Egg 2":3,"Odd Mushroom":10,"Burning Blood":0,"Akabeko":7},{"Girya":9,"NeowsBlessing":0,"SacredBark":37,"Champion Belt":9,"Toxic Egg 2":3,"Odd Mushroom":26,"Burning Blood":0,"Akabeko":17}],"Burning Blood":66},"card_choices":[{"not_picked":["Body Slam","Sword Boomerang","Thunderclap"],"picked":"SKIP","floor":1},{"not_picked":["Clothesline","Headbutt"],"picked":"Shrug It Off","floor":4},{"not_picked":["Offering+1","Headbutt","Intimidate+1"],"picked":"SKIP","floor":6},{"not_picked":["Wild Strike","Shrug It Off+1"],"picked":"Carnage","floor":7},{"not_picked":["Combust","Wild Strike"],"picked":"Spot Weakness+1","floor":8},{"not_picked":["Body Slam","Heavy Blade","Reckless Charge"],"picked":"SKIP","floor":10},{"not_picked":["Corruption","Perfected Strike","Burning Pact+1"],"picked":"SKIP","floor":11},{"not_picked":["Fire Breathing","Pummel","Whirlwind"],"picked":"SKIP","floor":12},{"not_picked":["Pommel Strike","Reckless Charge","Pummel"],"picked":"SKIP","floor":13},{"not_picked":["Pommel Strike","Clash"],"picked":"Rage+1","floor":14},{"not_picked":["Brutality","Offering+1"],"picked":"Feed","floor":16}],"player_experience":1329710,"relics_obtained":[{"floor":6,"key":"Toxic Egg 2"},{"floor":8,"key":"Girya"},{"floor":9,"key":"Champion Belt"},{"floor":11,"key":"Akabeko"},{"floor":14,"key":"Odd Mushroom"}],"event_choices":[{"damage_healed":0,"gold_gain":0,"player_choice":"Donut","damage_taken":0,"max_hp_gain":5,"max_hp_loss":0,"event_name":"Big Fish","floor":2,"gold_loss":0},{"damage_healed":0,"gold_gain":75,"player_choice":"Gather Gold","damage_taken":11,"max_hp_gain":0,"max_hp_loss":0,"event_name":"World of Goop","floor":3,"gold_loss":0},{"damage_healed":0,"gold_gain":0,"player_choice":"Fought Mushrooms","damage_taken":0,"max_hp_gain":0,"max_hp_loss":0,"event_name":"Mushrooms","floor":14,"gold_loss":0}],"is_beta":false,"boss_relics":[{"not_picked":["Runic Pyramid","Sozu"],"picked":"SacredBark"}],"items_purged_floors":[5],"is_endless":false,"potions_floor_spawned":[6,7,10,11,12,16],"killed_by":"3 Byrds","ascension_level":7}}