{"host":"6jrnojxwearbrjzo","time":1610633983,"event":{"mods":["BaseMod","Conspire","Highlight Path","Marisa（F雨　魔理沙）","Minty Spire (QoL Compilation)","MostiFishMod","Quick Restart","Random Character Button","RumiaBox-露米娅的神秘盒子","Shop Mod","Spicy Shops","StSLib","The Construct","The Servant 0.9.4","Yuyuko","[功能]功能增强和修复MOD","vexMod","篝火指南"],"gold_per_floor":[117,117,3,15,15,43,43,7,7,7,182,38,59,86,86,206,206,227,227,5,5,5,0,99,99,99,134,148,123,158,158,0,0,0],"floor_reached":33,"language":"ZHS","playtime":1362,"items_purged":["Injury","Doubt","Dreamy Sakura","Writhe"],"score":400,"play_id":"141d4e82-12f9-4047-8914-d22ab48652d2","local_time":"20210114221943","is_ascension_mode":false,"campfire_choices":[{"data":"Elegance","floor":10,"key":"SMITH"},{"data":"Postpone Bloom","floor":15,"key":"SMITH"}],"circlet_count":0,"master_deck":["Fantasy Butterflies+1","Fantasy Butterflies+1","Fantasy Butterflies+1","Fantasy Butterflies+1","Dreamy Sakura","Dreamy Sakura","Dreamy Sakura","Dreamy Sakura","Deathly Ground","Float on Moon","Redemption of Death","Elegance+1","Panache","Final of Final","Lunch","Postpone Bloom+1","Infinite Reviving","Linger over Flower","Gone+1"],"relics":["Coronal","Yuyuko\u0027s fan","DaveBox","ShadowXiaoBlade","SynthV:TestCard","Trap Lamp","MostiFishMod:AdaptiveDefenses","Ghost Lamp","Toy Ornithopter","Bloody Idol","Whetstone","Trip to Hell","TheAbacus","conspire:Dentures","Happy Flower","conspire:TreasureMap","Dream Catcher","RhineCircuit","BirthdayGift-Tetrahedron","Akabeko","MealTicket","InkBottle","Bag of Marbles","Enchiridion","MetatronsCube"],"acts_visited":["Exordium","TheCity"],"potions_floor_usage":[3,13,18,33,33,33],"damage_taken":[{"damage":1,"enemies":"2 Louse","floor":1,"turns":1},{"damage":8,"enemies":"Cultist","floor":4,"turns":3},{"damage":9,"enemies":"Gremlin Nob","floor":6,"turns":3},{"damage":11,"enemies":"Small Slimes","floor":13,"turns":2},{"damage":34,"enemies":"The Guardian","floor":16,"turns":4},{"damage":4,"enemies":"3 Byrds","floor":18,"turns":4},{"damage":4,"enemies":"conspire:SneckoGhost","floor":27,"turns":2},{"damage":2,"enemies":"Shell Parasite","floor":28,"turns":1},{"damage":12,"enemies":"Slavers","floor":30,"turns":2},{"damage":1,"enemies":"Automaton","floor":33,"turns":1}],"seed_played":"-5602158080677266513","potions_obtained":[{"floor":1,"key":"DuplicationPotion"},{"floor":4,"key":"DuplicationPotion"},{"floor":6,"key":"SkillPotion"},{"floor":13,"key":"SteroidPotion"},{"floor":16,"key":"LiquidMemories"},{"floor":27,"key":"CultistPotion"}],"is_trial":false,"path_per_floor":["M","?","$","M","?","E","?","$","T","R","?","$","M","T","R","B",null,"M","?","$","?","?","$","?","?","T","E","M","?","E","?","R","B"],"character_chosen":"YUYOKO","items_purchased":["Trap Lamp","Panache","MostiFishMod:AdaptiveDefenses","Ghost Lamp","Fruit Juice","Whetstone","TheAbacus","conspire:Dentures","Happy Flower","conspire:TreasureMap","BirthdayGift-Tetrahedron","MetatronsCube"],"campfire_rested":0,"item_purchase_floors":[3,3,3,3,3,8,12,12,12,12,20,32],"current_hp_per_floor":[39,39,44,41,32,36,36,36,36,36,36,36,36,36,36,25,45,41,41,41,41,41,41,45,45,45,45,45,45,42,26,26,0,0],"gold":0,"neow_bonus":"ONE_RANDOM_RARE_CARD","is_daily":false,"chose_seed":false,"campfire_upgraded":2,"win_rate":0.0,"timestamp":1610633983,"path_taken":["M","?","$","?","?","E","?","$","T","R","?","?","?","?","R","BOSS","M","?","$","?","?","?","?","?","T","E","?","?","E","?","R","BOSS"],"items_purchased_type":["Card","Card","Relic","Relic","Potion","Relic","Relic","Relic","Relic","Relic","Relic","Relic"],"build_version":"2020-12-22","purchased_purges":4,"victory":false,"max_hp_per_floor":[40,40,45,45,45,45,45,45,45,45,45,45,45,45,45,45,45,45,45,45,45,45,45,45,45,45,45,45,45,45,45,45,45,45],"card_choices":[{"not_picked":["Gauzy Sakura","City of Death"],"picked":"Redemption of Death","floor":1},{"not_picked":["The Forgotten Winter","Unstable Ward","Death Dancing","Spear of Papilio"],"picked":"Final of Final","floor":4},{"not_picked":["Steamed Phantom","Reverse The Screen","Showy Withering","Immigrant Phantom"],"picked":"Lunch","floor":6},{"not_picked":["Remain Here","Trap Lamp","Linger over Flower","Sweet of Phantom"],"picked":"Postpone Bloom","floor":13},{"not_picked":["Dying Dream","The Inky Sakura","Ghastly Dream","Scenery of Papilio"],"picked":"Infinite Reviving","floor":16},{"not_picked":["Butterflies Rainbow","Immigrant Phantom","Unknown Petal","End of Faramita+1"],"picked":"Linger over Flower","floor":18},{"not_picked":["Dark Wind","Nihility+1","All Wander+1","Postpone Bloom","Reverse The Screen"],"picked":"SKIP","floor":27},{"not_picked":["Dark Wind+1","Gather the Spring","City of Death","Become Phantom","Remain Here"],"picked":"SKIP","floor":28},{"not_picked":["Triple Snow","Chase The Sukhavati","Revive The Butterflies","Snow+1"],"picked":"Gone+1","floor":30}],"player_experience":67871,"relics_obtained":[{"floor":1,"key":"SynthV:TestCard"},{"floor":6,"key":"Toy Ornithopter"},{"floor":9,"key":"Trip to Hell"},{"floor":14,"key":"Dream Catcher"},{"floor":26,"key":"MealTicket"},{"floor":27,"key":"InkBottle"},{"floor":30,"key":"Bag of Marbles"},{"floor":31,"key":"Enchiridion"}],"event_choices":[{"damage_healed":0,"gold_gain":0,"cards_transformed":["Faramita\u0027s Temptation"],"player_choice":"Transformed","damage_taken":0,"max_hp_gain":0,"max_hp_loss":0,"event_name":"Transmorgrifier","floor":2,"gold_loss":0,"cards_obtained":["Elegance"]},{"damage_healed":0,"gold_gain":0,"player_choice":"Entered Light","damage_taken":9,"max_hp_gain":0,"max_hp_loss":0,"event_name":"Shining Light","floor":5,"gold_loss":0,"cards_upgraded":["Fantasy Butterflies","Fantasy Butterflies"]},{"damage_healed":0,"gold_gain":0,"player_choice":"Take Wound","damage_taken":0,"relics_obtained":["Golden Idol"],"max_hp_gain":0,"max_hp_loss":0,"event_name":"Golden Idol","floor":7,"gold_loss":0,"cards_obtained":["Injury"]},{"damage_healed":0,"gold_gain":175,"player_choice":"AGREE","damage_taken":0,"max_hp_gain":0,"max_hp_loss":0,"event_name":"Liars Game","floor":11,"gold_loss":0,"cards_obtained":["Doubt"]},{"cards_removed":["Fantasy Butterflies"],"damage_healed":0,"gold_gain":0,"player_choice":"Elegance","damage_taken":0,"max_hp_gain":0,"max_hp_loss":0,"event_name":"Back to Basics","floor":19,"gold_loss":0},{"damage_healed":0,"gold_gain":0,"player_choice":"Gave Idol","damage_taken":0,"relics_obtained":["Bloody Idol"],"max_hp_gain":0,"max_hp_loss":0,"event_name":"Forgotten Altar","floor":21,"relics_lost":["Golden Idol"],"gold_loss":0},{"damage_healed":0,"gold_gain":0,"player_choice":"Opened","damage_taken":0,"relics_obtained":["Akabeko"],"max_hp_gain":0,"max_hp_loss":0,"event_name":"The Mausoleum","floor":22,"gold_loss":0,"cards_obtained":["Writhe"]},{"damage_healed":0,"gold_gain":99,"player_choice":"Stole From Cult","damage_taken":0,"max_hp_gain":0,"max_hp_loss":0,"event_name":"Nest","floor":24,"gold_loss":0},{"damage_healed":0,"gold_gain":0,"player_choice":"Bought 0 Potions","damage_taken":0,"max_hp_gain":0,"max_hp_loss":0,"event_name":"The Woman in Blue","floor":25,"gold_loss":0},{"damage_healed":0,"gold_gain":0,"player_choice":"Obtained Book","damage_taken":16,"max_hp_gain":0,"max_hp_loss":0,"event_name":"Cursed Tome","floor":31,"gold_loss":0}],"is_beta":false,"boss_relics":[{"not_picked":["Transparent","GreenFoldingFan"],"picked":"RhineCircuit"}],"items_purged_floors":[8,12,20,23],"is_endless":false,"potions_floor_spawned":[1,4,6,13,13,13,16,18,27,27,27,30,30],"killed_by":"Automaton","ascension_level":0}}