{"host":"cny2hboix4qtzjgl","time":1610636003,"event":{"mods":["AchievementEnabler","BaseMod","Colored Map","Colored Powertips","Highlight Path","Minty Spire (QoL Compilation)","Relic Stats","Shop Mod","StSLib"],"gold_per_floor":[109,3,18,18,28,28,61,61,87,114,114,124,142,155,155,155,155],"floor_reached":16,"language":"ZHS","playtime":531,"items_purged":[],"score":112,"play_id":"bd905895-790e-4e3a-a32a-eeffd8005c97","local_time":"20210114225323","is_ascension_mode":false,"campfire_choices":[{"data":"Discovery","floor":6,"key":"SMITH"},{"data":"Creative AI","floor":8,"key":"SMITH"},{"floor":15,"key":"REST"}],"circlet_count":0,"master_deck":["Strike_B","Strike_B","Strike_B","Strike_B","Defend_B","Defend_B","Defend_B","Defend_B","Discovery+1","Conserve Battery","Sunder","Rip and Tear","Reprogram","White Noise","Creative AI+1","Meteor Strike+1","Chill","White Noise","Gash+1"],"relics":["Cracked Core","Potion Belt","Lantern","Molten Egg 2"],"acts_visited":["Exordium"],"potions_floor_usage":[14],"damage_taken":[{"damage":1,"enemies":"Cultist","floor":1,"turns":3},{"damage":0,"enemies":"2 Louse","floor":3,"turns":1},{"damage":0,"enemies":"Small Slimes","floor":5,"turns":3},{"damage":14,"enemies":"Lagavulin","floor":7,"turns":6},{"damage":29,"enemies":"Gremlin Nob","floor":10,"turns":4},{"damage":1,"enemies":"Exordium Thugs","floor":12,"turns":4},{"damage":17,"enemies":"Large Slime","floor":13,"turns":7},{"damage":0,"enemies":"3 Louse","floor":14,"turns":2},{"damage":30,"enemies":"Slime Boss","floor":16,"turns":3}],"seed_played":"8850478338840036267","potions_obtained":[{"floor":3,"key":"Strength Potion"},{"floor":5,"key":"SteroidPotion"},{"floor":10,"key":"SneckoOil"},{"floor":14,"key":"FocusPotion"}],"is_trial":false,"path_per_floor":["M","$","M","?","M","R","E","R","T","E","?","M","M","M","R","B"],"character_chosen":"DEFECT","items_purchased":["Sunder","Rip and Tear"],"campfire_rested":1,"item_purchase_floors":[2,2],"current_hp_per_floor":[74,74,74,67,67,67,53,53,53,24,24,23,6,6,28,0,0],"gold":155,"neow_bonus":"RANDOM_COLORLESS","is_daily":false,"chose_seed":false,"campfire_upgraded":2,"win_rate":0.0,"timestamp":1610636003,"path_taken":["M","?","M","?","M","R","E","R","T","E","?","M","?","M","R","BOSS"],"items_purchased_type":["Card","Card"],"build_version":"2020-12-22","purchased_purges":0,"victory":false,"max_hp_per_floor":[75,75,75,75,75,75,75,75,75,75,75,75,75,75,75,75,75],"relic_stats":{"counters":[9,33],"obtain_stats":[{"Potion Belt":7,"Lantern":9,"Molten Egg 2":10,"Cracked Core":0},{"Potion Belt":4,"Lantern":4,"Molten Egg 2":5,"Cracked Core":0},{"Potion Belt":13,"Lantern":13,"Molten Egg 2":17,"Cracked Core":0}]},"card_choices":[{"not_picked":["Trip","Panacea"],"picked":"Discovery","floor":0},{"not_picked":["Sweeping Beam","Leap"],"picked":"Conserve Battery","floor":1},{"not_picked":["Beam Cell","Force Field"],"picked":"Reprogram","floor":3},{"not_picked":["Turbo","Self Repair"],"picked":"White Noise","floor":5},{"not_picked":["Scrape","Turbo"],"picked":"Creative AI","floor":7},{"not_picked":["Chaos","Redo","Cold Snap+1"],"picked":"SKIP","floor":10},{"not_picked":["Cold Snap+1","Ball Lightning+1"],"picked":"Chill","floor":12},{"not_picked":["Gash+1","Stack"],"picked":"White Noise","floor":13},{"not_picked":["Skim","Barrage+1"],"picked":"Gash+1","floor":14}],"player_experience":89991,"relics_obtained":[{"floor":7,"key":"Potion Belt"},{"floor":9,"key":"Lantern"},{"floor":10,"key":"Molten Egg 2"}],"event_choices":[{"cards_removed":["Zap"],"damage_healed":0,"gold_gain":0,"player_choice":"Card Removal","damage_taken":7,"max_hp_gain":0,"max_hp_loss":0,"event_name":"Golden Wing","floor":4,"gold_loss":0},{"damage_healed":0,"gold_gain":0,"cards_transformed":["Dualcast"],"player_choice":"Transformed","damage_taken":0,"max_hp_gain":0,"max_hp_loss":0,"event_name":"Transmorgrifier","floor":11,"gold_loss":0,"cards_obtained":["Meteor Strike"]}],"is_beta":false,"boss_relics":[],"items_purged_floors":[],"is_endless":false,"potions_floor_spawned":[3,5,10,14],"killed_by":"Slime Boss","ascension_level":0}}