{"host":"pn0n58vrtcysp2am","time":1610612413,"event":{"mods":["100% Spire Juice","ATMod(∞¢Ë™Mod)","Act Like it!","Arknights The Spire","BaseMod","CapriCore","Friendly Minions","Minty Spire (QoL Compilation)","READ ME - Guardian Mod","Remilia£®¿Ÿ√◊¿Ú—«£©","StSLib","The Immortal","WarShipGirlsR/’ΩΩ¢…Ÿ≈ÆR mod","Youmu£®ªÍ∆«—˝√Œ£©","°æ“≈ŒÔø®≈∆°øREMEMod"],"gold_per_floor":[109,125,142,92,267,267,294,294,317,317,349,368,386,214,214,311,311,327,29,48,66,66,66,79,79,79,79,103,121,121,121],"floor_reached":30,"language":"ZHS","playtime":1196,"items_purged":["Doubt","ats:Strike C"],"score":265,"play_id":"03f55c2a-770e-45d6-af43-e9e299e1c9db","local_time":"20210114162013","is_ascension_mode":false,"campfire_choices":[{"data":"ats:Ambush","floor":6,"key":"SMITH"},{"data":"AT_Desolate","floor":8,"key":"SMITH"},{"data":"ats:Soul Rend","floor":15,"key":"SMITH"},{"data":"ats:Echo Reverb","floor":23,"key":"SMITH"},{"data":"ats:Emotion Absorption","floor":27,"key":"SMITH"}],"circlet_count":0,"master_deck":["ats:Strike G","ats:Strike S","ats:Armor Crushing Shot","ats:Defend","ats:Defend","ats:Defend","ats:Defend","ats:Emotion Absorption+1","Machine Learning","AT_Desolate+1","ats:Apocalypse","ats:Ambush+1","ats:Poison Spread","ats:Flexible Camouflage","ats:Song Of Battle","ats:Apocalypse","ats:Soul Rend+1","ats:Cat Scratch","ats:Spore Proliferation","ats:Echo Reverb+1","ats:Poison Spread+1","ats:Shell Defense","ats:Red Shift+1","ats:Sword Rain","Pride","Shame","ats:Part Time Job"],"relics":["ats:Sanity","REME_ComplimentaryCards","AT_ATBox","Regal Pillow","ats:Originium","Strawberry","AT_ChloranthyRing","Nunchaku","ats:Berate","REME_ChargedStone","ats:Attack","GreatHeart","Blood Vial","ats:Military Tradition","Happy Flower"],"acts_visited":["Exordium","TheCity"],"potions_floor_usage":[12,16,16,20,30,30,30],"damage_taken":[{"damage":1,"enemies":"Jaw Worm","floor":1,"turns":3},{"damage":9,"enemies":"Small Slimes","floor":2,"turns":3},{"damage":10,"enemies":"Cultist","floor":3,"turns":4},{"damage":14,"enemies":"Gremlin Nob","floor":7,"turns":5},{"damage":0,"enemies":"Lagavulin","floor":11,"turns":6},{"damage":14,"enemies":"3 Louse","floor":12,"turns":5},{"damage":15,"enemies":"Looter","floor":13,"turns":4},{"damage":45,"enemies":"The Guardian","floor":16,"turns":15},{"damage":29,"enemies":"Chosen","floor":18,"turns":7},{"damage":8,"enemies":"Shell Parasite","floor":20,"turns":7},{"damage":31,"enemies":"Shelled Parasite and Fungi","floor":21,"turns":5},{"damage":19,"enemies":"Snake Plant","floor":24,"turns":4},{"damage":52,"enemies":"Cultist and Chosen","floor":29,"turns":7},{"damage":13,"enemies":"3 Cultists","floor":30,"turns":3}],"seed_played":"9018796336773519828","potions_obtained":[{"floor":1,"key":"SteroidPotion"},{"floor":3,"key":"Energy Potion"},{"floor":11,"key":"ats:Top Emergency Sanity Potion"},{"floor":12,"key":"FearPotion"},{"floor":18,"key":"LiquidBronze"},{"floor":20,"key":"REME_GoldPotion"},{"floor":29,"key":"ats:Top Emergency Sanity Potion"}],"is_trial":false,"path_per_floor":["M","M","M","?","?","R","E","R","T","T","E","M","M","$","R","B",null,"M","$","M","M","?","R","M","?","T","R","T","M","M"],"character_chosen":"DOCTOR_CLASS","items_purchased":["ats:Cat Scratch","ats:Spore Proliferation","ats:Attack","ats:Shell Defense"],"campfire_rested":0,"item_purchase_floors":[14,14,19,19],"current_hp_per_floor":[71,62,60,60,60,60,53,53,53,53,53,47,40,40,40,43,79,60,60,64,50,50,50,39,39,39,39,39,12,14,14],"gold":121,"neow_bonus":"RANDOM_COMMON_RELIC","is_daily":false,"chose_seed":false,"campfire_upgraded":5,"win_rate":0.0,"timestamp":1610612413,"path_taken":["M","M","M","?","?","R","E","R","T","?","E","M","M","$","R","BOSS","M","$","M","M","?","R","M","?","T","R","?","?","M"],"items_purchased_type":["Card","Card","Relic","Card"],"build_version":"2020-12-22","purchased_purges":2,"victory":false,"max_hp_per_floor":[72,72,72,72,72,72,79,79,79,79,79,79,79,79,79,79,79,79,79,79,79,79,79,79,79,79,79,79,79,79,79],"card_choices":[{"not_picked":["ats:Hammer On","ats:Shell Defense"],"picked":"ats:Apocalypse","floor":1},{"not_picked":["ats:Cat Scratch","ats:Poison Spread"],"picked":"ats:Ambush","floor":2},{"not_picked":["ats:Assault Order","ats:Hammer On"],"picked":"ats:Poison Spread","floor":3},{"not_picked":["ats:Curse Doll","ats:Leaping Hammer"],"picked":"ats:Flexible Camouflage","floor":7},{"not_picked":["ats:Cat Scratch","ats:Mental Burst"],"picked":"ats:Song Of Battle","floor":11},{"not_picked":["ats:Flexible Camouflage","ats:Closed Bolt Burst Fire"],"picked":"ats:Apocalypse","floor":12},{"not_picked":["ats:Flexible Camouflage","ats:Revitalization"],"picked":"ats:Soul Rend","floor":13},{"not_picked":["ats:Wolf Pack","ats:Durian"],"picked":"ats:Echo Reverb","floor":16},{"not_picked":["ats:Song Of Battle","ats:Flexible Camouflage"],"picked":"ats:Poison Spread+1","floor":18},{"not_picked":["ats:Ignite","ats:Poison Spread+1"],"picked":"ats:Red Shift+1","floor":20},{"not_picked":["ats:Assault Order","ats:Hammer On+1"],"picked":"ats:Sword Rain","floor":21},{"not_picked":["ats:Leaping Hammer","ats:Spore Proliferation","ats:Hammer On"],"picked":"SKIP","floor":24},{"not_picked":["ats:Curse Doll","ats:Rapid Magazine"],"picked":"ats:Part Time Job","floor":29}],"player_experience":24373,"relics_obtained":[{"floor":7,"key":"ats:Originium"},{"floor":7,"key":"Strawberry"},{"floor":9,"key":"AT_ChloranthyRing"},{"floor":10,"key":"Nunchaku"},{"floor":11,"key":"ats:Originium"},{"floor":11,"key":"ats:Berate"},{"floor":26,"key":"ats:Military Tradition"},{"floor":28,"key":"Happy Flower"}],"event_choices":[{"cards_removed":["ats:Strike V"],"damage_healed":0,"gold_gain":0,"player_choice":"Card Removal","damage_taken":0,"max_hp_gain":0,"max_hp_loss":0,"event_name":"The Cleric","floor":4,"gold_loss":50},{"damage_healed":0,"gold_gain":175,"player_choice":"AGREE","damage_taken":0,"max_hp_gain":0,"max_hp_loss":0,"event_name":"Liars Game","floor":5,"gold_loss":0,"cards_obtained":["Doubt"]},{"damage_healed":0,"gold_gain":0,"player_choice":"Stole Relic","damage_taken":0,"relics_obtained":["Blood Vial"],"max_hp_gain":0,"max_hp_loss":0,"event_name":"Addict","floor":25,"gold_loss":0,"cards_obtained":["Shame"]}],"is_beta":false,"boss_relics":[{"not_picked":["Black Star","ats:Tactical Delivery"],"picked":"REME_ChargedStone"}],"items_purged_floors":[14,19],"is_endless":false,"potions_floor_spawned":[1,3,11,12,18,20,29],"killed_by":"3 Cultists","ascension_level":0}}