{"host":"os7ajuuouznx3pj7","time":1610593608,"event":{"mods":["AchievementEnabler","BaseMod","Bestiary","Block Reminder","Colored Map","Colored Powertips","Keyboard Shortcuts","Minty Spire (QoL Compilation)","Quick Restart","Relic Sorter","Relic Stats","SuperFastMode"],"gold_per_floor":[215,229,248,266,42,42,77,77,148,172,172,192,220,236,236,341,341,359,359,359,373,0,28,28,45,45,45,79,99,99,99,99,99,99],"floor_reached":33,"language":"ENG","playtime":4177,"items_purged":["Shame"],"score":398,"play_id":"179e2290-f7aa-4b3f-90ef-27c45b0b6ba5","local_time":"20210114010648","is_ascension_mode":true,"campfire_choices":[{"data":"Zap","floor":6.0,"key":"SMITH"},{"data":"Melter","floor":8.0,"key":"SMITH"},{"data":"Dualcast","floor":11.0,"key":"SMITH"},{"data":"Loop","floor":15.0,"key":"SMITH"},{"data":"Double Energy","floor":27.0,"key":"SMITH"},{"floor":32,"key":"REST"}],"circlet_count":0,"master_deck":["Strike_B","Strike_B","Strike_B","Strike_B","Defend_B","Defend_B","Defend_B","Defend_B","Zap+1","Dualcast+1","Sweeping Beam","Leap","Rebound","Conserve Battery","Melter+1","Glacier","Double Energy+1","Loop+1","Meteor Strike","Turbo","Parasite","White Noise","Auto Shields","Forethought","Secret Weapon","Self Repair+1","Hologram","Injury","Double Energy+1","Decay","Pain"],"relics":["Cracked Core","Lantern","Mango","Cables","Odd Mushroom","Juzu Bracelet","Cursed Key","Bag of Preparation","Kunai","White Beast Statue","Shuriken","HornCleat","WarpedTongs"],"acts_visited":["Exordium","TheCity"],"potions_floor_usage":[33],"damage_taken":[{"damage":0.0,"enemies":"Cultist","floor":1.0,"turns":4.0},{"damage":14.0,"enemies":"Small Slimes","floor":2.0,"turns":3.0},{"damage":0.0,"enemies":"2 Louse","floor":3.0,"turns":2.0},{"damage":0.0,"enemies":"Exordium Wildlife","floor":4.0,"turns":3.0},{"damage":13.0,"enemies":"Lagavulin","floor":7.0,"turns":7.0},{"damage":1.0,"enemies":"The Mushroom Lair","floor":10.0,"turns":2.0},{"damage":4.0,"enemies":"3 Louse","floor":12.0,"turns":2.0},{"damage":7.0,"enemies":"3 Sentries","floor":13.0,"turns":5.0},{"damage":0.0,"enemies":"2 Fungi Beasts","floor":14.0,"turns":3.0},{"damage":26.0,"enemies":"The Guardian","floor":16.0,"turns":12.0},{"damage":6.0,"enemies":"3 Byrds","floor":18.0,"turns":3.0},{"damage":0.0,"enemies":"Spheric Guardian","floor":21.0,"turns":1.0},{"damage":10.0,"enemies":"Gremlin Leader","floor":23.0,"turns":6.0},{"damage":10.0,"enemies":"3 Cultists","floor":25.0,"turns":5.0},{"damage":46.0,"enemies":"Book of Stabbing","floor":28.0,"turns":7.0},{"damage":6,"enemies":"Shelled Parasite and Fungi","floor":29,"turns":4},{"damage":93,"enemies":"Automaton","floor":33,"turns":6}],"seed_played":"5187491277582698465","potions_obtained":[{"floor":2.0,"key":"LiquidBronze"},{"floor":4.0,"key":"SpeedPotion"},{"floor":10.0,"key":"Strength Potion"},{"floor":12.0,"key":"DuplicationPotion"},{"floor":23.0,"key":"Fire Potion"},{"floor":25.0,"key":"Explosive Potion"},{"floor":28.0,"key":"PowerPotion"},{"floor":29,"key":"Explosive Potion"}],"is_trial":false,"path_per_floor":["M","M","M","M","$","R","E","R","T","?","R","M","E","M","R","B",null,"M","?","T","M","$","E","?","M","T","R","E","M","?","?","R","B"],"character_chosen":"DEFECT","items_purchased":["Lantern","Melter","Auto Shields","Forethought","Secret Weapon"],"campfire_rested":1,"item_purchase_floors":[5,5,22,22,22],"current_hp_per_floor":[68,54,54,54,54,54,55,55,55,54,54,50,43,43,43,17,71,65,65,65,65,65,55,55,55,55,55,19,23,23,23,49,0,0],"gold":99,"neow_bonus":"HUNDRED_GOLD","is_daily":false,"chose_seed":false,"campfire_upgraded":5,"win_rate":0.0,"timestamp":1610593608,"path_taken":["M","?","M","M","$","R","E","R","T","?","R","M","E","M","R","BOSS","M","?","?","M","$","E","?","M","T","R","E","M","?","?","R","BOSS"],"items_purchased_type":["Relic","Card","Card","Card","Card"],"build_version":"2020-12-22","purchased_purges":1,"victory":false,"max_hp_per_floor":[75,75,75,75,75,75,89,89,89,89,89,89,89,89,89,89,89,89,89,89,89,89,89,89,89,89,89,89,89,89,89,89,89,89],"relic_stats":{"counters":[17,75],"Shuriken":[2],"Juzu Bracelet":1,"Bag of Preparation":[12],"Kunai":[3],"Cursed Key":2,"obtain_stats":[{"Lantern":5,"Mango":7,"Juzu Bracelet":13,"Bag of Preparation":19,"Odd Mushroom":10,"Cursed Key":17,"White Beast Statue":23,"Cables":9,"WarpedTongs":31,"HornCleat":28,"Shuriken":26,"Kunai":20,"Cracked Core":0},{"Lantern":4,"Mango":5,"Juzu Bracelet":8,"Bag of Preparation":11,"Odd Mushroom":6,"Cursed Key":10,"White Beast Statue":13,"Cables":5,"WarpedTongs":16,"HornCleat":15,"Shuriken":14,"Kunai":11,"Cracked Core":0},{"Lantern":12,"Mango":19,"Juzu Bracelet":28,"Bag of Preparation":46,"Odd Mushroom":21,"Cursed Key":43,"White Beast Statue":53,"Cables":19,"WarpedTongs":69,"HornCleat":65,"Shuriken":58,"Kunai":46,"Cracked Core":0}],"Cables":[44,28,11,0,5],"WarpedTongs":[6]},"card_choices":[{"not_picked":["Steam","Cold Snap"],"picked":"Sweeping Beam","floor":1.0},{"not_picked":["Steam","Rebound"],"picked":"Leap","floor":2.0},{"not_picked":["Sweeping Beam","Force Field"],"picked":"Rebound","floor":3.0},{"not_picked":["Chill","Capacitor"],"picked":"Conserve Battery","floor":4.0},{"not_picked":["BootSequence","Reprogram"],"picked":"Glacier","floor":7.0},{"not_picked":["Gash","Rebound","Go for the Eyes"],"picked":"SKIP","floor":12.0},{"not_picked":["Redo","Hologram"],"picked":"Double Energy","floor":13.0},{"not_picked":["Seek","Genetic Algorithm"],"picked":"Loop","floor":14.0},{"not_picked":["Thunder Strike","Machine Learning"],"picked":"Meteor Strike","floor":16.0},{"not_picked":["Ball Lightning","Gash"],"picked":"Turbo","floor":18.0},{"not_picked":["Redo+1","Steam+1"],"picked":"White Noise","floor":21.0},{"not_picked":["Streamline","Stack+1"],"picked":"Self Repair+1","floor":23.0},{"not_picked":["Rip and Tear","Redo"],"picked":"Hologram","floor":25.0},{"not_picked":["Defragment","Rebound"],"picked":"Double Energy+1","floor":28.0},{"not_picked":["Storm+1","Rip and Tear","Redo"],"picked":"SKIP","floor":29}],"player_experience":963651,"relics_obtained":[{"floor":7.0,"key":"Mango"},{"floor":9.0,"key":"Cables"},{"floor":10.0,"key":"Odd Mushroom"},{"floor":13.0,"key":"Juzu Bracelet"},{"floor":20.0,"key":"Kunai"},{"floor":23.0,"key":"White Beast Statue"},{"floor":26.0,"key":"Shuriken"},{"floor":28.0,"key":"HornCleat"}],"event_choices":[{"damage_healed":0.0,"max_hp_gain":0.0,"max_hp_loss":0.0,"gold_gain":0.0,"event_name":"Mushrooms","player_choice":"Fought Mushrooms","floor":10.0,"gold_loss":0.0,"damage_taken":0.0},{"damage_healed":0.0,"max_hp_gain":0.0,"max_hp_loss":0.0,"gold_gain":0.0,"event_name":"Addict","player_choice":"Stole Relic","floor":19.0,"gold_loss":0.0,"damage_taken":0.0,"relics_obtained":["Bag of Preparation"],"cards_obtained":["Shame"]},{"damage_healed":0.0,"max_hp_gain":0.0,"max_hp_loss":0.0,"gold_gain":0.0,"event_name":"Ghosts","player_choice":"Ignored","floor":24.0,"gold_loss":0.0,"damage_taken":0.0},{"damage_healed":0,"gold_gain":0,"player_choice":"Smashed Altar","damage_taken":0,"max_hp_gain":0,"max_hp_loss":0,"event_name":"Forgotten Altar","floor":30,"gold_loss":0,"cards_obtained":["Decay"]},{"damage_healed":0,"gold_gain":0,"player_choice":"Rummage","damage_taken":0,"relics_obtained":["WarpedTongs"],"max_hp_gain":0,"max_hp_loss":0,"event_name":"Accursed Blacksmith","floor":31,"gold_loss":0,"cards_obtained":["Pain"]}],"is_beta":false,"boss_relics":[{"not_picked":["FrozenCore","Runic Pyramid"],"picked":"Cursed Key"}],"items_purged_floors":[22],"is_endless":false,"potions_floor_spawned":[2,4,10,12,23,25,28,29],"killed_by":"Automaton","ascension_level":7}}