{"host":"zls4lyfcaficqj9z","time":1610625496,"event":{"mods":["BaseMod","Better Vampires","ChefMod","Dio Mod","Downfall","Evolution","Grow up Mod","GungeonMod","Magitek Elite","Melee Mod","Minty Spire (QoL Compilation)","StSLib","The Edgeheg","The Florist","The Necromancer","The Saiyan","Uncapped","Waifu the Spire"],"gold_per_floor":[117,133,149,149,162,187,187,203,203,235,250,278,278,289,289,384,384,401,419,89,106,121,121,47,78,146,165,194,214,247,258,258,353,353,373,388,403,416,431,461,461,461,461,476,501,501,513,544,544,544],"floor_reached":51,"language":"ENG","playtime":3038,"items_purged":["Conserve Battery"],"score":1071,"play_id":"09eee2e3-950a-4b06-b99a-ea0c7035e8b1","local_time":"20210114055816","is_ascension_mode":true,"campfire_choices":[{"data":"Defragment","floor":7,"key":"SMITH"},{"data":"Loop","floor":13,"key":"SMITH"},{"data":"Zap","floor":15,"key":"SMITH"},{"data":"Electrodynamics","floor":23,"key":"SMITH"},{"data":"Double Energy","floor":32,"key":"SMITH"},{"data":"White Noise","floor":42,"key":"SMITH"},{"data":"White Noise","floor":46,"key":"SMITH"},{"data":"Turbo","floor":49,"key":"SMITH"}],"circlet_count":0,"master_deck":["Compile Driver","Compile Driver","Compile Driver","Compile Driver+1","Conserve Battery","Conserve Battery","Conserve Battery","Zap+1","Dualcast","Sweeping Beam+1","Ball Lightning","Defragment+1","Ball Lightning","BootSequence","Sweeping Beam+1","Loop+1","Sweeping Beam+1","Electrodynamics+1","Heatsinks+1","Capacitor+1","Capacitor+1","White Noise+1","Double Energy+1","Biased Cognition+1","FTL+1","White Noise+1","White Noise+1","Biased Cognition+1","Turbo+1","Turbo","Double Energy+1","Turbo+1","Turbo+1","Heatsinks+1","Electrodynamics+1","Thunder Strike+1"],"relics":["Cracked Core","EVO:Axolotl","CultistMask","Ancient Tea Set","Eternal Feather","Molten Egg 2","Vajra","Golden_Hairpin","Frozen Egg 2","Sundial","Shuriken","Toy Ornithopter","DataDisk","Philosopher\u0027s Stone","Whetstone","Bronze Scales","Lantern","DemoMod:OrangeGuonStone"],"acts_visited":["Exordium","TheCity","TheBeyond"],"potions_floor_usage":[10,10,19,19,30,40,44,44,44,44,47],"damage_taken":[{"damage":0,"enemies":"Small Slimes","floor":1,"turns":2},{"damage":0,"enemies":"Cultist","floor":2,"turns":3},{"damage":7,"enemies":"2 Louse","floor":3,"turns":2},{"damage":3,"enemies":"Gremlin Gang","floor":5,"turns":3},{"damage":31,"enemies":"3 Sentries","floor":6,"turns":5},{"damage":8,"enemies":"Large Slime","floor":8,"turns":3},{"damage":35,"enemies":"Lagavulin","floor":10,"turns":4},{"damage":9,"enemies":"Lots of Slimes","floor":11,"turns":3},{"damage":14,"enemies":"Gremlin Nob","floor":12,"turns":3},{"damage":0,"enemies":"Blue Slaver","floor":14,"turns":2},{"damage":87,"enemies":"Hexaghost","floor":16,"turns":5},{"damage":0,"enemies":"Chosen","floor":18,"turns":3},{"damage":0,"enemies":"3 Byrds","floor":19,"turns":2},{"damage":6,"enemies":"3 Cultists","floor":21,"turns":3},{"damage":1,"enemies":"Snecko","floor":22,"turns":3},{"damage":23,"enemies":"Slavers","floor":25,"turns":3},{"damage":19,"enemies":"Shelled Parasite and Fungi","floor":27,"turns":3},{"damage":26,"enemies":"Book of Stabbing","floor":28,"turns":4},{"damage":7,"enemies":"Centurion and Healer","floor":29,"turns":3},{"damage":67,"enemies":"Slavers","floor":30,"turns":4},{"damage":25,"enemies":"Snake Plant","floor":31,"turns":3},{"damage":0,"enemies":"Collector","floor":33,"turns":5},{"damage":3,"enemies":"3 Shapes","floor":35,"turns":2},{"damage":26,"enemies":"3 Darklings","floor":36,"turns":3},{"damage":25,"enemies":"Writhing Mass","floor":37,"turns":4},{"damage":38,"enemies":"Jaw Worm Horde","floor":38,"turns":3},{"damage":0,"enemies":"4 Shapes","floor":39,"turns":1},{"damage":0,"enemies":"Giant Head","floor":40,"turns":3},{"damage":1,"enemies":"3 Darklings","floor":44,"turns":2},{"damage":29,"enemies":"Reptomancer","floor":45,"turns":3},{"damage":0,"enemies":"Spire Growth","floor":47,"turns":3},{"damage":3,"enemies":"Giant Head","floor":48,"turns":2},{"damage":81,"enemies":"Time Eater","floor":50,"turns":5}],"seed_played":"-8823718782089172674","potions_obtained":[{"floor":3,"key":"SpeedPotion"},{"floor":5,"key":"DemoMod:LeadSkinPotion"},{"floor":10,"key":"LiquidBronze"},{"floor":11,"key":"Explosive Potion"},{"floor":12,"key":"SteroidPotion"},{"floor":18,"key":"sneckomod:MuddlingPotion"},{"floor":22,"key":"SpeedPotion"},{"floor":25,"key":"EssenceOfDarkness"},{"floor":28,"key":"Weak Potion"},{"floor":36,"key":"SpeedPotion"},{"floor":37,"key":"Regen Potion"},{"floor":41,"key":"Fruit Juice"},{"floor":41,"key":"EntropicBrew"},{"floor":45,"key":"PowerPotion"},{"floor":47,"key":"DemoMod:LeadSkinPotion"}],"is_trial":false,"path_per_floor":["M","M","M","?","M","E","R","M","T","E","M","E","R","M","R","B",null,"M","M","$","M","M","R","$","E","T","M","E","M","E","M","R","B",null,"M","M","M","M","M","E","?","R","T","M","E","R","M","E","R","B",null],"character_chosen":"DEFECT","items_purchased":["Frozen Egg 2","Capacitor+1"],"campfire_rested":0,"item_purchase_floors":[20,24],"current_hp_per_floor":[96,106,109,119,126,105,115,117,127,102,103,99,118,128,147,70,256,266,276,286,290,299,316,326,313,323,314,298,301,249,234,259,269,426,433,417,402,374,384,408,418,446,456,490,471,502,517,524,555,484],"gold":544,"neow_bonus":"THREE_CARDS","is_daily":false,"chose_seed":false,"campfire_upgraded":8,"win_rate":0.0,"timestamp":1610625496,"path_taken":["M","M","M","?","?","E","R","M","T","E","M","E","R","M","R","BOSS","M","M","$","M","M","R","$","E","T","M","E","?","E","M","R","BOSS","M","M","M","M","M","E","?","R","T","?","E","R","M","E","R","BOSS"],"items_purchased_type":["Relic","Card"],"build_version":"2020-12-22","purchased_purges":1,"victory":true,"max_hp_per_floor":[96,106,116,126,136,146,156,166,176,186,196,206,216,226,236,246,256,266,276,286,296,306,316,326,336,346,356,366,376,386,396,406,416,426,436,446,456,466,476,486,496,506,516,531,541,551,561,571,581,591],"card_choices":[{"not_picked":["Redo","Leap"],"picked":"Sweeping Beam","floor":0},{"not_picked":["Barrage","Go for the Eyes","Consume"],"picked":"SKIP","floor":1},{"not_picked":["Fusion","Reprogram","Cold Snap"],"picked":"SKIP","floor":2},{"not_picked":["Stack","Gash"],"picked":"Ball Lightning","floor":3},{"not_picked":["Auto Shields","Aggregate"],"picked":"Defragment","floor":5},{"not_picked":["Sweeping Beam","Compile Driver"],"picked":"Ball Lightning","floor":6},{"not_picked":["Buffer","Hologram","Rebound"],"picked":"SKIP","floor":8},{"not_picked":["Rip and Tear+1","Barrage+1"],"picked":"BootSequence","floor":10},{"not_picked":["Compile Driver+1","Steam"],"picked":"Sweeping Beam+1","floor":11},{"not_picked":["Static Discharge","Darkness"],"picked":"Loop","floor":12},{"not_picked":["Leap","Gash+1"],"picked":"Sweeping Beam+1","floor":14},{"not_picked":["Meteor Strike+1","Fission"],"picked":"Electrodynamics","floor":16},{"not_picked":["Go for the Eyes+1","Doom and Gloom+1","Genetic Algorithm+1"],"picked":"SKIP","floor":18},{"not_picked":["Gash+1","Darkness+1","Streamline+1"],"picked":"SKIP","floor":19},{"not_picked":["Genetic Algorithm","Melter+1"],"picked":"Heatsinks+1","floor":21},{"not_picked":["Beam Cell+1","Streamline+1"],"picked":"Capacitor+1","floor":22},{"not_picked":["Aggregate","FTL+1"],"picked":"White Noise","floor":25},{"not_picked":["Fission","Steam Power"],"picked":"Double Energy","floor":27},{"not_picked":["Heatsinks+1","Static Discharge+1"],"picked":"Biased Cognition+1","floor":28},{"not_picked":["Chaos","Tempest+1"],"picked":"FTL+1","floor":29},{"not_picked":["Genetic Algorithm+1","Streamline+1"],"picked":"White Noise","floor":30},{"not_picked":["BootSequence","Redo"],"picked":"White Noise+1","floor":31},{"not_picked":["Electrodynamics+1","Thunder Strike+1"],"picked":"Biased Cognition+1","floor":33},{"not_picked":["Rebound+1","Glacier","Hologram+1"],"picked":"SKIP","floor":35},{"not_picked":["Go for the Eyes+1","Leap+1"],"picked":"Turbo+1","floor":36},{"not_picked":["Conserve Battery+1","Sunder+1"],"picked":"Turbo","floor":37},{"not_picked":["Blizzard+1","Rip and Tear+1"],"picked":"Double Energy+1","floor":38},{"not_picked":["Gash+1","Self Repair+1"],"picked":"Turbo","floor":39},{"not_picked":["Rebound+1","Compile Driver+1"],"picked":"Turbo+1","floor":40},{"not_picked":["Chill+1","Beam Cell+1"],"picked":"Heatsinks+1","floor":44},{"not_picked":["Reboot","Fusion+1"],"picked":"Electrodynamics+1","floor":45},{"not_picked":["Blizzard+1","Gash+1","Redo+1"],"picked":"SKIP","floor":47},{"not_picked":["Melter+1","Ball Lightning+1"],"picked":"Thunder Strike+1","floor":48}],"player_experience":174701,"relics_obtained":[{"floor":6,"key":"Ancient Tea Set"},{"floor":9,"key":"Eternal Feather"},{"floor":10,"key":"Molten Egg 2"},{"floor":12,"key":"Vajra"},{"floor":25,"key":"Sundial"},{"floor":26,"key":"Shuriken"},{"floor":28,"key":"Toy Ornithopter"},{"floor":30,"key":"DataDisk"},{"floor":40,"key":"Whetstone"},{"floor":43,"key":"Bronze Scales"},{"floor":45,"key":"Lantern"},{"floor":48,"key":"DemoMod:OrangeGuonStone"}],"event_choices":[{"damage_healed":0,"gold_gain":0,"player_choice":"Trade","damage_taken":0,"relics_obtained":["CultistMask"],"max_hp_gain":0,"max_hp_loss":0,"event_name":"FaceTrader","floor":4,"gold_loss":0},{"damage_healed":0,"gold_gain":0,"player_choice":"Got Potions","damage_taken":0,"max_hp_gain":0,"max_hp_loss":0,"event_name":"Lab","floor":41,"gold_loss":0}],"is_beta":false,"boss_relics":[{"not_picked":["Coffee Dripper","Nuclear Battery"],"picked":"Golden_Hairpin"},{"not_picked":["Black Star","Fusion Hammer"],"picked":"Philosopher\u0027s Stone"}],"items_purged_floors":[20],"is_endless":false,"potions_floor_spawned":[3,5,10,11,12,18,22,25,28,36,37,38,45,47],"ascension_level":1}}