{"host":"bcpymmgxdm3pkqi5","time":1610596916,"event":{"mods":["AchievementEnabler","Aspiration","Astrologer","BaseMod","Colored Map","Conspire","Defuse TimeMaze Blight","Dio Mod","Energized Spire","GifTheSpireLib","Gremlin Mod","Halation","Hero for Fun","Hubris","Infinite Spire","Minty Spire (QoL Compilation)","Quick Restart","Random Character Button","Relic Sorter","Replay The Spire","Shop Mod","StSLib","Stuff the Spire","The Animator","The Bladedancer","The Bug Knight","The Exalted","The Forsaken","The Saiyan","TheHeartMod","Yuri Mod","vexMod"],"gold_per_floor":[126,126,126,141,159,159,159,159,184,208,220,232,232,245,245,245,245],"floor_reached":16,"playtime":673,"items_purged":[],"score":188,"play_id":"34e5ccaf-f636-4a5c-98e4-4c026da82296","local_time":"20210113230156","is_ascension_mode":true,"campfire_choices":[{"data":"animator:Raven","floor":6,"key":"SMITH"},{"floor":13,"key":"REST"},{"data":"animator:Lu","floor":15,"key":"SMITH"}],"circlet_count":0,"master_deck":["AscendersBane","animator:Strike_Elsword","animator:Defend_Elsword","animator:Strike","animator:Strike","animator:Strike","animator:Defend","animator:Defend","animator:Defend","animator:Chung","animator:Raven+1","animator:Elsword","animator:Ara+1","animator:Lu+1","animator:Benimaru"],"relics":["animator:LivingPicture","animator:TheMissingPiece","animator:PurgingStone","Bromod:ArcaneConsequence"],"acts_visited":["Exordium"],"potions_floor_usage":[11,12],"damage_taken":[{"damage":4,"enemies":"Jaw Worm","floor":1,"turns":4},{"damage":2,"enemies":"Small Slimes","floor":4,"turns":4},{"damage":15,"enemies":"2 Louse","floor":5,"turns":2},{"damage":6,"enemies":"Looter","floor":10,"turns":3},{"damage":3,"enemies":"2 Fungi Beasts","floor":11,"turns":3},{"damage":10,"enemies":"Blue Slaver","floor":12,"turns":3},{"damage":0,"enemies":"Large Slime","floor":14,"turns":4},{"damage":54,"enemies":"Slime Boss","floor":16,"turns":6}],"seed_played":"-1087684861518120237","potions_obtained":[{"floor":1,"key":"Energy Potion"},{"floor":4,"key":"ColorlessPotion"},{"floor":11,"key":"SteroidPotion"}],"is_trial":false,"path_per_floor":["M","?","?","M","M","R","$","?","T","M","M","M","R","M","R","B"],"character_chosen":"THE_ANIMATOR","items_purchased":[],"campfire_rested":1,"item_purchase_floors":[],"current_hp_per_floor":[55,55,55,53,39,39,39,39,39,33,30,20,39,39,39,0,0],"gold":245,"neow_bonus":"RANDOM_EVENT","is_daily":false,"chose_seed":false,"campfire_upgraded":2,"win_rate":0.0,"timestamp":1610596916,"path_taken":["M","?","?","M","M","R","$","?","T","M","M","M","R","M","R","BOSS"],"items_purchased_type":[],"build_version":"2020-12-22","purchased_purges":0,"victory":false,"max_hp_per_floor":[65,65,65,65,66,66,66,66,66,66,66,66,66,66,66,66,66],"card_choices":[{"not_picked":["animator:Raven","animator:Shuna"],"picked":"animator:Elsword","floor":1},{"not_picked":["animator:Shalltear","animator:CowGirl","animator:Rider"],"picked":"SKIP","floor":4},{"not_picked":["animator:Arpeggio","animator:Kazuma"],"picked":"animator:Ara","floor":5},{"not_picked":["animator:Raven","animator:Ain"],"picked":"animator:Lu","floor":10},{"not_picked":["animator:Chung","animator:Ara"],"picked":"animator:Benimaru","floor":11},{"not_picked":["animator:Chung","animator:Guy","animator:Archer"],"picked":"SKIP","floor":12},{"not_picked":["animator:TukaLunaMarceau","animator:Aqua","animator:Arpeggio"],"picked":"SKIP","floor":14}],"player_experience":1363871,"relics_obtained":[{"floor":9,"key":"Bromod:ArcaneConsequence"}],"event_choices":[{"damage_healed":0,"gold_gain":0,"player_choice":"Donut","damage_taken":0,"max_hp_gain":5,"max_hp_loss":0,"event_name":"Big Fish","floor":0,"gold_loss":0},{"damage_healed":0,"gold_gain":0,"player_choice":"Grow","damage_taken":0,"max_hp_gain":0,"max_hp_loss":0,"event_name":"Living Wall","floor":8,"gold_loss":0,"cards_upgraded":["animator:Ara"]}],"is_beta":false,"boss_relics":[],"items_purged_floors":[],"is_endless":false,"potions_floor_spawned":[1,4,11],"killed_by":"Slime Boss","ascension_level":20}}