{"host":"xt3o4iokwksypl90","time":1610646208,"event":{"mods":["AchievementEnabler","BaseMod","Googly Eyes","Highlight Path","Minty Spire (QoL Compilation)","Permanent Neow"],"gold_per_floor":[118,135,135,60,73,106,125,125,125,125,25,54,154,168,168,272,272,284,82,96,113,89,89,104,134,181,213,231,256,256,278,278,376,376,396,423,423,423,440,469,81,81,127,127,159,178,204,219,219,219],"floor_reached":51,"language":"ENG","playtime":4316,"items_purged":["Strike_R","Strike_R","Strike_R"],"score":1387,"play_id":"939f1ad7-421e-497d-ade8-b2a9610e9e73","local_time":"20210114184328","is_ascension_mode":true,"campfire_choices":[{"data":"Bloodletting","floor":8.0,"key":"SMITH"},{"data":"Immolate","floor":10.0,"key":"SMITH"},{"data":"Bash","floor":15.0,"key":"SMITH"},{"data":"Entrench","floor":23.0,"key":"SMITH"},{"data":"Barricade","floor":30.0,"key":"SMITH"},{"data":"Entrench","floor":32.0,"key":"SMITH"},{"data":"Ghostly Armor","floor":42,"key":"SMITH"},{"data":"True Grit","floor":44,"key":"SMITH"},{"data":"Metallicize","floor":49,"key":"SMITH"}],"circlet_count":0,"master_deck":["Strike_R","Strike_R","Defend_R","Defend_R+1","Defend_R","Bash+1","Immolate+1","True Grit+1","Inflame","Metallicize","Bloodletting+1","Metallicize+1","Barricade+1","Entrench+1","Entrench+1","Body Slam","True Grit+1","Body Slam+1","Ghostly Armor+1","Sentinel+1","Armaments+1","Pommel Strike+1","Shockwave+1"],"relics":["Burning Blood","Meat on the Bone","Ice Cream","Pocketwatch","Pear","Velvet Choker","Charon\u0027s Ashes","CeramicFish","Bottled Tornado","Philosopher\u0027s Stone","Shuriken","Bottled Lightning","Lee\u0027s Waffle","Blood Vial","War Paint","Torii"],"acts_visited":["Exordium","TheCity","TheBeyond"],"potions_floor_usage":[40,40],"damage_taken":[{"damage":0.0,"enemies":"2 Louse","floor":1.0,"turns":1.0},{"damage":0.0,"enemies":"Cultist","floor":2.0,"turns":2.0},{"damage":9.0,"enemies":"Jaw Worm","floor":5.0,"turns":3.0},{"damage":22.0,"enemies":"Lagavulin","floor":6.0,"turns":6.0},{"damage":8.0,"enemies":"Looter","floor":7.0,"turns":4.0},{"damage":0.0,"enemies":"3 Sentries","floor":12.0,"turns":1.0},{"damage":0.0,"enemies":"2 Fungi Beasts","floor":14.0,"turns":2.0},{"damage":6.0,"enemies":"Slime Boss","floor":16.0,"turns":8.0},{"damage":3.0,"enemies":"3 Byrds","floor":18.0,"turns":4.0},{"damage":0.0,"enemies":"Spheric Guardian","floor":20.0,"turns":13.0},{"damage":0.0,"enemies":"Snecko","floor":21.0,"turns":6.0},{"damage":15.0,"enemies":"Snake Plant","floor":24.0,"turns":6.0},{"damage":1.0,"enemies":"Book of Stabbing","floor":25.0,"turns":10.0},{"damage":32.0,"enemies":"Gremlin Leader","floor":27.0,"turns":8.0},{"damage":5.0,"enemies":"Cultist and Chosen","floor":28.0,"turns":4.0},{"damage":39.0,"enemies":"Shelled Parasite and Fungi","floor":29.0,"turns":7.0},{"damage":0.0,"enemies":"Snake Plant","floor":31.0,"turns":5.0},{"damage":0.0,"enemies":"Collector","floor":33.0,"turns":7.0},{"damage":7.0,"enemies":"Orb Walker","floor":35.0,"turns":4.0},{"damage":7.0,"enemies":"3 Shapes","floor":36.0,"turns":4.0},{"damage":76.0,"enemies":"Transient","floor":39.0,"turns":5.0},{"damage":15,"enemies":"Reptomancer","floor":40,"turns":5},{"damage":0,"enemies":"Nemesis","floor":45,"turns":11},{"damage":0,"enemies":"4 Shapes","floor":46,"turns":4},{"damage":0,"enemies":"Giant Head","floor":47,"turns":5},{"damage":0,"enemies":"Writhing Mass","floor":48,"turns":6},{"damage":0,"enemies":"Time Eater","floor":50,"turns":9}],"seed_played":"-3525655783260320876","potions_obtained":[{"floor":1.0,"key":"DistilledChaos"},{"floor":2.0,"key":"HeartOfIron"},{"floor":6.0,"key":"LiquidMemories"},{"floor":12.0,"key":"Energy Potion"},{"floor":18.0,"key":"PowerPotion"},{"floor":20.0,"key":"HeartOfIron"},{"floor":25.0,"key":"Dexterity Potion"},{"floor":31.0,"key":"EssenceOfSteel"},{"floor":40,"key":"SpeedPotion"},{"floor":47,"key":"Weak Potion"},{"floor":48,"key":"LiquidBronze"}],"is_trial":false,"path_per_floor":["M","M","?","$","M","E","M","R","T","R","$","E","?","M","R","B",null,"M","$","M","M","$","R","M","E","T","E","M","M","R","M","R","B",null,"M","M","?","?","M","E","$","R","T","R","E","M","E","M","R","B",null],"character_chosen":"IRONCLAD","items_purchased":["Entrench","True Grit","Bottled Lightning","Lee\u0027s Waffle"],"campfire_rested":0,"item_purchase_floors":[19,22,41,41],"current_hp_per_floor":[78,80,68,68,65,49,47,47,47,47,47,63,63,69,69,69,85,88,88,90,90,90,90,81,86,86,60,61,40,40,58,58,64,84,83,82,82,82,24,27,97,97,97,97,97,97,97,97,97,97],"gold":219,"neow_bonus":"ONE_RANDOM_RARE_CARD","is_daily":false,"chose_seed":false,"campfire_upgraded":9,"win_rate":0.0,"timestamp":1610646208,"path_taken":["M","M","?","$","M","E","M","R","T","R","$","E","?","M","R","BOSS","M","$","M","M","$","R","M","E","T","E","M","?","R","M","R","BOSS","M","M","?","?","?","E","$","R","T","R","E","M","E","M","R","BOSS"],"items_purchased_type":["Card","Card","Relic","Relic"],"build_version":"2020-12-22","purchased_purges":3,"victory":true,"max_hp_per_floor":[80,80,80,80,80,80,80,80,80,80,80,90,90,90,90,90,90,90,90,90,90,90,90,90,90,90,90,90,90,90,90,90,90,90,90,90,90,90,90,90,97,97,97,97,97,97,97,97,97,97],"card_choices":[{"not_picked":["Thunderclap","Clothesline"],"picked":"True Grit","floor":1.0},{"not_picked":["Twin Strike","Body Slam"],"picked":"Inflame","floor":2.0},{"not_picked":["Body Slam","Iron Wave"],"picked":"Metallicize","floor":5.0},{"not_picked":["Armaments","Barricade"],"picked":"Bloodletting","floor":6.0},{"not_picked":["Second Wind","Feel No Pain"],"picked":"Metallicize","floor":7.0},{"not_picked":["Inflame","Sword Boomerang","Wild Strike"],"picked":"SKIP","floor":12.0},{"not_picked":["Heavy Blade","Spot Weakness","Body Slam"],"picked":"SKIP","floor":14.0},{"not_picked":["Double Tap","Immolate"],"picked":"Barricade","floor":16.0},{"not_picked":["Clash","Anger"],"picked":"Entrench","floor":18.0},{"not_picked":["Warcry","Headbutt","Anger"],"picked":"SKIP","floor":20.0},{"not_picked":["Pummel+1","Burning Pact+1"],"picked":"Body Slam","floor":21.0},{"not_picked":["Rupture","Immolate","Headbutt"],"picked":"SKIP","floor":24.0},{"not_picked":["Sever Soul","Wild Strike"],"picked":"Body Slam+1","floor":25.0},{"not_picked":["Hemokinesis","Heavy Blade","Havoc"],"picked":"SKIP","floor":27.0},{"not_picked":["Havoc+1","Thunderclap","Rampage"],"picked":"SKIP","floor":28.0},{"not_picked":["Entrench","Reckless Charge"],"picked":"Ghostly Armor","floor":29.0},{"not_picked":["Twin Strike","Flex"],"picked":"Sentinel+1","floor":31.0},{"not_picked":["Sword Boomerang","Twin Strike+1"],"picked":"Armaments+1","floor":35.0},{"not_picked":["Whirlwind","Body Slam+1"],"picked":"Pommel Strike+1","floor":36.0},{"not_picked":["Blood for Blood","Headbutt","Reckless Charge"],"picked":"SKIP","floor":39},{"not_picked":["Thunderclap+1","Combust+1","Searing Blow+1"],"picked":"SKIP","floor":40},{"not_picked":["Havoc","Juggernaut","Dual Wield"],"picked":"SKIP","floor":45},{"not_picked":["Twin Strike+1","Iron Wave+1"],"picked":"Shockwave+1","floor":46},{"not_picked":["True Grit","Clash","Hemokinesis"],"picked":"SKIP","floor":47},{"not_picked":["Anger+1","Clash","Iron Wave"],"picked":"SKIP","floor":48}],"player_experience":318078,"relics_obtained":[{"floor":6.0,"key":"Ice Cream"},{"floor":9.0,"key":"Pocketwatch"},{"floor":12.0,"key":"Pear"},{"floor":25.0,"key":"Charon\u0027s Ashes"},{"floor":26.0,"key":"CeramicFish"},{"floor":27.0,"key":"Bottled Tornado"},{"floor":40,"key":"Shuriken"},{"floor":43,"key":"Blood Vial"},{"floor":45,"key":"War Paint"},{"floor":47,"key":"Torii"}],"event_choices":[{"damage_healed":0.0,"max_hp_gain":0.0,"max_hp_loss":0.0,"gold_gain":0.0,"event_name":"Scrap Ooze","player_choice":"Success","floor":3.0,"gold_loss":0.0,"damage_taken":12.0,"relics_obtained":["Meat on the Bone"]},{"damage_healed":0.0,"max_hp_gain":0.0,"max_hp_loss":0.0,"gold_gain":100.0,"event_name":"Wheel of Change","player_choice":"Gold","floor":13.0,"gold_loss":0.0,"damage_taken":0.0},{"cards_removed":["Defend_R"],"damage_healed":0.0,"max_hp_gain":0.0,"max_hp_loss":0.0,"gold_gain":0.0,"event_name":"Falling","player_choice":"Removed Skill","floor":37.0,"gold_loss":0.0,"damage_taken":0.0},{"damage_healed":0.0,"max_hp_gain":0.0,"max_hp_loss":0.0,"gold_gain":0.0,"event_name":"Tomb of Lord Red Mask","player_choice":"Ignored","floor":38.0,"gold_loss":0.0,"damage_taken":0.0}],"is_beta":false,"boss_relics":[{"not_picked":["Coffee Dripper","Pandora\u0027s Box"],"picked":"Velvet Choker"},{"not_picked":["Snecko Eye","Runic Dome"],"picked":"Philosopher\u0027s Stone"}],"items_purged_floors":[4,11,19],"is_endless":false,"potions_floor_spawned":[1,2,6,12,16,18,20,25,31,40,47,48],"ascension_level":9}}