{"host":"xkmvu47k9fdstweo","time":1610665882,"event":{"mods":["BaseMod","Colored Map","Conspire","Downfall","Hubris","Minty Spire (QoL Compilation)","Quick Restart","Railgun Mod","Shop Mod","StSLib","The Alterego","The Animator","The Servant 0.9.4","The Wild Card","TheBandit","WarShipGirlsR/??è≠èóR mod","vexMod"],"gold_per_floor":[99,119,137,154,154,116,116,66,85,185,10,38,53,53,69,174,174,49,59,44,144,244,258,258,133,145,95,111,61,61,73,84,185,185,135,153,165,179,179,31,55,55,68,103,26,26,54,54,72,72,72,102,27,27,27],"floor_reached":56,"language":"ENG","playtime":2900,"items_purged":["Slimebound:Strike_Slimebound"],"score":1330,"play_id":"f5572f27-f50f-4457-9a60-d9b40390caec","local_time":"20210114181122","is_ascension_mode":true,"campfire_choices":[{"floor":1.0,"key":"RECALL"},{"data":"Slimebound:LevelUp","floor":8.0,"key":"SMITH"},{"floor":11.0,"key":"REST"},{"data":"Slimebound:LeechLife","floor":18.0,"key":"SMITH"},{"data":"Slimebound:Teamwork","floor":25.0,"key":"SMITH"},{"data":"Slimebound:GoopSpray","floor":27.0,"key":"SMITH"},{"data":"Slimebound:MinionMaster","floor":29.0,"key":"SMITH"},{"data":"Slimebound:SlimeSlap","floor":35.0,"key":"SMITH"},{"data":"Slimebound:LevelUp","floor":46,"key":"SMITH"},{"floor":54,"key":"REST"}],"circlet_count":0,"master_deck":["Slimebound:Strike_Slimebound","Slimebound:Tackle","Slimebound:Defend_Slimebound","Slimebound:Defend_Slimebound","Slimebound:Defend_Slimebound","Slimebound:Defend_Slimebound","Slimebound:Split","Slimebound:CorrosiveSpit","Slimebound:RejuvenatingLick","Slimebound:LeechEnergy","Slimebound:LevelUp+1","Slimebound:RejuvenatingLick","Slimebound:GrowthPunch","Slimebound:SlimeSpikes","Slimebound:SplitBruiser","Slimebound:Teamwork+1","Slimebound:FormOfPuddle+1","Slimebound:LeechLife+1","Slimebound:GoopSpray","Slimebound:SlimeSpikes+1","Slimebound:GoopSpray+1","Slimebound:MinionMaster+1","Slimebound:RallyTheTroops","Slimebound:SlimeBrawl+1","Slimebound:SlimeSlap+1","Slimebound:SamplingLick","Slimebound:RollThrough+1","expansioncontent:LastStand","Slimebound:LeechingTouch","Slimebound:LevelUp+1","Slimebound:LeechingTouch+1"],"relics":["Slimebound:AbsorbEndCombat","Oddly Smooth Stone","Slimebound:GreedOozeRelic","downfall:GremlinWheel","downfall:HeartBlessingRed","hubris:Metronome","hubris:Icosahedron","Runic Pyramid","downfall:HeartBlessingGreen","Bird Faced Urn","hubris:CrystalStatue","hubris:GlazedTorus","downfall:HeartBlessingBlue","Chemical X","SacredBark","Lee\u0027s Waffle","Blood Vial","hubris:TenFootPole","Toy Ornithopter","vexMod:MemoryStick"],"acts_visited":["Exordium","TheCity","TheBeyond","TheEnding"],"potions_floor_usage":[38,49,50,55],"damage_taken":[{"damage":10.0,"enemies":"Jaw Worm","floor":2.0,"turns":3.0},{"damage":16.0,"enemies":"Small Slimes","floor":3.0,"turns":4.0},{"damage":4.0,"enemies":"2 Louse","floor":4.0,"turns":2.0},{"damage":7.0,"enemies":"downfall:FleeingMerchant","floor":6.0,"turns":4.0},{"damage":7.0,"enemies":"Lots of Slimes","floor":9.0,"turns":4.0},{"damage":44.0,"enemies":"Lots of Slimes","floor":10.0,"turns":5.0},{"damage":28.0,"enemies":"Gremlin Nob","floor":12.0,"turns":4.0},{"damage":8.0,"enemies":"Large Slime","floor":13.0,"turns":5.0},{"damage":16.0,"enemies":"Gremlin Gang","floor":15.0,"turns":3.0},{"damage":17.0,"enemies":"downfall:Ironclad","floor":16.0,"turns":7.0},{"damage":8.0,"enemies":"Chosen","floor":19.0,"turns":4.0},{"damage":11.0,"enemies":"downfall:FleeingMerchant","floor":20.0,"turns":4.0},{"damage":8.0,"enemies":"downfall:Watcher","floor":21.0,"turns":5.0},{"damage":9.0,"enemies":"Cultist and Chosen","floor":23.0,"turns":4.0},{"damage":0.0,"enemies":"Snake Plant","floor":26.0,"turns":3.0},{"damage":7.0,"enemies":"Centurion and Healer","floor":28.0,"turns":4.0},{"damage":7.0,"enemies":"downfall:FleeingMerchant","floor":31.0,"turns":4.0},{"damage":1.0,"enemies":"Shelled Parasite and Fungi","floor":32.0,"turns":3.0},{"damage":8.0,"enemies":"downfall:Defect","floor":33.0,"turns":5.0},{"damage":8.0,"enemies":"3 Shapes","floor":36.0,"turns":3.0},{"damage":10.0,"enemies":"3 Darklings","floor":37.0,"turns":3.0},{"damage":23,"enemies":"Sphere and 2 Shapes","floor":38,"turns":4},{"damage":7,"enemies":"Jaw Worm Horde","floor":43,"turns":3},{"damage":18,"enemies":"Giant Head","floor":44,"turns":7},{"damage":8,"enemies":"Nemesis","floor":47,"turns":7},{"damage":8,"enemies":"Maw","floor":49,"turns":5},{"damage":27,"enemies":"downfall:Watcher","floor":50,"turns":6},{"damage":93,"enemies":"downfall:CharBossMerchant","floor":52,"turns":8},{"damage":106,"enemies":"downfall:NeowBoss","floor":55,"turns":26}],"seed_played":"6867537347673352899","potions_obtained":[{"floor":2.0,"key":"Dexterity Potion"},{"floor":10.0,"key":"Swift Potion"},{"floor":13.0,"key":"champ:CounterPotion"},{"floor":15.0,"key":"GamblersBrew"},{"floor":21.0,"key":"Explosive Potion"},{"floor":26.0,"key":"champ:CounterPotion"},{"floor":28.0,"key":"Slimebound:SlimedPotion"},{"floor":33.0,"key":"AttackPotion"},{"floor":36.0,"key":"DuplicationPotion"},{"floor":43,"key":"SkillPotion"}],"is_trial":false,"path_per_floor":["R","M","M","M","?","$","T","R","M","?","R","E","M","?","M","B",null,"R","M","$","?","?","M","T","R","M","R","M","R","?","$","M","B",null,"R","M","M","M","?","$","T","?","M","E","$","R","E","?","M","B",null,"E","$","R","B",null],"character_chosen":"SLIMEBOUND","items_purchased":["Slimebound:GrowthPunch","Chemical X","Slimebound:RallyTheTroops","Lee\u0027s Waffle","Slimebound:LevelUp"],"campfire_rested":2,"item_purchase_floors":[6,31,31,40,45],"current_hp_per_floor":[60,56,52,54,54,57,57,57,60,22,40,18,28,28,54,59,60,60,60,60,60,60,60,60,70,70,70,70,70,70,69,70,70,70,70,69,64,55,55,77,77,77,72,77,77,77,77,77,77,77,77,36,36,59,44],"gold":27,"neow_bonus":"RANDOM_COMMON_RELIC","is_daily":false,"chose_seed":false,"campfire_upgraded":7,"win_rate":0.0,"timestamp":1610665882,"path_taken":["R","M","M","M","?","$","T","R","M","?","R","E","?","?","M","BOSS","R","M","$","?","?","?","T","R","M","R","M","R","?","$","M","BOSS","R","M","?","M","?","$","T","?","M","E","$","R","E","?","M","BOSS","E","$","R","BOSS"],"items_purchased_type":["Card","Relic","Card","Relic","Card"],"build_version":"2020-12-22","purchased_purges":1,"victory":true,"max_hp_per_floor":[60,60,60,60,60,60,60,60,60,60,60,60,60,60,60,60,60,60,60,60,60,60,60,60,70,70,70,70,70,70,70,70,70,70,70,70,70,70,70,77,77,77,77,77,77,77,77,77,77,77,77,77,77,77,77],"card_choices":[{"not_picked":["Slimebound:FirmFortitude","Slimebound:SplitMire"],"picked":"Slimebound:RejuvenatingLick","floor":2.0},{"not_picked":["Slimebound:SplitBruiser","Slimebound:PressTheAttack"],"picked":"Slimebound:LeechEnergy","floor":3.0},{"not_picked":["Slimebound:Gluttony","Slimebound:RejuvenatingLick"],"picked":"Slimebound:LevelUp","floor":4.0},{"not_picked":["Slimebound:ViciousTackle","Slimebound:Replication"],"picked":"Slimebound:RejuvenatingLick","floor":6.0},{"not_picked":["Slimebound:SlimeTap","Slimebound:GoopSpray"],"picked":"Slimebound:SlimeSpikes","floor":9.0},{"not_picked":["Slimebound:SlimeBrawl","Slimebound:FlameTackle"],"picked":"Slimebound:SplitBruiser","floor":12.0},{"not_picked":["Slimebound:LeechingTouch","Slimebound:Schlurp"],"picked":"Slimebound:Teamwork","floor":13.0},{"not_picked":["Slimebound:ViciousTackle","Slimebound:SlimeBarrage"],"picked":"Slimebound:FormOfPuddle","floor":15.0},{"not_picked":["Slimebound:MinionMaster","Slimebound:CheckThePlaybook"],"picked":"Slimebound:LeechLife","floor":16.0},{"not_picked":["Slimebound:ComboTackle","Slimebound:LeadByExample"],"picked":"Slimebound:GoopSpray","floor":19.0},{"not_picked":["Slimebound:ForwardTackle","Slimebound:Schlurp","Slimebound:GoopSpray"],"picked":"SKIP","floor":20.0},{"not_picked":["Slimebound:SplitMire+1","Slimebound:BestDefense"],"picked":"Slimebound:SlimeSpikes+1","floor":21.0},{"not_picked":["Slimebound:LeechingTouch","Slimebound:SplitLeeching+1","Slimebound:SplitBruiser+1"],"picked":"SKIP","floor":23.0},{"not_picked":["Slimebound:SplitMire","Slimebound:RollThrough+1"],"picked":"Slimebound:GoopSpray","floor":26.0},{"not_picked":["Slimebound:LivingWall","Slimebound:SplitBruiser"],"picked":"Slimebound:MinionMaster","floor":28.0},{"not_picked":["Slimebound:SplitAcid","Slimebound:FinishingTackle+1","Slimebound:ViciousTackle"],"picked":"SKIP","floor":31.0},{"not_picked":["Slimebound:SplitBruiser+1","Slimebound:ItLooksTasty"],"picked":"Slimebound:SlimeBrawl+1","floor":32.0},{"not_picked":["Slimebound:LeechLife","Slimebound:SelfFormingGoo"],"picked":"Slimebound:SlimeSlap","floor":33.0},{"not_picked":["Slimebound:PressTheAttack","Slimebound:GrowthPunch","Slimebound:GoopSpray+1"],"picked":"SKIP","floor":36.0},{"not_picked":["Slimebound:ViciousTackle+1","Slimebound:ComboTackle"],"picked":"Slimebound:SamplingLick","floor":37.0},{"not_picked":["Slimebound:Prepare","Slimebound:FinishingTackle+1"],"picked":"Slimebound:RollThrough+1","floor":38},{"not_picked":["expansioncontent:AwakenDeath","expansioncontent:FaceSlap"],"picked":"expansioncontent:LastStand","floor":42},{"not_picked":["Slimebound:ComboTackle","Slimebound:LeadByExample"],"picked":"Slimebound:LeechingTouch","floor":43},{"not_picked":["Slimebound:ViciousTackle","Slimebound:PressTheAttack+1","Slimebound:SlimeSpikes"],"picked":"SKIP","floor":44},{"not_picked":["Slimebound:RollThrough","Slimebound:PressTheAttack","Slimebound:Prepare"],"picked":"SKIP","floor":47},{"not_picked":["Slimebound:SamplingLick+1","Slimebound:FlameTackle"],"picked":"Slimebound:LeechingTouch+1","floor":49},{"not_picked":["Slimebound:LeechEnergy+1","Slimebound:SamplingLick","Slimebound:GoopSpray+1"],"picked":"SKIP","floor":52}],"player_experience":346334,"relics_obtained":[{"floor":10.0,"key":"downfall:GremlinWheel"},{"floor":12.0,"key":"hubris:Metronome"},{"floor":21.0,"key":"Bird Faced Urn"},{"floor":21.0,"key":"hubris:CrystalStatue"},{"floor":24.0,"key":"hubris:GlazedTorus"},{"floor":41,"key":"Blood Vial"},{"floor":44,"key":"hubris:TenFootPole"},{"floor":47,"key":"Toy Ornithopter"},{"floor":52,"key":"vexMod:MemoryStick"}],"event_choices":[{"cards_removed":["Slimebound:Strike_Slimebound"],"damage_healed":0.0,"max_hp_gain":0.0,"max_hp_loss":0.0,"gold_gain":0.0,"event_name":"Wheel of Change","player_choice":"Card Removal","floor":11.0,"gold_loss":0.0,"damage_taken":0.0},{"damage_healed":0.0,"max_hp_gain":0.0,"max_hp_loss":0.0,"gold_gain":0.0,"event_name":"Upgrade Shrine","player_choice":"Upgraded","floor":30.0,"gold_loss":0.0,"damage_taken":0.0,"cards_upgraded":["Slimebound:FormOfPuddle"]},{"damage_healed":0,"gold_gain":0,"player_choice":"Leave","damage_taken":0,"max_hp_gain":0,"max_hp_loss":0,"event_name":"conspire:Investor","floor":39,"gold_loss":0}],"is_beta":false,"boss_relics":[{"not_picked":["Calling Bell","conspire:SeveredTorchhead"],"picked":"Runic Pyramid"},{"not_picked":["hubris:ScarierMask","Busted Crown"],"picked":"SacredBark"}],"items_purged_floors":[53],"is_endless":false,"potions_floor_spawned":[2,10,13,15,21,26,28,33,36,43,47],"ascension_level":1}}