{"host":"y6zg4wwu39otf01a","time":1610584651,"event":{"mods":["Act Like it!","Aspiration","BaseMod","Better Altar","Better Match","Better Note","Better Sensory Stone","Better Skull","Better Third Choice","Challenge The Spire","Colored Map","Colored Powertips","Conspire","GifTheSpireLib","Glutton Mod","Halation","Hermit","Highlight Path","Hubris","Infinite Spire","Mimic Mod","Minty Spire (QoL Compilation)","Quick Restart","Random Character Button","Rare Cards Sparkle","Replay The Spire","Retaliation","Shade Mod","Spicy Shops","StSLib","Stuff the Spire","The Blue Laboratory","The Jungle","TheArtist","thorton","vexMod"],"gold_per_floor":[307,10,41,66,91,91,91,91,91,91],"floor_reached":9,"playtime":11052,"items_purged":[],"score":113,"play_id":"e91db0be-d309-4142-98c5-f65d47552363","local_time":"20210113193731","daily_mods":["challengethespire:Silver Difficulty","challengethespire:Modded Elite Rush","Uncertain Future"],"is_ascension_mode":true,"campfire_choices":[{"floor":7,"key":"REST"},{"data":"hermit:Covet","floor":7,"key":"SMITH"},{"data":"hermit:BigShot","floor":8,"key":"SMITH"}],"circlet_count":0,"master_deck":["AscendersBane","hermit:Strike_Hermit","hermit:Strike_Hermit","hermit:Strike_Hermit","hermit:Strike_Hermit","hermit:Defend_Hermit","hermit:Defend_Hermit","hermit:Defend_Hermit","hermit:Defend_Hermit","hermit:Snapshot","hermit:Covet+1","hermit:Gambit+1","Secret Technique+1","hermit:BigShot+1","hermit:Deadeye","hermit:Malice"],"relics":["hermit:Momento","Black Star","Sling","PreservedInsect","halation:PeacePiece","Snack Pack","Ice Cream","Guide Book","aspiration:FetidBarrel","Simple Rune","Blue Doll","Replay:Bottled Flurry","infinitespire:Magic Flask","Durian","Cursed Key"],"acts_visited":["Exordium"],"potions_floor_usage":[5],"damage_taken":[{"damage":20,"enemies":"3 Sentries","floor":3,"turns":5},{"damage":12,"enemies":"Gremlin Nob","floor":4,"turns":4},{"damage":3,"enemies":"Replay:BlueRogue","floor":5,"turns":4},{"damage":0,"enemies":"conspire:Head Lice","floor":9,"turns":2}],"seed_played":"3647893392307124226","potions_obtained":[{"floor":4,"key":"Fire Potion"}],"is_trial":true,"path_per_floor":["$","$","E","E","E","T","R","R","E"],"character_chosen":"HERMIT","items_purchased":["hermit:Gambit","halation:PeacePiece","Snack Pack","Secret Technique","Ice Cream","Guide Book"],"campfire_rested":1,"item_purchase_floors":[1,1,1,1,2,2],"current_hp_per_floor":[68,68,56,48,52,52,76,76,76,76],"gold":91,"neow_bonus":"","is_daily":false,"chose_seed":false,"campfire_upgraded":2,"win_rate":0.0,"timestamp":1610584651,"path_taken":["$","$","E","E","E","T","R","R","E"],"items_purchased_type":["Card","Relic","Relic","Card","Relic","Relic"],"build_version":"2020-12-22","purchased_purges":0,"victory":false,"max_hp_per_floor":[75,75,75,75,80,80,80,80,80,80],"card_choices":[],"player_experience":696907,"relics_obtained":[{"floor":3,"key":"aspiration:FetidBarrel"},{"floor":3,"key":"Simple Rune"},{"floor":4,"key":"Blue Doll"},{"floor":4,"key":"Replay:Bottled Flurry"},{"floor":5,"key":"infinitespire:Magic Flask"},{"floor":5,"key":"Durian"}],"event_choices":[],"is_beta":false,"boss_relics":[{"not_picked":["halation:Prosthetics","Kintsugi"],"picked":"Cursed Key"}],"items_purged_floors":[],"is_endless":false,"potions_floor_spawned":[4],"killed_by":"conspire:Head Lice","ascension_level":10}}