{"host":"7l2t4psy44vpcd9q","time":1610587611,"event":{"mods":["AchievementEnabler","BaseMod","DeckTracker","Minty Spire (QoL Compilation)","SuperFastMode"],"gold_per_floor":[116,38,64,17,43,43,86,98,184,217,229,241,123,51,51,137,137,161,61,61],"floor_reached":19,"language":"KOR","playtime":748,"items_purged":["Strike_G"],"score":330,"play_id":"362cf499-2520-4159-a4b9-cdfc6238a1f1","local_time":"20210114102651","is_ascension_mode":true,"campfire_choices":[{"data":"Dagger Spray","floor":6,"key":"SMITH"},{"data":"Deadly Poison","floor":12,"key":"SMITH"},{"data":"Burst","floor":15,"key":"SMITH"}],"circlet_count":0,"master_deck":["AscendersBane","Strike_G","Strike_G","Strike_G","Strike_G","Defend_G","Defend_G","Defend_G","Defend_G","Defend_G","Survivor","Neutralize","Flying Knee","Blade Dance","Dagger Spray+1","Dagger Throw","Deadly Poison+1","Slice","Burst+1","A Thousand Cuts","Deadly Poison"],"relics":["Ring of the Snake","NeowsBlessing","CeramicFish","MawBank","Ninja Scroll","SlaversCollar"],"acts_visited":["Exordium","TheCity"],"potions_floor_usage":[16,19,19],"damage_taken":[{"damage":0,"enemies":"2 Louse","floor":1,"turns":1},{"damage":0,"enemies":"Cultist","floor":3,"turns":1},{"damage":0,"enemies":"Small Slimes","floor":5,"turns":1},{"damage":41,"enemies":"Lagavulin","floor":7,"turns":7},{"damage":0,"enemies":"Blue Slaver","floor":10,"turns":4},{"damage":34,"enemies":"Hexaghost","floor":16,"turns":8},{"damage":34,"enemies":"Shell Parasite","floor":18,"turns":5},{"damage":25,"enemies":"2 Thieves","floor":19,"turns":3}],"seed_played":"402244428138710478","potions_obtained":[{"floor":7,"key":"Explosive Potion"},{"floor":16,"key":"SneckoOil"},{"floor":18,"key":"Dexterity Potion"}],"is_trial":false,"path_per_floor":["M","?","M","$","M","R","E","?","T","M","?","R","$","$","R","B",null,"M","M"],"character_chosen":"THE_SILENT","items_purchased":["Dagger Spray","Strength Potion","Burst"],"campfire_rested":0,"item_purchase_floors":[4,13,14],"current_hp_per_floor":[59,59,59,59,59,59,18,18,18,18,40,40,40,40,40,6,51,17,0,0],"gold":61,"neow_bonus":"THREE_ENEMY_KILL","is_daily":false,"chose_seed":false,"campfire_upgraded":3,"win_rate":0.0,"timestamp":1610587611,"path_taken":["M","?","?","$","?","R","E","?","T","M","?","R","?","$","R","BOSS","M","M"],"items_purchased_type":["Card","Potion","Card"],"build_version":"2020-12-22","purchased_purges":1,"victory":false,"max_hp_per_floor":[66,66,66,66,66,66,66,66,66,66,66,66,66,66,66,66,66,66,66,66],"card_choices":[{"not_picked":["Bane","Acrobatics"],"picked":"Flying Knee","floor":1},{"not_picked":["Masterful Stab","Dodge and Roll"],"picked":"Blade Dance","floor":3},{"not_picked":["Distraction","Acrobatics"],"picked":"Dagger Throw","floor":5},{"not_picked":["Distraction","Dodge and Roll"],"picked":"Deadly Poison","floor":7},{"not_picked":["Endless Agony","Outmaneuver"],"picked":"Slice","floor":10},{"not_picked":["Tools of the Trade","Night Terror"],"picked":"A Thousand Cuts","floor":16},{"not_picked":["Choke","Heel Hook"],"picked":"Deadly Poison","floor":18}],"player_experience":1238546,"relics_obtained":[{"floor":7,"key":"MawBank"},{"floor":9,"key":"Ninja Scroll"}],"event_choices":[{"damage_healed":0,"gold_gain":0,"player_choice":"Paid Gold","damage_taken":0,"relics_obtained":["CeramicFish"],"max_hp_gain":0,"max_hp_loss":0,"event_name":"WeMeetAgain","floor":2,"gold_loss":78},{"damage_healed":0,"gold_gain":0,"player_choice":"Ignored","damage_taken":0,"max_hp_gain":0,"max_hp_loss":0,"event_name":"Shining Light","floor":8,"gold_loss":0},{"damage_healed":22,"gold_gain":0,"player_choice":"Banana","damage_taken":0,"max_hp_gain":0,"max_hp_loss":0,"event_name":"Big Fish","floor":11,"gold_loss":0}],"is_beta":false,"boss_relics":[{"not_picked":["Busted Crown","Tiny House"],"picked":"SlaversCollar"}],"items_purged_floors":[13],"is_endless":false,"potions_floor_spawned":[7,16,18],"killed_by":"2 Thieves","ascension_level":20}}