{"host":"4ek4eq5z32z3zgvw","time":1610664031,"event":{"mods":["2.2 Compatiblity","AchievementEnabler","Act Like it!","AlwaysNeverKeys","Aspiration","BaseMod","Better Match","Better Note","Better Sensory Stone","Better Third Choice","BetterRewards","Block Reminder","Colored Map","Colored Powertips","DeckTracker","Defuse TimeMaze Blight","Downfall","Energized Spire","Halation","Hubris","Infinite Spire","Minty Spire (QoL Compilation)","Permanent Neow","Quick Restart","Rare Cards Sparkle","Relic Filter","Relic Sorter","Replay The Spire","Shop Mod","Spikes Relics","StSLib","SuperFastMode","Synergy Search","Unceasing Turn Reminder","UnlockEverythingMod","egg","vexMod"],"gold_per_floor":[117,117,134,150,169,169,169],"floor_reached":6,"language":"ENG","playtime":227,"items_purged":[],"score":76,"play_id":"26b2c293-4e38-4a08-a35f-ab500c07d222","local_time":"20210114164031","is_ascension_mode":true,"campfire_choices":[],"circlet_count":0,"master_deck":["AscendersBane","Strike_G","Strike_G","Strike_G","Strike_G","Defend_G","Defend_G","Defend_G","Defend_G","Defend_G","Survivor","Neutralize","Catalyst","Dagger Throw","InfectiousVector"],"relics":["Ring of the Snake","aspiration:Nostalgia","Sizzling Blood"],"acts_visited":["Exordium"],"potions_floor_usage":[6],"damage_taken":[{"damage":12,"enemies":"Jaw Worm","floor":1,"turns":5},{"damage":12,"enemies":"infinitespire:Voidling","floor":3,"turns":6},{"damage":7,"enemies":"2 Louse","floor":4,"turns":3},{"damage":17,"enemies":"Gremlin Gang","floor":5,"turns":6},{"damage":23,"enemies":"Lagavulin","floor":6,"turns":8}],"seed_played":"-7296132974478638088","potions_obtained":[{"floor":5,"key":"AttackPotion"}],"is_trial":false,"path_per_floor":["M","?","M","M","M","E"],"character_chosen":"THE_SILENT","items_purchased":[],"campfire_rested":0,"item_purchase_floors":[],"current_hp_per_floor":[55,55,47,44,31,8,8],"gold":169,"neow_bonus":"NOSTALGIA","is_daily":false,"chose_seed":false,"campfire_upgraded":0,"win_rate":0.0,"timestamp":1610664031,"path_taken":["M","?","M","?","?","E"],"items_purchased_type":[],"build_version":"2020-12-22","purchased_purges":0,"victory":false,"max_hp_per_floor":[70,70,70,70,70,70,70],"card_choices":[{"not_picked":["Slice","Predator","Dagger Throw"],"picked":"SKIP","floor":1},{"not_picked":["All Out Attack","Escape Plan"],"picked":"Catalyst","floor":3},{"not_picked":["hubris:SlightOfHand","Dodge and Roll"],"picked":"Dagger Throw","floor":4},{"not_picked":["Flying Knee","Flechettes"],"picked":"InfectiousVector","floor":5}],"player_experience":606048,"relics_obtained":[],"event_choices":[{"cards_removed":["Strike_G"],"damage_healed":0,"gold_gain":0,"player_choice":"Offered Basic","damage_taken":0,"max_hp_gain":0,"max_hp_loss":0,"event_name":"Bonfire Elementals","floor":2,"gold_loss":0}],"is_beta":false,"boss_relics":[],"items_purged_floors":[],"is_endless":false,"potions_floor_spawned":[5],"killed_by":"Lagavulin","ascension_level":20}}