{"host":"x21cvmfdo17nyhii","time":1610610069,"event":{"mods":["AchievementEnabler","BaseMod","Colored Map","Colored Powertips","DeckTracker","Highlight Path","Minty Spire (QoL Compilation)","Quick Restart","Rare Cards Sparkle","SuperFastMode"],"gold_per_floor":[110,110,110,110,0,26,26,37,37,37,2,2,21,21,21,124,124,136,136,165,13,13,13,13,43,90,122,134,146,158,183,195,311,323,354,416,428,440,469,481,493,493],"floor_reached":41,"language":"ENG","playtime":2022,"items_purged":[],"score":531,"play_id":"8c83599a-82be-4eee-a88b-499add8ca030","local_time":"20210113234109","is_ascension_mode":true,"campfire_choices":[{"floor":7.0,"key":"REST"},{"floor":10.0,"key":"REST"},{"floor":12.0,"key":"REST"},{"data":"Melter","floor":15.0,"key":"SMITH"},{"data":"Echo Form","floor":23.0,"key":"SMITH"},{"floor":30.0,"key":"REST"},{"floor":32.0,"key":"REST"},{"floor":40.0,"key":"REST"}],"circlet_count":0,"master_deck":["Strike_B","Strike_B","Defend_B+1","Defend_B+1","Defend_B","Zap","Dualcast","Multi-Cast+1","Hello World","Cold Snap","Melter+1","Sunder","Undo","Conserve Battery","Reinforced Body","Echo Form+1","Streamline","Redo+1","Necronomicurse","Auto Shields+1","Fission","Ball Lightning+1","Leap+1"],"relics":["Cracked Core","War Paint","Matryoshka","SacredBark","Red Mask","Chemical X","Meat on the Bone","Pear","MawBank","Necronomicon","Inserter","Thread and Needle"],"acts_visited":["Exordium","TheCity","TheBeyond"],"potions_floor_usage":[],"damage_taken":[{"damage":8.0,"enemies":"2 Louse","floor":1.0,"turns":3.0},{"damage":37.0,"enemies":"Gremlin Nob","floor":6.0,"turns":5.0},{"damage":0.0,"enemies":"Jaw Worm","floor":8.0,"turns":3.0},{"damage":18.0,"enemies":"Small Slimes","floor":13.0,"turns":2.0},{"damage":23.0,"enemies":"The Guardian","floor":16.0,"turns":14.0},{"damage":0.0,"enemies":"Chosen","floor":18.0,"turns":3.0},{"damage":25.0,"enemies":"Masked Bandits","floor":20.0,"turns":7.0},{"damage":61.0,"enemies":"Book of Stabbing","floor":25.0,"turns":6.0},{"damage":24.0,"enemies":"2 Thieves","floor":27.0,"turns":3.0},{"damage":7.0,"enemies":"Chosen and Byrds","floor":31.0,"turns":6.0},{"damage":43.0,"enemies":"Champ","floor":33.0,"turns":13.0},{"damage":28.0,"enemies":"3 Shapes","floor":35.0,"turns":6.0},{"damage":33.0,"enemies":"Mind Bloom Boss Battle","floor":36.0,"turns":7.0},{"damage":0.0,"enemies":"3 Darklings","floor":39.0,"turns":8.0},{"damage":98,"enemies":"Giant Head","floor":41,"turns":8}],"seed_played":"7487803891427868254","potions_obtained":[{"floor":8.0,"key":"Dexterity Potion"},{"floor":16.0,"key":"Energy Potion"},{"floor":31.0,"key":"SteroidPotion"},{"floor":33.0,"key":"Fire Potion"},{"floor":36.0,"key":"Energy Potion"}],"is_trial":false,"path_per_floor":["M","?","?","?","$","E","R","M","T","R","$","R","M","?","R","B",null,"M","?","?","$","?","R","$","E","T","M","?","?","R","M","R","B",null,"M","?","?","?","M","R","E"],"character_chosen":"DEFECT","items_purchased":["Melter","Sunder","Reinforced Body","Chemical X"],"campfire_rested":6,"item_purchase_floors":[5,5,11,21],"current_hp_per_floor":[46,46,39,39,39,2,24,24,24,46,46,68,50,50,50,27,75,75,61,36,36,80,80,80,19,29,17,17,1,28,33,60,29,90,62,41,41,41,53,80,0,0],"gold":493,"neow_bonus":"TRANSFORM_TWO_CARDS","is_daily":false,"chose_seed":false,"campfire_upgraded":2,"win_rate":0.0,"timestamp":1610610069,"path_taken":["M","?","?","?","?","E","R","M","T","R","$","R","?","?","R","BOSS","M","?","?","?","?","R","$","E","T","?","?","?","R","M","R","BOSS","M","?","?","?","?","R","E"],"items_purchased_type":["Card","Card","Card","Relic"],"build_version":"2020-12-22","purchased_purges":0,"victory":false,"max_hp_per_floor":[75,75,75,75,75,75,75,75,75,75,75,75,75,75,75,75,75,75,80,80,80,80,80,80,80,90,90,90,90,90,90,90,90,90,90,90,90,90,90,90,90,90],"card_choices":[{"not_picked":["Go for the Eyes","Coolheaded"],"picked":"Cold Snap","floor":1.0},{"not_picked":["Capacitor","Heatsinks"],"picked":"Undo","floor":6.0},{"not_picked":["Gash","Go for the Eyes"],"picked":"Conserve Battery","floor":8.0},{"not_picked":["Scrape","Redo","Leap"],"picked":"SKIP","floor":13.0},{"not_picked":["Rainbow","Core Surge"],"picked":"Echo Form","floor":16.0},{"not_picked":["Ball Lightning+1","Cold Snap","Go for the Eyes"],"picked":"SKIP","floor":18.0},{"not_picked":["Stack","Coolheaded"],"picked":"Streamline","floor":20.0},{"not_picked":["Lockon","Darkness","Scrape+1"],"picked":"SKIP","floor":25.0},{"not_picked":["Blizzard","Lockon+1"],"picked":"Redo+1","floor":27.0},{"not_picked":["Steam Power+1","Barrage"],"picked":"Auto Shields+1","floor":31.0},{"not_picked":["Multi-Cast","Reboot"],"picked":"Fission","floor":33.0},{"not_picked":["Turbo+1","Blizzard+1"],"picked":"Ball Lightning+1","floor":35.0},{"not_picked":["Turbo+1","Beam Cell"],"picked":"Leap+1","floor":36.0},{"not_picked":["Ball Lightning","Auto Shields","Rebound"],"picked":"SKIP","floor":39.0}],"player_experience":367987,"relics_obtained":[{"floor":6.0,"key":"War Paint"},{"floor":9.0,"key":"Matryoshka"},{"floor":20.0,"key":"Red Mask"},{"floor":25.0,"key":"Meat on the Bone"},{"floor":26.0,"key":"Pear"},{"floor":26.0,"key":"MawBank"},{"floor":29.0,"key":"Necronomicon"},{"floor":36.0,"key":"Thread and Needle"}],"event_choices":[{"damage_healed":0.0,"max_hp_gain":0.0,"max_hp_loss":0.0,"gold_gain":0.0,"event_name":"Golden Idol","player_choice":"Ignored","floor":2.0,"gold_loss":0.0,"damage_taken":0.0},{"cards_removed":["Strike_B"],"damage_healed":0.0,"max_hp_gain":0.0,"max_hp_loss":0.0,"gold_gain":0.0,"event_name":"Golden Wing","player_choice":"Card Removal","floor":3.0,"gold_loss":0.0,"damage_taken":7.0},{"damage_healed":0.0,"max_hp_gain":0.0,"max_hp_loss":0.0,"gold_gain":0.0,"event_name":"Scrap Ooze","player_choice":"Fled","floor":4.0,"gold_loss":0.0,"damage_taken":0.0},{"damage_healed":0.0,"max_hp_gain":0.0,"max_hp_loss":0.0,"gold_gain":0.0,"event_name":"Liars Game","player_choice":"Ignored","floor":14.0,"gold_loss":0.0,"damage_taken":0.0},{"damage_healed":0.0,"max_hp_gain":5.0,"max_hp_loss":0.0,"gold_gain":0.0,"event_name":"Forgotten Altar","player_choice":"Shed Blood","floor":19.0,"gold_loss":0.0,"damage_taken":19.0},{"damage_healed":0.0,"max_hp_gain":0.0,"max_hp_loss":0.0,"gold_gain":0.0,"event_name":"Masked Bandits","player_choice":"Fought Bandits","floor":20.0,"gold_loss":0.0,"damage_taken":0.0},{"damage_healed":44.0,"max_hp_gain":0.0,"max_hp_loss":0.0,"gold_gain":0.0,"event_name":"Wheel of Change","player_choice":"Full Heal","floor":22.0,"gold_loss":0.0,"damage_taken":0.0},{"damage_healed":0.0,"max_hp_gain":0.0,"max_hp_loss":0.0,"gold_gain":0.0,"event_name":"The Mausoleum","player_choice":"Ignored","floor":28.0,"gold_loss":0.0,"damage_taken":0.0},{"damage_healed":0.0,"max_hp_gain":0.0,"max_hp_loss":0.0,"gold_gain":0.0,"event_name":"Cursed Tome","player_choice":"Obtained Book","floor":29.0,"gold_loss":0.0,"damage_taken":16.0},{"damage_healed":0.0,"max_hp_gain":0.0,"max_hp_loss":0.0,"gold_gain":0.0,"event_name":"MindBloom","player_choice":"Fight","floor":36.0,"gold_loss":0.0,"damage_taken":0.0},{"damage_healed":0.0,"max_hp_gain":0.0,"max_hp_loss":0.0,"gold_gain":0.0,"event_name":"The Moai Head","player_choice":"Ignored","floor":37.0,"gold_loss":0.0,"damage_taken":0.0},{"damage_healed":0.0,"max_hp_gain":0.0,"max_hp_loss":0.0,"gold_gain":0.0,"event_name":"Accursed Blacksmith","player_choice":"Forge","floor":38.0,"gold_loss":0.0,"damage_taken":0.0,"cards_upgraded":["Multi-Cast"]}],"is_beta":false,"boss_relics":[{"not_picked":["Pandora\u0027s Box","Calling Bell"],"picked":"SacredBark"},{"not_picked":["Snecko Eye","Runic Pyramid"],"picked":"Inserter"}],"items_purged_floors":[],"is_endless":false,"potions_floor_spawned":[8,16,31,33,36],"killed_by":"Giant Head","ascension_level":4}}