{"host":"z9grmtg2w0nmz8n1","time":1610636535,"event":{"mods":["Aspiration","Bard","BaseMod","Better Altar","Better Match","Better Note","Better Sensory Stone","Better Skull","Better Third Choice","BetterRewards","CCEM","Colored Map","Conspire","Downfall","GifTheSpireLib","Googly Eyes","Halation","Hermit","Highlight Path","Hubris","Hunter ??","Jedi Mod","Jorbs\u0027s Wanderer Trilogy","Mad Scientist","Marisa????????","Minty Spire (QoL Compilation)","Permanent Neow","Replay The Spire","Shade Mod","Shop Mod","Spicy Shops","StSLib","Stuff the Spire","The Bug Knight","The Construct","The Necromancer","The Runesmith"],"gold_per_floor":[112,112,131,131,149,179,193,215,215,233,265,265,265,276,238,13,13,113,113,123,143,143,154,3,3,135,135,135,251,251,276,301,101,101,206,206,222,222,233,249,268,268,380,380,380,484,484,484,500,49,49,49,49],"floor_reached":52,"language":"ENG","playtime":2305,"items_purged":["Strike_B","StuffTheSpire:CuriosityCurse","Strike_B","Strike_B"],"score":663,"play_id":"c343c1d6-0198-436d-9c31-9aed4f46b779","local_time":"20210114130215","is_ascension_mode":true,"campfire_choices":[{"floor":17,"key":"REST"},{"floor":25,"key":"RECALL"},{"data":"Defragment","floor":27,"key":"SMITH"},{"data":"jedi:reiji","floor":30,"key":"SMITH"},{"data":"Strike_B","floor":34,"key":"PURGE"},{"floor":42,"key":"REST"},{"floor":44,"key":"REST"},{"floor":48,"key":"DIG"},{"floor":51,"key":"REST"}],"circlet_count":0,"master_deck":["Defend_B","Defend_B","Defend_B","Defend_B","Zap","Dualcast","Defragment+1","Go for the Eyes","Static Discharge","Ball Lightning+1","Conserve Battery","StuffTheSpire:Plugnplay","Ball Lightning+1","Electrodynamics","jedi:reiji+1","Loop","Leap","Leap+1","Defragment","Capacitor","jedi:blockon","Defragment+1"],"relics":["Cracked Core","CCEMRelics:SpiritsEdge","CCEMRelics:Barrel","Odd Mushroom","StuffTheSpire:Tea","StuffTheSpire:TintedRock","Nuclear Battery","ReplayTheSpireMod:TigerMarble","CCEMRelics:OverlyComfyChair","ReplayTheSpireMod:Lightbulb","Replay:Antivirus Software","CCEMRelics:GrindingGear","conspire:SeveredTorchhead","Snack Pack","Shovel","CCEMRelics:DerglesHeadphones","aspiration:Lifesprig","Geode","Whetstone","DollysMirror"],"acts_visited":["Exordium","TheCity","TheBeyond"],"potions_floor_usage":[6,8,14,18,20,26,32,32,32,43,43,49,52],"damage_taken":[{"damage":15,"enemies":"Jaw Worm","floor":1,"turns":4},{"damage":2,"enemies":"Small Slimes","floor":3,"turns":4},{"damage":0,"enemies":"2 Louse","floor":5,"turns":1},{"damage":21,"enemies":"Lagavulin","floor":6,"turns":5},{"damage":0,"enemies":"conspire:2 RoseBushes","floor":7,"turns":5},{"damage":17,"enemies":"The Mushroom Lair","floor":8,"turns":4},{"damage":10,"enemies":"Lots of Slimes","floor":10,"turns":3},{"damage":14,"enemies":"HollowMod:MossKnight","floor":11,"turns":6},{"damage":4,"enemies":"Exordium Thugs","floor":14,"turns":3},{"damage":0,"enemies":"Slime Boss","floor":18,"turns":4},{"damage":5,"enemies":"Spheric Guardian","floor":20,"turns":3},{"damage":6,"enemies":"Chosen","floor":21,"turns":4},{"damage":12,"enemies":"Snecko","floor":23,"turns":4},{"damage":2,"enemies":"Slavers","floor":26,"turns":2},{"damage":12,"enemies":"Gremlin Leader","floor":29,"turns":5},{"damage":7,"enemies":"conspire:MimicChest","floor":32,"turns":5},{"damage":25,"enemies":"Champ","floor":35,"turns":11},{"damage":7,"enemies":"3 Shapes","floor":37,"turns":3},{"damage":0,"enemies":"Orb Walker","floor":39,"turns":2},{"damage":29,"enemies":"Writhing Mass","floor":40,"turns":4},{"damage":26,"enemies":"3 Darklings","floor":41,"turns":3},{"damage":20,"enemies":"Giant Head","floor":43,"turns":8},{"damage":7,"enemies":"Reptomancer","floor":46,"turns":3},{"damage":0,"enemies":"4 Shapes","floor":49,"turns":2},{"damage":60,"enemies":"hubris:GrandSnecko","floor":52,"turns":10}],"seed_played":"842286137300775634","potions_obtained":[{"floor":1,"key":"FocusPotion"},{"floor":6,"key":"Swift Potion"},{"floor":7,"key":"AttackPotion"},{"floor":11,"key":"champ:CounterPotion"},{"floor":14,"key":"Flashbang"},{"floor":18,"key":"construct:ShiftPotion"},{"floor":23,"key":"DistilledChaos"},{"floor":26,"key":"Energy Potion"},{"floor":29,"key":"jedi:StrikingPotion"},{"floor":32,"key":"Fruit Juice"},{"floor":35,"key":"sneckomod:MuddlingPotion"},{"floor":41,"key":"SpeedPotion"},{"floor":46,"key":"Explosive Potion"},{"floor":49,"key":"champ:CounterPotion"}],"is_trial":false,"path_per_floor":["M","?","M","?","M","E","M","?","T","M","E","PTL","PTL","M","?","$","R","B",null,"M","M","?","M","$","R","E","R","T","E","R","T","?","$","R_BF","B",null,"M","T","M","M","M","R","E","R","T","E","?","R","M","$","R","B"],"character_chosen":"DEFECT","items_purchased":["StuffTheSpire:TintedRock","Loop","Defragment","Whetstone","DollysMirror"],"campfire_rested":4,"item_purchase_floors":[16,24,33,50,50],"current_hp_per_floor":[60,75,73,73,73,52,52,35,35,25,11,11,11,7,7,7,29,37,75,70,64,64,52,52,52,58,58,58,52,52,52,50,50,50,26,80,73,73,73,44,18,42,23,47,47,40,40,40,40,40,64,4,4],"gold":49,"neow_bonus":"THREE_CARDS","is_daily":false,"chose_seed":false,"campfire_upgraded":2,"win_rate":0.0,"timestamp":1610636535,"path_taken":["M","?","M","?","M","E","M","?","T","?","E","PTL","PTL","M","?","$","R","BOSS","M","M","?","?","$","R","E","R","T","E","R","?","?","$","R_BF","BOSS","M","?","?","M","M","R","E","R","T","E","?","R","M","$","R","BOSS"],"items_purchased_type":["Relic","Card","Card","Relic","Relic"],"build_version":"2020-12-22","purchased_purges":4,"victory":false,"max_hp_per_floor":[75,75,75,75,75,75,75,75,75,75,75,75,75,75,75,75,75,75,75,75,75,75,75,75,75,75,75,75,75,75,75,80,80,80,80,80,80,80,80,80,80,80,80,80,80,80,80,80,80,80,80,80,80],"card_choices":[{"not_picked":["jedi:BurstLightning","Rebound"],"picked":"Defragment","floor":0},{"not_picked":["Reprogram","Panic Button"],"picked":"Go for the Eyes","floor":1},{"not_picked":["Fusion","ReplayTheSpireMod:Dual Polarity"],"picked":"Static Discharge","floor":3},{"not_picked":["Sunder","StuffTheSpire:LoadUp"],"picked":"Ball Lightning","floor":5},{"not_picked":["jedi:gatheringstorm","Scrape"],"picked":"Conserve Battery","floor":6},{"not_picked":["StuffTheSpire:SnapShoot","jedi:blockon"],"picked":"StuffTheSpire:Plugnplay","floor":7},{"not_picked":["StuffTheSpire:Plugnplay","Go for the Eyes"],"picked":"Ball Lightning","floor":8},{"not_picked":["Sweeping Beam","jedi:blockon","Redo"],"picked":"SKIP","floor":10},{"not_picked":["Fusion","ReplayTheSpireMod:Dual Polarity"],"picked":"Electrodynamics","floor":11},{"not_picked":["Gash","Ball Lightning"],"picked":"jedi:reiji","floor":14},{"not_picked":["StuffTheSpire:LoadUp","Cold Snap","Rebound"],"picked":"SKIP","floor":20},{"not_picked":["Steam+1","Loop+1","jedi:locknload"],"picked":"SKIP","floor":21},{"not_picked":["Sweeping Beam","ReplaySort","Cold Snap"],"picked":"SKIP","floor":23},{"not_picked":["ReplayTheSpireMod:Dual Polarity","ReplayTheSpireMod:GoodbyeWorld"],"picked":"Leap","floor":26},{"not_picked":["Rebound+1","Ball Lightning"],"picked":"Leap+1","floor":29},{"not_picked":["Streamline+1","Ball Lightning+1"],"picked":"Capacitor","floor":37},{"not_picked":["Coolheaded+1","jedi:blockon+1","Panic Button+1"],"picked":"SKIP","floor":39},{"not_picked":["Streamline+1","aspiration:Polymerization+1","BasicCrystalCard"],"picked":"SKIP","floor":40},{"not_picked":["Conserve Battery","Rebound","Consume"],"picked":"SKIP","floor":41},{"not_picked":["BasicCrystalCard+1","StuffTheSpire:Coldhearted+1"],"picked":"jedi:blockon","floor":43},{"not_picked":["Reprogram","Reboot","ReplayTheSpireMod:Dual Polarity+1"],"picked":"SKIP","floor":46},{"not_picked":["Compile Driver+1","Beam Cell","StuffTheSpire:CleanHardDrive+1"],"picked":"SKIP","floor":49}],"player_experience":865288,"relics_obtained":[{"floor":6,"key":"CCEMRelics:Barrel"},{"floor":8,"key":"Odd Mushroom"},{"floor":11,"key":"StuffTheSpire:Tea"},{"floor":26,"key":"ReplayTheSpireMod:TigerMarble"},{"floor":28,"key":"CCEMRelics:OverlyComfyChair"},{"floor":29,"key":"ReplayTheSpireMod:Lightbulb"},{"floor":31,"key":"Replay:Antivirus Software"},{"floor":32,"key":"CCEMRelics:GrindingGear"},{"floor":38,"key":"Snack Pack"},{"floor":43,"key":"Shovel"},{"floor":45,"key":"CCEMRelics:DerglesHeadphones"},{"floor":46,"key":"aspiration:Lifesprig"},{"floor":48,"key":"Geode"}],"event_choices":[{"damage_healed":0,"gold_gain":0,"player_choice":"Fought Mushrooms","damage_taken":0,"max_hp_gain":0,"max_hp_loss":0,"event_name":"Mushrooms","floor":8,"gold_loss":0},{"damage_healed":0,"gold_gain":0,"player_choice":"Left","damage_taken":0,"max_hp_gain":0,"max_hp_loss":0,"event_name":"betterThird:BetterGoop","floor":15,"gold_loss":38},{"cards_removed":["Strike_B"],"damage_healed":0,"gold_gain":0,"player_choice":"Give","damage_taken":0,"max_hp_gain":0,"max_hp_loss":0,"event_name":"betterNote:BetterNote","floor":22,"gold_loss":0,"cards_obtained":["construct:Strike_Gold"]},{"damage_healed":0,"gold_gain":0,"player_choice":"Ignored","damage_taken":0,"max_hp_gain":0,"max_hp_loss":0,"event_name":"The Moai Head","floor":47,"gold_loss":0}],"is_beta":false,"boss_relics":[{"not_picked":["hubris:TerracottaHorce","Runic Dome"],"picked":"Nuclear Battery"},{"not_picked":["ChewingGum","Cursed Key"],"picked":"conspire:SeveredTorchhead"}],"items_purged_floors":[16,24,33,50],"is_endless":false,"potions_floor_spawned":[1,6,7,11,14,18,23,26,29,32,35,41,46,49],"killed_by":"hubris:GrandSnecko","ascension_level":1}}