{"host":"04hh9gplt9wkfmr1","time":1610597120,"event":{"mods":["AchievementEnabler","BaseMod","Colored Map","KOR Keyword Fix","Minty Spire (QoL Compilation)","Rare Cards Sparkle","SuperFastMode"],"gold_per_floor":[18,18,31,45,45,70,88,88,113,113,113,123,123,133,133,232,232,251,265,465,483,502,502,502],"floor_reached":23,"language":"KOR","playtime":738,"items_purged":[],"score":234,"play_id":"10e2b174-444f-4ffe-91b1-1400c31cb3e9","local_time":"20210114130520","is_ascension_mode":true,"campfire_choices":[{"data":"Crippling Poison","floor":8.0,"key":"SMITH"},{"data":"Poisoned Stab","floor":10.0,"key":"SMITH"},{"data":"Corpse Explosion","floor":13.0,"key":"SMITH"},{"data":"Poisoned Stab","floor":15.0,"key":"SMITH"}],"circlet_count":0,"master_deck":["Defend_G","Defend_G","Defend_G","Defend_G","Defend_G","Survivor","Neutralize","Venomology+1","Poisoned Stab+1","Escape Plan","Crippling Poison+1","Poisoned Stab+1","Backflip","Masterful Stab","Corpse Explosion+1","Corpse Explosion","Predator+1","Crippling Poison+1","Terror+1","Footwork+1","Wraith Form v2","Bane"],"relics":["Ring of the Snake","Tiny Chest","Vajra","Astrolabe"],"acts_visited":["Exordium","TheCity"],"potions_floor_usage":[16,16,18,19,21,21,22,23,23,23],"damage_taken":[{"damage":2.0,"enemies":"2 Louse","floor":1.0,"turns":4.0},{"damage":0.0,"enemies":"Small Slimes","floor":3.0,"turns":3.0},{"damage":0.0,"enemies":"Cultist","floor":4.0,"turns":3.0},{"damage":6.0,"enemies":"Gremlin Nob","floor":6.0,"turns":3.0},{"damage":10.0,"enemies":"Lots of Slimes","floor":7.0,"turns":4.0},{"damage":0.0,"enemies":"2 Fungi Beasts","floor":12.0,"turns":2.0},{"damage":0.0,"enemies":"Blue Slaver","floor":14.0,"turns":3.0},{"damage":31,"enemies":"Slime Boss","floor":16,"turns":10},{"damage":11,"enemies":"2 Thieves","floor":18,"turns":4},{"damage":18,"enemies":"Shell Parasite","floor":19,"turns":5},{"damage":0,"enemies":"Chosen and Byrds","floor":21,"turns":4},{"damage":0,"enemies":"Centurion and Healer","floor":22,"turns":5},{"damage":41,"enemies":"Book of Stabbing","floor":23,"turns":6}],"seed_played":"7017411314878939167","potions_obtained":[{"floor":4.0,"key":"Poison Potion"},{"floor":7.0,"key":"DuplicationPotion"},{"floor":16,"key":"Poison Potion"},{"floor":22,"key":"GhostInAJar"}],"is_trial":false,"path_per_floor":["M","?","M","M","?","E","M","R","T","R","?","M","R","M","R","B",null,"M","M","?","M","M","E"],"character_chosen":"THE_SILENT","items_purchased":[],"campfire_rested":0,"item_purchase_floors":[],"current_hp_per_floor":[68,68,68,68,61,55,45,45,45,45,45,45,45,45,45,29,70,59,41,41,41,41,0,0],"gold":502,"neow_bonus":"THREE_RARE_CARDS","is_daily":false,"chose_seed":false,"campfire_upgraded":4,"win_rate":0.0,"timestamp":1610597120,"path_taken":["M","?","M","M","?","E","M","R","T","R","?","M","R","M","R","BOSS","M","M","?","M","M","E"],"items_purchased_type":[],"build_version":"2020-12-22","purchased_purges":0,"victory":false,"max_hp_per_floor":[70,70,70,70,70,70,70,70,70,70,70,70,70,70,70,70,70,70,70,70,70,70,70,70],"card_choices":[{"not_picked":["A Thousand Cuts","Unload"],"picked":"Venomology","floor":0.0},{"not_picked":["Blur","Backflip"],"picked":"Poisoned Stab","floor":1.0},{"not_picked":["Heel Hook","Deflect"],"picked":"Escape Plan","floor":3.0},{"not_picked":["Skewer","Underhanded Strike"],"picked":"Crippling Poison","floor":4.0},{"not_picked":["Sucker Punch","Bane"],"picked":"Poisoned Stab","floor":6.0},{"not_picked":["Caltrops","Acrobatics"],"picked":"Backflip","floor":7.0},{"not_picked":["PiercingWail","Deadly Poison"],"picked":"Corpse Explosion","floor":12.0},{"not_picked":["Acrobatics","Accuracy","Cloak And Dagger"],"picked":"SKIP","floor":14.0},{"not_picked":["After Image","Storm of Steel"],"picked":"Corpse Explosion","floor":16},{"not_picked":["Quick Slash","Cloak And Dagger+1"],"picked":"Footwork+1","floor":18},{"not_picked":["Dodge and Roll+1","Blade Dance","Cloak And Dagger"],"picked":"SKIP","floor":19},{"not_picked":["Deflect","Deadly Poison"],"picked":"Wraith Form v2","floor":21},{"not_picked":["Deflect","Dagger Spray"],"picked":"Bane","floor":22}],"player_experience":25824,"relics_obtained":[{"floor":6.0,"key":"Tiny Chest"},{"floor":9.0,"key":"Vajra"}],"event_choices":[{"damage_healed":0.0,"max_hp_gain":0.0,"max_hp_loss":0.0,"gold_gain":0.0,"event_name":"Living Wall","player_choice":"Grow","floor":2.0,"gold_loss":0.0,"damage_taken":0.0,"cards_upgraded":["Venomology"]},{"cards_removed":["Strike_G"],"damage_healed":0.0,"max_hp_gain":0.0,"max_hp_loss":0.0,"gold_gain":0.0,"event_name":"Golden Wing","player_choice":"Card Removal","floor":5.0,"gold_loss":0.0,"damage_taken":7.0},{"damage_healed":0.0,"max_hp_gain":0.0,"max_hp_loss":0.0,"gold_gain":0.0,"cards_transformed":["Strike_G"],"event_name":"Transmorgrifier","player_choice":"Transformed","floor":11.0,"gold_loss":0.0,"damage_taken":0.0,"cards_obtained":["Masterful Stab"]},{"damage_healed":0,"gold_gain":200,"player_choice":"Gold","damage_taken":0,"max_hp_gain":0,"max_hp_loss":0,"event_name":"Wheel of Change","floor":20,"gold_loss":0}],"is_beta":false,"boss_relics":[{"not_picked":["Runic Pyramid","Coffee Dripper"],"picked":"Astrolabe"}],"items_purged_floors":[],"is_endless":false,"potions_floor_spawned":[4,7,14,16,18,22],"killed_by":"Book of Stabbing","ascension_level":4}}