{"host":"oehe2dxjvdgux73m","time":1610633135,"event":{"mods":["AchievementEnabler","BaseMod","Colored Map","Colored Powertips","DeckTracker","Keyboard Shortcuts","Minty Spire (QoL Compilation)","Permanent Neow","Quick Restart","StSLib","SuperFastMode"],"gold_per_floor":[109,122,70,87,105,133,133,133,159,159,159,159,182,198,198,289,289,304,304,304,229,247,291,291,315,338,47,68,30,43,57,57,150,150,174,174,174],"floor_reached":36,"language":"KOR","playtime":1183,"items_purged":["Strike_G"],"score":784,"play_id":"3caa1829-d962-4e5b-838a-84785b103d2c","local_time":"20210114230535","is_ascension_mode":true,"campfire_choices":[{"data":"Neutralize","floor":8.0,"key":"SMITH"},{"data":"Bouncing Flask","floor":10.0,"key":"SMITH"},{"data":"Catalyst","floor":15.0,"key":"SMITH"},{"data":"Catalyst","floor":24.0,"key":"SMITH"},{"data":"Tactician","floor":32,"key":"SMITH"}],"circlet_count":0,"master_deck":["AscendersBane","Defend_G","Defend_G","Defend_G","Survivor","Neutralize+1","Noxious Fumes","Bouncing Flask+1","Catalyst+1","Backflip","Well Laid Plans","Acrobatics","Escape Plan","Bouncing Flask+1","Acrobatics+1","Catalyst+1","Poisoned Stab","Deadly Poison","Tactician+1","Blur","Burst"],"relics":["Ring of the Snake","Ancient Tea Set","Golden Idol","Anchor","Astrolabe","Enchiridion","Nunchaku","Omamori","Membership Card","Lantern","Black Star"],"acts_visited":["Exordium","TheCity","TheBeyond"],"potions_floor_usage":[31],"damage_taken":[{"damage":0.0,"enemies":"Cultist","floor":1.0,"turns":3.0},{"damage":4.0,"enemies":"Jaw Worm","floor":2.0,"turns":3.0},{"damage":0.0,"enemies":"Small Slimes","floor":4.0,"turns":3.0},{"damage":9.0,"enemies":"Exordium Thugs","floor":5.0,"turns":4.0},{"damage":17.0,"enemies":"Lagavulin","floor":6.0,"turns":5.0},{"damage":5.0,"enemies":"Blue Slaver","floor":13.0,"turns":4.0},{"damage":7.0,"enemies":"3 Louse","floor":14.0,"turns":4.0},{"damage":5.0,"enemies":"The Guardian","floor":16.0,"turns":7.0},{"damage":2.0,"enemies":"Shell Parasite","floor":18.0,"turns":3.0},{"damage":0.0,"enemies":"Chosen","floor":22.0,"turns":2.0},{"damage":28.0,"enemies":"Slavers","floor":23.0,"turns":6.0},{"damage":2.0,"enemies":"Sentry and Sphere","floor":25.0,"turns":3.0},{"damage":0,"enemies":"Centurion and Healer","floor":28,"turns":4},{"damage":0,"enemies":"Cultist and Chosen","floor":30,"turns":4},{"damage":1,"enemies":"Snake Plant","floor":31,"turns":2},{"damage":0,"enemies":"Collector","floor":33,"turns":1},{"damage":0,"enemies":"Orb Walker","floor":35,"turns":2},{"damage":65,"enemies":"3 Shapes","floor":36,"turns":3}],"seed_played":"-6764937647343391689","potions_obtained":[{"floor":4.0,"key":"Strength Potion"},{"floor":5.0,"key":"Poison Potion"},{"floor":12.0,"key":"Poison Potion"},{"floor":13.0,"key":"LiquidMemories"},{"floor":14.0,"key":"GhostInAJar"},{"floor":18.0,"key":"BlessingOfTheForge"},{"floor":23.0,"key":"Block Potion"}],"is_trial":false,"path_per_floor":["M","M","$","M","M","E","?","R","T","R","?","?","M","M","R","B",null,"M","?","?","$","M","E","R","M","T","$","M","$","M","M","R","B",null,"M","M"],"character_chosen":"THE_SILENT","items_purchased":["Block Potion","Membership Card","Tactician","Lantern","DistilledChaos","Blur"],"campfire_rested":0,"item_purchase_floors":[3,27,27,27,27,29],"current_hp_per_floor":[59,55,55,55,46,29,29,29,29,29,29,29,24,17,17,12,45,43,27,66,66,66,38,38,36,36,36,36,36,36,35,35,35,58,58,0,0],"gold":174,"neow_bonus":"TRANSFORM_TWO_CARDS","is_daily":false,"chose_seed":false,"campfire_upgraded":5,"win_rate":0.0,"timestamp":1610633135,"path_taken":["M","?","$","M","?","E","?","R","T","R","?","?","M","?","R","BOSS","M","?","?","$","M","E","R","?","T","$","?","?","M","M","R","BOSS","M","M"],"items_purchased_type":["Potion","Relic","Card","Relic","Potion","Card"],"build_version":"2020-12-22","purchased_purges":1,"victory":false,"max_hp_per_floor":[60,60,60,60,60,60,56,56,56,56,56,56,56,56,56,56,56,56,56,66,66,66,66,66,66,66,66,66,66,66,66,66,66,66,66,66,66],"card_choices":[{"not_picked":["Underhanded Strike","Dagger Throw","Sucker Punch"],"picked":"SKIP","floor":1.0},{"not_picked":["Escape Plan","Eviscerate"],"picked":"Catalyst","floor":2.0},{"not_picked":["Sucker Punch","Flying Knee","Cloak And Dagger"],"picked":"SKIP","floor":4.0},{"not_picked":["Deflect","Blade Dance"],"picked":"Backflip","floor":5.0},{"not_picked":["Crippling Poison","Caltrops"],"picked":"Well Laid Plans","floor":6.0},{"not_picked":["Underhanded Strike","Flying Knee"],"picked":"Acrobatics","floor":13.0},{"not_picked":["Leg Sweep","Prepared"],"picked":"Escape Plan","floor":14.0},{"not_picked":["Acrobatics","Prepared"],"picked":"Catalyst","floor":18.0},{"not_picked":["Dagger Throw","Backstab+1","Cloak And Dagger"],"picked":"SKIP","floor":22.0},{"not_picked":["Predator","Cloak And Dagger"],"picked":"Poisoned Stab","floor":23.0},{"not_picked":["Underhanded Strike","Expertise"],"picked":"Deadly Poison","floor":25.0},{"not_picked":["Sucker Punch","Expertise","Dagger Throw+1"],"picked":"SKIP","floor":28},{"not_picked":["Accuracy","Outmaneuver"],"picked":"Burst","floor":30},{"not_picked":["All Out Attack","Eviscerate+1","Cloak And Dagger"],"picked":"SKIP","floor":31},{"not_picked":["Backstab","Deflect","Dodge and Roll+1"],"picked":"SKIP","floor":35}],"player_experience":192890,"relics_obtained":[{"floor":6.0,"key":"Ancient Tea Set"},{"floor":9.0,"key":"Anchor"},{"floor":19.0,"key":"Enchiridion"},{"floor":23.0,"key":"Nunchaku"},{"floor":26.0,"key":"Omamori"}],"event_choices":[{"damage_healed":0.0,"max_hp_gain":0.0,"max_hp_loss":4.0,"gold_gain":0.0,"event_name":"Golden Idol","player_choice":"Lose Max HP","floor":7.0,"gold_loss":0.0,"damage_taken":0.0,"relics_obtained":["Golden Idol"]},{"cards_removed":["Strike_G"],"damage_healed":0.0,"max_hp_gain":0.0,"max_hp_loss":0.0,"gold_gain":0.0,"event_name":"Living Wall","player_choice":"Forget","floor":11.0,"gold_loss":0.0,"damage_taken":0.0},{"damage_healed":0.0,"max_hp_gain":0.0,"max_hp_loss":0.0,"gold_gain":0.0,"event_name":"Lab","player_choice":"Got Potions","floor":12.0,"gold_loss":0.0,"damage_taken":0.0},{"damage_healed":0.0,"max_hp_gain":0.0,"max_hp_loss":0.0,"gold_gain":0.0,"event_name":"Cursed Tome","player_choice":"Obtained Book","floor":19.0,"gold_loss":0.0,"damage_taken":16.0},{"cards_removed":["Unload"],"damage_healed":29.0,"max_hp_gain":10.0,"max_hp_loss":0.0,"gold_gain":0.0,"event_name":"Bonfire Elementals","player_choice":"Offered Rare","floor":20.0,"gold_loss":0.0,"damage_taken":0.0}],"is_beta":false,"boss_relics":[{"not_picked":["Ring of the Serpent","Runic Pyramid"],"picked":"Astrolabe"},{"not_picked":["SacredBark","SlaversCollar"],"picked":"Black Star"}],"items_purged_floors":[21],"is_endless":false,"potions_floor_spawned":[4,5,13,14,18,23,30],"killed_by":"3 Shapes","ascension_level":14}}