{"host":"2yhbarjh4s9lrrzt","time":1610595408,"event":{"mods":["BaseMod","Better Third Choice","Minty Spire (QoL Compilation)","Replay The Spire","StSLib"],"gold_per_floor":[115,131,131,183,196,227,263,287,314,351,351,387,387,421,421,540,540,577,561,561,595,595,595,622,622,622,37,65,20,50,0,0,127,127,160,10,0,40,70,80,80],"floor_reached":40,"language":"ENG","playtime":4207,"items_purged":["Delirium"],"score":494,"play_id":"ef1e2e0e-6d89-474d-8e13-e6bccd080211","local_time":"20210113223648","is_ascension_mode":false,"campfire_choices":[{"floor":13,"key":"REST"},{"floor":15,"key":"RECALL"},{"data":"DevaForm","floor":23,"key":"SMITH"}],"circlet_count":0,"master_deck":["Strike_P","Strike_P","Strike_P","Strike_P","Defend_P","Defend_P","Defend_P","Eruption","Vigilance","FollowUp","FearNoEvil","Pot Of Greed","Pot Of Greed","FlurryOfBlows","EmptyFist","MasterReality","DeceiveReality","Prostrate","EmptyBody","Perseverance+1","DevaForm+1","WindmillStrike+1","Consecrate+1","MentalFortress","SignatureMove","Pot Of Greed","Decay","WaveOfTheHand","BattleHymn","Specialist","Crow Ritual","Prostrate","FearNoEvil+1","CrushJoints","Prostrate+1","Halt","LessonLearned","Pot Of Greed","Pray+1","Prostrate","SashWhip+1","ThirdEye"],"relics":["PureWater","Grinning Jar","Pet Ghost","Replay:Bandana","Cursed Key","MutagenicStrength","Pen Nib","Busted Crown","Red Mask"],"acts_visited":["Exordium","TheCity","TheBeyond"],"potions_floor_usage":[6,16,16,16,28,30,33,33],"damage_taken":[{"damage":4,"enemies":"Small Slimes","floor":1,"turns":5},{"damage":6,"enemies":"Jaw Worm","floor":2,"turns":4},{"damage":0,"enemies":"2 Louse","floor":5,"turns":3},{"damage":13,"enemies":"3 Sentries","floor":6,"turns":7},{"damage":2,"enemies":"Looter","floor":7,"turns":3},{"damage":3,"enemies":"Red Slaver","floor":8,"turns":3},{"damage":0,"enemies":"3 Louse","floor":10,"turns":3},{"damage":2,"enemies":"Looter","floor":12,"turns":2},{"damage":1,"enemies":"2 Fungi Beasts","floor":14,"turns":3},{"damage":43,"enemies":"The Guardian","floor":16,"turns":13},{"damage":0,"enemies":"Chosen","floor":18,"turns":6},{"damage":22,"enemies":"2 Thieves","floor":19,"turns":5},{"damage":13,"enemies":"3 Cultists","floor":21,"turns":6},{"damage":0,"enemies":"Sentry and Sphere","floor":24,"turns":1},{"damage":10,"enemies":"Centurion and Healer","floor":28,"turns":5},{"damage":1,"enemies":"Snake Plant","floor":30,"turns":4},{"damage":25,"enemies":"Champ","floor":33,"turns":9},{"damage":0,"enemies":"Orb Walker","floor":35,"turns":2},{"damage":11,"enemies":"3 Shapes","floor":38,"turns":3},{"damage":10,"enemies":"Writhing Mass","floor":39,"turns":6},{"damage":105,"enemies":"Reptomancer","floor":40,"turns":4}],"seed_played":"8955113367715779867","potions_obtained":[{"floor":1,"key":"AttackPotion"},{"floor":5,"key":"Cursed Concoction"},{"floor":8,"key":"SteroidPotion"},{"floor":10,"key":"DuplicationPotion"},{"floor":16,"key":"Ancient Potion"},{"floor":19,"key":"CultistPotion"},{"floor":24,"key":"Adrenaline Potion"},{"floor":28,"key":"SteroidPotion"}],"is_trial":false,"path_per_floor":["M","M","?","T","M","E","M","M","T","M","?","M","R","M","R","B",null,"M","M","?","M","?","R","M","?","T","$","M","$","M","?","R","B",null,"M","$","?","M","M","E"],"character_chosen":"WATCHER","items_purchased":["WaveOfTheHand","BattleHymn","Specialist","Crow Ritual","Prostrate","FearNoEvil+1","Prostrate","FairyPotion","Prostrate"],"campfire_rested":1,"item_purchase_floors":[27,27,27,27,27,27,29,36,36],"current_hp_per_floor":[75,69,57,57,57,44,42,39,39,39,32,30,53,52,52,9,79,79,57,57,44,70,70,70,70,70,70,60,60,59,59,79,54,79,79,79,79,68,58,0,0],"gold":80,"neow_bonus":"TEN_PERCENT_HP_BONUS","is_daily":false,"chose_seed":false,"campfire_upgraded":1,"win_rate":0.0,"timestamp":1610595408,"path_taken":["M","M","?","?","M","E","M","M","T","M","?","M","R","M","R","BOSS","M","M","?","M","?","R","M","?","T","$","M","$","?","?","R","BOSS","M","$","?","M","M","E"],"items_purchased_type":["Card","Card","Card","Card","Card","Card","Card","Potion","Card"],"build_version":"2020-12-22","purchased_purges":1,"victory":false,"max_hp_per_floor":[79,79,79,79,79,79,79,79,79,79,79,79,79,79,79,79,79,79,79,79,79,79,79,79,79,79,79,79,79,79,79,79,79,79,79,79,79,79,79,79,79],"card_choices":[{"not_picked":["Study","FlurryOfBlows"],"picked":"FollowUp","floor":1},{"not_picked":["CrushJoints","Wallop"],"picked":"FearNoEvil","floor":2},{"not_picked":["Replay:BluntJabs","JustLucky"],"picked":"FlurryOfBlows","floor":5},{"not_picked":["BowlingBash","ClearTheMind"],"picked":"EmptyFist","floor":6},{"not_picked":["Study","PathToVictory"],"picked":"MasterReality","floor":7},{"not_picked":["SashWhip","Study"],"picked":"DeceiveReality","floor":8},{"not_picked":["FollowUp","EmptyBody"],"picked":"Prostrate","floor":10},{"not_picked":["JustLucky","FlurryOfBlows"],"picked":"EmptyBody","floor":12},{"not_picked":["ThirdEye","SashWhip"],"picked":"Perseverance","floor":14},{"not_picked":["Alpha","Scrawl"],"picked":"DevaForm","floor":16},{"not_picked":["CrushJoints+1","EmptyMind+1"],"picked":"WindmillStrike+1","floor":18},{"not_picked":["EmptyBody","ClearTheMind"],"picked":"Consecrate+1","floor":19},{"not_picked":["SashWhip","PathToVictory"],"picked":"MentalFortress","floor":21},{"not_picked":["BowlingBash+1","Blasphemy"],"picked":"SignatureMove","floor":24},{"not_picked":["FlurryOfBlows+1","FollowUp"],"picked":"CrushJoints","floor":28},{"not_picked":["FearNoEvil","BattleHymn"],"picked":"Halt","floor":30},{"not_picked":["Scrawl","ConjureBlade"],"picked":"LessonLearned","floor":33},{"not_picked":[],"picked":"Pray+1","floor":35},{"not_picked":[],"picked":"SashWhip+1","floor":38},{"not_picked":[],"picked":"ThirdEye","floor":39}],"player_experience":189761,"relics_obtained":[{"floor":4,"key":"Pet Ghost"},{"floor":6,"key":"Replay:Bandana"},{"floor":26,"key":"Pen Nib"}],"event_choices":[{"damage_healed":0,"gold_gain":0,"player_choice":"Relic ","damage_taken":12,"max_hp_gain":0,"max_hp_loss":0,"event_name":"betterThird:BetterScrap","floor":3,"gold_loss":0,"cards_obtained":["Eviscerate"]},{"cards_removed":["Defend_P"],"damage_healed":0,"gold_gain":0,"player_choice":"Card Removal","damage_taken":7,"max_hp_gain":0,"max_hp_loss":0,"event_name":"Golden Wing","floor":11,"gold_loss":0},{"damage_healed":0,"gold_gain":0,"player_choice":"Inject Mutagens","damage_taken":0,"relics_obtained":["MutagenicStrength"],"max_hp_gain":0,"max_hp_loss":0,"event_name":"Drug Dealer","floor":20,"gold_loss":0},{"damage_healed":26,"gold_gain":0,"player_choice":"Heal","damage_taken":0,"max_hp_gain":0,"max_hp_loss":0,"event_name":"The Library","floor":22,"gold_loss":0},{"damage_healed":0,"gold_gain":0,"player_choice":"Cursed","damage_taken":0,"max_hp_gain":0,"max_hp_loss":0,"event_name":"Wheel of Change","floor":25,"gold_loss":0,"cards_obtained":["Decay"]},{"damage_healed":0,"gold_gain":0,"player_choice":"Paid Fearfully","damage_taken":0,"max_hp_gain":0,"max_hp_loss":0,"event_name":"Masked Bandits","floor":31,"gold_loss":50},{"damage_healed":0,"gold_gain":0,"player_choice":"Paid","damage_taken":0,"relics_obtained":["Red Mask"],"max_hp_gain":0,"max_hp_loss":0,"event_name":"Tomb of Lord Red Mask","floor":37,"gold_loss":10}],"is_beta":false,"boss_relics":[{"not_picked":["Empty Cage","Philosopher\u0027s Stone"],"picked":"Cursed Key"},{"not_picked":["Replay:Wanted Poster","Ring of Chaos"],"picked":"Busted Crown"}],"items_purged_floors":[27],"is_endless":false,"potions_floor_spawned":[1,5,8,10,16,19,24,28],"killed_by":"Reptomancer","ascension_level":0}}