{"host":"d61fcf2p3sjwe6yo","time":1610659623,"event":{"mods":["AchievementEnabler","BaseMod","Colored Map","Minty Spire (QoL Compilation)","StSLib","SuperFastMode"],"gold_per_floor":[115,134,134,149,164,164,183,212,212,212,212,212],"floor_reached":11,"language":"ENG","playtime":369,"items_purged":[],"score":139,"play_id":"1a3ec477-a870-4ecb-b787-5d1afb70c7ca","local_time":"20210115002703","is_ascension_mode":true,"campfire_choices":[{"data":"Blur","floor":6,"key":"SMITH"},{"floor":10,"key":"REST"}],"circlet_count":0,"master_deck":["AscendersBane","Strike_G","Strike_G","Strike_G","Strike_G","Strike_G","Defend_G","Defend_G","Defend_G","Defend_G","Defend_G","Survivor","Neutralize+1","Flying Knee","Blur+1","Dash","Backflip"],"relics":["Ring of the Snake","Akabeko","White Beast Statue"],"acts_visited":["Exordium"],"potions_floor_usage":[8],"damage_taken":[{"damage":5,"enemies":"Jaw Worm","floor":1,"turns":5},{"damage":6,"enemies":"Cultist","floor":2,"turns":4},{"damage":5,"enemies":"Small Slimes","floor":4,"turns":5},{"damage":4,"enemies":"2 Fungi Beasts","floor":5,"turns":3},{"damage":2,"enemies":"Red Slaver","floor":7,"turns":3},{"damage":26,"enemies":"Gremlin Nob","floor":8,"turns":5},{"damage":23,"enemies":"Lagavulin","floor":11,"turns":8}],"seed_played":"7475158645803498607","potions_obtained":[{"floor":2,"key":"Energy Potion"},{"floor":5,"key":"SpeedPotion"},{"floor":7,"key":"Explosive Potion"}],"is_trial":false,"path_per_floor":["M","M","?","M","M","R","M","E","T","R","E"],"character_chosen":"THE_SILENT","items_purchased":[],"campfire_rested":1,"item_purchase_floors":[],"current_hp_per_floor":[60,54,54,49,45,45,43,17,17,38,15,15],"gold":212,"neow_bonus":"TEN_PERCENT_HP_BONUS","is_daily":false,"chose_seed":false,"campfire_upgraded":1,"win_rate":0.0,"timestamp":1610659623,"path_taken":["M","M","?","?","M","R","M","E","T","R","E"],"items_purchased_type":[],"build_version":"2020-12-22","purchased_purges":0,"victory":false,"max_hp_per_floor":[72,72,72,72,72,72,72,72,72,72,72,72],"card_choices":[{"not_picked":["Backflip","Underhanded Strike"],"picked":"Flying Knee","floor":1},{"not_picked":["Cloak And Dagger","Underhanded Strike","Crippling Poison"],"picked":"SKIP","floor":2},{"not_picked":["Phantasmal Killer","Quick Slash"],"picked":"Blur","floor":4},{"not_picked":["Reflex","Prepared","Dodge and Roll"],"picked":"SKIP","floor":5},{"not_picked":["Acrobatics","Flying Knee"],"picked":"Dash","floor":7},{"not_picked":["PiercingWail","Quick Slash"],"picked":"Backflip","floor":8}],"player_experience":218205,"relics_obtained":[{"floor":8,"key":"Akabeko"},{"floor":9,"key":"White Beast Statue"}],"event_choices":[{"damage_healed":0,"gold_gain":0,"player_choice":"Upgraded","damage_taken":0,"max_hp_gain":0,"max_hp_loss":0,"event_name":"Upgrade Shrine","floor":3,"gold_loss":0,"cards_upgraded":["Neutralize"]}],"is_beta":false,"boss_relics":[],"items_purged_floors":[],"is_endless":false,"potions_floor_spawned":[2,5,7],"killed_by":"Lagavulin","ascension_level":17}}