{"host":"l84l8xigz5v5foa2","time":1610631457,"event":{"mods":["2.2 Compatiblity","AchievementEnabler","BaseMod","Better Note","Better Vampires","Card Filter","Colored Map","DeckTracker","Downfall","Gremlin Skip","Highlight Path","Keyboard Shortcuts","Minty Spire (QoL Compilation)","Permanent Neow","Quick Restart","Relic Filter","Relic Stats","StSLib","SuperFastMode","Transform Curses","Unknown Chances"],"gold_per_floor":[99,118,134,234,234,234,257,276,276,186,204,28,28,58,75,75,75,75],"floor_reached":16,"language":"ENG","playtime":542,"items_purged":["Slimebound:Icky"],"score":200,"play_id":"441e6965-6e67-435f-a68d-78b7a965b492","local_time":"20210114223737","is_ascension_mode":true,"campfire_choices":[{"data":"Guardian:TwinSlam","floor":1.0,"key":"SMITH"},{"data":"Guardian:CurlUp","floor":9.0,"key":"SMITH"},{"data":"Guardian:PiercingHide","floor":13.0,"key":"SMITH"}],"circlet_count":0,"master_deck":["AscendersBane","Guardian:Strike_Guardian","Guardian:Strike_Guardian","Guardian:Strike_Guardian","Guardian:Defend_Guardian","Guardian:Defend_Guardian","Guardian:Defend_Guardian","Guardian:Defend_Guardian","Guardian:CurlUp+1","Guardian:TwinSlam+1","Guardian:PiercingHide+1","Guardian:PolyBeam","Guardian:ShieldCharger","Guardian:Gem_Fragmented"],"relics":["Guardian:ModeShifter","Juzu Bracelet","Anchor","Oddly Smooth Stone","Bottled Lightning"],"acts_visited":["Exordium"],"potions_floor_usage":[16],"damage_taken":[{"damage":3.0,"enemies":"Small Slimes","floor":2.0,"turns":4.0},{"damage":0.0,"enemies":"Jaw Worm","floor":3.0,"turns":4.0},{"damage":6.0,"enemies":"Cultist","floor":8.0,"turns":5.0},{"damage":0.0,"enemies":"downfall:FleeingMerchant","floor":10.0,"turns":4.0},{"damage":2.0,"enemies":"Exordium Thugs","floor":11.0,"turns":5.0},{"damage":10.0,"enemies":"downfall:FleeingMerchant","floor":12.0,"turns":4.0},{"damage":10,"enemies":"Lagavulin","floor":14,"turns":9},{"damage":1,"enemies":"Lots of Slimes","floor":15,"turns":3},{"damage":49,"enemies":"downfall:Ironclad","floor":16,"turns":13}],"seed_played":"455753506849520500","potions_obtained":[{"floor":3.0,"key":"Guardian:DefensiveModePotion"},{"floor":14,"key":"FearPotion"}],"is_trial":false,"path_per_floor":["R","M","M","?","?","?","T","M","R","$","M","$","R","E","M","B"],"character_chosen":"GUARDIAN","items_purchased":["Oddly Smooth Stone"],"campfire_rested":0,"item_purchase_floors":[12],"current_hp_per_floor":[65,62,62,62,62,62,62,56,56,56,54,44,44,34,33,0,0,0],"gold":75,"neow_bonus":"RANDOM_COMMON_RELIC","is_daily":false,"chose_seed":false,"campfire_upgraded":3,"win_rate":0.0,"timestamp":1610631457,"path_taken":["R","M","M","?","?","?","T","M","R","$","M","$","R","E","M","BOSS"],"items_purchased_type":["Relic"],"build_version":"2020-12-22","purchased_purges":1,"victory":false,"max_hp_per_floor":[72,72,72,72,72,72,72,72,72,72,72,72,72,72,72,72,72,72],"relic_stats":{"counters":[9,51],"Juzu Bracelet":1,"obtain_stats":[{"Anchor":7,"Guardian:ModeShifter":0,"Oddly Smooth Stone":12,"Juzu Bracelet":0,"Bottled Lightning":14},{"Anchor":2,"Guardian:ModeShifter":0,"Oddly Smooth Stone":6,"Juzu Bracelet":0,"Bottled Lightning":7},{"Anchor":8,"Guardian:ModeShifter":0,"Oddly Smooth Stone":26,"Juzu Bracelet":0,"Bottled Lightning":35}]},"card_choices":[{"not_picked":["Guardian:ShieldSpikes","Guardian:TimeCapacitor"],"picked":"Guardian:PiercingHide","floor":2.0},{"not_picked":["Guardian:Gem_Red","Guardian:CrystalBeam"],"picked":"Guardian:PolyBeam","floor":3.0},{"not_picked":["Guardian:GuardianWhirl","Guardian:VentSteam"],"picked":"Guardian:ShieldCharger","floor":8.0},{"not_picked":["Guardian:ChargeCore","Guardian:Planning"],"picked":"Guardian:Gem_Green","floor":10.0},{"not_picked":["Guardian:CrystalBeam","Guardian:GuardianWhirl","Guardian:FloatingOrbs"],"picked":"SKIP","floor":11.0},{"not_picked":["Guardian:ShieldCharger","Guardian:PolyBeam","Guardian:VentSteam"],"picked":"SKIP","floor":12.0},{"not_picked":["Guardian:SpikerProtocol","Guardian:RefractedBeam"],"picked":"Guardian:Gem_Fragmented","floor":14},{"not_picked":["Guardian:Gem_Green","Guardian:Planning","Guardian:Gem_Red"],"picked":"SKIP","floor":15}],"player_experience":3197757,"relics_obtained":[{"floor":7.0,"key":"Anchor"},{"floor":14,"key":"Bottled Lightning"}],"event_choices":[],"is_beta":false,"boss_relics":[],"items_purged_floors":[10],"is_endless":false,"potions_floor_spawned":[3,14],"killed_by":"downfall:Ironclad","ascension_level":20}}