{"host":"cvgulky4xr711dtb","time":1610656878,"event":{"mods":["AchievementEnabler","BaseMod","Highlight Path","Minty Spire (QoL Compilation)"],"gold_per_floor":[115,215,228,47,66,66,85,85,135,135,148,148,166,166,166,266,266,285,285,285,375,144,175,185,185,208,218,247,94,94,104,104,206,206,226,252,269,294,294,310,110,130,130,143,24,24,44,44,44,44,44],"floor_reached":50,"language":"ENG","playtime":2129,"items_purged":["Flex","Barricade"],"score":497,"play_id":"668dd869-836f-437a-ba1a-fafa3313c21b","local_time":"20210114204118","is_ascension_mode":false,"campfire_choices":[{"data":"True Grit","floor":6,"key":"SMITH"},{"data":"Pommel Strike","floor":8,"key":"SMITH"},{"data":"Anger","floor":12,"key":"SMITH"},{"data":"Shrug It Off","floor":15,"key":"SMITH"},{"floor":25,"key":"REST"},{"data":"Demon Form","floor":30,"key":"SMITH"},{"data":"Blood for Blood","floor":32,"key":"SMITH"},{"floor":46,"key":"REST"},{"floor":49,"key":"REST"}],"circlet_count":0,"master_deck":["Strike_R","Strike_R","Defend_R","Defend_R","True Grit+1","Pommel Strike+1","Anger+1","Shrug It Off+1","Immolate","Demon Form+1","Berserk+1","Bloodletting+1","Hemokinesis+1","Dropkick","Blood for Blood+1","Warcry+1","Infernal Blade","Decay"],"relics":["Burning Blood","Tiny Chest","Astrolabe","Gremlin Horn","ClockworkSouvenir","Vajra","Regal Pillow","FossilizedHelix","Lee\u0027s Waffle","Philosopher\u0027s Stone","Lantern","Nunchaku","The Courier"],"acts_visited":["Exordium","TheCity","TheBeyond"],"potions_floor_usage":[7,16,16,23,33,33,40,44,44,44,47,50,50],"damage_taken":[{"damage":0,"enemies":"Small Slimes","floor":1,"turns":4},{"damage":1,"enemies":"Cultist","floor":3,"turns":5},{"damage":3,"enemies":"Jaw Worm","floor":5,"turns":5},{"damage":5,"enemies":"Looter","floor":7,"turns":4},{"damage":24,"enemies":"Large Slime","floor":11,"turns":8},{"damage":0,"enemies":"Red Slaver","floor":13,"turns":4},{"damage":49,"enemies":"The Guardian","floor":16,"turns":10},{"damage":19,"enemies":"Shell Parasite","floor":18,"turns":3},{"damage":18,"enemies":"Slavers","floor":23,"turns":3},{"damage":15,"enemies":"Chosen","floor":24,"turns":3},{"damage":22,"enemies":"Snake Plant","floor":27,"turns":4},{"damage":53,"enemies":"Gremlin Leader","floor":28,"turns":5},{"damage":15,"enemies":"Cultist and Chosen","floor":31,"turns":4},{"damage":84,"enemies":"Champ","floor":33,"turns":7},{"damage":19,"enemies":"Orb Walker","floor":35,"turns":4},{"damage":27,"enemies":"3 Darklings","floor":37,"turns":3},{"damage":61,"enemies":"Maw","floor":40,"turns":7},{"damage":4,"enemies":"Transient","floor":42,"turns":5},{"damage":3,"enemies":"4 Shapes","floor":44,"turns":1},{"damage":17,"enemies":"3 Darklings","floor":47,"turns":3},{"damage":105,"enemies":"Donu and Deca","floor":50,"turns":5}],"seed_played":"-4213917641500775069","potions_obtained":[{"floor":5,"key":"FearPotion"},{"floor":7,"key":"AttackPotion"},{"floor":11,"key":"EssenceOfSteel"},{"floor":13,"key":"FairyPotion"},{"floor":16,"key":"Strength Potion"},{"floor":28,"key":"Dexterity Potion"},{"floor":31,"key":"SteroidPotion"},{"floor":33,"key":"SpeedPotion"},{"floor":37,"key":"PowerPotion"},{"floor":42,"key":"PowerPotion"},{"floor":44,"key":"PowerPotion"}],"is_trial":false,"path_per_floor":["M","?","M","$","M","R","M","R","T","?","M","R","M","?","R","B",null,"M","T","?","?","$","E","M","R","T","M","E","$","R","M","R","B",null,"M","T","M","T","?","M","$","M","T","M","$","R","M","?","R","B"],"character_chosen":"IRONCLAD","items_purchased":["Panache","ClockworkSouvenir","Lee\u0027s Waffle","BlessingOfTheForge","FearPotion","LiquidBronze","DistilledChaos"],"campfire_rested":3,"item_purchase_floors":[4,22,29,41,41,45,45],"current_hp_per_floor":[88,88,88,88,88,88,88,88,88,98,80,80,86,86,86,43,98,85,85,85,73,73,61,52,81,81,65,18,105,105,96,96,18,105,92,92,71,71,71,16,16,18,18,21,21,67,56,56,102,0,0],"gold":44,"neow_bonus":"TEN_PERCENT_HP_BONUS","is_daily":false,"chose_seed":false,"campfire_upgraded":6,"win_rate":0.0,"timestamp":1610656878,"path_taken":["M","?","M","$","?","R","M","R","T","?","M","R","?","?","R","BOSS","M","?","?","?","$","E","M","R","T","M","E","$","R","M","R","BOSS","M","?","M","?","?","M","$","M","T","M","?","R","M","?","R","BOSS"],"items_purchased_type":["Card","Relic","Relic","Potion","Potion","Potion","Potion"],"build_version":"2020-12-22","purchased_purges":2,"victory":false,"max_hp_per_floor":[88,88,88,88,88,88,88,88,88,98,98,98,98,98,98,98,98,98,98,98,98,98,98,98,98,98,98,98,105,105,105,105,105,105,105,105,105,105,105,105,105,105,105,105,105,105,105,105,105,105,105],"card_choices":[{"not_picked":["Anger","Rupture"],"picked":"True Grit","floor":1},{"not_picked":["Shrug It Off","Iron Wave","Body Slam"],"picked":"SKIP","floor":3},{"not_picked":["Wild Strike","Twin Strike","Havoc"],"picked":"SKIP","floor":5},{"not_picked":["Perfected Strike","Twin Strike"],"picked":"Pommel Strike","floor":7},{"not_picked":["Body Slam","Corruption"],"picked":"Anger","floor":11},{"not_picked":["Clothesline","Second Wind"],"picked":"Shrug It Off","floor":13},{"not_picked":["Berserk","Juggernaut"],"picked":"Demon Form","floor":16},{"not_picked":["Whirlwind+1","Flex","Anger"],"picked":"SKIP","floor":18},{"not_picked":["Feel No Pain","Thunderclap","Metallicize"],"picked":"SKIP","floor":23},{"not_picked":["Havoc","Hemokinesis+1"],"picked":"Dropkick","floor":24},{"not_picked":["Headbutt","Clothesline+1","Evolve"],"picked":"SKIP","floor":27},{"not_picked":["Entrench","Sword Boomerang","Carnage"],"picked":"SKIP","floor":28},{"not_picked":["Flex","Flame Barrier"],"picked":"Blood for Blood","floor":31},{"not_picked":["Immolate","Fiend Fire"],"picked":"Barricade","floor":33},{"not_picked":["Armaments","Sword Boomerang","Second Wind"],"picked":"SKIP","floor":35},{"not_picked":["Warcry+1","Carnage","Demon Form"],"picked":"SKIP","floor":37},{"not_picked":["Hemokinesis+1","Heavy Blade+1","Armaments"],"picked":"SKIP","floor":40},{"not_picked":["Body Slam","Clash"],"picked":"Warcry+1","floor":42},{"not_picked":["Whirlwind+1","Cleave+1","Anger+1"],"picked":"SKIP","floor":44},{"not_picked":["Sword Boomerang","Dual Wield+1"],"picked":"Infernal Blade","floor":47}],"player_experience":183038,"relics_obtained":[{"floor":9,"key":"Tiny Chest"},{"floor":19,"key":"Gremlin Horn"},{"floor":23,"key":"Vajra"},{"floor":26,"key":"Regal Pillow"},{"floor":28,"key":"FossilizedHelix"},{"floor":36,"key":"Lantern"},{"floor":38,"key":"Nunchaku"},{"floor":43,"key":"The Courier"}],"event_choices":[{"damage_healed":0,"gold_gain":100,"player_choice":"Pray","damage_taken":0,"max_hp_gain":0,"max_hp_loss":0,"event_name":"Golden Shrine","floor":2,"gold_loss":0},{"cards_removed":["Panache"],"damage_healed":0,"gold_gain":0,"player_choice":"Offered Rare","damage_taken":0,"max_hp_gain":10,"max_hp_loss":0,"event_name":"Bonfire Elementals","floor":10,"gold_loss":0},{"damage_healed":0,"gold_gain":0,"cards_transformed":["Strike_R"],"player_choice":"Change","damage_taken":0,"max_hp_gain":0,"max_hp_loss":0,"event_name":"Living Wall","floor":14,"gold_loss":0,"cards_obtained":["Immolate"]},{"damage_healed":0,"gold_gain":0,"cards_transformed":["Strike_R","Bash"],"player_choice":"Became Test Subject","damage_taken":0,"max_hp_gain":0,"max_hp_loss":0,"event_name":"Drug Dealer","floor":20,"gold_loss":0,"cards_obtained":["Flex","Twin Strike"]},{"damage_healed":0,"gold_gain":90,"player_choice":"GOLD ","damage_taken":12,"max_hp_gain":0,"max_hp_loss":0,"event_name":"Knowing Skull","floor":21,"potions_obtained":[],"gold_loss":0,"cards_obtained":[]},{"cards_removed":["Twin Strike"],"damage_healed":0,"gold_gain":0,"player_choice":"Removed Attack","damage_taken":0,"max_hp_gain":0,"max_hp_loss":0,"event_name":"Falling","floor":39,"gold_loss":0},{"damage_healed":0,"gold_gain":0,"player_choice":"Cursed","damage_taken":0,"max_hp_gain":0,"max_hp_loss":0,"event_name":"Wheel of Change","floor":48,"gold_loss":0,"cards_obtained":["Decay"]}],"is_beta":false,"boss_relics":[{"not_picked":["Cursed Key","Calling Bell"],"picked":"Astrolabe"},{"not_picked":["Empty Cage","Velvet Choker"],"picked":"Philosopher\u0027s Stone"}],"items_purged_floors":[22,41],"is_endless":false,"potions_floor_spawned":[5,7,11,13,16,28,31,33,37,42,44],"killed_by":"Donu and Deca","ascension_level":0}}