{"host":"20zfc6q1fr6uo3nm","time":1610658403,"event":{"mods":["BaseMod","Minty Spire (QoL Compilation)"],"gold_per_floor":[118,36,56,68,85,85,85,99,99,131,131,60,73,83,83,185,185,198,198,123,123,134,166,166,179,203,213,213,213,213,230,230,230,230],"floor_reached":33,"language":"ENG","playtime":6795,"items_purged":["Evaluate"],"score":271,"play_id":"bc9004dc-026c-499c-983e-4c154454e236","local_time":"20210114150643","is_ascension_mode":false,"campfire_choices":[{"data":"Eruption","floor":6.0,"key":"SMITH"},{"floor":11.0,"key":"REST"},{"data":"Sanctity","floor":15.0,"key":"SMITH"},{"floor":24.0,"key":"REST"},{"floor":28.0,"key":"REST"},{"floor":30,"key":"REST"},{"data":"Scrawl","floor":32,"key":"SMITH"}],"circlet_count":0,"master_deck":["Strike_P","Strike_P+1","Strike_P","Defend_P","Eruption+1","Vigilance","FollowUp","Sanctity+1","FearNoEvil","EmptyFist","Perseverance","Worship","WheelKick+1","FollowUp","Scrawl+1","Consecrate+1","LessonLearned+1","WindmillStrike+1","EmptyBody+1","EmptyFist+1","Protect+1","JustLucky"],"relics":["PureWater","Letter Opener","Tiny Chest","Astrolabe","Toxic Egg 2","Vajra","Enchiridion"],"acts_visited":["Exordium","TheCity"],"potions_floor_usage":[31,33],"damage_taken":[{"damage":2.0,"enemies":"Cultist","floor":1.0,"turns":3.0},{"damage":16.0,"enemies":"Small Slimes","floor":3.0,"turns":4.0},{"damage":0.0,"enemies":"2 Louse","floor":4.0,"turns":2.0},{"damage":6.0,"enemies":"2 Fungi Beasts","floor":5.0,"turns":3.0},{"damage":7.0,"enemies":"Red Slaver","floor":8.0,"turns":4.0},{"damage":11.0,"enemies":"3 Sentries","floor":10.0,"turns":8.0},{"damage":0.0,"enemies":"Looter","floor":13.0,"turns":2.0},{"damage":3.0,"enemies":"Blue Slaver","floor":14.0,"turns":5.0},{"damage":49.0,"enemies":"Hexaghost","floor":16.0,"turns":11.0},{"damage":11.0,"enemies":"2 Thieves","floor":18.0,"turns":3.0},{"damage":1.0,"enemies":"Shell Parasite","floor":21.0,"turns":3.0},{"damage":12.0,"enemies":"Centurion and Healer","floor":22.0,"turns":5.0},{"damage":18.0,"enemies":"Gremlin Leader","floor":23.0,"turns":4.0},{"damage":21.0,"enemies":"Snake Plant","floor":25.0,"turns":3.0},{"damage":4.0,"enemies":"Cultist and Chosen","floor":27.0,"turns":4.0},{"damage":4,"enemies":"Centurion and Healer","floor":31,"turns":4},{"damage":65,"enemies":"Collector","floor":33,"turns":9}],"seed_played":"9014819704178702394","potions_obtained":[{"floor":4.0,"key":"Strength Potion"},{"floor":5.0,"key":"DuplicationPotion"},{"floor":8.0,"key":"BottledMiracle"},{"floor":13.0,"key":"Energy Potion"},{"floor":18.0,"key":"SkillPotion"},{"floor":22.0,"key":"SpeedPotion"},{"floor":25.0,"key":"SkillPotion"}],"is_trial":false,"path_per_floor":["M","$","M","M","M","R","?","M","T","E","R","$","M","M","R","B",null,"M","?","$","M","M","E","R","M","T","M","R","?","R","M","R","B"],"character_chosen":"WATCHER","items_purchased":["FollowUp","Sanctity","WheelKick"],"campfire_rested":4,"item_purchase_floors":[2,2,12],"current_hp_per_floor":[77,77,61,61,55,55,55,48,48,37,60,60,60,57,57,8,79,68,68,68,67,55,37,60,39,39,35,58,42,65,61,61,0,0],"gold":230,"neow_bonus":"TEN_PERCENT_HP_BONUS","is_daily":false,"chose_seed":false,"campfire_upgraded":3,"win_rate":0.0,"timestamp":1610658403,"path_taken":["M","$","M","?","M","R","?","M","T","E","R","?","M","M","R","BOSS","M","?","$","M","M","E","R","M","T","M","R","?","R","M","R","BOSS"],"items_purchased_type":["Card","Card","Card"],"build_version":"2020-12-22","purchased_purges":1,"victory":false,"max_hp_per_floor":[79,79,79,79,79,79,79,79,79,79,79,79,79,79,79,79,79,79,79,79,79,79,79,79,79,79,79,79,79,79,79,79,79,79],"card_choices":[{"not_picked":["SashWhip","CutThroughFate"],"picked":"Evaluate","floor":1.0},{"not_picked":["CutThroughFate","Crescendo"],"picked":"FearNoEvil","floor":3.0},{"not_picked":["CarveReality","Omniscience"],"picked":"EmptyFist","floor":4.0},{"not_picked":["Consecrate","FlyingSleeves"],"picked":"Perseverance","floor":5.0},{"not_picked":["Indignation","BowlingBash","Fasting2"],"picked":"SKIP","floor":8.0},{"not_picked":["Halt","WindmillStrike","Protect"],"picked":"SKIP","floor":10.0},{"not_picked":["Consecrate","Study","BowlingBash"],"picked":"SKIP","floor":13.0},{"not_picked":["CrushJoints","Protect"],"picked":"FollowUp","floor":14.0},{"not_picked":["Ragnarok","Vault"],"picked":"Scrawl","floor":16.0},{"not_picked":["Swivel","FlyingSleeves","Crescendo"],"picked":"SKIP","floor":18.0},{"not_picked":["FlyingSleeves","EmptyBody","InnerPeace"],"picked":"SKIP","floor":21.0},{"not_picked":["ClearTheMind","BowlingBash","SashWhip"],"picked":"SKIP","floor":22.0},{"not_picked":["TalkToTheHand","BattleHymn"],"picked":"EmptyBody+1","floor":23.0},{"not_picked":["SignatureMove","Evaluate+1"],"picked":"EmptyFist+1","floor":25.0},{"not_picked":["Brilliance","ClearTheMind+1"],"picked":"Protect+1","floor":27.0},{"not_picked":["Consecrate","EmptyFist"],"picked":"JustLucky","floor":31}],"player_experience":171649,"relics_obtained":[{"floor":9.0,"key":"Letter Opener"},{"floor":10.0,"key":"Tiny Chest"},{"floor":23.0,"key":"Toxic Egg 2"},{"floor":26.0,"key":"Vajra"},{"floor":29,"key":"Enchiridion"}],"event_choices":[{"damage_healed":0.0,"max_hp_gain":0.0,"max_hp_loss":0.0,"gold_gain":0.0,"cards_transformed":["Strike_P"],"event_name":"Transmorgrifier","player_choice":"Transformed","floor":7.0,"gold_loss":0.0,"damage_taken":0.0,"cards_obtained":["Worship"]},{"damage_healed":0.0,"max_hp_gain":0.0,"max_hp_loss":0.0,"gold_gain":0.0,"event_name":"Ghosts","player_choice":"Ignored","floor":19.0,"gold_loss":0.0,"damage_taken":0.0},{"damage_healed":0,"gold_gain":0,"player_choice":"Obtained Book","damage_taken":16,"max_hp_gain":0,"max_hp_loss":0,"event_name":"Cursed Tome","floor":29,"gold_loss":0}],"is_beta":false,"boss_relics":[{"not_picked":["SacredBark","Runic Dome"],"picked":"Astrolabe"}],"items_purged_floors":[20],"is_endless":false,"potions_floor_spawned":[4,5,8,13,18,22,25],"killed_by":"Collector","ascension_level":0}}