{"host":"vm38gssijriejdfn","time":1610646486,"event":{"mods":["100% Spire Juice","AchievementEnabler","Act Like it!","BaseMod","Better Match","Better Note","Better Sensory Stone","Better Synergies","Better Vampires","CCEM","Colored Map","Colored Powertips","Fireblade Mod","Gensokyo","GifTheSpireLib","Gold Saver","Hallownest","Infinite Spire","Magitek Elite","Minty Spire (QoL Compilation)","Rare Cards Sparkle","Reimu??????","Spicy Shops","StSLib","The Administrix","The Animator","The Exalted","The Marked","Wandering Minibosses","???Mod?????????"],"gold_per_floor":[116,41,41,58,58,91,104,104,104,104,104,34,67,97,97,200,200,212,212,132,158,187,222,235,270,270,220,247,276,276,276,276,375,375,390,315,330,362,362,389,389,414,414,414,444,397,432,432,432,432],"floor_reached":51,"language":"ENG","playtime":10229,"items_purged":["theMarked:Strike","theMarked:Frustration+1"],"score":1157,"play_id":"8fd75fb6-dd96-4e20-9213-c4a92096f0d4","local_time":"20210114114806","daily_mods":["Heirloom","Time Dilation","Flight","DeadlyEvents","Elite Swarm"],"is_ascension_mode":true,"campfire_choices":[{"data":"theMarked:SoldierOfQuellstein","floor":8,"key":"SMITH"},{"data":"theMarked:Improvise","floor":10,"key":"SMITH"},{"data":"theMarked:HeritageOfTheMarked","floor":11,"key":"SMITH"},{"floor":15,"key":"REST"},{"data":"theMarked:Abjuration","floor":30,"key":"SMITH"},{"data":"infinitespire:FutureSight","floor":32,"key":"SMITH"},{"data":"theMarked:ComboAttacks","floor":41,"key":"SMITH"},{"data":"infinitespire:Menacing","floor":49,"key":"SMITH"}],"circlet_count":0,"master_deck":["theMarked:Defend","theMarked:Defend","theMarked:Defend","theMarked:Defend","theMarked:SoldierOfQuellstein+1","theMarked:Improvise+1","theMarked:Vacuum+1","Blind+1","theMarked:PowerFlow","theMarked:TakeOffHeels","theMarked:HeritageOfTheMarked+1","theMarked:Seal","theMarked:TakeOffHeels","theMarked:BindingBlade","Apotheosis+1","theMarked:Abjuration","theMarked:ComboAttacks+1","Flash of Steel+1","Madness+1","Hallownest:skillCityofTearsMap","theMarked:Challenge","Impatience+1","theMarked:Abjuration+1","theMarked:MuscleMemory+1","infinitespire:FutureSight+1","theMarked:BindingBlade","theMarked:BindingBlade","infinitespire:Menacing+1","theMarked:WardOff"],"relics":["theMarked:ArtifactOfAir","PureWhite:ReiMu","CCEMRelics:OldTooth","Bromod:ArcaneAegis","Matryoshka","CCEMRelics:FestiveHat","Golden_Hairpin","infinitespire:Satchel","Smiling Mask","Singing Bowl","CCEMRelics:PorcelainBowl","CCEMRelics:JestersCrown","CCEMRelics:DerglesHeadphones","Molten Egg 2","Unceasing Top","Empty Cage","Ornamental Fan","Bromod:ArcaneConsequence","StrikeDummy","Oddly Smooth Stone","Anchor","infinitespire:Beetle Shell","infinitespire:CheckeredPen"],"acts_visited":["Hallownest:Greenpath","Hallownest:CityofTears","Hallownest:KingdomsEdge"],"potions_floor_usage":[6,16,25,29,42],"damage_taken":[{"damage":0,"enemies":"Hallownest:monsterHuskGuard","floor":1,"turns":4},{"damage":0,"enemies":"Hallownest:2_Baldur","floor":4,"turns":3},{"damage":5,"enemies":"Hallownest:monsterMarmu","floor":5,"turns":6},{"damage":20,"enemies":"Hallownest:eliteCrystalGuardian","floor":6,"turns":4},{"damage":3,"enemies":"Hallownest:2_Tiktiks_and_1_Crawlid","floor":7,"turns":4},{"damage":8,"enemies":"Hallownest:eliteVengeflyKing","floor":13,"turns":4},{"damage":3,"enemies":"Hallownest:eliteCrystalGuardian","floor":14,"turns":4},{"damage":19,"enemies":"Hallownest:BossFalseKnight","floor":16,"turns":6},{"damage":2,"enemies":"Hallownest:2_Mistakes","floor":18,"turns":3},{"damage":1,"enemies":"Hallownest:eliteWatcherKnight","floor":21,"turns":7},{"damage":0,"enemies":"Hallownest:eliteSoulWarrior","floor":22,"turns":3},{"damage":0,"enemies":"Hallownest:Nosk","floor":23,"turns":2},{"damage":7,"enemies":"Hallownest:Flukemon_and_Top","floor":24,"turns":3},{"damage":6,"enemies":"Hallownest:eliteWatcherKnight","floor":25,"turns":7},{"damage":0,"enemies":"Hallownest:Nosk","floor":28,"turns":4},{"damage":0,"enemies":"Nightmare","floor":29,"turns":4},{"damage":31,"enemies":"Hallownest:BossMantisLord","floor":33,"turns":3},{"damage":0,"enemies":"Hallownest:Shield_Heavy","floor":35,"turns":2},{"damage":10,"enemies":"Hallownest:2_Littles","floor":37,"turns":3},{"damage":0,"enemies":"Hallownest:StalkingDevout","floor":38,"turns":2},{"damage":0,"enemies":"Hallownest:eliteCollector","floor":40,"turns":2},{"damage":18,"enemies":"Nightmare","floor":42,"turns":4},{"damage":0,"enemies":"Hallownest:StalkingDevout","floor":45,"turns":3},{"damage":0,"enemies":"Hallownest:eliteCollector","floor":47,"turns":3},{"damage":6,"enemies":"Hallownest:BossGreyPrinceZote","floor":50,"turns":3}],"seed_played":"-8759828230073462017","potions_obtained":[{"floor":1,"key":"ZuzhouPotion:ReiMu"},{"floor":13,"key":"Block Potion"},{"floor":14,"key":"AttackPotion"},{"floor":21,"key":"GrandPatriotsElixir:ReiMu"},{"floor":22,"key":"theMarked:SummonPotion"},{"floor":25,"key":"DistilledChaos"},{"floor":35,"key":"Block Potion"},{"floor":45,"key":"Fire Potion"}],"is_trial":true,"path_per_floor":["M","?","$","M","?","E","M","R","T","R","R","$","E","E","R","B",null,"M","?","?","E","E","E","M","E","T","$","E","NM","R","AVR","R","B",null,"M","?","M","E","AVR","E","R","NM","T","?","E","$","E","$","R","B",null],"character_chosen":"THE_DEFAULT","items_purchased":["theMarked:Seal","theMarked:WardOff"],"campfire_rested":1,"item_purchase_floors":[12,46],"current_hp_per_floor":[70,70,70,70,65,45,42,42,42,42,42,42,34,31,52,33,70,68,68,68,67,67,69,64,60,60,60,62,62,74,74,78,47,78,80,80,72,72,72,74,84,68,68,48,50,50,52,52,64,58],"gold":432,"neow_bonus":"","is_daily":false,"chose_seed":false,"campfire_upgraded":7,"win_rate":0.0,"timestamp":1610646486,"path_taken":["M","?","$","?","?","E","M","R","T","R","R","?","E","?","R","BOSS","M","?","?","?","?","E","?","E","T","$","?","NM","R","AVR","R","BOSS","M","?","?","?","AVR","E","R","NM","T","?","?","$","E","$","R","BOSS"],"items_purchased_type":["Card","Card"],"build_version":"2020-12-22","purchased_purges":2,"victory":true,"max_hp_per_floor":[70,70,70,70,70,70,70,70,70,70,70,70,70,70,70,70,70,70,70,70,70,70,72,74,76,76,76,78,78,78,78,78,78,78,80,80,82,82,82,84,84,86,86,86,88,88,90,90,90,90],"card_choices":[{"not_picked":["theMarked:Frustration","theMarked:TwofoldDefense"],"picked":"theMarked:Improvise","floor":1},{"not_picked":["theMarked:MuscleMemory+1","theMarked:TurnInvisible+1"],"picked":"theMarked:Vacuum+1","floor":2},{"not_picked":["theMarked:RepellingDischarge+1","theMarked:SwordAndMagic+1"],"picked":"theMarked:Frustration+1","floor":2},{"not_picked":["Dramatic Entrance+1","Mind Blast+1"],"picked":"Blind+1","floor":2},{"not_picked":["theMarked:Parkour","theMarked:WastefulAttack"],"picked":"theMarked:PowerFlow","floor":4},{"not_picked":["theMarked:ThrowWeapon","theMarked:MagicAdept"],"picked":"theMarked:TakeOffHeels","floor":6},{"not_picked":["theMarked:ComboAttacks","theMarked:HeightenedSenses"],"picked":"theMarked:HeritageOfTheMarked","floor":7},{"not_picked":["theMarked:ChannelForce","theMarked:DispelDoubt"],"picked":"theMarked:TakeOffHeels","floor":13},{"not_picked":["theMarked:FavorableWinds","theMarked:MuscleMemory"],"picked":"theMarked:BindingBlade","floor":14},{"not_picked":["Bandage Up+1","Discovery+1"],"picked":"Apotheosis+1","floor":16},{"not_picked":["theMarked:Levitate","theMarked:SuspiciousRaven"],"picked":"theMarked:Abjuration","floor":16},{"not_picked":["theMarked:Overcharge","theMarked:Aftermath+1"],"picked":"theMarked:ComboAttacks","floor":18},{"not_picked":["Dark Shackles+1","Mind Blast+1"],"picked":"Flash of Steel+1","floor":18},{"not_picked":["Discovery+1","Jack Of All Trades+1"],"picked":"Madness+1","floor":19},{"not_picked":["theMarked:Snap","theMarked:MuscleMemory"],"picked":"theMarked:Challenge","floor":21},{"not_picked":["Flash of Steel+1","PanicButton+1"],"picked":"Impatience+1","floor":21},{"not_picked":["theMarked:Levitate","theMarked:Defy"],"picked":"theMarked:Abjuration","floor":22},{"not_picked":["theMarked:Vacuum","theMarked:Abjuration","theMarked:MuscleMemory"],"picked":"Singing Bowl","floor":23},{"not_picked":["theMarked:Aftermath","theMarked:ContemptForTheProud","theMarked:WastefulDefense"],"picked":"Singing Bowl","floor":24},{"not_picked":["theMarked:UnarmedFury","theMarked:DispelDoubt","theMarked:ChannelForce"],"picked":"Singing Bowl","floor":25},{"not_picked":["theMarked:EternalStudent","theMarked:SummonStrength","theMarked:ThrowWeapon+1"],"picked":"Singing Bowl","floor":28},{"not_picked":["theMarked:SoldierForm","theMarked:Levitate"],"picked":"theMarked:MuscleMemory+1","floor":29},{"not_picked":["theMarked:Defy+1","theMarked:Vacuum+1"],"picked":"theMarked:BindingBlade","floor":33},{"not_picked":["theMarked:Static","theMarked:Overthink","theMarked:Seal"],"picked":"Singing Bowl","floor":35},{"not_picked":["theMarked:SwordAndMagic+1","theMarked:ElectricStrings+1","theMarked:ResourceFulStrike+1"],"picked":"Singing Bowl","floor":37},{"not_picked":["theMarked:DispelDoubt+1","theMarked:EternalStudent"],"picked":"theMarked:BindingBlade","floor":38},{"not_picked":["theMarked:ThrowWeapon+1","theMarked:TurnInvisible","theMarked:ChannelForce"],"picked":"Singing Bowl","floor":40},{"not_picked":["theMarked:SoldierForm","theMarked:MuscleMemory+1","theMarked:ThrowWeapon+1"],"picked":"Singing Bowl","floor":42},{"not_picked":["infinitespire:Oblivion","infinitespire:FinalStrike"],"picked":"infinitespire:Menacing","floor":44},{"not_picked":["theMarked:Levitate","theMarked:SummonStrength","theMarked:MuscleMemory+1"],"picked":"Singing Bowl","floor":45},{"not_picked":["theMarked:Defy+1","theMarked:FavorableWinds","theMarked:Vacuum+1"],"picked":"Singing Bowl","floor":47}],"player_experience":2678722,"relics_obtained":[{"floor":6,"key":"CCEMRelics:OldTooth"},{"floor":9,"key":"Bromod:ArcaneAegis"},{"floor":13,"key":"Matryoshka"},{"floor":14,"key":"CCEMRelics:FestiveHat"},{"floor":21,"key":"infinitespire:Satchel"},{"floor":22,"key":"Smiling Mask"},{"floor":23,"key":"Singing Bowl"},{"floor":25,"key":"CCEMRelics:PorcelainBowl"},{"floor":26,"key":"CCEMRelics:JestersCrown"},{"floor":26,"key":"CCEMRelics:DerglesHeadphones"},{"floor":28,"key":"Molten Egg 2"},{"floor":29,"key":"Unceasing Top"},{"floor":38,"key":"Ornamental Fan"},{"floor":40,"key":"Bromod:ArcaneConsequence"},{"floor":42,"key":"StrikeDummy"},{"floor":43,"key":"Oddly Smooth Stone"},{"floor":43,"key":"Anchor"},{"floor":45,"key":"infinitespire:Beetle Shell"},{"floor":47,"key":"infinitespire:CheckeredPen"}],"event_choices":[{"damage_healed":0,"gold_gain":0,"player_choice":"2","damage_taken":0,"max_hp_gain":0,"max_hp_loss":0,"event_name":"betterMatch:BetterMatch","floor":2,"gold_loss":0,"cards_obtained":["betterMatch:CommonCard","betterMatch:ColorlessUncommonCard","betterMatch:RareCard"]},{"damage_healed":0,"gold_gain":0,"player_choice":"2","damage_taken":0,"max_hp_gain":0,"max_hp_loss":0,"event_name":"betterMatch:BetterMatch","floor":19,"gold_loss":0,"cards_obtained":["betterMatch:ColorlessUncommonCard"]},{"damage_healed":0,"gold_gain":0,"player_choice":"2","damage_taken":0,"max_hp_gain":0,"max_hp_loss":0,"event_name":"betterMatch:BetterMatch","floor":36,"gold_loss":0,"cards_obtained":[]}],"is_beta":false,"boss_relics":[{"not_picked":["Philosopher\u0027s Stone","Calling Bell"],"picked":"Golden_Hairpin"},{"not_picked":["Bromod:ArcaneGrace","Snecko Eye"],"picked":"Empty Cage"}],"items_purged_floors":[27,39],"is_endless":false,"potions_floor_spawned":[1,13,14,21,22,23,25,35,38,45],"ascension_level":1}}