{"host":"krqozg1tp0zpuvz3","time":1610617090,"event":{"mods":["AchievementEnabler","BaseMod","Colored Map","DeckTracker","Keyboard Shortcuts","Minty Spire (QoL Compilation)","Permanent Neow","Relic Stats","Shop Mod","SuperFastMode"],"gold_per_floor":[119,30,46,46,58,58,74,74,146,146,159,209,221,237,237,315,315,330,354,173,187,187,187,201,201,201,201,201],"floor_reached":27,"language":"KOR","playtime":563,"items_purged":["Defend_B"],"score":400,"play_id":"ca8f64a9-80a8-40e1-88bb-d6abc5afd1fc","local_time":"20210114183810","is_ascension_mode":true,"campfire_choices":[{"data":"White Noise","floor":6,"key":"SMITH"},{"floor":8,"key":"REST"},{"data":"Darkness","floor":10,"key":"SMITH"},{"floor":15,"key":"REST"},{"floor":23,"key":"REST"},{"floor":25,"key":"REST"}],"circlet_count":0,"master_deck":["AscendersBane","Strike_B","Strike_B","Strike_B","Defend_B","Defend_B","Defend_B","Zap","Dualcast","Machine Learning","Leap","Darkness+1","Rebound","White Noise+1","Cold Snap","Doom and Gloom","Self Repair","Auto Shields","Electrodynamics","Seek","Turbo","Bandage Up","Storm","Force Field"],"relics":["Cracked Core","Bottled Tornado","Philosopher\u0027s Stone","Happy Flower","Blood Vial"],"acts_visited":["Exordium","TheCity"],"potions_floor_usage":[7,11,16,27],"damage_taken":[{"damage":8,"enemies":"Small Slimes","floor":1,"turns":3},{"damage":6,"enemies":"Cultist","floor":3,"turns":4},{"damage":0,"enemies":"2 Louse","floor":5,"turns":2},{"damage":28,"enemies":"Exordium Wildlife","floor":7,"turns":4},{"damage":23,"enemies":"Blue Slaver","floor":11,"turns":4},{"damage":16,"enemies":"2 Fungi Beasts","floor":13,"turns":3},{"damage":0,"enemies":"Exordium Wildlife","floor":14,"turns":2},{"damage":27,"enemies":"Hexaghost","floor":16,"turns":9},{"damage":19,"enemies":"3 Byrds","floor":18,"turns":2},{"damage":33,"enemies":"2 Thieves","floor":21,"turns":3},{"damage":46,"enemies":"Centurion and Healer","floor":24,"turns":5},{"damage":43,"enemies":"Cultist and Chosen","floor":27,"turns":5}],"seed_played":"-6019929961202774891","potions_obtained":[{"floor":3,"key":"ColorlessPotion"},{"floor":7,"key":"Regen Potion"},{"floor":11,"key":"PotionOfCapacity"},{"floor":24,"key":"ColorlessPotion"}],"is_trial":false,"path_per_floor":["M","$","M","?","M","R","M","R","T","R","M","?","M","M","R","B",null,"M","T","$","M","?","R","M","R","T","M"],"character_chosen":"DEFECT","items_purchased":["Darkness","Bandage Up"],"campfire_rested":4,"item_purchase_floors":[2,20],"current_hp_per_floor":[56,56,50,50,50,50,22,43,43,43,32,32,23,23,44,17,58,39,39,39,17,31,52,17,38,38,0,0],"gold":201,"neow_bonus":"ONE_RANDOM_RARE_CARD","is_daily":false,"chose_seed":false,"campfire_upgraded":2,"win_rate":0.0,"timestamp":1610617090,"path_taken":["M","$","M","?","M","R","M","R","T","R","M","?","M","M","R","BOSS","M","?","$","M","?","R","M","R","T","M"],"items_purchased_type":["Card","Card"],"build_version":"2020-12-22","purchased_purges":1,"victory":false,"max_hp_per_floor":[71,71,71,71,71,71,71,71,71,71,71,71,71,71,71,71,71,71,71,71,71,71,71,71,71,71,71,71],"relic_stats":{"Blood Vial":2,"Happy Flower":[4],"counters":[12,46],"obtain_stats":[{"Blood Vial":26,"Happy Flower":19,"Philosopher\u0027s Stone":17,"Bottled Tornado":9,"Cracked Core":0},{"Blood Vial":11,"Happy Flower":9,"Philosopher\u0027s Stone":8,"Bottled Tornado":4,"Cracked Core":0},{"Blood Vial":41,"Happy Flower":33,"Philosopher\u0027s Stone":31,"Bottled Tornado":13,"Cracked Core":0}]},"card_choices":[{"not_picked":["Hologram","Turbo"],"picked":"Leap","floor":1},{"not_picked":["Heatsinks","Lockon"],"picked":"Rebound","floor":3},{"not_picked":["FTL","Storm"],"picked":"Cold Snap","floor":5},{"not_picked":["Auto Shields","Go for the Eyes"],"picked":"Doom and Gloom","floor":7},{"not_picked":["FTL","Hologram"],"picked":"Self Repair","floor":11},{"not_picked":["Redo","Hologram"],"picked":"Auto Shields","floor":13},{"not_picked":["Stack","Capacitor"],"picked":"Electrodynamics","floor":14},{"not_picked":["Buffer","Amplify"],"picked":"Seek","floor":16},{"not_picked":["Cold Snap+1","Steam Power"],"picked":"Turbo","floor":18},{"not_picked":["Ball Lightning","Go for the Eyes"],"picked":"Storm","floor":21},{"not_picked":["Leap","Beam Cell"],"picked":"Force Field","floor":24}],"player_experience":284999,"relics_obtained":[{"floor":9,"key":"Bottled Tornado"},{"floor":19,"key":"Happy Flower"},{"floor":26,"key":"Blood Vial"}],"event_choices":[{"damage_healed":0,"gold_gain":0,"cards_transformed":["Strike_B"],"player_choice":"Change","damage_taken":0,"max_hp_gain":0,"max_hp_loss":0,"event_name":"Living Wall","floor":4,"gold_loss":0,"cards_obtained":["White Noise"]},{"damage_healed":0,"gold_gain":50,"player_choice":"Pray","damage_taken":0,"max_hp_gain":0,"max_hp_loss":0,"event_name":"Golden Shrine","floor":12,"gold_loss":0},{"damage_healed":14,"gold_gain":0,"player_choice":"Heal","damage_taken":0,"max_hp_gain":0,"max_hp_loss":0,"event_name":"The Library","floor":22,"gold_loss":0}],"is_beta":false,"boss_relics":[{"not_picked":["SlaversCollar","Cursed Key"],"picked":"Philosopher\u0027s Stone"}],"items_purged_floors":[20],"is_endless":false,"potions_floor_spawned":[3,7,11,24],"killed_by":"Cultist and Chosen","ascension_level":19}}