{"host":"txhhdwa0hqfs4jhb","time":1610653782,"event":{"mods":["BaseMod","Better Third Choice","Downfall","Filter the Spire","Hermit","Mad Scientist","Marked Mod","Minty Spire (QoL Compilation)","Relic Stats","Replay The Spire","StSLib","The Bug Knight","Thieving Mod"],"gold_per_floor":[129,158,83,100,100,100,120,120,120,120,173,173,173,253,253,381,381,416,434,443,150,191,191,260,260,260,318,351,64,64,94,94,243,343,383,383,383,434,443,443,497,497,497,497,540,540,567,617,617,648],"floor_reached":51,"language":"ENG","playtime":3881,"items_purged":["hermit:Strike_Hermit"],"score":688,"play_id":"70cc33f4-3fca-4bbb-89cb-47f88cd8c86f","local_time":"20210114194942","is_ascension_mode":true,"campfire_choices":[{"data":"hermit:GhostlyPresence","floor":6.0,"key":"SMITH"},{"data":"hermit:Scavenge","floor":8.0,"key":"SMITH"},{"data":"expansioncontent:Corrupt","floor":13.0,"key":"SMITH"},{"data":"hermit:Horror","floor":15.0,"key":"SMITH"},{"floor":23.0,"key":"REST"},{"data":"hermit:Magnum","floor":30.0,"key":"SMITH"},{"data":"hermit:Grudge","floor":30.0,"key":"SMITH"},{"floor":32.0,"key":"REST"},{"floor":40.0,"key":"REST"},{"floor":42.0,"key":"REST"},{"data":"hermit:LuckOfTheDraw","floor":44.0,"key":"SMITH"},{"data":"hermit:Snapshot","floor":44.0,"key":"SMITH"},{"floor":49,"key":"REST"}],"circlet_count":0,"master_deck":["hermit:Strike_Hermit","hermit:Strike_Hermit+1","hermit:Defend_Hermit","hermit:Defend_Hermit+1","hermit:Defend_Hermit","hermit:Snapshot+1","hermit:Covet","hermit:Horror+1","hermit:Ricochet","expansioncontent:Corrupt+1","hermit:GhostlyPresence+1","Pain","hermit:Scavenge+1","hermit:Gambit","hermit:HeroicBravado","hermit:Magnum+1","hermit:LuckOfTheDraw+1","Slimebound:CheckThePlaybook","hermit:Grudge+1","hermit:TakeCover+1","hermit:Shortfuse+1","hermit:Magnum+1","hermit:GoldenBullet+1","hermit:ItchyTrigger+1","hermit:Roughhouse+1","hermit:TakeAim+1","hermit:Enervate+1"],"relics":["hermit:Momento","Replay:Bandana","WarpedTongs","Art of War","hermit:Horseshoe","Shuriken","CeramicFish","Snecko Heart","Strange Spoon","StoneCalendar","Incense Burner","Replay:Arrowhead","Replay:Kaleidoscope","Molten Egg 2","Replay:Wanted Poster","Meat on the Bone","Toolbox","StrikeDummy","Ancient Tea Set"],"acts_visited":["Exordium","TheCity","TheBeyond"],"potions_floor_usage":[50,50],"damage_taken":[{"damage":4.0,"enemies":"Small Slimes","floor":1.0,"turns":4.0},{"damage":0.0,"enemies":"Cultist","floor":2.0,"turns":3.0},{"damage":0.0,"enemies":"2 Louse","floor":4.0,"turns":2.0},{"damage":0.0,"enemies":"2 Fungi Beasts","floor":7.0,"turns":4.0},{"damage":11.0,"enemies":"HollowMod:MossKnight","floor":11.0,"turns":7.0},{"damage":30.0,"enemies":"The Guardian","floor":16.0,"turns":10.0},{"damage":12.0,"enemies":"2 Thieves","floor":18.0,"turns":2.0},{"damage":0.0,"enemies":"Chosen","floor":22.0,"turns":4.0},{"damage":19.0,"enemies":"Replay:Snechameleon","floor":24.0,"turns":3.0},{"damage":4.0,"enemies":"HollowMod:Nosk","floor":27.0,"turns":6.0},{"damage":0.0,"enemies":"Centurion and Healer","floor":28.0,"turns":3.0},{"damage":0.0,"enemies":"Snake Plant","floor":31.0,"turns":4.0},{"damage":42.0,"enemies":"Pondfish","floor":33.0,"turns":10.0},{"damage":12.0,"enemies":"Orb Walker","floor":35.0,"turns":3.0},{"damage":10.0,"enemies":"3 Darklings","floor":38.0,"turns":6.0},{"damage":36.0,"enemies":"Spire Growth","floor":41.0,"turns":4.0},{"damage":0.0,"enemies":"Writhing Mass","floor":45.0,"turns":5.0},{"damage":0,"enemies":"Jaw Worm Horde","floor":48,"turns":3},{"damage":21,"enemies":"Replay:Hell Engine","floor":50,"turns":11}],"seed_played":"264895709509009384","potions_obtained":[{"floor":2.0,"key":"Fire Potion"},{"floor":7.0,"key":"Strength Potion"},{"floor":18.0,"key":"ColorlessPotion"},{"floor":27.0,"key":"hermit:BlackBile"},{"floor":28.0,"key":"AttackPotion"},{"floor":38.0,"key":"Languid Potion"},{"floor":41.0,"key":"Milkshake"}],"is_trial":false,"path_per_floor":["M","M","$","M","?","R","M","R","T","$","E","?","R","?","R","B",null,"M","?","?","$","M","R","E","?","T","E","M","$","R","M","R","B",null,"M","?","?","M","$","R","M","R","T","R","M","$","T","M","R","B",null],"character_chosen":"HERMIT","items_purchased":["hermit:Grudge","Strange Spoon","Regen Potion","Molten Egg 2","hermit:Shortfuse+1"],"campfire_rested":5,"item_purchase_floors":[21,21,21,29,29],"current_hp_per_floor":[71,71,71,71,71,71,71,71,71,71,60,45,45,45,45,15,75,63,63,37,37,49,71,52,38,38,34,34,34,34,48,72,30,80,68,68,68,58,58,80,44,68,68,68,68,68,68,68,80,59],"gold":648,"neow_bonus":"RANDOM_COMMON_RELIC","is_daily":false,"chose_seed":false,"campfire_upgraded":8,"win_rate":0.0,"timestamp":1610653782,"path_taken":["M","M","$","M","?","R","?","R","T","$","E","?","R","?","R","BOSS","M","?","?","$","M","R","E","?","T","E","?","$","R","M","R","BOSS","M","?","?","M","?","R","M","R","T","R","?","$","?","M","R","BOSS"],"items_purchased_type":["Card","Relic","Potion","Relic","Card"],"build_version":"2020-12-22","purchased_purges":1,"victory":true,"max_hp_per_floor":[75,75,75,75,75,75,75,75,75,75,75,75,75,75,75,75,75,75,75,75,75,75,75,75,80,80,80,80,80,80,80,80,80,80,80,80,80,80,80,80,80,80,80,80,80,80,80,80,80,80],"relic_stats":{"Strange Spoon":[48],"counters":[19,94],"Shuriken":[31],"CeramicFish":135,"StoneCalendar":[79],"Art of War":[6],"obtain_stats":[{"Snecko Heart":17,"CeramicFish":11,"StoneCalendar":24,"Incense Burner":26,"Replay:Kaleidoscope":29,"Ancient Tea Set":47,"Replay:Arrowhead":27,"WarpedTongs":5,"Replay:Wanted Poster":34,"Strange Spoon":21,"Replay:Bandana":0,"Shuriken":10,"Toolbox":46,"Molten Egg 2":29,"Art of War":9,"hermit:Horseshoe":10,"StrikeDummy":46,"hermit:Momento":0,"Meat on the Bone":43},{"Snecko Heart":6,"CeramicFish":5,"StoneCalendar":9,"Incense Burner":9,"Replay:Kaleidoscope":11,"Ancient Tea Set":17,"Replay:Arrowhead":10,"WarpedTongs":3,"Replay:Wanted Poster":13,"Strange Spoon":7,"Replay:Bandana":0,"Shuriken":4,"Toolbox":17,"Molten Egg 2":11,"Art of War":4,"hermit:Horseshoe":4,"StrikeDummy":17,"hermit:Momento":0,"Meat on the Bone":16},{"Snecko Heart":30,"CeramicFish":20,"StoneCalendar":39,"Incense Burner":39,"Replay:Kaleidoscope":48,"Ancient Tea Set":80,"Replay:Arrowhead":45,"WarpedTongs":9,"Replay:Wanted Poster":62,"Strange Spoon":32,"Replay:Bandana":0,"Shuriken":13,"Toolbox":80,"Molten Egg 2":48,"Art of War":13,"hermit:Horseshoe":13,"StrikeDummy":80,"hermit:Momento":0,"Meat on the Bone":75}],"WarpedTongs":[78],"Meat on the Bone":0},"card_choices":[{"not_picked":["hermit:Feint","hermit:Manifest"],"picked":"hermit:Horror","floor":1.0},{"not_picked":["hermit:Manifest","hermit:NoHoldsBarred"],"picked":"hermit:Ricochet","floor":2.0},{"not_picked":["hermit:NoHoldsBarred","hermit:BodyArmor"],"picked":"hermit:GhostlyPresence","floor":4.0},{"not_picked":["hermit:Ricochet","hermit:Deadeye"],"picked":"hermit:Scavenge","floor":7.0},{"not_picked":["hermit:Quickdraw","hermit:HighCaliber"],"picked":"hermit:Gambit","floor":11.0},{"not_picked":["hermit:Gambit","hermit:Dissolve"],"picked":"hermit:HeroicBravado","floor":16.0},{"not_picked":["hermit:EyeOfTheStorm","hermit:Midnight","hermit:HighCaliber"],"picked":"SKIP","floor":18.0},{"not_picked":["hermit:LowProfile","hermit:BodyArmor"],"picked":"hermit:SprayPray+1","floor":22.0},{"not_picked":["hermit:HighNoon","hermit:TakeCover","hermit:Midnight+1"],"picked":"SKIP","floor":24.0},{"not_picked":["hermit:Brawl","hermit:WideOpen"],"picked":"hermit:TakeCover+1","floor":27.0},{"not_picked":["hermit:Coalescence","hermit:BodyArmor","hermit:HoleUp"],"picked":"SKIP","floor":28.0},{"not_picked":["hermit:DeadMansHand+1","hermit:LowProfile","hermit:Quickdraw+1"],"picked":"SKIP","floor":31.0},{"not_picked":["hermit:EternalForm","hermit:FinalCanter+1"],"picked":"hermit:Magnum+1","floor":33.0},{"not_picked":["hermit:PistolWhip+1","hermit:Brawl+1"],"picked":"hermit:GoldenBullet+1","floor":35.0},{"not_picked":["hermit:TrackingShot+1","hermit:HoleUp"],"picked":"hermit:ItchyTrigger+1","floor":38.0},{"not_picked":["hermit:CalledShot+1","hermit:SprayPray+1"],"picked":"hermit:TakeAim+1","floor":41.0},{"not_picked":["hermit:CalledShot+1","hermit:Virtue","hermit:EyeOfTheStorm+1"],"picked":"SKIP","floor":45.0},{"not_picked":["hermit:Dive","hermit:LowProfile+1"],"picked":"hermit:Enervate+1","floor":48}],"player_experience":293086,"relics_obtained":[{"floor":9.0,"key":"Art of War"},{"floor":11.0,"key":"CeramicFish"},{"floor":24.0,"key":"StoneCalendar"},{"floor":26.0,"key":"Incense Burner"},{"floor":27.0,"key":"Replay:Arrowhead"},{"floor":43.0,"key":"Meat on the Bone"},{"floor":47,"key":"Ancient Tea Set"}],"event_choices":[{"damage_healed":0.0,"max_hp_gain":0.0,"max_hp_loss":0.0,"gold_gain":0.0,"event_name":"Accursed Blacksmith","player_choice":"Rummage","floor":5.0,"gold_loss":0.0,"damage_taken":0.0,"relics_obtained":["WarpedTongs"],"cards_obtained":["Pain"]},{"damage_healed":60.0,"max_hp_gain":0.0,"max_hp_loss":75.0,"gold_gain":0.0,"event_name":"betterThird:BetterShining","player_choice":"Upgrade","floor":12.0,"gold_loss":0.0,"damage_taken":15.0,"cards_upgraded":["hermit:Defend_Hermit","hermit:Strike_Hermit"]},{"damage_healed":0.0,"max_hp_gain":0.0,"max_hp_loss":0.0,"gold_gain":80.0,"event_name":"Golden Wing","player_choice":"Gained Gold","floor":14.0,"gold_loss":0.0,"damage_taken":0.0},{"damage_healed":0.0,"max_hp_gain":0.0,"max_hp_loss":0.0,"gold_gain":0.0,"cards_transformed":["hermit:Defend_Hermit","hermit:Strike_Hermit"],"event_name":"Drug Dealer","player_choice":"Became Test Subject","floor":19.0,"gold_loss":0.0,"damage_taken":0.0,"cards_obtained":["hermit:Magnum","hermit:LuckOfTheDraw"]},{"damage_healed":0.0,"max_hp_gain":5.0,"max_hp_loss":0.0,"gold_gain":0.0,"event_name":"Forgotten Altar","player_choice":"Shed Blood","floor":25.0,"gold_loss":0.0,"damage_taken":19.0},{"cards_removed":["hermit:SprayPray"],"damage_healed":0.0,"max_hp_gain":0.0,"max_hp_loss":0.0,"gold_gain":0.0,"event_name":"Falling","player_choice":"Removed Attack","floor":36.0,"gold_loss":0.0,"damage_taken":0.0},{"damage_healed":0.0,"max_hp_gain":0.0,"max_hp_loss":0.0,"gold_gain":0.0,"event_name":"Tomb of Lord Red Mask","player_choice":"Ignored","floor":37.0,"gold_loss":0.0,"damage_taken":0.0}],"is_beta":false,"boss_relics":[{"not_picked":["Snecko Eye","Runic Pyramid"],"picked":"Snecko Heart"},{"not_picked":["hermit:DentedPlate","Fusion Hammer"],"picked":"Replay:Wanted Poster"}],"items_purged_floors":[3],"is_endless":false,"potions_floor_spawned":[2,7,18,27,28,38,41],"ascension_level":1}}