{"host":"fnk117zi8wf5078t","time":1610587138,"event":{"mods":["AchievementEnabler","BaseMod","Colored Map","Minty Spire (QoL Compilation)","Rare Cards Sparkle","SuperFastMode","everything is the same but u backflip on backflip"],"gold_per_floor":[117,117,142,157,232,263,284,299,299,317,317,317,317,0,300,300,300],"floor_reached":16,"language":"KOR","playtime":365,"items_purged":[],"score":204,"play_id":"3ed6841c-b40c-4be3-a679-fa9ca291cb66","local_time":"20210114101858","is_ascension_mode":true,"campfire_choices":[{"data":"Inflame","floor":11.0,"key":"SMITH"},{"data":"Pummel","floor":13.0,"key":"SMITH"},{"floor":15.0,"key":"DIG"}],"circlet_count":0,"master_deck":["AscendersBane","Strike_R","Strike_R","Strike_R","Strike_R","Defend_R","Defend_R","Defend_R","Defend_R","Bash","Pummel+1","Sword Boomerang","Inflame+1","Pummel","Pommel Strike","Dropkick"],"relics":["Burning Blood","NeowsBlessing","Golden Idol","Nunchaku","Frozen Egg 2","Shovel","Old Coin"],"acts_visited":["Exordium"],"potions_floor_usage":[16],"damage_taken":[{"damage":0.0,"enemies":"Small Slimes","floor":1.0,"turns":1.0},{"damage":0.0,"enemies":"Jaw Worm","floor":3.0,"turns":1.0},{"damage":0.0,"enemies":"2 Louse","floor":4.0,"turns":1.0},{"damage":8.0,"enemies":"Gremlin Nob","floor":6.0,"turns":3.0},{"damage":10.0,"enemies":"2 Fungi Beasts","floor":7.0,"turns":4.0},{"damage":9.0,"enemies":"Exordium Thugs","floor":8.0,"turns":4.0},{"damage":1.0,"enemies":"Looter","floor":10.0,"turns":2.0},{"damage":41,"enemies":"The Guardian","floor":16,"turns":9}],"seed_played":"-2944854045057442511","potions_obtained":[{"floor":1.0,"key":"Fire Potion"},{"floor":3.0,"key":"DuplicationPotion"},{"floor":10.0,"key":"LiquidMemories"}],"is_trial":false,"path_per_floor":["M","?","M","M","?","E","M","M","T","M","R","?","R","$","R","B"],"character_chosen":"IRONCLAD","items_purchased":["Shovel"],"campfire_rested":0,"item_purchase_floors":[14],"current_hp_per_floor":[74,48,54,60,49,47,43,40,40,45,45,38,38,38,38,0,0],"gold":300,"neow_bonus":"THREE_ENEMY_KILL","is_daily":false,"chose_seed":false,"campfire_upgraded":2,"win_rate":0.0,"timestamp":1610587138,"path_taken":["M","?","M","M","?","E","?","M","T","M","R","?","R","$","R","BOSS"],"items_purchased_type":["Relic"],"build_version":"2020-12-22","purchased_purges":0,"victory":false,"max_hp_per_floor":[75,75,75,75,75,75,75,75,75,75,75,75,75,75,75,75,75],"card_choices":[{"not_picked":["Flex","Warcry"],"picked":"Pummel","floor":1.0},{"not_picked":["Havoc","Anger"],"picked":"Sword Boomerang","floor":3.0},{"not_picked":["Heavy Blade","Flex"],"picked":"Inflame","floor":4.0},{"not_picked":["Feel No Pain","Havoc","Dark Embrace"],"picked":"SKIP","floor":6.0},{"not_picked":["Headbutt","Carnage"],"picked":"Pummel","floor":7.0},{"not_picked":["Perfected Strike","Warcry"],"picked":"Pommel Strike","floor":8.0},{"not_picked":["Anger","Wild Strike"],"picked":"Dropkick","floor":10.0}],"player_experience":395448,"relics_obtained":[{"floor":6.0,"key":"Nunchaku"},{"floor":9.0,"key":"Frozen Egg 2"},{"floor":15.0,"key":"Old Coin"}],"event_choices":[{"damage_healed":0.0,"max_hp_gain":0.0,"max_hp_loss":0.0,"gold_gain":0.0,"event_name":"Golden Idol","player_choice":"Take Damage","floor":2.0,"gold_loss":0.0,"damage_taken":26.0,"relics_obtained":["Golden Idol"]},{"damage_healed":0.0,"max_hp_gain":0.0,"max_hp_loss":0.0,"gold_gain":75.0,"event_name":"World of Goop","player_choice":"Gather Gold","floor":5.0,"gold_loss":0.0,"damage_taken":11.0},{"cards_removed":["Strike_R"],"damage_healed":0.0,"max_hp_gain":0.0,"max_hp_loss":0.0,"gold_gain":0.0,"event_name":"Golden Wing","player_choice":"Card Removal","floor":12.0,"gold_loss":0.0,"damage_taken":7.0}],"is_beta":false,"boss_relics":[],"items_purged_floors":[],"is_endless":false,"potions_floor_spawned":[1,3,10],"killed_by":"The Guardian","ascension_level":20}}