{"host":"vlqejv0notyktumz","time":1610609422,"event":{"mods":["AchievementEnabler","BaseMod","Googly Eyes","Minty Spire (QoL Compilation)"],"gold_per_floor":[114,132,144,144,156,156,131,142,196,196,296,311,325,344,344,344,344],"floor_reached":16,"language":"ENG","playtime":547,"items_purged":[],"score":139,"play_id":"6da459bd-0f28-4217-8229-3f0fc23d7802","local_time":"20210114013022","is_ascension_mode":true,"campfire_choices":[{"data":"Deflect","floor":6,"key":"SMITH"},{"floor":10,"key":"REST"},{"floor":15,"key":"REST"}],"circlet_count":0,"master_deck":["Strike_G","Strike_G","Strike_G","Strike_G","Strike_G","Defend_G+1","Defend_G","Defend_G","Defend_G+1","Defend_G","Survivor","Neutralize","Finesse","Masterful Stab","Well Laid Plans","Deadly Poison","Deflect+1","Cloak And Dagger","Bane","A Thousand Cuts"],"relics":["Ring of the Snake","Smiling Mask"],"acts_visited":["Exordium"],"potions_floor_usage":[5,12,13,14,16],"damage_taken":[{"damage":1,"enemies":"Jaw Worm","floor":1,"turns":5},{"damage":1,"enemies":"Small Slimes","floor":2,"turns":3},{"damage":0,"enemies":"Cultist","floor":3,"turns":4},{"damage":26,"enemies":"2 Fungi Beasts","floor":5,"turns":5},{"damage":0,"enemies":"Large Slime","floor":8,"turns":5},{"damage":26,"enemies":"Gremlin Gang","floor":12,"turns":9},{"damage":0,"enemies":"2 Fungi Beasts","floor":13,"turns":3},{"damage":10,"enemies":"Large Slime","floor":14,"turns":5},{"damage":49,"enemies":"Hexaghost","floor":16,"turns":14}],"seed_played":"-5976885873369431153","potions_obtained":[{"floor":1,"key":"DuplicationPotion"},{"floor":2,"key":"SteroidPotion"},{"floor":8,"key":"Regen Potion"},{"floor":13,"key":"Fire Potion"},{"floor":14,"key":"Strength Potion"}],"is_trial":false,"path_per_floor":["M","M","M","?","M","R","?","M","T","R","?","M","M","M","R","B"],"character_chosen":"THE_SILENT","items_purchased":[],"campfire_rested":2,"item_purchase_floors":[],"current_hp_per_floor":[62,61,61,47,21,21,21,21,21,42,42,31,31,21,42,0,0],"gold":344,"neow_bonus":"RANDOM_COLORLESS","is_daily":false,"chose_seed":false,"campfire_upgraded":1,"win_rate":0.0,"timestamp":1610609422,"path_taken":["M","M","M","?","M","R","?","M","T","R","?","M","?","M","R","BOSS"],"items_purchased_type":[],"build_version":"2020-12-22","purchased_purges":0,"victory":false,"max_hp_per_floor":[70,70,70,70,70,70,70,70,70,70,70,70,70,70,70,70,70],"card_choices":[{"not_picked":["Discovery","Deep Breath"],"picked":"Finesse","floor":0},{"not_picked":["Underhanded Strike","Slice"],"picked":"Masterful Stab","floor":1},{"not_picked":["Dodge and Roll","Skewer"],"picked":"Well Laid Plans","floor":2},{"not_picked":["Prepared","Expertise"],"picked":"Deadly Poison","floor":3},{"not_picked":["Dagger Throw","All Out Attack"],"picked":"Deflect","floor":5},{"not_picked":["Acrobatics","Blade Dance","Deadly Poison"],"picked":"SKIP","floor":8},{"not_picked":["Predator","Crippling Poison"],"picked":"Cloak And Dagger","floor":12},{"not_picked":["Deflect","Backflip"],"picked":"Bane","floor":13},{"not_picked":["Setup","Cloak And Dagger"],"picked":"A Thousand Cuts","floor":14}],"player_experience":337244,"relics_obtained":[{"floor":9,"key":"Smiling Mask"}],"event_choices":[{"damage_healed":0,"gold_gain":0,"player_choice":"Entered Light","damage_taken":14,"max_hp_gain":0,"max_hp_loss":0,"event_name":"Shining Light","floor":4,"gold_loss":0,"cards_upgraded":["Defend_G","Defend_G"]},{"damage_healed":0,"gold_gain":0,"player_choice":"Left Gold","damage_taken":0,"max_hp_gain":0,"max_hp_loss":0,"event_name":"World of Goop","floor":7,"gold_loss":25},{"damage_healed":0,"gold_gain":100,"player_choice":"Pray","damage_taken":0,"max_hp_gain":0,"max_hp_loss":0,"event_name":"Golden Shrine","floor":11,"gold_loss":0}],"is_beta":false,"boss_relics":[],"items_purged_floors":[],"is_endless":false,"potions_floor_spawned":[1,2,8,13,14],"killed_by":"Hexaghost","ascension_level":9}}