{"host":"fq1bpa5mgr3rtgnr","time":1610595187,"event":{"mods":["AchievementEnabler","BaseMod","Colored Map","Colored Powertips","Highlight Path","Minty Spire (QoL Compilation)","Relic Stats","Robot Space Explorer","StSLib"],"gold_per_floor":[114,134,134,152,122,149,149,164,213,232,232,248,248,268,268,393,393,414,414,437,452,452,452,452,485,485,500,518,518,537,581,581,701,701,714,714,735,505,528,564,564,564,564],"floor_reached":42,"language":"ENG","playtime":3039,"items_purged":["RobotSpaceExplorer:Defend"],"score":497,"play_id":"9ef79e71-4db2-420e-a357-02d7e6d1881f","local_time":"20210113223307","is_ascension_mode":false,"campfire_choices":[{"data":"RobotSpaceExplorer:Comet","floor":7.0,"key":"SMITH"},{"data":"RobotSpaceExplorer:SurgingShield","floor":11.0,"key":"SMITH"},{"data":"RobotSpaceExplorer:ShockKick","floor":15.0,"key":"SMITH"},{"data":"RobotSpaceExplorer:Comet","floor":23,"key":"SMITH"},{"data":"RobotSpaceExplorer:IronShell","floor":29,"key":"SMITH"},{"data":"RobotSpaceExplorer:Scan","floor":32,"key":"SMITH"}],"circlet_count":0,"master_deck":["RobotSpaceExplorer:Strike","RobotSpaceExplorer:Strike","RobotSpaceExplorer:Strike","RobotSpaceExplorer:Defend+1","RobotSpaceExplorer:Defend","RobotSpaceExplorer:Defend+1","RobotSpaceExplorer:Scan+1","RobotSpaceExplorer:MiniLasers","RobotSpaceExplorer:Discharger","RobotSpaceExplorer:SurgingShield+1","RobotSpaceExplorer:Comet+1","RobotSpaceExplorer:SurgingStrike","RobotSpaceExplorer:MakeshiftVolley","RobotSpaceExplorer:ShockKick+1","RobotSpaceExplorer:Comet+1","RobotSpaceExplorer:SurgingShield+1","RobotSpaceExplorer:MakeshiftVolley","RobotSpaceExplorer:IronShell+1","RobotSpaceExplorer:GlueShot+1","RobotSpaceExplorer:HighVoltage","RobotSpaceExplorer:Discharger","RobotSpaceExplorer:Jetpack+1","RobotSpaceExplorer:BlastShield"],"relics":["RobotSpaceExplorer:RoboCore","NeowsBlessing","Eternal Feather","Smiling Mask","Golden Idol","Busted Crown","RobotSpaceExplorer:PlasmaHourglass","Lantern","Potion Belt","Gremlin Horn","SlaversCollar","War Paint","Oddly Smooth Stone"],"acts_visited":["Exordium","TheCity","TheBeyond"],"potions_floor_usage":[31,31,31,33,33,33,40,40,40,40,42],"damage_taken":[{"damage":0.0,"enemies":"Jaw Worm","floor":1.0,"turns":1.0},{"damage":0.0,"enemies":"Cultist","floor":2.0,"turns":1.0},{"damage":0.0,"enemies":"Small Slimes","floor":4.0,"turns":1.0},{"damage":19.0,"enemies":"Gremlin Nob","floor":6.0,"turns":4.0},{"damage":1.0,"enemies":"Red Slaver","floor":8.0,"turns":3.0},{"damage":3.0,"enemies":"Looter","floor":10.0,"turns":2.0},{"damage":1.0,"enemies":"Exordium Wildlife","floor":12.0,"turns":3.0},{"damage":6.0,"enemies":"3 Louse","floor":14.0,"turns":3.0},{"damage":9.0,"enemies":"The Guardian","floor":16.0,"turns":9.0},{"damage":20.0,"enemies":"2 Thieves","floor":18.0,"turns":3.0},{"damage":0.0,"enemies":"3 Byrds","floor":20.0,"turns":2.0},{"damage":0.0,"enemies":"Snecko","floor":21.0,"turns":6.0},{"damage":13,"enemies":"Book of Stabbing","floor":25,"turns":6},{"damage":9,"enemies":"Shelled Parasite and Fungi","floor":27,"turns":5},{"damage":0,"enemies":"Snake Plant","floor":28,"turns":3},{"damage":0,"enemies":"Chosen and Byrds","floor":30,"turns":4},{"damage":0,"enemies":"Slavers","floor":31,"turns":3},{"damage":59,"enemies":"Automaton","floor":33,"turns":8},{"damage":1,"enemies":"Orb Walker","floor":35,"turns":4},{"damage":19,"enemies":"3 Darklings","floor":37,"turns":4},{"damage":1,"enemies":"Sphere and 2 Shapes","floor":39,"turns":4},{"damage":38,"enemies":"Giant Head","floor":40,"turns":9},{"damage":30,"enemies":"Nemesis","floor":42,"turns":4}],"seed_played":"2816418731630347403","potions_obtained":[{"floor":4.0,"key":"Strength Potion"},{"floor":5.0,"key":"Energy Potion"},{"floor":5.0,"key":"SpeedPotion"},{"floor":8.0,"key":"Ancient Potion"},{"floor":14.0,"key":"Block Potion"},{"floor":16.0,"key":"SkillPotion"},{"floor":21.0,"key":"EntropicBrew"},{"floor":27,"key":"Swift Potion"},{"floor":28,"key":"BlessingOfTheForge"},{"floor":33,"key":"FearPotion"},{"floor":35,"key":"Weak Potion"},{"floor":40,"key":"Fruit Juice"}],"is_trial":false,"path_per_floor":["M","M","?","M","?","E","R","M","T","M","R","M","?","M","R","B",null,"M","?","M","M","?","R","T","E","T","M","M","R","M","E","R","B",null,"M","?","M","$","M","E","?","E"],"character_chosen":"RobotSpaceExplorer","items_purchased":["RobotSpaceExplorer:Discharger","War Paint"],"campfire_rested":0,"item_purchase_floors":[38,38],"current_hp_per_floor":[75,75,75,75,75,56,62,61,61,58,64,63,45,39,48,39,75,55,55,55,55,55,64,64,51,51,42,42,54,54,54,66,7,75,74,74,55,55,54,16,16,0,0],"gold":564,"neow_bonus":"THREE_ENEMY_KILL","is_daily":false,"chose_seed":false,"campfire_upgraded":6,"win_rate":0.0,"timestamp":1610595187,"path_taken":["M","M","?","?","?","E","R","M","T","M","R","?","?","M","R","BOSS","M","?","M","M","?","R","?","E","T","M","M","R","M","E","R","BOSS","M","?","?","?","M","E","?","E"],"items_purchased_type":["Card","Relic"],"build_version":"2020-12-22","purchased_purges":1,"victory":false,"max_hp_per_floor":[75,75,75,75,75,75,75,75,75,75,75,75,75,75,75,75,75,75,75,75,75,75,75,75,75,75,75,75,75,75,75,75,75,75,75,75,75,75,75,75,75,80,80],"relic_stats":{"Busted Crown":26,"Gremlin Horn":[6,6],"counters":[23,92],"Golden Idol":111,"Eternal Feather":54,"War Paint":["RobotSpaceExplorer:Defend","RobotSpaceExplorer:Defend"],"Smiling Mask":25,"obtain_stats":[{"Potion Belt":26,"Lantern":25,"NeowsBlessing":0,"Gremlin Horn":31,"Golden Idol":13,"RobotSpaceExplorer:PlasmaHourglass":24,"Oddly Smooth Stone":40,"RobotSpaceExplorer:RoboCore":0,"Eternal Feather":6,"War Paint":38,"Smiling Mask":9,"SlaversCollar":34,"Busted Crown":17},{"Potion Belt":13,"Lantern":13,"NeowsBlessing":0,"Gremlin Horn":17,"Golden Idol":7,"RobotSpaceExplorer:PlasmaHourglass":12,"Oddly Smooth Stone":22,"RobotSpaceExplorer:RoboCore":0,"Eternal Feather":4,"War Paint":20,"Smiling Mask":5,"SlaversCollar":18,"Busted Crown":9},{"Potion Belt":44,"Lantern":44,"NeowsBlessing":0,"Gremlin Horn":59,"Golden Idol":15,"RobotSpaceExplorer:PlasmaHourglass":38,"Oddly Smooth Stone":88,"RobotSpaceExplorer:RoboCore":0,"Eternal Feather":7,"War Paint":75,"Smiling Mask":10,"SlaversCollar":67,"Busted Crown":27}]},"card_choices":[{"not_picked":["RobotSpaceExplorer:SwiftStep","RobotSpaceExplorer:JunkDive","RobotSpaceExplorer:GlueShot"],"picked":"SKIP","floor":1.0},{"not_picked":["RobotSpaceExplorer:Probe","RobotSpaceExplorer:FreezeRay"],"picked":"RobotSpaceExplorer:Discharger","floor":2.0},{"not_picked":["RobotSpaceExplorer:ScrapMissile","RobotSpaceExplorer:ImprovisedAttack"],"picked":"RobotSpaceExplorer:SurgingShield","floor":4.0},{"not_picked":["RobotSpaceExplorer:FrostMissile","RobotSpaceExplorer:ScrapMissile"],"picked":"RobotSpaceExplorer:Comet","floor":6.0},{"not_picked":["RobotSpaceExplorer:SwiftStep","RobotSpaceExplorer:DoubleBlock"],"picked":"RobotSpaceExplorer:SurgingStrike","floor":8.0},{"not_picked":["RobotSpaceExplorer:ScrapMissile","RobotSpaceExplorer:Discharger"],"picked":"RobotSpaceExplorer:MakeshiftVolley","floor":10.0},{"not_picked":["RobotSpaceExplorer:RigExplosive","RobotSpaceExplorer:Smokescreen"],"picked":"RobotSpaceExplorer:ShockKick","floor":12.0},{"not_picked":["RobotSpaceExplorer:MetalStrike","RobotSpaceExplorer:GlueSpray","RobotSpaceExplorer:FreezeRay"],"picked":"SKIP","floor":14.0},{"not_picked":["RobotSpaceExplorer:Multitool","RobotSpaceExplorer:DroneSwarm"],"picked":"RobotSpaceExplorer:Comet","floor":16.0},{"not_picked":["RobotSpaceExplorer:StunGrenade"],"picked":"SKIP","floor":18.0},{"not_picked":[],"picked":"RobotSpaceExplorer:SurgingShield+1","floor":20.0},{"not_picked":[],"picked":"RobotSpaceExplorer:MakeshiftVolley","floor":21.0},{"not_picked":[],"picked":"RobotSpaceExplorer:GlueShot+1","floor":25},{"not_picked":["RobotSpaceExplorer:MetalStrike"],"picked":"SKIP","floor":27},{"not_picked":["RobotSpaceExplorer:MetalStrike"],"picked":"SKIP","floor":28},{"not_picked":["RobotSpaceExplorer:StarLightning"],"picked":"SKIP","floor":30},{"not_picked":["RobotSpaceExplorer:MetalStrike"],"picked":"SKIP","floor":31},{"not_picked":[],"picked":"RobotSpaceExplorer:HighVoltage","floor":33},{"not_picked":["RobotSpaceExplorer:MiniDrones+1"],"picked":"SKIP","floor":35},{"not_picked":["RobotSpaceExplorer:GlueShot+1"],"picked":"SKIP","floor":37},{"not_picked":["RobotSpaceExplorer:ShockKick"],"picked":"SKIP","floor":39},{"not_picked":[],"picked":"RobotSpaceExplorer:Jetpack+1","floor":40}],"player_experience":383932,"relics_obtained":[{"floor":6.0,"key":"Eternal Feather"},{"floor":9.0,"key":"Smiling Mask"},{"floor":24,"key":"RobotSpaceExplorer:PlasmaHourglass"},{"floor":25,"key":"Lantern"},{"floor":26,"key":"Potion Belt"},{"floor":31,"key":"Gremlin Horn"},{"floor":40,"key":"Oddly Smooth Stone"}],"event_choices":[{"cards_removed":["RobotSpaceExplorer:Strike"],"damage_healed":0.0,"max_hp_gain":0.0,"max_hp_loss":0.0,"gold_gain":0.0,"event_name":"Purifier","player_choice":"Purged","floor":3.0,"gold_loss":0.0,"damage_taken":0.0},{"damage_healed":0.0,"max_hp_gain":0.0,"max_hp_loss":0.0,"gold_gain":0.0,"event_name":"The Woman in Blue","player_choice":"Bought 2 Potions","floor":5.0,"gold_loss":0.0,"damage_taken":0.0},{"damage_healed":0.0,"max_hp_gain":0.0,"max_hp_loss":0.0,"gold_gain":0.0,"event_name":"Golden Idol","player_choice":"Take Damage","floor":13.0,"gold_loss":0.0,"damage_taken":18.0,"relics_obtained":["Golden Idol"]},{"damage_healed":0.0,"max_hp_gain":0.0,"max_hp_loss":0.0,"gold_gain":0.0,"event_name":"Vampires","player_choice":"Ignored","floor":19.0,"gold_loss":0.0,"damage_taken":0.0},{"damage_healed":0,"gold_gain":0,"player_choice":"Read","damage_taken":0,"max_hp_gain":0,"max_hp_loss":0,"event_name":"The Library","floor":22,"gold_loss":0,"cards_obtained":["RobotSpaceExplorer:IronShell"]},{"damage_healed":0,"gold_gain":0,"player_choice":"Ignored","damage_taken":0,"max_hp_gain":0,"max_hp_loss":0,"event_name":"SecretPortal","floor":36,"gold_loss":0},{"damage_healed":0,"gold_gain":0,"player_choice":"1 cards matched","damage_taken":0,"max_hp_gain":0,"max_hp_loss":0,"event_name":"Match and Keep!","floor":41,"gold_loss":0,"cards_obtained":["RobotSpaceExplorer:BlastShield"]},{"damage_healed":0,"gold_gain":0,"player_choice":"1 cards matched","damage_taken":0,"max_hp_gain":0,"max_hp_loss":0,"event_name":"Match and Keep!","floor":41,"gold_loss":0,"cards_obtained":["RobotSpaceExplorer:BlastShield"]}],"is_beta":false,"boss_relics":[{"not_picked":["RobotSpaceExplorer:SearchSpecs","Runic Pyramid"],"picked":"Busted Crown"},{"not_picked":["RobotSpaceExplorer:TurboCore","Fusion Hammer"],"picked":"SlaversCollar"}],"items_purged_floors":[38],"is_endless":false,"potions_floor_spawned":[4,8,10,14,16,21,27,28,33,35,40],"killed_by":"Nemesis","ascension_level":0}}