{"host":"f7rb14kzcw8hx1r1","time":1610659786,"event":{"mods":["BaseMod","Better Note","Better Third Choice","Colored Map","Highlight Path","Hubris","Minty Spire (QoL Compilation)","Replay The Spire","StSLib","The Forsaken"],"gold_per_floor":[118,138,138,63,63,63,74,74,374,404,64,91,109,126,126,230,230,258,258,288,88,88,88,108,108,131,131,176,201,201,219,219,335,335,360,210,223,247,262,303,303,332,332,346,375,4,27,120,120,146],"floor_reached":51,"language":"ENG","playtime":2404,"items_purged":["Strike_B","Strike_B","Shame","hubris:Greed"],"score":761,"play_id":"0cf06b05-e37b-4cb8-82f7-38d8e40e5981","local_time":"20210114222946","is_ascension_mode":false,"campfire_choices":[{"data":"Zap","floor":6.0,"key":"SMITH"},{"data":"Fusion","floor":8.0,"key":"SMITH"},{"data":"Hologram","floor":15.0,"key":"SMITH"},{"data":"Defragment","floor":23.0,"key":"SMITH"},{"data":"Dualcast","floor":25.0,"key":"SMITH"},{"data":"Machine Learning","floor":27.0,"key":"SMITH"},{"data":"Conserve Battery","floor":32.0,"key":"SMITH"},{"data":"Compile Driver","floor":41,"key":"SMITH"},{"data":"Mirror Shield","floor":49,"key":"SMITH"}],"circlet_count":0,"master_deck":["Strike_B","Strike_B","Defend_B","Defend_B","Defend_B","Defend_B","Zap+1","Dualcast+1","Leap","Fusion+1","Conserve Battery+1","Sweeping Beam","Chill","Barrage+1","Compile Driver","Hologram+1","Machine Learning+1","Tempest+1","Sweeping Beam","Defragment+1","Barrage+1","Compile Driver+1","Core Surge","Conserve Battery+1","Beam Cell+1","Cold Snap+1","Static Discharge+1","Capacitor","Mirror Shield+1","Loop","Stack+1","BootSequence+1"],"relics":["Cracked Core","Happy Flower","hubris:Icosahedron","Old Coin","Bag of Preparation","Replay:Rubber Ducky","Ice Cream","Replay:Ancient Bell","Tiny Chest","Darkstone Periapt","hubris:GlazedTorus","CeramicFish","Omamori","hubris:MysteriousPyramids","Coffee Dripper","Nunchaku","hubris:SphereOfDissonance","Strange Spoon","Replay:Bandana"],"acts_visited":["Exordium","TheCity","TheBeyond"],"potions_floor_usage":[40,40,45,50],"damage_taken":[{"damage":0.0,"enemies":"2 Louse","floor":1.0,"turns":2.0},{"damage":6.0,"enemies":"Jaw Worm","floor":2.0,"turns":3.0},{"damage":5.0,"enemies":"Small Slimes","floor":7.0,"turns":3.0},{"damage":30.0,"enemies":"Gremlin Nob","floor":10.0,"turns":5.0},{"damage":1.0,"enemies":"3 Sentries","floor":12.0,"turns":6.0},{"damage":2.0,"enemies":"2 Fungi Beasts","floor":13.0,"turns":3.0},{"damage":5.0,"enemies":"Large Slime","floor":14.0,"turns":5.0},{"damage":16.0,"enemies":"The Guardian","floor":16.0,"turns":12.0},{"damage":19.0,"enemies":"Shell Parasite","floor":18.0,"turns":6.0},{"damage":0.0,"enemies":"Chosen","floor":20.0,"turns":4.0},{"damage":2.0,"enemies":"3 Cultists","floor":24.0,"turns":4.0},{"damage":6.0,"enemies":"Replay:Snechameleon","floor":28.0,"turns":5.0},{"damage":3.0,"enemies":"Centurion and Healer","floor":29.0,"turns":5.0},{"damage":19.0,"enemies":"Snake Plant","floor":31.0,"turns":3.0},{"damage":17.0,"enemies":"Collector","floor":33.0,"turns":7.0},{"damage":0,"enemies":"3 Darklings","floor":35,"turns":5},{"damage":6,"enemies":"Orb Walker","floor":37,"turns":3},{"damage":5,"enemies":"Maw","floor":38,"turns":7},{"damage":1,"enemies":"4 Shapes","floor":39,"turns":4},{"damage":10,"enemies":"Giant Head","floor":40,"turns":8},{"damage":0,"enemies":"Sphere and 2 Shapes","floor":42,"turns":4},{"damage":0,"enemies":"3 Darklings","floor":44,"turns":3},{"damage":0,"enemies":"Writhing Mass","floor":45,"turns":5},{"damage":0,"enemies":"4 Shapes","floor":47,"turns":5},{"damage":2,"enemies":"Donu and Deca","floor":50,"turns":8}],"seed_played":"-298454920288825780","potions_obtained":[{"floor":2.0,"key":"Swift Potion"},{"floor":7.0,"key":"Explosive Potion"},{"floor":10.0,"key":"Fire Potion"},{"floor":12.0,"key":"Venom Potion"},{"floor":20.0,"key":"BlessingOfTheForge"},{"floor":29.0,"key":"SpeedPotion"},{"floor":31.0,"key":"Toxic Potion"},{"floor":33.0,"key":"FocusPotion"},{"floor":37,"key":"ColorlessPotion"},{"floor":39,"key":"SpeedPotion"},{"floor":42,"key":"Weak Potion"},{"floor":44,"key":"Weak Potion"}],"is_trial":false,"path_per_floor":["M","M","?","$","?","R","M","R","T","E","$","E","M","M","R","B",null,"M","?","M","$","?","R","M","R","T","R","E","M","T","M","R","B",null,"M","$","M","M","M","E","R","M","T","M","M","$","M","?","R","B",null],"character_chosen":"DEFECT","items_purchased":["Sweeping Beam","Chill","Replay:Rubber Ducky","Defragment","Capacitor","Mirror Shield","Strange Spoon"],"campfire_rested":0,"item_purchase_floors":[11,11,11,21,46,46,46],"current_hp_per_floor":[75,69,69,69,69,69,64,64,64,34,34,33,31,26,26,10,93,74,74,74,74,74,74,72,72,72,72,66,63,63,44,44,27,93,93,93,87,82,81,71,71,71,71,71,71,71,71,48,48,46],"gold":146,"neow_bonus":"RANDOM_COMMON_RELIC","is_daily":false,"chose_seed":false,"campfire_upgraded":9,"win_rate":0.0,"timestamp":1610659786,"path_taken":["M","M","?","$","?","R","M","R","T","E","$","E","M","M","R","BOSS","M","?","M","$","?","R","M","R","T","R","E","?","?","M","R","BOSS","M","$","M","M","M","E","R","M","T","M","M","$","?","?","R","BOSS"],"items_purchased_type":["Card","Card","Relic","Card","Card","Card","Relic"],"build_version":"2020-12-22","purchased_purges":4,"victory":true,"max_hp_per_floor":[75,75,75,75,75,75,75,75,75,75,75,75,75,75,75,75,93,93,93,93,93,93,93,93,93,93,93,93,93,93,93,93,93,93,93,93,93,93,93,93,93,93,93,93,93,93,93,93,93,93],"card_choices":[{"not_picked":["BasicCrystalCard","Steam","Rebound"],"picked":"SKIP","floor":1.0},{"not_picked":["Sweeping Beam","Streamline"],"picked":"Leap","floor":2.0},{"not_picked":["hubris:PowerSurge","Heatsinks"],"picked":"Fusion","floor":7.0},{"not_picked":["Reboot","Undo"],"picked":"Conserve Battery","floor":10.0},{"not_picked":["Turbo","Leap"],"picked":"Barrage","floor":12.0},{"not_picked":["Sunder","BasicCrystalCard"],"picked":"Compile Driver","floor":13.0},{"not_picked":["Rebound","Reinforced Body"],"picked":"Hologram","floor":14.0},{"not_picked":["Meteor Strike","All For One"],"picked":"Machine Learning","floor":16.0},{"not_picked":["hubris:Sloth","Normality"],"picked":"hubris:Greed","floor":17.0},{"not_picked":["Voices","Delirium"],"picked":"hubris:Greed","floor":17.0},{"not_picked":["ReplayTheSpireMod:Faulty Equipment","hubris:Sloth"],"picked":"Shame","floor":17.0},{"not_picked":["Hologram","BasicCrystalCard"],"picked":"Tempest+1","floor":18.0},{"not_picked":["BasicCrystalCard","Scrape"],"picked":"Sweeping Beam","floor":20.0},{"not_picked":["Conserve Battery","Hologram","Hyperbeam"],"picked":"SKIP","floor":24.0},{"not_picked":["BasicCrystalCard","Gash"],"picked":"Barrage+1","floor":28.0},{"not_picked":["Steam","Go for the Eyes"],"picked":"Compile Driver","floor":29.0},{"not_picked":["ReplayTheSpireMod:Repulse","Steam+1","Meteor Strike"],"picked":"SKIP","floor":31.0},{"not_picked":["hubris:DoWhile","Buffer"],"picked":"Core Surge","floor":33.0},{"not_picked":["Beam Cell+1","Gash","Compile Driver+1"],"picked":"SKIP","floor":35},{"not_picked":["ReplaySolidLightProjector","Panic Button+1","Time Bomb+1"],"picked":"SKIP","floor":37},{"not_picked":["Static Discharge","Rebound"],"picked":"Conserve Battery+1","floor":38},{"not_picked":["Go for the Eyes+1","Chill","Sweeping Beam+1"],"picked":"SKIP","floor":39},{"not_picked":["Meteor Strike","Rip and Tear"],"picked":"Beam Cell+1","floor":40},{"not_picked":["Go for the Eyes+1","Stack+1"],"picked":"Cold Snap+1","floor":42},{"not_picked":["Turbo","Beam Cell+1","Cold Snap+1"],"picked":"SKIP","floor":44},{"not_picked":["Cold Snap+1","Coolheaded"],"picked":"Static Discharge+1","floor":45},{"not_picked":["ReplayTheSpireMod:System Scan","Coolheaded+1"],"picked":"Loop","floor":47},{"not_picked":["Go for the Eyes+1","Hologram+1"],"picked":"Stack+1","floor":48},{"not_picked":["Redo","Undo+1"],"picked":"BootSequence+1","floor":48}],"player_experience":912071,"relics_obtained":[{"floor":9.0,"key":"Old Coin"},{"floor":10.0,"key":"Bag of Preparation"},{"floor":12.0,"key":"Ice Cream"},{"floor":26.0,"key":"CeramicFish"},{"floor":28.0,"key":"Omamori"},{"floor":30.0,"key":"hubris:MysteriousPyramids"},{"floor":40,"key":"Nunchaku"},{"floor":43,"key":"hubris:SphereOfDissonance"},{"floor":48,"key":"Replay:Bandana"}],"event_choices":[{"damage_healed":0.0,"max_hp_gain":0.0,"max_hp_loss":0.0,"gold_gain":0.0,"event_name":"Upgrade Shrine","player_choice":"Upgraded","floor":19.0,"gold_loss":0.0,"damage_taken":0.0,"cards_upgraded":["Barrage"]},{"cards_removed":["hubris:Greed"],"damage_healed":0.0,"max_hp_gain":0.0,"max_hp_loss":0.0,"gold_gain":0.0,"event_name":"Purifier","player_choice":"Purged","floor":22.0,"gold_loss":0.0,"damage_taken":0.0}],"is_beta":false,"boss_relics":[{"not_picked":["Tiny House","Painkiller Herb"],"picked":"Replay:Ancient Bell"},{"not_picked":["Pet Ghost","hubris:OldNail"],"picked":"Tiny Chest"},{"not_picked":["Toxic Egg 2","Sundial"],"picked":"Darkstone Periapt"},{"not_picked":["Shovel","Lizard Tail"],"picked":"hubris:GlazedTorus"},{"not_picked":["Replay:Grab Bag","Abe\u0027s Treasure"],"picked":"Coffee Dripper"}],"items_purged_floors":[4,11,21,36],"is_endless":false,"potions_floor_spawned":[2,7,10,12,20,29,31,33,37,39,42,44],"ascension_level":0}}