{"host":"sc0o2qwpf9j16a4i","time":1610649560,"event":{"mods":["AchievementEnabler","BaseMod","BetterRewards","Block Reminder","Colored Map","Colored Powertips","Custom Start","Highlight Path","Minty Spire (QoL Compilation)","Relic Stats"],"gold_per_floor":[117,134,134,153,153,153,196,196,196,196,236,236,251,10,10,106,106,122,72,72,97,22,22,57,57,82,107,232,232,257,617,617,706,706,719,719,491,516,849,880,898,924,995,561,561,596,607,617,617,617,617,617,617,4,39,39],"floor_reached":57,"language":"ENG","playtime":2378,"items_purged":["Strike_R","Strike_R","Defend_R","Sword Boomerang","Infernal Blade"],"score":3991,"play_id":"3cef963d-07a4-482e-88c4-7819bd490051","local_time":"20210114203920","is_ascension_mode":true,"campfire_choices":[{"data":"Warcry","floor":6,"key":"SMITH"},{"data":"Spot Weakness","floor":8,"key":"SMITH"},{"data":"Feel No Pain","floor":10,"key":"SMITH"},{"data":"Bash","floor":12,"key":"SMITH"},{"data":"1","floor":15,"key":"LIFT"},{"data":"2","floor":23,"key":"LIFT"},{"data":"3","floor":25,"key":"LIFT"},{"floor":29,"key":"DIG"},{"floor":32,"key":"REST"},{"floor":49,"key":"RECALL"},{"floor":53,"key":"DIG"}],"circlet_count":0,"master_deck":["AscendersBane","Defend_R","Defend_R","Defend_R","Bash+1","Feel No Pain+1","Whirlwind","Apotheosis+1","Pommel Strike","Spot Weakness+1","Warcry+1","Clothesline","Bludgeon","Headbutt","Shockwave","Barricade","Power Through","Bite","Bite","Bite","Bite","Feel No Pain+1","Shockwave","Havoc","True Grit","Offering","Dark Embrace","Madness","Madness","Entrench","Ghostly Armor","Juggernaut","Dark Embrace","Dual Wield+1","Blood for Blood+1","Corruption","True Grit","Immolate+1","Battle Trance","Spot Weakness","Headbutt+1","True Grit"],"relics":["Burning Blood","Ice Cream","Membership Card","Regal Pillow","Red Skull","Shuriken","Calipers","ClockworkSouvenir","Sundial","Magic Flower","Torii","Toolbox","Dream Catcher","Ancient Tea Set","Happy Flower","MealTicket","Gremlin Horn","Pantograph","Girya","SlaversCollar","Shovel","Potion Belt","Bird Faced Urn","Mercury Hourglass","Bottled Lightning","Snecko Eye","Orrery","Anchor","Centennial Puzzle","Molten Egg 2","Frozen Eye","Champion Belt","Pear","Turnip","OrangePellets","Self Forming Clay","Bag of Preparation"],"acts_visited":["Exordium","TheCity","TheBeyond","TheEnding"],"potions_floor_usage":[16,24,28,28,42,42,42,48,48,56,56,56],"damage_taken":[{"damage":0,"enemies":"Cultist","floor":1,"turns":2},{"damage":0,"enemies":"2 Louse","floor":2,"turns":1},{"damage":1,"enemies":"Small Slimes","floor":4,"turns":3},{"damage":1,"enemies":"Gremlin Nob","floor":7,"turns":3},{"damage":2,"enemies":"Blue Slaver","floor":11,"turns":4},{"damage":0,"enemies":"2 Fungi Beasts","floor":13,"turns":2},{"damage":0,"enemies":"Slime Boss","floor":16,"turns":4},{"damage":7,"enemies":"Chosen","floor":18,"turns":5},{"damage":33,"enemies":"2 Thieves","floor":21,"turns":4},{"damage":3,"enemies":"Book of Stabbing","floor":24,"turns":4},{"damage":1,"enemies":"Snecko","floor":27,"turns":4},{"damage":15,"enemies":"Colosseum Slavers","floor":28,"turns":4},{"damage":13,"enemies":"Colosseum Nobs","floor":28,"turns":3},{"damage":30,"enemies":"Snake Plant","floor":30,"turns":5},{"damage":0,"enemies":"Champ","floor":33,"turns":8},{"damage":0,"enemies":"3 Darklings","floor":35,"turns":4},{"damage":6,"enemies":"3 Shapes","floor":38,"turns":1},{"damage":18,"enemies":"Nemesis","floor":40,"turns":7},{"damage":36,"enemies":"Transient","floor":41,"turns":6},{"damage":0,"enemies":"Reptomancer","floor":42,"turns":4},{"damage":0,"enemies":"Giant Head","floor":46,"turns":4},{"damage":6,"enemies":"Spire Growth","floor":47,"turns":2},{"damage":6,"enemies":"Jaw Worm Horde","floor":48,"turns":2},{"damage":1,"enemies":"Time Eater","floor":50,"turns":8},{"damage":30,"enemies":"Awakened One","floor":51,"turns":6},{"damage":9,"enemies":"Shield and Spear","floor":55,"turns":4},{"damage":0,"enemies":"The Heart","floor":56,"turns":6}],"seed_played":"7898596188837077544","potions_obtained":[{"floor":16,"key":"Explosive Potion"},{"floor":18,"key":"PowerPotion"},{"floor":27,"key":"Explosive Potion"},{"floor":33,"key":"Explosive Potion"},{"floor":40,"key":"LiquidBronze"},{"floor":42,"key":"ColorlessPotion"}],"is_trial":false,"path_per_floor":["M","M","?","M","?","R","E","R","T","R","M","R","M","$","R","B",null,"M","$","?","M","?","R","E","R","T","M","?","R","M","?","R","B",null,"M","?","$","M","?","E","M","E","T","$","?","E","M","M","R","B","B",null,"R","$","E","B",null],"character_chosen":"IRONCLAD","items_purchased":["Blood Vial","Ice Cream","Feel No Pain","Membership Card","Regal Pillow","Red Skull","Whirlwind","Shuriken","Calipers","ClockworkSouvenir","Sundial","Magic Flower","Torii","Toolbox","Dream Catcher","Ancient Tea Set","Apotheosis","Happy Flower","MealTicket","Explosive Potion","FearPotion","Sword Boomerang","Girya","Shockwave","PowerPotion","Orrery","PowerPotion","ColorlessPotion","BlessingOfTheForge","Molten Egg 2","Frozen Eye","Infernal Blade","True Grit","Ancient Potion","GamblersBrew","Turnip","OrangePellets","Self Forming Clay","Ancient Potion","BloodPotion","Spot Weakness","Headbutt+1"],"campfire_rested":1,"item_purchase_floors":[0,0,0,0,0,0,0,0,0,0,0,0,0,0,0,0,0,0,0,0,0,0,14,14,14,37,37,37,37,44,44,44,44,44,44,54,54,54,54,54,54,54],"current_hp_per_floor":[33,45,45,56,56,56,67,67,67,67,68,68,68,68,68,68,68,68,68,68,49,49,49,68,68,68,68,68,68,66,30,65,68,68,68,56,68,68,68,68,68,68,68,68,68,68,68,68,68,68,68,68,78,78,78,78],"gold":39,"neow_bonus":"","is_daily":false,"chose_seed":false,"campfire_upgraded":4,"win_rate":0.0,"timestamp":1610649560,"path_taken":["M","M","?","M","?","R","E","R","T","R","?","R","M","$","R","BOSS","M","$","?","M","?","R","E","R","T","M","?","R","M","?","R","BOSS","M","?","$","M","?","E","M","E","T","?","?","E","M","M","R","BOSS","BOSS","R","$","E","BOSS"],"items_purchased_type":["Relic","Relic","Card","Relic","Relic","Relic","Card","Relic","Relic","Relic","Relic","Relic","Relic","Relic","Relic","Relic","Card","Relic","Relic","Potion","Potion","Card","Relic","Card","Potion","Relic","Potion","Potion","Potion","Relic","Relic","Card","Card","Potion","Potion","Relic","Relic","Relic","Potion","Potion","Card","Card"],"build_version":"2020-12-22","purchased_purges":5,"victory":true,"max_hp_per_floor":[75,75,68,68,68,68,68,68,68,68,68,68,68,68,68,68,68,68,68,68,68,68,68,68,68,68,68,68,68,68,68,68,68,68,68,68,68,68,68,68,68,68,68,68,68,68,68,68,68,68,68,68,78,78,78,78],"relic_stats":{"Regal Pillow":68,"Torii":41,"Happy Flower":[89],"Gremlin Horn":[39,40],"counters":[142,650],"Self Forming Clay":[12],"Magic Flower":[80],"Bag of Preparation":[12],"Burning Blood":554,"Mercury Hourglass":[1082],"OrangePellets":[36],"Dream Catcher":4,"Centennial Puzzle":[30],"Shovel":2,"Shuriken":[37],"Sundial":[12],"Pantograph":3,"Bird Faced Urn":[65],"Snecko Eye":[420,419,428,399],"MealTicket":12,"Turnip":[2],"Champion Belt":[20],"obtain_stats":[{"Ice Cream":44,"Calipers":46,"Gremlin Horn":9,"Vajra":13,"Whetstone":31,"Bottled Tornado":12,"Boot":9,"Sling":0,"Old Coin":28,"Blood Vial":23,"Centennial Puzzle":47,"HornCleat":44,"Sundial":0,"Strawberry":0,"Philosopher\u0027s Stone":17,"MealTicket":0,"Fusion Hammer":34,"Girya":9,"Pear":53,"Happy Flower":0,"Dead Branch":0,"Oddly Smooth Stone":43,"Eternal Feather":21,"Pen Nib":55,"Question Card":0,"Akabeko":0,"SlaversCollar":34,"OrangePellets":46,"Shuriken":0,"Bird Faced Urn":55,"Snecko Eye":17,"Molten Egg 2":26,"Pandora\u0027s Box":34,"Meat on the Bone":3,"Regal Pillow":24,"Lantern":29,"Torii":0,"Magic Flower":0,"StoneCalendar":36,"Mango":0,"Bag of Preparation":20,"Cursed Key":17,"Ancient Tea Set":0,"Burning Blood":0,"ClockworkSouvenir":21,"Frozen Eye":44,"Dream Catcher":7,"Shovel":24,"Mummified Hand":0,"Gambling Chip":0,"Pantograph":41,"Toolbox":54,"Tiny Chest":23,"Red Mask":20,"Chemical X":54,"Red Skull":9,"InkBottle":25,"Paper Frog":54,"Potion Belt":10,"Golden Idol":3,"Self Forming Clay":54,"PreservedInsect":9,"Omamori":0,"Frozen Egg 2":6,"Orichalcum":10,"MawBank":41,"White Beast Statue":0,"Mercury Hourglass":30,"Anchor":26,"Orrery":37,"Turnip":0,"Coffee Dripper":17,"Bag of Marbles":47,"Membership Card":20,"Champion Belt":39,"Bottled Lightning":29,"FossilizedHelix":7,"TungstenRod":54,"Toy Ornithopter":55},{"Ice Cream":50,"Calipers":51,"Gremlin Horn":19,"Vajra":93,"Whetstone":102,"Bottled Tornado":20,"Boot":34,"Sling":57,"Old Coin":70,"Blood Vial":13,"Centennial Puzzle":110,"HornCleat":78,"Sundial":115,"Strawberry":57,"Philosopher\u0027s Stone":38,"MealTicket":115,"Fusion Hammer":45,"Girya":90,"Pear":140,"Happy Flower":85,"Dead Branch":57,"Oddly Smooth Stone":49,"Eternal Feather":66,"Pen Nib":56,"Question Card":29,"Akabeko":57,"SlaversCollar":103,"OrangePellets":109,"Shuriken":115,"Bird Faced Urn":84,"Snecko Eye":64,"Molten Egg 2":69,"Pandora\u0027s Box":73,"Meat on the Bone":2,"Regal Pillow":25,"Lantern":44,"Torii":115,"Magic Flower":115,"StoneCalendar":75,"Mango":85,"Bag of Preparation":39,"Cursed Key":22,"Ancient Tea Set":57,"Burning Blood":0,"ClockworkSouvenir":24,"Frozen Eye":135,"Dream Catcher":4,"Shovel":125,"Mummified Hand":85,"Gambling Chip":57,"Pantograph":76,"Toolbox":55,"Tiny Chest":41,"Red Mask":66,"Chemical X":83,"Red Skull":62,"InkBottle":100,"Paper Frog":83,"Potion Belt":6,"Golden Idol":117,"Self Forming Clay":140,"PreservedInsect":5,"Omamori":85,"Frozen Egg 2":33,"Orichalcum":35,"MawBank":49,"White Beast Statue":14,"Mercury Hourglass":27,"Anchor":43,"Orrery":131,"Turnip":57,"Coffee Dripper":9,"Bag of Marbles":52,"Membership Card":39,"Champion Belt":48,"Bottled Lightning":128,"FossilizedHelix":18,"TungstenRod":83,"Toy Ornithopter":114},{"Ice Cream":273,"Calipers":279,"Gremlin Horn":92,"Vajra":467,"Whetstone":485,"Bottled Tornado":96,"Boot":175,"Sling":324,"Old Coin":363,"Blood Vial":62,"Centennial Puzzle":509,"HornCleat":397,"Sundial":540,"Strawberry":324,"Philosopher\u0027s Stone":203,"MealTicket":540,"Fusion Hammer":252,"Girya":458,"Pear":640,"Happy Flower":444,"Dead Branch":324,"Oddly Smooth Stone":268,"Eternal Feather":353,"Pen Nib":314,"Question Card":151,"Akabeko":324,"SlaversCollar":488,"OrangePellets":506,"Shuriken":540,"Bird Faced Urn":434,"Snecko Eye":348,"Molten Egg 2":361,"Pandora\u0027s Box":379,"Meat on the Bone":9,"Regal Pillow":121,"Lantern":241,"Torii":540,"Magic Flower":540,"StoneCalendar":382,"Mango":444,"Bag of Preparation":208,"Cursed Key":111,"Ancient Tea Set":324,"Burning Blood":0,"ClockworkSouvenir":117,"Frozen Eye":618,"Dream Catcher":20,"Shovel":572,"Mummified Hand":444,"Gambling Chip":324,"Pantograph":389,"Toolbox":305,"Tiny Chest":221,"Red Mask":353,"Chemical X":432,"Red Skull":339,"InkBottle":480,"Paper Frog":432,"Potion Belt":26,"Golden Idol":543,"Self Forming Clay":640,"PreservedInsect":24,"Omamori":444,"Frozen Egg 2":169,"Orichalcum":181,"MawBank":268,"White Beast Statue":66,"Mercury Hourglass":133,"Anchor":236,"Orrery":600,"Turnip":324,"Coffee Dripper":48,"Bag of Marbles":284,"Membership Card":208,"Champion Belt":263,"Bottled Lightning":583,"FossilizedHelix":88,"TungstenRod":432,"Toy Ornithopter":531}]},"card_choices":[{"not_picked":["Infernal Blade","Whirlwind"],"picked":"Pommel Strike","floor":1},{"not_picked":["Iron Wave","Rampage"],"picked":"Spot Weakness","floor":2},{"not_picked":["Dual Wield","Armaments"],"picked":"Warcry","floor":4},{"not_picked":["Bloodletting","Dropkick"],"picked":"Clothesline","floor":7},{"not_picked":["Reckless Charge","Sword Boomerang"],"picked":"Bludgeon","floor":11},{"not_picked":["Clothesline","Iron Wave"],"picked":"Headbutt","floor":13},{"not_picked":["Reaper","Exhume"],"picked":"Barricade","floor":16},{"not_picked":["Wild Strike","Body Slam"],"picked":"Power Through","floor":18},{"not_picked":["Sword Boomerang","Iron Wave","Thunderclap"],"picked":"SKIP","floor":21},{"not_picked":["Sword Boomerang","Iron Wave","Rupture"],"picked":"SKIP","floor":24},{"not_picked":["Fire Breathing","Body Slam"],"picked":"Feel No Pain+1","floor":27},{"not_picked":["Iron Wave","Pommel Strike"],"picked":"Shockwave","floor":28},{"not_picked":["Thunderclap","Heavy Blade"],"picked":"Havoc","floor":30},{"not_picked":["Armaments","Sever Soul"],"picked":"True Grit","floor":32},{"not_picked":["Brutality","Berserk"],"picked":"Offering","floor":33},{"not_picked":["Body Slam","Clash"],"picked":"Dark Embrace","floor":35},{"not_picked":["Headbutt","Havoc"],"picked":"Entrench","floor":37},{"not_picked":["Bloodletting","Sword Boomerang+1"],"picked":"Ghostly Armor","floor":37},{"not_picked":["Dark Embrace+1","Dropkick"],"picked":"Juggernaut","floor":37},{"not_picked":["Reckless Charge","Anger"],"picked":"Dark Embrace","floor":37},{"not_picked":["Thunderclap","Searing Blow"],"picked":"Dual Wield+1","floor":38},{"not_picked":["Pommel Strike","Inflame","Cleave+1"],"picked":"SKIP","floor":40},{"not_picked":["Carnage+1","Dropkick"],"picked":"Blood for Blood+1","floor":41},{"not_picked":["Second Wind","True Grit"],"picked":"Corruption","floor":42},{"not_picked":["Clothesline+1","Pummel+1","Sword Boomerang+1"],"picked":"SKIP","floor":46},{"not_picked":["Dual Wield","Clothesline+1"],"picked":"Immolate+1","floor":47},{"not_picked":["Inflame","Seeing Red"],"picked":"Battle Trance","floor":48},{"not_picked":["Searing Blow+1","Headbutt+1"],"picked":"True Grit","floor":55}],"player_experience":630322,"relics_obtained":[{"floor":7,"key":"Gremlin Horn"},{"floor":9,"key":"Pantograph"},{"floor":24,"key":"Shovel"},{"floor":26,"key":"Potion Belt"},{"floor":28,"key":"Bird Faced Urn"},{"floor":28,"key":"Mercury Hourglass"},{"floor":29,"key":"Bottled Lightning"},{"floor":40,"key":"Anchor"},{"floor":42,"key":"Centennial Puzzle"},{"floor":46,"key":"Champion Belt"},{"floor":53,"key":"Pear"},{"floor":55,"key":"Bag of Preparation"}],"event_choices":[{"damage_healed":0,"gold_gain":0,"player_choice":"Lose Max HP","damage_taken":0,"relics_obtained":["Golden Idol"],"max_hp_gain":0,"max_hp_loss":7,"event_name":"Golden Idol","floor":3,"gold_loss":0},{"damage_healed":0,"gold_gain":0,"player_choice":"Forge","damage_taken":0,"max_hp_gain":0,"max_hp_loss":0,"event_name":"Accursed Blacksmith","floor":5,"gold_loss":0,"cards_upgraded":["Apotheosis"]},{"damage_healed":0,"gold_gain":0,"player_choice":"Became a vampire (Vial)","damage_taken":0,"max_hp_gain":0,"max_hp_loss":0,"event_name":"Vampires","floor":20,"relics_lost":["Blood Vial"],"gold_loss":0,"cards_obtained":["Bite","Bite","Bite","Bite","Bite"]},{"cards_removed":["Bite"],"damage_healed":0,"gold_gain":0,"player_choice":"Gave Gold","damage_taken":0,"max_hp_gain":0,"max_hp_loss":0,"event_name":"Beggar","floor":22,"gold_loss":75},{"damage_healed":0,"gold_gain":0,"player_choice":"Fight","damage_taken":0,"max_hp_gain":0,"max_hp_loss":0,"event_name":"Colosseum","floor":28,"gold_loss":0},{"damage_healed":0,"gold_gain":0,"player_choice":"Fought Nobs","damage_taken":0,"max_hp_gain":0,"max_hp_loss":0,"event_name":"Colosseum","floor":28,"gold_loss":0},{"damage_healed":0,"gold_gain":360,"player_choice":"GOLD GOLD GOLD GOLD ","damage_taken":36,"max_hp_gain":0,"max_hp_loss":0,"event_name":"Knowing Skull","floor":31,"potions_obtained":[],"gold_loss":0,"cards_obtained":[]},{"damage_healed":0,"gold_gain":0,"player_choice":"Embrace Madness","damage_taken":12,"max_hp_gain":0,"max_hp_loss":0,"event_name":"Winding Halls","floor":36,"gold_loss":0,"cards_obtained":["Madness","Madness"]},{"damage_healed":0,"gold_gain":333,"player_choice":"Gave Idol","damage_taken":0,"max_hp_gain":0,"max_hp_loss":0,"event_name":"The Moai Head","floor":39,"relics_lost":["Golden Idol"],"gold_loss":0},{"damage_healed":0,"gold_gain":0,"player_choice":"Ignored","damage_taken":0,"max_hp_gain":0,"max_hp_loss":0,"event_name":"Tomb of Lord Red Mask","floor":45,"gold_loss":0}],"is_beta":false,"boss_relics":[{"not_picked":["Astrolabe","Ectoplasm"],"picked":"SlaversCollar"},{"not_picked":["Pandora\u0027s Box","Velvet Choker"],"picked":"Snecko Eye"}],"items_purged_floors":[0,19,37,44,54],"is_endless":false,"potions_floor_spawned":[11,13,16,18,21,27,33,40,42,47],"ascension_level":20}}