{"host":"9n6i2vl93jt4o42q","time":1610623230,"event":{"mods":["BaseMod","Minty Spire (QoL Compilation)","Relic Stats"],"gold_per_floor":[112,86,100,111,22,47,61,61,84,84,96,128,128,128,128,128,128],"floor_reached":16,"language":"ENG","playtime":819,"items_purged":[],"score":220,"play_id":"3c37de5c-d8d0-4d61-a27c-82138e077bb1","local_time":"20210114122030","is_ascension_mode":true,"campfire_choices":[{"floor":8.0,"key":"REST"},{"floor":13.0,"key":"REST"},{"floor":15,"key":"REST"}],"circlet_count":0,"master_deck":["AscendersBane","Strike_G","Strike_G","Strike_G","Strike_G","Strike_G","Defend_G","Defend_G","Defend_G+1","Defend_G","Defend_G","Survivor+1","Neutralize","Dash","Dagger Throw","Deflect","Caltrops","Slice","PiercingWail","Poisoned Stab","Outmaneuver"],"relics":["Ring of the Snake","NeowsBlessing","Snake Skull","War Paint","Boot"],"acts_visited":["Exordium"],"potions_floor_usage":[16],"damage_taken":[{"damage":0.0,"enemies":"Cultist","floor":1.0,"turns":1.0},{"damage":0.0,"enemies":"Jaw Worm","floor":3.0,"turns":1.0},{"damage":0.0,"enemies":"Small Slimes","floor":4.0,"turns":1.0},{"damage":36.0,"enemies":"3 Sentries","floor":6.0,"turns":10.0},{"damage":1.0,"enemies":"Looter","floor":7.0,"turns":4.0},{"damage":17.0,"enemies":"Exordium Thugs","floor":11.0,"turns":6.0},{"damage":24.0,"enemies":"Lagavulin","floor":12.0,"turns":7.0},{"damage":63,"enemies":"Slime Boss","floor":16,"turns":11}],"seed_played":"-8967138477301696576","potions_obtained":[{"floor":6.0,"key":"Block Potion"},{"floor":7.0,"key":"BlessingOfTheForge"},{"floor":12.0,"key":"Regen Potion"}],"is_trial":false,"path_per_floor":["M","$","M","M","$","E","M","R","T","?","M","E","R","?","R","B"],"character_chosen":"THE_SILENT","items_purchased":["Dagger Throw","Caltrops"],"campfire_rested":3,"item_purchase_floors":[2,5],"current_hp_per_floor":[59,59,59,59,59,23,22,41,41,46,29,5,26,26,47,0,0],"gold":128,"neow_bonus":"THREE_ENEMY_KILL","is_daily":false,"chose_seed":false,"campfire_upgraded":0,"win_rate":0.0,"timestamp":1610623230,"path_taken":["M","$","?","M","$","E","M","R","T","?","M","E","R","?","R","BOSS"],"items_purchased_type":["Card","Card"],"build_version":"2020-12-22","purchased_purges":0,"victory":false,"max_hp_per_floor":[66,66,66,66,66,66,66,66,66,71,71,71,71,71,71,71,71],"relic_stats":{"counters":[8,41],"Snake Skull":[5],"War Paint":["Survivor","Defend_G"],"Boot":[7],"obtain_stats":[{"NeowsBlessing":0,"Snake Skull":6,"War Paint":9,"Boot":12,"Ring of the Snake":0},{"NeowsBlessing":0,"Snake Skull":4,"War Paint":5,"Boot":7,"Ring of the Snake":0},{"NeowsBlessing":0,"Snake Skull":13,"War Paint":17,"Boot":30,"Ring of the Snake":0}],"Ring of the Snake":[16]},"card_choices":[{"not_picked":["Underhanded Strike","Outmaneuver"],"picked":"Dash","floor":1.0},{"not_picked":["Outmaneuver","Riddle With Holes"],"picked":"Deflect","floor":3.0},{"not_picked":["Riddle With Holes","Distraction","Prepared"],"picked":"SKIP","floor":4.0},{"not_picked":["Terror","Unload"],"picked":"Slice","floor":6.0},{"not_picked":["Dodge and Roll","Outmaneuver"],"picked":"PiercingWail","floor":7.0},{"not_picked":["Slice","Deflect"],"picked":"Poisoned Stab","floor":11.0},{"not_picked":["Caltrops","Dodge and Roll"],"picked":"Outmaneuver","floor":12.0}],"player_experience":2068000,"relics_obtained":[{"floor":6.0,"key":"Snake Skull"},{"floor":9.0,"key":"War Paint"},{"floor":12.0,"key":"Boot"}],"event_choices":[{"damage_healed":0.0,"max_hp_gain":5.0,"max_hp_loss":0.0,"gold_gain":0.0,"event_name":"Big Fish","player_choice":"Donut","floor":10.0,"gold_loss":0.0,"damage_taken":0.0},{"damage_healed":0,"gold_gain":0,"player_choice":"Fled","damage_taken":0,"max_hp_gain":0,"max_hp_loss":0,"event_name":"Scrap Ooze","floor":14,"gold_loss":0}],"is_beta":false,"boss_relics":[],"items_purged_floors":[],"is_endless":false,"potions_floor_spawned":[6,7,12],"killed_by":"Slime Boss","ascension_level":20}}