{"host":"ya062ahhhuj9au1o","time":1610661889,"event":{"mods":["BaseMod","Better Third Choice","Downfall","Filter the Spire","Hermit","Minty Spire (QoL Compilation)","Random Character Button","Robot Space Explorer","Somnambulant","StSLib","The Bug Knight","The Cursed","The Marked","The Servant 0.9.4"],"gold_per_floor":[118,129,145,220,73,73,89,89,158,158,158],"floor_reached":10,"language":"ENG","playtime":389,"items_purged":[],"score":90,"play_id":"0957d6d1-d25e-4665-a0ac-1396010ae79c","local_time":"20210114170449","is_ascension_mode":true,"campfire_choices":[{"data":"somnambulantmod: QuickNap","floor":6,"key":"SMITH"}],"circlet_count":0,"master_deck":["AscendersBane","somnambulantmod: SomnambulantStrike","somnambulantmod: SomnambulantStrike","somnambulantmod: SomnambulantStrike","somnambulantmod: SomnambulantStrike","somnambulantmod: Defend_Somnambulant","somnambulantmod: Defend_Somnambulant","somnambulantmod: Defend_Somnambulant","somnambulantmod: QuickNap+1","somnambulantmod: PrimingPunch","somnambulantmod: TrepanningBlow+1","somnambulantmod: RecurringDream+1","somnambulantmod: Blink"],"relics":["somnambulantmod: DreamJournal","Whetstone","StrikeDummy"],"acts_visited":["Exordium"],"potions_floor_usage":[10],"damage_taken":[{"damage":1.0,"enemies":"2 Louse","floor":1.0,"turns":3.0},{"damage":0.0,"enemies":"Cultist","floor":2.0,"turns":3.0},{"damage":14.0,"enemies":"Jaw Worm","floor":3.0,"turns":3.0},{"damage":6,"enemies":"Looter","floor":7,"turns":2},{"damage":35,"enemies":"Lagavulin","floor":10,"turns":5}],"seed_played":"-9142814611494773945","potions_obtained":[{"floor":1.0,"key":"DistilledChaos"}],"is_trial":false,"path_per_floor":["M","M","M","?","$","R","M","?","T","E"],"character_chosen":"THE_SOMNAMBULANT","items_purchased":["Whetstone"],"campfire_rested":0,"item_purchase_floors":[5],"current_hp_per_floor":[62,62,48,42,42,42,36,29,29,0,0],"gold":158,"neow_bonus":"REMOVE_TWO","is_daily":false,"chose_seed":false,"campfire_upgraded":1,"win_rate":0.0,"timestamp":1610661889,"path_taken":["M","M","M","?","?","R","M","?","T","E"],"items_purchased_type":["Relic"],"build_version":"2020-12-22","purchased_purges":0,"victory":false,"max_hp_per_floor":[63,63,63,63,63,63,63,63,63,63,63],"card_choices":[{"not_picked":["somnambulantmod: RecurringDream","somnambulantmod: Unmake"],"picked":"somnambulantmod: TrepanningBlow","floor":1.0},{"not_picked":["somnambulantmod: MuscleMemory","somnambulantmod: Repression"],"picked":"somnambulantmod: RecurringDream","floor":2.0},{"not_picked":["somnambulantmod: Repression","somnambulantmod: Unmake"],"picked":"somnambulantmod: Blink","floor":3.0},{"not_picked":["somnambulantmod: Bruise","somnambulantmod: MindWave","somnambulantmod: SleepParalysis"],"picked":"SKIP","floor":7}],"player_experience":1800642,"relics_obtained":[{"floor":9,"key":"StrikeDummy"}],"event_choices":[{"damage_healed":0,"gold_gain":75,"player_choice":"Touch","damage_taken":6,"max_hp_gain":0,"max_hp_loss":0,"event_name":"FaceTrader","floor":4,"gold_loss":0},{"cards_removed":["somnambulantmod: Defend_Somnambulant"],"damage_healed":0,"gold_gain":0,"player_choice":"Card Removal","damage_taken":7,"max_hp_gain":0,"max_hp_loss":0,"event_name":"Golden Wing","floor":8,"gold_loss":0}],"is_beta":false,"boss_relics":[],"items_purged_floors":[],"is_endless":false,"potions_floor_spawned":[1],"killed_by":"Lagavulin","ascension_level":11}}