{"host":"i58uscbei3sy5089","time":1610638320,"event":{"mods":["ATMod(°¢èªMod)","Act Like it!","Aspiration","BaseMod","Challenge The Spire","Colored Powertips","Conspire","Downfall","Infinite Spire","Koishi","Lobotomy","LobotomyExtend","Minty Spire (QoL Compilation)","MostiFishMod","Prisma Mod","Quick Restart","Replay The Spire","Shop Mod","Spicy Shops","StSLib","TestMod","The Construct","The Marked","UnlockEverythingMod","[IsaacMod]ÒÔÈö¼âËþ","vexMod","¡¾¹¦ÄÜMod¡¿»ìãçÖ®»·ÐÞ¸´²¹¶¡","¡¾ÒÅÎï¿¨ÅÆ¡¿REMEMod","óô»ðÖ¸ÄÏ"],"gold_per_floor":[99,110,120,131,131,157,157,157,157,157,82,82,101,133,175,271,271,271,311,328,342,186,196,243,328,378,393,404,424,349,366,378,473,473,398,416,816,855,363,408,481,492,492,73,73,87,32,32,32,32],"floor_reached":48,"language":"ZHS","playtime":2740,"items_purged":["Slimebound:Strike_Slimebound","Slimebound:Strike_Slimebound","Slimebound:Tackle","Slimebound:Strike_Slimebound","Slimebound:RallyTheTroops","Slimebound:LivingWall+1","Slimebound:Split","BettingIsNotGood+1"],"score":565,"play_id":"25a1431b-2443-4f6d-b7b5-b0819aa8f8ee","local_time":"20210114233200","is_ascension_mode":false,"campfire_choices":[{"data":"AT_BodySlamDance","floor":1.0,"key":"SMITH"},{"data":"BettingIsNotGood","floor":8.0,"key":"SMITH"},{"data":"Slimebound:Replication","floor":10.0,"key":"SMITH"},{"data":"Slimebound:LivingWall","floor":12,"key":"SMITH"},{"data":"Slimebound:Split","floor":18,"key":"SMITH"},{"floor":30,"key":"RECALL"},{"data":"Slimebound:LeadByExample","floor":35,"key":"SMITH"},{"data":"Slimebound:Defend_Slimebound","floor":43,"key":"SMITH"}],"circlet_count":0,"master_deck":["Slimebound:Defend_Slimebound","Slimebound:Defend_Slimebound","Slimebound:Defend_Slimebound","Slimebound:Defend_Slimebound+1","Slimebound:Split+1","AT_BodySlamDance+1","Slimebound:Replication+1","Slimebound:SplitLeeching+1","Slimebound:LeadByExample+1","Slimebound:SlimeSpikes+1","testmod-VirtualReality+1","Slimebound:DuplicatedForm+1"],"relics":["testmod-TestBox","HushsDoor","DaveBox","AT_ATBox","MetatronsCube","testmod-CrystalShield","LetterFromLob","Replay:Bottled Flurry","m_BurningSludge","MerchantsRug","Quantum Egg","testmod-Temperance","downfall:HeartBlessingGreen","testmod-BatchProcessingSystem","downfall:HeartBlessingRed","BrkXgEgg","conspire:BottledYoYo","m_IronCrown","testmod-MagicalMallet","testmod-AssaultLearning"],"acts_visited":["Exordium","TheCity","TheBeyond"],"potions_floor_usage":[11,38],"damage_taken":[{"damage":0.0,"enemies":"Cultist","floor":2.0,"turns":2.0},{"damage":9.0,"enemies":"2 Louse","floor":3.0,"turns":2.0},{"damage":0.0,"enemies":"Small Slimes","floor":4.0,"turns":3.0},{"damage":13.0,"enemies":"Exordium Wildlife","floor":6.0,"turns":3.0},{"damage":4,"enemies":"downfall:FleeingMerchant","floor":11,"turns":4},{"damage":12,"enemies":"3 Louse","floor":13,"turns":3},{"damage":13,"enemies":"Gremlin Nob","floor":14,"turns":2},{"damage":11,"enemies":"Red Slaver","floor":15,"turns":2},{"damage":8,"enemies":"downfall:Silent","floor":16,"turns":5},{"damage":12,"enemies":"Spheric Guardian","floor":19,"turns":2},{"damage":12,"enemies":"conspire:FuzzyDice","floor":20,"turns":2},{"damage":12,"enemies":"Shelled Parasite and Fungi","floor":21,"turns":4},{"damage":16,"enemies":"3 Cultists","floor":23,"turns":2},{"damage":16,"enemies":"conspire:HollyBat","floor":27,"turns":5},{"damage":16,"enemies":"Snake Plant","floor":28,"turns":2},{"damage":16,"enemies":"Centurion and Healer","floor":29,"turns":2},{"damage":12,"enemies":"3 Cultists","floor":31,"turns":2},{"damage":12,"enemies":"Chosen and Byrds","floor":32,"turns":3},{"damage":4,"enemies":"downfall:Watcher","floor":33,"turns":5},{"damage":10,"enemies":"3 Shapes","floor":36,"turns":2},{"damage":24,"enemies":"3 Darklings","floor":38,"turns":4},{"damage":8,"enemies":"Writhing Mass","floor":40,"turns":4},{"damage":0,"enemies":"Jaw Worm Horde","floor":42,"turns":1},{"damage":4,"enemies":"Sphere and 2 Shapes","floor":46,"turns":1},{"damage":75,"enemies":"Reptomancer","floor":48,"turns":2}],"seed_played":"5179091331890261670","potions_obtained":[{"floor":3.0,"key":"Swift Potion"},{"floor":4.0,"key":"Fire Potion"},{"floor":16,"key":"Dexterity Potion"},{"floor":19,"key":"Fire Potion"},{"floor":20,"key":"Elixir"},{"floor":23,"key":"Dexterity Potion"},{"floor":31,"key":"champ:CounterPotion"},{"floor":38,"key":"Fruit Juice"},{"floor":40,"key":"testmod-TestPotion"}],"is_trial":false,"path_per_floor":["R","M","M","M","T","M","T","R","?","R","$","R","M","E","M","B",null,"R","M","M","M","$","M","T","?","?","M","M","M","R","M","M","B",null,"R","M","?","M","$","M","T","M","R","$","AVR","M","R","E"],"character_chosen":"SLIMEBOUND","items_purchased":["MerchantsRug","Quantum Egg","BrkXgEgg","testmod-VirtualReality+1","aspiration:Nostalgia","testmod-MagicalMallet"],"campfire_rested":0,"item_purchase_floors":[11,11,39,39,44,44],"current_hp_per_floor":[66,66,65,66,66,66,66,66,66,66,66,66,66,59,60,66,66,66,66,66,66,66,66,66,54,39,65,66,66,66,66,66,66,66,66,62,62,65,65,69,69,69,69,69,69,71,71,0,0,0],"gold":32,"neow_bonus":"TEN_PERCENT_HP_BONUS","is_daily":false,"chose_seed":false,"campfire_upgraded":7,"win_rate":0.0,"timestamp":1610638320,"path_taken":["R","M","M","M","?","?","T","R","?","R","$","R","M","E","M","BOSS","R","M","M","M","$","M","T","?","?","M","M","M","R","M","M","BOSS","R","M","?","M","?","?","T","M","R","?","AVR","M","R","E"],"items_purchased_type":["Relic","Relic","Relic","Card","Relic","Relic"],"build_version":"2020-12-22","purchased_purges":8,"victory":false,"max_hp_per_floor":[66,66,66,66,66,66,66,66,66,66,66,66,66,66,66,66,66,66,66,66,66,66,66,66,66,66,66,66,66,66,66,66,66,66,66,66,66,71,71,71,71,71,71,71,71,71,71,71,71,71],"card_choices":[{"not_picked":[],"picked":"BettingIsNotGood","floor":0.0},{"not_picked":["Slimebound:FormOfPuddle","Slimebound:Schlurp","Slimebound:PrepareCrush"],"picked":"SKIP","floor":2.0},{"not_picked":["Slimebound:BestDefense","Slimebound:ViciousTackle"],"picked":"Slimebound:LivingWall","floor":3.0},{"not_picked":["Slimebound:Chomp","Slimebound:ViciousTackle","Slimebound:ComboTackle"],"picked":"SKIP","floor":4.0},{"not_picked":["Slimebound:LeechingTouch","Slimebound:PressTheAttack"],"picked":"Slimebound:Replication","floor":6.0},{"not_picked":["Slimebound:SplitLeeching","Slimebound:ComboTackle","Slimebound:SplitMire"],"picked":"SKIP","floor":11},{"not_picked":["Slimebound:SlimeTap","Slimebound:GoopSpray","Slimebound:OneTwoCombo"],"picked":"SKIP","floor":13},{"not_picked":["Slimebound:GrowthPunch","Slimebound:Nibble","Slimebound:PressTheAttack"],"picked":"SKIP","floor":14},{"not_picked":["Sword Boomerang","Slimebound:SplitAcid","Slimebound:LeechEnergy"],"picked":"SKIP","floor":15},{"not_picked":["Slimebound:SelfFormingGoo","Slimebound:CheckThePlaybook"],"picked":"Slimebound:RallyTheTroops","floor":16},{"not_picked":["Slimebound:AcidTongue","Slimebound:SamplingLick","Slimebound:SplitAcid"],"picked":"SKIP","floor":19},{"not_picked":["Slimebound:RollThrough+1","Slimebound:SplitBruiser","Slimebound:MegaLick"],"picked":"SKIP","floor":20},{"not_picked":["Slimebound:SplitAcid","Slimebound:ComboTackle+1"],"picked":"Slimebound:SplitLeeching+1","floor":21},{"not_picked":["Slimebound:LeechingTouch","Slimebound:RollThrough","Slimebound:GrowthPunch"],"picked":"SKIP","floor":23},{"not_picked":["Slimebound:Repurpose","Slimebound:ViciousTackle","Slimebound:PressTheAttack"],"picked":"SKIP","floor":27},{"not_picked":["Slimebound:ViciousTackle","Slimebound:GoopTackle+1"],"picked":"Slimebound:LeadByExample","floor":28},{"not_picked":["Slimebound:SplitMire+1","Slimebound:PrepareCrush"],"picked":"Slimebound:SlimeSpikes+1","floor":29},{"not_picked":["Slimebound:Equalize","Slimebound:SlimeBrawl"],"picked":"Slimebound:LevelUp","floor":31},{"not_picked":["Slimebound:ViciousTackle","Slimebound:RainOfGoop","Slimebound:BestDefense+1"],"picked":"SKIP","floor":32},{"not_picked":["Slimebound:Schlurp","Slimebound:LeechEnergy","Slimebound:SplitAcid"],"picked":"SKIP","floor":36},{"not_picked":["Slimebound:SamplingLick","Slimebound:RollThrough+1","Slimebound:SlimeSpikes"],"picked":"SKIP","floor":38},{"not_picked":["Slimebound:RainOfGoop","Slimebound:FinishingTackle+1"],"picked":"Slimebound:DuplicatedForm+1","floor":40},{"not_picked":["Slimebound:Prepare+1","Slimebound:ProtectTheBoss+1","Slimebound:Grow"],"picked":"SKIP","floor":42},{"not_picked":["ReplayTheSpireMod:Muscle Training+1","Slimebound:LevelUp+1","Slimebound:Chomp+1"],"picked":"SKIP","floor":46}],"player_experience":719146,"relics_obtained":[{"floor":2.0,"key":"LetterFromLob"},{"floor":5.0,"key":"Replay:Bottled Flurry"},{"floor":7.0,"key":"Darkstone Periapt"},{"floor":14,"key":"Void"},{"floor":24,"key":"Nunchaku"},{"floor":41,"key":"conspire:BottledYoYo"}],"event_choices":[{"damage_healed":0,"gold_gain":400,"player_choice":"Sell","damage_taken":0,"max_hp_gain":0,"max_hp_loss":0,"event_name":"¶÷ÂåË¹µÄÅÌ×Ó","floor":37,"relics_lost":["REME_ComplimentaryCards"],"gold_loss":0}],"is_beta":false,"boss_relics":[{"not_picked":["Replay:Grab Bag","aspiration:PoetsPen_weak"],"picked":"testmod-Temperance"},{"not_picked":[]},{"not_picked":["NightmareShop","Abe\u0027s Treasure"],"picked":"testmod-BatchProcessingSystem"},{"not_picked":[]}],"items_purged_floors":[11,11,22,22,39,44,45,47],"is_endless":false,"potions_floor_spawned":[3,4,16,19,20,23,31,38,40],"killed_by":"Reptomancer","ascension_level":0}}