{"host":"ELF","time":1610636650,"event":{"mods":["BaseMod","Minty Spire (QoL Compilation)"],"gold_per_floor":[117,117,34,48,58,58,93,93,93,158,186,166,166,166],"floor_reached":13,"language":"ENG","playtime":399,"items_purged":[],"score":182,"play_id":"0f205982-9898-48b1-bc35-976e4c3ea966","local_time":"20210114090410","is_ascension_mode":true,"campfire_choices":[{"data":"Bouncing Flask","floor":6,"key":"SMITH"},{"floor":8,"key":"REST"}],"circlet_count":0,"master_deck":["AscendersBane","Strike_G","Strike_G","Strike_G","Strike_G","Defend_G","Defend_G","Defend_G","Defend_G","Defend_G","Survivor","Neutralize","Deadly Poison","Deflect","Bouncing Flask+1","Riddle With Holes","Footwork","Leg Sweep","Bouncing Flask","Deadly Poison"],"relics":["Ring of the Snake","NeowsBlessing","Incense Burner","Question Card","PreservedInsect","Pen Nib"],"acts_visited":["Exordium"],"potions_floor_usage":[10,13,13],"damage_taken":[{"damage":0,"enemies":"Jaw Worm","floor":1,"turns":1},{"damage":0,"enemies":"Cultist","floor":4,"turns":1},{"damage":0,"enemies":"2 Louse","floor":5,"turns":1},{"damage":37,"enemies":"3 Sentries","floor":7,"turns":11},{"damage":21,"enemies":"Gremlin Nob","floor":10,"turns":4},{"damage":1,"enemies":"Gremlin Nob","floor":11,"turns":3},{"damage":28,"enemies":"3 Sentries","floor":13,"turns":4}],"seed_played":"-4196948469211179190","potions_obtained":[{"floor":4,"key":"Fruit Juice"},{"floor":5,"key":"Energy Potion"},{"floor":11,"key":"Swift Potion"},{"floor":12,"key":"SneckoOil"}],"is_trial":false,"path_per_floor":["M","?","$","M","M","R","E","R","T","?","E","?","E"],"character_chosen":"THE_SILENT","items_purchased":["Bouncing Flask"],"campfire_rested":1,"item_purchase_floors":[3],"current_hp_per_floor":[59,59,59,59,59,59,22,41,41,20,19,19,0,0],"gold":166,"neow_bonus":"THREE_ENEMY_KILL","is_daily":false,"chose_seed":false,"campfire_upgraded":1,"win_rate":0.0,"timestamp":1610636650,"path_taken":["M","?","$","M","?","R","E","R","T","?","E","?","E"],"items_purchased_type":["Card"],"build_version":"2020-12-18","purchased_purges":0,"victory":false,"max_hp_per_floor":[66,66,66,66,66,66,66,66,66,66,66,66,71,71],"card_choices":[{"not_picked":["Dodge and Roll","Eviscerate"],"picked":"Deadly Poison","floor":1},{"not_picked":["Slice","Footwork"],"picked":"Riddle With Holes","floor":4},{"not_picked":["Deflect","Dagger Spray"],"picked":"Footwork","floor":5},{"not_picked":["Poisoned Stab","Acrobatics"],"picked":"Leg Sweep","floor":7},{"not_picked":["Sucker Punch","Masterful Stab","Expertise"],"picked":"Bouncing Flask","floor":10},{"not_picked":["Flechettes","Doppelganger","Distraction"],"picked":"Deadly Poison","floor":11}],"player_experience":3195862,"relics_obtained":[{"floor":7,"key":"Incense Burner"},{"floor":9,"key":"Question Card"},{"floor":10,"key":"PreservedInsect"},{"floor":11,"key":"Pen Nib"}],"event_choices":[{"damage_healed":0,"gold_gain":0,"cards_transformed":["Strike_G"],"player_choice":"Transformed","damage_taken":0,"max_hp_gain":0,"max_hp_loss":0,"event_name":"Transmorgrifier","floor":2,"gold_loss":0,"cards_obtained":["Deflect"]},{"damage_healed":0,"gold_gain":0,"player_choice":"Searched \u00272\u0027 times","damage_taken":0,"max_hp_gain":0,"max_hp_loss":0,"event_name":"Dead Adventurer","floor":10,"gold_loss":0},{"damage_healed":0,"gold_gain":0,"player_choice":"Bought 1 Potion","damage_taken":0,"max_hp_gain":0,"max_hp_loss":0,"event_name":"The Woman in Blue","floor":12,"gold_loss":0}],"is_beta":true,"boss_relics":[],"items_purged_floors":[],"is_endless":false,"potions_floor_spawned":[4,5,11],"killed_by":"3 Sentries","ascension_level":20}}