{"host":"sc0o2qwpf9j16a4i","time":1610653692,"event":{"mods":["AchievementEnabler","BaseMod","BetterRewards","Block Reminder","Colored Map","Colored Powertips","Custom Start","Highlight Path","Minty Spire (QoL Compilation)","Relic Stats"],"gold_per_floor":[113,132,147,147,147,147,147],"floor_reached":6,"language":"ENG","playtime":221,"items_purged":[],"score":72,"play_id":"eb113213-e837-4d65-869f-447dec5c12f6","local_time":"20210114214812","is_ascension_mode":true,"campfire_choices":[],"circlet_count":0,"master_deck":["AscendersBane","Strike_P","Strike_P","Strike_P","Strike_P","Defend_P","Defend_P","Defend_P","Defend_P","Eruption","Vigilance","FlyingSleeves","CutThroughFate","Evaluate","FollowUp","LikeWater","EmptyMind","Scrawl","ClearTheMind"],"relics":["PureWater","Membership Card","Damaru","Potion Belt","Prayer Wheel","Golden Idol"],"acts_visited":["Exordium"],"potions_floor_usage":[6],"damage_taken":[{"damage":12,"enemies":"2 Louse","floor":1,"turns":2},{"damage":11,"enemies":"Jaw Worm","floor":2,"turns":4},{"damage":0,"enemies":"Cultist","floor":3,"turns":2},{"damage":18,"enemies":"3 Sentries","floor":6,"turns":7}],"seed_played":"6938189567291728510","potions_obtained":[{"floor":2,"key":"LiquidMemories"}],"is_trial":false,"path_per_floor":["M","M","M","?","?","E"],"character_chosen":"WATCHER","items_purchased":["Membership Card","Damaru","Potion Belt","Prayer Wheel","FlyingSleeves","CutThroughFate"],"campfire_rested":0,"item_purchase_floors":[0,0,0,0,0,0],"current_hp_per_floor":[23,12,12,12,12,0,0],"gold":147,"neow_bonus":"","is_daily":false,"chose_seed":false,"campfire_upgraded":0,"win_rate":0.0,"timestamp":1610653692,"path_taken":["M","M","M","?","?","E"],"items_purchased_type":["Relic","Relic","Relic","Relic","Card","Card"],"build_version":"2020-12-22","purchased_purges":0,"victory":false,"max_hp_per_floor":[68,68,68,62,62,62,62],"relic_stats":{"counters":[45,216],"Golden Idol":0,"Prayer Wheel":15,"obtain_stats":[{"Regal Pillow":7,"Singing Bowl":11,"Nilry\u0027s Codex":20,"Vajra":0,"Bag of Preparation":21,"TeardropLocket":23,"Pantograph":28,"MealTicket":14,"Prayer Wheel":0,"Potion Belt":28,"Lee\u0027s Waffle":22,"Golden Idol":4,"Oddly Smooth Stone":26,"Damaru":8,"The Courier":26,"MawBank":25,"Akabeko":9,"Busted Crown":17,"Snecko Eye":0,"HolyWater":17,"Membership Card":29,"PureWater":0,"StrikeDummy":9,"Toy Ornithopter":10,"Meat on the Bone":7},{"Regal Pillow":29,"Singing Bowl":17,"Nilry\u0027s Codex":22,"Vajra":26,"Bag of Preparation":36,"TeardropLocket":37,"Pantograph":24,"MealTicket":19,"Prayer Wheel":41,"Potion Belt":39,"Lee\u0027s Waffle":22,"Golden Idol":44,"Oddly Smooth Stone":23,"Damaru":30,"The Courier":38,"MawBank":38,"Akabeko":30,"Busted Crown":20,"Snecko Eye":0,"HolyWater":34,"Membership Card":39,"PureWater":0,"StrikeDummy":15,"Toy Ornithopter":30,"Meat on the Bone":15},{"Regal Pillow":154,"Singing Bowl":84,"Nilry\u0027s Codex":115,"Vajra":145,"Bag of Preparation":183,"TeardropLocket":188,"Pantograph":127,"MealTicket":92,"Prayer Wheel":201,"Potion Belt":193,"Lee\u0027s Waffle":115,"Golden Idol":209,"Oddly Smooth Stone":120,"Damaru":158,"The Courier":190,"MawBank":190,"Akabeko":158,"Busted Crown":104,"Snecko Eye":0,"HolyWater":175,"Membership Card":193,"PureWater":0,"StrikeDummy":72,"Toy Ornithopter":158,"Meat on the Bone":72}]},"card_choices":[{"not_picked":["EmptyBody","Sanctity"],"picked":"Evaluate","floor":1},{"not_picked":["Crescendo","Pray"],"picked":"FollowUp","floor":1},{"not_picked":["Protect","PathToVictory"],"picked":"LikeWater","floor":2},{"not_picked":["EmptyMind","Consecrate","PathToVictory"],"picked":"SKIP","floor":2},{"not_picked":["Consecrate","PathToVictory"],"picked":"EmptyMind","floor":2},{"not_picked":["JustLucky","Nirvana"],"picked":"Scrawl","floor":3},{"not_picked":["ForeignInfluence","CarveReality"],"picked":"ClearTheMind","floor":3}],"player_experience":636438,"relics_obtained":[],"event_choices":[{"damage_healed":0,"gold_gain":0,"player_choice":"Lose Max HP","damage_taken":0,"relics_obtained":["Golden Idol"],"max_hp_gain":0,"max_hp_loss":6,"event_name":"Golden Idol","floor":4,"gold_loss":0},{"damage_healed":0,"gold_gain":0,"player_choice":"Ignored","damage_taken":0,"max_hp_gain":0,"max_hp_loss":0,"event_name":"Liars Game","floor":5,"gold_loss":0}],"is_beta":false,"boss_relics":[],"items_purged_floors":[],"is_endless":false,"potions_floor_spawned":[2],"killed_by":"3 Sentries","ascension_level":20}}