{"host":"jn2qdns2nxijvlnt","time":1610664115,"event":{"mods":["BaseMod","Minty Spire (QoL Compilation)","Quick Restart"],"gold_per_floor":[109,124,199,6,6,38,38,38,117,146,165,165,165,165,165,261,261,278,290,21,21,31,42,75,75,75,109,31,47,47,146,146,241,241,257,257,312,329,329,329,363,383,383,28,43,58,76,95,95,95],"floor_reached":51,"language":"ENG","playtime":3059,"items_purged":["Clumsy"],"score":1006,"play_id":"b5a83506-8c90-418a-9ab5-2c2509a0d683","local_time":"20210114174155","is_ascension_mode":true,"campfire_choices":[{"data":"Noxious Fumes","floor":12.0,"key":"SMITH"},{"data":"Catalyst","floor":15.0,"key":"SMITH"},{"floor":25.0,"key":"REST"},{"floor":30.0,"key":"REST"},{"floor":32.0,"key":"REST"},{"floor":40.0,"key":"REST"},{"floor":49,"key":"REST"}],"circlet_count":0,"master_deck":["Strike_G+1","Strike_G","Strike_G","Strike_G","Defend_G","Defend_G+1","Defend_G","Defend_G+1","Defend_G","Survivor","Neutralize","Noxious Fumes+1","Catalyst+1","Catalyst","Masterful Stab","Dagger Spray","Envenom","Deflect+1","Noxious Fumes+1","Catalyst","Backflip","Leg Sweep+1","Deadly Poison+1","Poisoned Stab","Venomology+1","Deadly Poison+1","Good Instincts+1","Bouncing Flask+1","Deadly Poison+1"],"relics":["Ring of the Snake","Blood Vial","Oddly Smooth Stone","Letter Opener","Whetstone","War Paint","Busted Crown","Membership Card","Bottled Lightning","Vajra","Toxic Egg 2","Nunchaku","Cursed Key","Lizard Tail","Frozen Egg 2","Kunai","Bottled Tornado","Cauldron","Anchor"],"acts_visited":["Exordium","TheCity","TheBeyond"],"potions_floor_usage":[48,50,50,50,50],"damage_taken":[{"damage":2.0,"enemies":"Small Slimes","floor":1.0,"turns":5.0},{"damage":1.0,"enemies":"Cultist","floor":2.0,"turns":3.0},{"damage":18.0,"enemies":"Gremlin Nob","floor":6.0,"turns":3.0},{"damage":14.0,"enemies":"Lagavulin","floor":10.0,"turns":8.0},{"damage":0.0,"enemies":"2 Louse","floor":11.0,"turns":2.0},{"damage":0.0,"enemies":"Large Slime","floor":13.0,"turns":1.0},{"damage":19.0,"enemies":"The Guardian","floor":16.0,"turns":8.0},{"damage":14.0,"enemies":"Shell Parasite","floor":18.0,"turns":6.0},{"damage":7.0,"enemies":"2 Thieves","floor":19.0,"turns":4.0},{"damage":12.0,"enemies":"Centurion and Healer","floor":22.0,"turns":5.0},{"damage":6.0,"enemies":"Snake Plant","floor":23.0,"turns":3.0},{"damage":20.0,"enemies":"Book of Stabbing","floor":24.0,"turns":5.0},{"damage":31.0,"enemies":"Slavers","floor":27.0,"turns":4.0},{"damage":1.0,"enemies":"Snecko","floor":29.0,"turns":3.0},{"damage":7.0,"enemies":"Automaton","floor":33.0,"turns":6.0},{"damage":0.0,"enemies":"3 Shapes","floor":35.0,"turns":6.0},{"damage":61.0,"enemies":"2 Orb Walkers","floor":37.0,"turns":5.0},{"damage":0.0,"enemies":"3 Darklings","floor":38.0,"turns":4.0},{"damage":0.0,"enemies":"Giant Head","floor":41.0,"turns":4.0},{"damage":32.0,"enemies":"Writhing Mass","floor":42.0,"turns":4.0},{"damage":4.0,"enemies":"Spire Growth","floor":45.0,"turns":4.0},{"damage":0.0,"enemies":"Sphere and 2 Shapes","floor":46.0,"turns":5.0},{"damage":0.0,"enemies":"Maw","floor":47.0,"turns":4.0},{"damage":13,"enemies":"4 Shapes","floor":48,"turns":4},{"damage":47,"enemies":"Time Eater","floor":50,"turns":6}],"seed_played":"5206622876208182043","potions_obtained":[{"floor":1.0,"key":"AttackPotion"},{"floor":2.0,"key":"Poison Potion"},{"floor":6.0,"key":"SmokeBomb"},{"floor":11.0,"key":"Regen Potion"},{"floor":18.0,"key":"Fire Potion"},{"floor":23.0,"key":"LiquidBronze"},{"floor":27.0,"key":"Dexterity Potion"},{"floor":29.0,"key":"SteroidPotion"},{"floor":33.0,"key":"Strength Potion"},{"floor":37.0,"key":"Energy Potion"},{"floor":41.0,"key":"Poison Potion"},{"floor":44.0,"key":"CultistPotion"},{"floor":44.0,"key":"Ancient Potion"},{"floor":44.0,"key":"Fire Potion"},{"floor":45.0,"key":"Regen Potion"},{"floor":46.0,"key":"PowerPotion"}],"is_trial":false,"path_per_floor":["M","M","?","$","?","E","$","?","T","E","M","R","M","?","R","B",null,"M","M","$","?","M","M","E","R","T","E","$","M","R","?","R","B",null,"M","?","?","M","?","R","E","M","T","$","M","M","M","M","R","B",null],"character_chosen":"THE_SILENT","items_purchased":["Catalyst","Blood Vial","Membership Card","Bottled Lightning","Deadly Poison+1","BlessingOfTheForge","Fire Potion","Bottled Tornado","Cauldron","Anchor","Good Instincts+1"],"campfire_rested":5,"item_purchase_floors":[4,4,20,20,28,28,28,44,44,44,44],"current_hp_per_floor":[68,67,60,60,60,44,44,77,77,63,65,65,67,64,64,62,73,61,56,56,56,46,42,24,47,47,18,18,19,42,42,65,60,73,75,75,16,18,18,41,43,13,13,13,11,28,30,19,42,38],"gold":95,"neow_bonus":"TEN_PERCENT_HP_BONUS","is_daily":false,"chose_seed":false,"campfire_upgraded":2,"win_rate":0.0,"timestamp":1610664115,"path_taken":["M","M","?","?","?","E","$","?","T","E","?","R","M","?","R","BOSS","M","M","$","?","?","M","E","R","T","E","$","M","R","?","R","BOSS","M","?","?","M","?","R","E","?","T","$","M","?","M","M","R","BOSS"],"items_purchased_type":["Card","Relic","Relic","Relic","Card","Potion","Potion","Relic","Relic","Relic","Card"],"build_version":"2020-12-22","purchased_purges":1,"victory":true,"max_hp_per_floor":[77,77,77,77,77,77,77,77,77,77,77,77,77,77,77,77,77,77,77,77,77,77,77,77,77,77,77,77,77,77,77,77,77,77,77,77,77,77,77,77,77,77,77,77,77,77,77,77,77,77],"card_choices":[{"not_picked":["Masterful Stab","Deflect"],"picked":"Noxious Fumes","floor":1.0},{"not_picked":["Backstab","Backflip"],"picked":"Catalyst","floor":2.0},{"not_picked":["Predator","Dodge and Roll","Reflex"],"picked":"SKIP","floor":6.0},{"not_picked":["Dagger Throw","Reflex"],"picked":"Masterful Stab","floor":10.0},{"not_picked":["Well Laid Plans","Outmaneuver"],"picked":"Dagger Spray","floor":11.0},{"not_picked":["A Thousand Cuts","Corpse Explosion"],"picked":"Envenom","floor":16.0},{"not_picked":["Cloak And Dagger"],"picked":"SKIP","floor":18.0},{"not_picked":[],"picked":"Deflect+1","floor":19.0},{"not_picked":[],"picked":"Catalyst","floor":22.0},{"not_picked":[],"picked":"Backflip","floor":23.0},{"not_picked":[],"picked":"Leg Sweep+1","floor":24.0},{"not_picked":["Escape Plan+1"],"picked":"SKIP","floor":27.0},{"not_picked":[],"picked":"Poisoned Stab","floor":29.0},{"not_picked":[],"picked":"Venomology+1","floor":33.0},{"not_picked":[],"picked":"Deadly Poison+1","floor":35.0},{"not_picked":["Leg Sweep+1"],"picked":"SKIP","floor":38.0},{"not_picked":["Outmaneuver+1"],"picked":"SKIP","floor":41.0},{"not_picked":["Endless Agony+1"],"picked":"SKIP","floor":42.0},{"not_picked":[],"picked":"Bouncing Flask+1","floor":45.0},{"not_picked":["Dash"],"picked":"SKIP","floor":46.0},{"not_picked":[],"picked":"Deadly Poison+1","floor":47.0},{"not_picked":["Outmaneuver+1"],"picked":"SKIP","floor":48},{"not_picked":["Outmaneuver+1"],"picked":"SKIP","floor":48}],"player_experience":520997,"relics_obtained":[{"floor":6.0,"key":"Oddly Smooth Stone"},{"floor":9.0,"key":"Letter Opener"},{"floor":10.0,"key":"Whetstone"},{"floor":24.0,"key":"Vajra"},{"floor":26.0,"key":"Toxic Egg 2"},{"floor":27.0,"key":"Nunchaku"},{"floor":37.0,"key":"Lizard Tail"},{"floor":41.0,"key":"Frozen Egg 2"},{"floor":43.0,"key":"Kunai"}],"event_choices":[{"damage_healed":0.0,"max_hp_gain":0.0,"max_hp_loss":0.0,"gold_gain":75.0,"event_name":"FaceTrader","player_choice":"Touch","floor":3.0,"gold_loss":0.0,"damage_taken":7.0},{"damage_healed":0.0,"max_hp_gain":0.0,"max_hp_loss":0.0,"gold_gain":0.0,"event_name":"Golden Wing","player_choice":"Ignored","floor":5.0,"gold_loss":0.0,"damage_taken":0.0},{"damage_healed":33.0,"max_hp_gain":0.0,"max_hp_loss":0.0,"gold_gain":0.0,"event_name":"Wheel of Change","player_choice":"Full Heal","floor":8.0,"gold_loss":0.0,"damage_taken":0.0},{"damage_healed":0.0,"max_hp_gain":0.0,"max_hp_loss":0.0,"gold_gain":0.0,"event_name":"Scrap Ooze","player_choice":"Success","floor":14.0,"gold_loss":0.0,"damage_taken":3.0,"relics_obtained":["War Paint"]},{"damage_healed":0.0,"max_hp_gain":0.0,"max_hp_loss":0.0,"gold_gain":0.0,"event_name":"Duplicator","player_choice":"Copied","floor":21.0,"gold_loss":0.0,"damage_taken":0.0,"cards_obtained":["Noxious Fumes"]},{"damage_healed":0.0,"max_hp_gain":0.0,"max_hp_loss":0.0,"gold_gain":99.0,"event_name":"Nest","player_choice":"Stole From Cult","floor":31.0,"gold_loss":0.0,"damage_taken":0.0},{"cards_removed":["Strike_G"],"damage_healed":0.0,"max_hp_gain":0.0,"max_hp_loss":0.0,"gold_gain":0.0,"event_name":"Falling","player_choice":"Removed Attack","floor":36.0,"gold_loss":0.0,"damage_taken":0.0},{"damage_healed":0.0,"max_hp_gain":0.0,"max_hp_loss":0.0,"gold_gain":0.0,"event_name":"Mysterious Sphere","player_choice":"Fight","floor":37.0,"gold_loss":0.0,"damage_taken":0.0},{"damage_healed":0.0,"max_hp_gain":0.0,"max_hp_loss":0.0,"gold_gain":0.0,"event_name":"Purifier","player_choice":"Ignored","floor":39.0,"gold_loss":0.0,"damage_taken":0.0}],"is_beta":false,"boss_relics":[{"not_picked":["SacredBark","Runic Pyramid"],"picked":"Busted Crown"},{"not_picked":["Philosopher\u0027s Stone","Snecko Eye"],"picked":"Cursed Key"}],"items_purged_floors":[44],"is_endless":false,"potions_floor_spawned":[1,2,6,11,18,23,27,29,33,37,41,45,46,47],"ascension_level":7}}