{"host":"vyjryxuuuxkt43k4","time":1610591958,"event":{"mods":["BaseMod","Colored Map","DeckTracker","Minty Spire (QoL Compilation)","Permanent Neow","Quick Restart","StSLib","SuperFastMode","everything is the same but u backflip on backflip"],"gold_per_floor":[16,16,35,49,60,86,86,115,151,163,190,221,246,272,284,395,407,436,464,114,124,39,68,68,68,68],"floor_reached":25,"language":"KOR","playtime":3237,"items_purged":["Hyperbeam"],"score":261,"play_id":"e63174d2-93c1-4496-902f-bb9e24d835c2","local_time":"20210114113918","is_ascension_mode":true,"campfire_choices":[{"floor":7,"key":"REST"},{"data":"Coolheaded","floor":10,"key":"SMITH"},{"floor":15,"key":"REST"},{"floor":24,"key":"REST"}],"circlet_count":0,"master_deck":["Zap+1","Dualcast+1","All For One","Coolheaded+1","Gash","Undo","Compile Driver+1","Go for the Eyes","Sweeping Beam","Rebound","Glacier","Ball Lightning","Go for the Eyes","Hyperbeam","Machine Learning","Fusion","Undo","Rainbow","Consume","BootSequence","White Noise"],"relics":["Cracked Core","War Paint","MawBank","Whetstone","Pandora\u0027s Box","Dead Branch","Juzu Bracelet","Bird Faced Urn"],"acts_visited":["Exordium","TheCity"],"potions_floor_usage":[6,16,16,23,25],"damage_taken":[{"damage":4.0,"enemies":"Cultist","floor":1.0,"turns":5.0},{"damage":12.0,"enemies":"2 Louse","floor":3.0,"turns":2.0},{"damage":7.0,"enemies":"Jaw Worm","floor":4.0,"turns":3.0},{"damage":4,"enemies":"Looter","floor":5,"turns":3},{"damage":38,"enemies":"Gremlin Nob","floor":6,"turns":4},{"damage":7,"enemies":"Lagavulin","floor":8,"turns":6},{"damage":0,"enemies":"Exordium Wildlife","floor":11,"turns":2},{"damage":8,"enemies":"Blue Slaver","floor":12,"turns":2},{"damage":6,"enemies":"Looter","floor":13,"turns":3},{"damage":0,"enemies":"Exordium Thugs","floor":14,"turns":3},{"damage":14,"enemies":"Hexaghost","floor":16,"turns":11},{"damage":22,"enemies":"2 Thieves","floor":18,"turns":4},{"damage":2,"enemies":"Chosen","floor":19,"turns":4},{"damage":34,"enemies":"Snake Plant","floor":21,"turns":5},{"damage":2,"enemies":"Book of Stabbing","floor":23,"turns":6},{"damage":44,"enemies":"Slavers","floor":25,"turns":3}],"seed_played":"-1031194606244043348","potions_obtained":[{"floor":1.0,"key":"AttackPotion"},{"floor":3.0,"key":"SpeedPotion"},{"floor":11,"key":"ColorlessPotion"},{"floor":12,"key":"SkillPotion"},{"floor":19,"key":"EssenceOfSteel"},{"floor":21,"key":"Swift Potion"}],"is_trial":false,"path_per_floor":["M","?","M","M","M","E","R","E","T","R","M","M","M","M","R","B",null,"M","M","$","M","?","E","R","E"],"character_chosen":"DEFECT","items_purchased":["Dead Branch"],"campfire_rested":3,"item_purchase_floors":[20],"current_hp_per_floor":[71,71,59,52,48,10,32,25,25,25,25,17,11,11,33,19,75,53,51,51,17,17,15,37,0,0],"gold":68,"neow_bonus":"THREE_RARE_CARDS","is_daily":false,"chose_seed":false,"campfire_upgraded":1,"win_rate":0.0,"timestamp":1610591958,"path_taken":["M","?","M","M","M","E","R","E","T","R","M","M","M","M","R","BOSS","M","M","$","?","?","E","R","E"],"items_purchased_type":["Relic"],"build_version":"2020-12-22","purchased_purges":1,"victory":false,"max_hp_per_floor":[75,75,75,75,75,75,75,75,75,75,75,75,75,75,75,75,75,75,75,75,75,75,75,75,75,75],"card_choices":[{"not_picked":["Reboot","Core Surge"],"picked":"All For One","floor":0.0},{"not_picked":["Lockon","Blizzard"],"picked":"Coolheaded","floor":1.0},{"not_picked":["Stack","Hologram"],"picked":"Gash","floor":3.0},{"not_picked":["Leap","Barrage"],"picked":"Undo","floor":4.0},{"not_picked":["Blizzard","Turbo"],"picked":"Compile Driver","floor":5},{"not_picked":["Skim","Sweeping Beam"],"picked":"Go for the Eyes","floor":6},{"not_picked":["Double Energy","Tempest"],"picked":"Sweeping Beam","floor":8},{"not_picked":["Darkness","Coolheaded"],"picked":"Rebound","floor":11},{"not_picked":["Force Field","Rebound","Recycle"],"picked":"SKIP","floor":12},{"not_picked":["BootSequence","Force Field"],"picked":"Glacier","floor":13},{"not_picked":["Beam Cell","Compile Driver"],"picked":"Ball Lightning","floor":14},{"not_picked":["Streamline","Turbo"],"picked":"BootSequence","floor":18},{"not_picked":["Ball Lightning","Storm"],"picked":"White Noise","floor":19},{"not_picked":["Rebound+1","Steam","Barrage"],"picked":"SKIP","floor":21},{"not_picked":["Streamline","Leap","Cold Snap"],"picked":"SKIP","floor":23}],"player_experience":265593,"relics_obtained":[{"floor":6,"key":"War Paint"},{"floor":8,"key":"MawBank"},{"floor":9,"key":"Whetstone"},{"floor":23,"key":"Bird Faced Urn"}],"event_choices":[{"damage_healed":0.0,"max_hp_gain":0.0,"max_hp_loss":0.0,"gold_gain":0.0,"event_name":"Upgrade Shrine","player_choice":"Upgraded","floor":2.0,"gold_loss":0.0,"damage_taken":0.0,"cards_upgraded":["Zap"]},{"damage_healed":0,"gold_gain":0,"player_choice":"Obtained Relic","damage_taken":0,"relics_obtained":["Juzu Bracelet"],"max_hp_gain":0,"max_hp_loss":0,"event_name":"Addict","floor":22,"gold_loss":85}],"is_beta":false,"boss_relics":[{"not_picked":["Cursed Key","Empty Cage"],"picked":"Pandora\u0027s Box"}],"items_purged_floors":[20],"is_endless":false,"potions_floor_spawned":[1,3,11,12,14,19,21],"killed_by":"Slavers","ascension_level":2}}