{"host":"npubv26u89aif4fa","time":1610592119,"event":{"mods":["Astrologer","BaseMod","Better Vampires","Better-Laid Plans","Colored Powertips","GifTheSpireLib","GungeonMod","HornydragonMod","Hubris","Jedi Mod","Minty Spire (QoL Compilation)","Quick Restart","Remilia（蕾米莉亚）","Replay The Spire","StSLib","Td1madao Mod","The Administrix","The Alterego","The Bug Knight","The Cursed","The Runesmith","Yuri Mod","残留之物"],"gold_per_floor":[116,116,116,140,140,140,164,182,208,248,273,273,294,394,394,517,517,535,549,549,573,598,598,598,598,623,638,661,661,685,699,699,828,828,852,290,310,323,338,338,358,373,373,404,404,404,520,520,520,520,520,520,44,44,44],"floor_reached":56,"language":"ZHS","playtime":3373,"items_purged":["ReplayTheSpireMod:Repulse","Strike_B+1","Dualcast"],"score":1212,"play_id":"a9c3e654-5660-4435-953c-68aa7b6e9e45","local_time":"20210114104159","is_ascension_mode":false,"campfire_choices":[{"data":"Genetic Algorithm","floor":6.0,"key":"SMITH"},{"floor":23.0,"key":"RECALL"},{"data":"Chaos","floor":25.0,"key":"SMITH"},{"data":"jedi:locknload","floor":29.0,"key":"SMITH"},{"data":"Defragment","floor":32.0,"key":"SMITH"},{"data":"Storm","floor":40.0,"key":"SMITH"},{"data":"Static Discharge","floor":46.0,"key":"SMITH"},{"data":"Loop","floor":49.0,"key":"SMITH"},{"data":"ReplayTheSpireMod:Calculation Training","floor":52.0,"key":"SMITH"}],"circlet_count":0,"master_deck":["Defend_B+1","Defend_B+1","Defend_B+1","Defend_B+1","Zap","Genetic Algorithm+1","jedi:blockon","hubris:Ukulele","Conserve Battery","Ball Lightning+1","Reboot","ReplayTheSpireMod:Calculation Training","Ball Lightning","ReplayTheSpireMod:Calculation Training+1","Loop+1","Chill","White Noise","Skim","Chaos+1","Ball Lightning+1","Steam","jedi:locknload+1","Static Discharge+1","BasicCrystalCard+1","Defragment+1","Core Surge","jedi:reiji+1","Storm+1","Conserve Battery","Barrage","Time Bomb","Defragment+1","Stack+1","Defragment+1","Heatsinks","Static Discharge","Seek","Core Surge","Replay:Bootleg Shield Generator","jedi:cleanse","jedi:BurstFrost+1"],"relics":["FrozenCore","NeowsBlessing","Golden Idol","hubris:Towel","ReplayTheSpireMod:TigerMarble","Replay:Bottled Flurry","Prayer Wheel","alterego_mod:SomeoneToFightFor","Inserter","Eternal Feather","Dream Catcher","hubris:TinFlute","Mango","hubris:Icosahedron","Oddly Smooth Stone","Happy Flower","Replay:Bottled Eggs","jedi:ominousloannote","Nunchaku","Runesmith:AutoHammer"],"acts_visited":[],"potions_floor_usage":[54,55,55,55],"damage_taken":[{"damage":0.0,"enemies":"Cultist","floor":1.0,"turns":1.0},{"damage":0.0,"enemies":"Small Slimes","floor":4.0,"turns":2.0},{"damage":0.0,"enemies":"2 Louse","floor":7.0,"turns":2.0},{"damage":21.0,"enemies":"Exordium Thugs","floor":8.0,"turns":6.0},{"damage":5.0,"enemies":"3 Sentries","floor":10.0,"turns":9.0},{"damage":2.0,"enemies":"Exordium Wildlife","floor":11.0,"turns":4.0},{"damage":0.0,"enemies":"Looter","floor":13.0,"turns":3.0},{"damage":2.0,"enemies":"Hexaghost","floor":16.0,"turns":8.0},{"damage":0.0,"enemies":"Spheric Guardian","floor":18.0,"turns":4.0},{"damage":5.0,"enemies":"Shell Parasite","floor":19.0,"turns":5.0},{"damage":13.0,"enemies":"Chosen and Byrds","floor":21.0,"turns":5.0},{"damage":0.0,"enemies":"Snecko","floor":22.0,"turns":4.0},{"damage":25.0,"enemies":"3 Cultists","floor":27.0,"turns":5.0},{"damage":0.0,"enemies":"Sentry and Sphere","floor":28.0,"turns":3.0},{"damage":9.0,"enemies":"Shelled Parasite and Fungi","floor":30.0,"turns":5.0},{"damage":9.0,"enemies":"3 Cultists","floor":31.0,"turns":4.0},{"damage":26.0,"enemies":"Collector","floor":33.0,"turns":7.0},{"damage":17.0,"enemies":"Orb Walker","floor":35.0,"turns":4.0},{"damage":15.0,"enemies":"3 Darklings","floor":37.0,"turns":3.0},{"damage":0.0,"enemies":"Sphere and 2 Shapes","floor":38.0,"turns":6.0},{"damage":11.0,"enemies":"Transient","floor":39.0,"turns":5.0},{"damage":0.0,"enemies":"Spire Growth","floor":41.0,"turns":4.0},{"damage":0.0,"enemies":"Sphere and 2 Shapes","floor":42.0,"turns":5.0},{"damage":15.0,"enemies":"Reptomancer","floor":44.0,"turns":6.0},{"damage":10.0,"enemies":"Transient","floor":47.0,"turns":5.0},{"damage":33.0,"enemies":"Awakened One","floor":50.0,"turns":7.0},{"damage":52,"enemies":"Shield and Spear","floor":54,"turns":5},{"damage":40,"enemies":"The Heart","floor":55,"turns":7}],"seed_played":"9114187178777236679","potions_obtained":[{"floor":1.0,"key":"SkillPotion"},{"floor":4.0,"key":"jedi:coolantleak"},{"floor":8.0,"key":"jedi:coolantleak"},{"floor":11.0,"key":"LiquidMemories"},{"floor":16.0,"key":"Elixir"},{"floor":18.0,"key":"FearPotion"},{"floor":19.0,"key":"SkillPotion"},{"floor":30.0,"key":"BlessingOfTheForge"},{"floor":37.0,"key":"Explosive Potion"},{"floor":41.0,"key":"jedi:StrikingPotion"},{"floor":42.0,"key":"Fruit Juice"},{"floor":54,"key":"Swift Potion"}],"is_trial":false,"path_per_floor":["M","?","?","M","?","R","M","M","T","E","M","?","M","?","R","B",null,"M","M","?","M","M","R","?","R","T","M","M","R","M","M","R","B",null,"M","$","M","M","M","R","M","M","T","E","?","R","M","$","R","B",null,"R","$","E","B",null],"character_chosen":"DEFECT","items_purchased":["Eternal Feather","Dream Catcher","Storm","Oddly Smooth Stone","Happy Flower","Replay:Bottled Eggs","Static Discharge","Seek","Languid Potion","jedi:coolantleak","jedi:ominousloannote","Core Surge","Replay:Bootleg Shield Generator","jedi:cleanse","Nunchaku"],"campfire_rested":0,"item_purchase_floors":[36,36,36,48,48,48,53,53,53,53,53,53,53,53,53],"current_hp_per_floor":[75,57,57,57,50,50,50,29,29,24,22,7,7,7,29,27,75,75,70,70,57,64,64,64,64,64,39,39,39,37,49,49,44,75,58,58,43,64,53,71,71,80,80,79,79,94,84,43,64,31,94,94,94,42,2],"gold":44,"neow_bonus":"THREE_ENEMY_KILL","is_daily":false,"chose_seed":false,"campfire_upgraded":8,"win_rate":0.0,"timestamp":1610592119,"path_taken":["M","?","?","M","?","R","M","M","T","E","M","?","M","?","R","BOSS","M","M","?","M","M","R","?","R","T","M","M","R","M","M","R","BOSS","M","$","M","M","M","R","M","M","T","E","?","R","M","?","R","BOSS","R","$","E","BOSS"],"items_purchased_type":["Relic","Relic","Card","Relic","Relic","Relic","Card","Card","Potion","Potion","Relic","Card","Card","Card","Relic"],"build_version":"2020-12-22","purchased_purges":3,"victory":true,"max_hp_per_floor":[75,75,75,75,75,75,75,75,75,75,75,75,75,75,75,75,75,75,75,75,75,75,75,75,75,75,75,75,75,75,75,75,75,75,75,75,75,75,75,75,75,80,80,94,94,94,94,94,94,94,94,94,94,94,94],"card_choices":[{"not_picked":["Double Energy","Turbo","Leap"],"picked":"SKIP","floor":1.0},{"not_picked":["Hyperbeam","jedi:blockon"],"picked":"Genetic Algorithm","floor":4.0},{"not_picked":["Undo","Redo"],"picked":"jedi:blockon","floor":7.0},{"not_picked":["Hello World","Cold Snap"],"picked":"hubris:Ukulele","floor":8.0},{"not_picked":["Barrage","Sweeping Beam"],"picked":"ReplayTheSpireMod:Repulse","floor":10.0},{"not_picked":["Turbo","Chill"],"picked":"Conserve Battery","floor":11.0},{"not_picked":["Steam Power","Rebound"],"picked":"Ball Lightning","floor":13.0},{"not_picked":["Hyperbeam","jedi:darknesscall"],"picked":"Reboot","floor":16.0},{"not_picked":["ReplaySolidLightProjector","Lockon"],"picked":"ReplayTheSpireMod:Calculation Training","floor":18.0},{"not_picked":["Sweeping Beam+1","Go for the Eyes"],"picked":"Ball Lightning","floor":19.0},{"not_picked":["Barrage","Compile Driver"],"picked":"ReplayTheSpireMod:Calculation Training","floor":19.0},{"not_picked":["Aggregate","Go for the Eyes"],"picked":"Loop","floor":21.0},{"not_picked":["ReplayTheSpireMod:GoodbyeWorld","Go for the Eyes","Crystallizer"],"picked":"SKIP","floor":21.0},{"not_picked":["Panic Button","Sweeping Beam"],"picked":"Chill","floor":22.0},{"not_picked":["Redo+1","jedi:readyaimfire"],"picked":"White Noise","floor":22.0},{"not_picked":["Fusion","Aggregate"],"picked":"Ball Lightning+1","floor":27.0},{"not_picked":["Turbo","Melter","Steam"],"picked":"SKIP","floor":27.0},{"not_picked":["Turbo","Melter"],"picked":"Steam","floor":27.0},{"not_picked":["ReplayTheSpireMod:Reroute Power","Hologram"],"picked":"jedi:locknload","floor":28.0},{"not_picked":["jedi:markofdeath","Consume","hubris:DoWhile"],"picked":"SKIP","floor":28.0},{"not_picked":["jedi:reiji","BasicCrystalCard"],"picked":"Static Discharge","floor":30.0},{"not_picked":["Panic Button","Compile Driver"],"picked":"BasicCrystalCard+1","floor":30.0},{"not_picked":["Sweeping Beam","Rebound"],"picked":"Defragment","floor":31.0},{"not_picked":["Gash","ReplayTheSpireMod:Calculation Training","Cold Snap"],"picked":"SKIP","floor":31.0},{"not_picked":["Fission","jedi:BurstDark"],"picked":"Core Surge","floor":33.0},{"not_picked":["Time Bomb","Gash"],"picked":"jedi:reiji+1","floor":35.0},{"not_picked":["Panic Button","Gash","Barrage"],"picked":"SKIP","floor":35.0},{"not_picked":["jedi:bruteforce","jedi:blockon+1","Sunder"],"picked":"SKIP","floor":37.0},{"not_picked":["jedi:BurstLightning+1","hubris:Ukulele+1","Hologram"],"picked":"SKIP","floor":37.0},{"not_picked":["Sunder+1","Rebound"],"picked":"Conserve Battery","floor":38.0},{"not_picked":["Gash","ReplayTheSpireMod:GoodbyeWorld","ReplaySolidLightProjector"],"picked":"SKIP","floor":38.0},{"not_picked":["jedi:blockon","Leap+1"],"picked":"Barrage","floor":39.0},{"not_picked":["Scrape","Undo+1","Turbo+1"],"picked":"SKIP","floor":39.0},{"not_picked":["Stack","jedi:blockon+1"],"picked":"Time Bomb","floor":41.0},{"not_picked":["Skim","Blizzard+1"],"picked":"Defragment+1","floor":41.0},{"not_picked":["Rebound+1","jedi:BurstFrost"],"picked":"Stack+1","floor":42.0},{"not_picked":["Mirror Shield","BasicCrystalCard+1","Sweeping Beam"],"picked":"SKIP","floor":42.0},{"not_picked":["Stack","Rebound","Go for the Eyes+1"],"picked":"SKIP","floor":44.0},{"not_picked":["hubris:SpecializedCircuitry","Sweeping Beam+1"],"picked":"Defragment+1","floor":47.0},{"not_picked":["Coolheaded+1","Self Repair+1"],"picked":"Heatsinks","floor":47.0},{"not_picked":["Beam Cell","Ball Lightning+1"],"picked":"jedi:BurstFrost+1","floor":54}],"player_experience":263183,"relics_obtained":[{"floor":9.0,"key":"ReplayTheSpireMod:TigerMarble"},{"floor":10.0,"key":"Replay:Bottled Flurry"},{"floor":43.0,"key":"hubris:TinFlute"},{"floor":44.0,"key":"Mango"},{"floor":54,"key":"Runesmith:AutoHammer"}],"event_choices":[{"damage_healed":0.0,"max_hp_gain":0.0,"max_hp_loss":0.0,"gold_gain":0.0,"event_name":"Golden Idol","player_choice":"Take Damage","floor":2.0,"gold_loss":0.0,"damage_taken":18.0,"relics_obtained":["Golden Idol"]},{"cards_removed":["Strike_B"],"damage_healed":0.0,"max_hp_gain":0.0,"max_hp_loss":0.0,"gold_gain":0.0,"event_name":"Golden Wing","player_choice":"Card Removal","floor":5.0,"gold_loss":0.0,"damage_taken":7.0},{"damage_healed":0.0,"max_hp_gain":0.0,"max_hp_loss":0.0,"gold_gain":0.0,"event_name":"Shining Light","player_choice":"Entered Light","floor":12.0,"gold_loss":0.0,"damage_taken":15.0,"cards_upgraded":["Strike_B","Defend_B"]},{"damage_healed":0.0,"max_hp_gain":0.0,"max_hp_loss":0.0,"gold_gain":100.0,"event_name":"Golden Shrine","player_choice":"Pray","floor":14.0,"gold_loss":0.0,"damage_taken":0.0},{"damage_healed":0.0,"max_hp_gain":0.0,"max_hp_loss":0.0,"gold_gain":0.0,"event_name":"爱的神圣花园","player_choice":"Choice 2","floor":20.0,"gold_loss":0.0,"damage_taken":0.0,"relics_obtained":["alterego_mod:SomeoneToFightFor"]},{"damage_healed":0.0,"max_hp_gain":0.0,"max_hp_loss":0.0,"gold_gain":0.0,"cards_transformed":["Strike_B","Strike_B"],"event_name":"Drug Dealer","player_choice":"Became Test Subject","floor":24.0,"gold_loss":0.0,"damage_taken":0.0,"cards_obtained":["Skim","Chaos"]}],"is_beta":false,"boss_relics":[{"not_picked":["hubris:TerracottaHorce","hubris:RunicObelisk"],"picked":"FrozenCore"},{"not_picked":["Painkiller Herb","ChewingGum"],"picked":"Inserter"}],"items_purged_floors":[36,48,53],"is_endless":false,"potions_floor_spawned":[1,4,8,11,16,18,19,30,31,37,41,42,54],"ascension_level":0}}