{"host":"mmro3auxcbu5pwad","time":1610621917,"event":{"mods":["Aspiration","BaseMod","Conspire","Energized Spire","Halation","Hubris","Infinite Spire","Minty Spire (QoL Compilation)","Permanent Neow","Replay The Spire","StSLib","vexMod"],"gold_per_floor":[109,109,120,120,132,132,142,162,162,245,84,84,96,96,96,198,198,214,224,239,239,255,255,255,255,255,255,155,155,172,188,188,290,290,307,307,607,619,639,639,707,707,707,726,741,810,70,87,87,87],"floor_reached":51,"language":"ENG","playtime":2444,"items_purged":["Strike_G","Strike_G","Parasite"],"score":745,"play_id":"9b1822a1-235c-4914-b1b3-501aed0941c1","local_time":"20210114115837","is_ascension_mode":false,"campfire_choices":[{"data":"Neutralize","floor":6,"key":"SMITH"},{"data":"Discovery","floor":12,"key":"SMITH"},{"data":"Backflip","floor":15,"key":"SMITH"},{"data":"Backflip","floor":23,"key":"SMITH"},{"data":"Deflect","floor":25,"key":"SMITH"},{"data":"infinitespire:Gouge","floor":27,"key":"SMITH"},{"floor":32,"key":"REST"},{"data":"Acrobatics","floor":40,"key":"SMITH"},{"data":"Burst","floor":42,"key":"SMITH"},{"floor":49,"key":"REST"}],"circlet_count":0,"master_deck":["Strike_G","Strike_G","Strike_G","Defend_G","Defend_G","Defend_G","Defend_G","Defend_G","Survivor+1","Neutralize+1","Dagger Throw","Backflip+1","Dagger Throw","Underhanded Strike","ReplayTheSpireMod:Speed Training","Discovery+1","Deflect+1","Sucker Punch+1","Backflip+1","infinitespire:Gouge+1","Dagger Throw","Underhanded Strike","Burst+1","Underhanded Strike+1","infinitespire:UltimateForm+1","Acrobatics+1","Reflex+1","ReplayTheSpireMod:Tripwire+1","Escape Plan+1","ReplayTheSpireMod:Scrap Shanks+1","Outmaneuver+1","ReplayTheSpireMod:The Works","Trip","PiercingWail+1"],"relics":["Ring of the Snake","NeowsBlessing","hubris:MysteriousPyramids","hubris:Icosahedron","hubris:MobiusCoin","Replay:Bottled Flurry","Sozu","InkBottle","ReplayTheSpireMod:DimensionalGlitch","Frozen Egg 2","FaceOfCleric","SlaversCollar","Vajra","Pear","infinitespire:Bottled Soul"],"acts_visited":["Exordium","TheCity","TheBeyond"],"potions_floor_usage":[10,16,18],"damage_taken":[{"damage":0,"enemies":"Jaw Worm","floor":1,"turns":1},{"damage":0,"enemies":"Small Slimes","floor":3,"turns":1},{"damage":0,"enemies":"Cultist","floor":5,"turns":1},{"damage":0,"enemies":"3 Louse","floor":7,"turns":4},{"damage":0,"enemies":"Large Slime","floor":8,"turns":5},{"damage":22,"enemies":"conspire:MimicChest","floor":10,"turns":9},{"damage":0,"enemies":"Exordium Thugs","floor":13,"turns":3},{"damage":0,"enemies":"Slime Boss","floor":16,"turns":7},{"damage":15,"enemies":"conspire:FuzzyDice","floor":18,"turns":7},{"damage":5,"enemies":"Chosen","floor":19,"turns":4},{"damage":13,"enemies":"Centurion and Healer","floor":20,"turns":9},{"damage":6,"enemies":"Sentry and Sphere","floor":22,"turns":4},{"damage":0,"enemies":"Snecko","floor":30,"turns":4},{"damage":0,"enemies":"Snake Plant","floor":31,"turns":3},{"damage":7,"enemies":"Champ","floor":33,"turns":9},{"damage":19,"enemies":"3 Shapes","floor":35,"turns":4},{"damage":0,"enemies":"Orb Walker","floor":38,"turns":3},{"damage":2,"enemies":"Sphere and 2 Shapes","floor":39,"turns":5},{"damage":0,"enemies":"Transient","floor":41,"turns":5},{"damage":14,"enemies":"Writhing Mass","floor":44,"turns":5},{"damage":0,"enemies":"Jaw Worm Horde","floor":45,"turns":4},{"damage":6,"enemies":"3 Darklings","floor":46,"turns":3},{"damage":0,"enemies":"Maw","floor":48,"turns":5},{"damage":26,"enemies":"Time Eater","floor":50,"turns":10}],"seed_played":"1810360646004298136","potions_obtained":[{"floor":1,"key":"Energy Potion"},{"floor":7,"key":"FearPotion"},{"floor":13,"key":"Explosive Potion"}],"is_trial":false,"path_per_floor":["M","?","M","?","M","R","M","M","T","?","$","R","M","?","R","B",null,"M","M","M","AVR","M","R","?","R","T","R","$","?","M","M","R","B",null,"M","AVR","?","M","M","R","M","R","T","M","M","M","$","M","R","B",null],"character_chosen":"THE_SILENT","items_purchased":["Discovery","Pear","ReplayTheSpireMod:The Works","Trip","infinitespire:Bottled Soul"],"campfire_rested":2,"item_purchase_floors":[11,47,47,47,47],"current_hp_per_floor":[70,63,63,63,63,63,63,63,63,41,41,41,41,48,48,48,70,55,50,37,37,31,31,31,31,31,31,31,31,32,33,54,48,73,55,55,55,56,55,55,56,56,56,43,44,39,49,50,76,51],"gold":87,"neow_bonus":"THREE_ENEMY_KILL","is_daily":false,"chose_seed":false,"campfire_upgraded":8,"win_rate":0.0,"timestamp":1610621917,"path_taken":["M","?","M","?","M","R","M","M","T","?","$","R","?","?","R","BOSS","M","M","M","AVR","M","R","?","R","T","R","$","?","?","M","R","BOSS","M","AVR","?","M","M","R","?","R","T","?","M","M","$","M","R","BOSS"],"items_purchased_type":["Card","Relic","Card","Card","Relic"],"build_version":"2020-12-22","purchased_purges":3,"victory":true,"max_hp_per_floor":[70,70,70,70,70,70,70,70,70,70,70,70,70,70,70,70,70,70,70,70,70,70,70,70,70,70,70,70,70,71,72,72,73,73,74,74,74,75,76,76,77,77,77,78,79,80,87,88,88,89],"card_choices":[{"not_picked":["Backstab","Blade Dance"],"picked":"Dagger Throw","floor":1},{"not_picked":["Dodge and Roll","Eviscerate"],"picked":"Backflip","floor":3},{"not_picked":["Finisher","Heel Hook"],"picked":"Dagger Throw","floor":5},{"not_picked":["ReplayTheSpireMod:The Works","Poisoned Stab"],"picked":"Underhanded Strike","floor":7},{"not_picked":["Infinite Blades","Blade Dance"],"picked":"ReplayTheSpireMod:Speed Training","floor":8},{"not_picked":["Flying Knee","PiercingWail"],"picked":"Deflect","floor":13},{"not_picked":["Outmaneuver","Dodge and Roll","Replay:Poison Smokescreen+1"],"picked":"SKIP","floor":18},{"not_picked":["Deflect","Dash"],"picked":"Sucker Punch+1","floor":19},{"not_picked":["Flying Knee","Hidden Blade"],"picked":"Backflip","floor":20},{"not_picked":["Dash","Predator"],"picked":"Dagger Throw","floor":22},{"not_picked":["Sucker Punch","Deadly Poison","Heel Hook+1"],"picked":"SKIP","floor":30},{"not_picked":["Dagger Throw","Hidden Blade+1"],"picked":"Underhanded Strike","floor":31},{"not_picked":["ReplayTheSpireMod:Necrosis","Corpse Explosion"],"picked":"Burst","floor":33},{"not_picked":["Flying Knee+1","Dagger Throw+1"],"picked":"Underhanded Strike+1","floor":35},{"not_picked":["Dash+1","Acrobatics","Flying Knee"],"picked":"SKIP","floor":38},{"not_picked":["Dash+1","Flying Knee"],"picked":"Acrobatics","floor":38},{"not_picked":["PiercingWail+1","Well Laid Plans+1"],"picked":"Reflex+1","floor":39},{"not_picked":["Dodge and Roll+1","Dagger Spray+1"],"picked":"ReplayTheSpireMod:Tripwire+1","floor":41},{"not_picked":["PiercingWail+1","Dagger Throw+1"],"picked":"Escape Plan+1","floor":44},{"not_picked":["Predator+1","Tools of the Trade+1"],"picked":"ReplayTheSpireMod:Scrap Shanks+1","floor":45},{"not_picked":["Dodge and Roll+1","Underhanded Strike+1"],"picked":"Outmaneuver+1","floor":46},{"not_picked":["ReplayTheSpireMod:Shiv Toss","Terror+1"],"picked":"PiercingWail+1","floor":48}],"player_experience":37203,"relics_obtained":[{"floor":9,"key":"hubris:MobiusCoin"},{"floor":10,"key":"Replay:Bottled Flurry"},{"floor":26,"key":"Frozen Egg 2"}],"event_choices":[{"damage_healed":0,"gold_gain":0,"player_choice":"Success","damage_taken":7,"relics_obtained":["hubris:MysteriousPyramids"],"max_hp_gain":0,"max_hp_loss":0,"event_name":"Scrap Ooze","floor":2,"gold_loss":0},{"damage_healed":0,"gold_gain":0,"player_choice":"Trade","damage_taken":0,"relics_obtained":["FaceOfCleric"],"max_hp_gain":0,"max_hp_loss":0,"event_name":"FaceTrader","floor":29,"gold_loss":0},{"damage_healed":0,"gold_gain":300,"player_choice":"Gold","damage_taken":0,"max_hp_gain":0,"max_hp_loss":0,"event_name":"Wheel of Change","floor":37,"gold_loss":0}],"is_beta":false,"boss_relics":[{"not_picked":["aspiration:WatcherSkillbook","Replay:Ancient Bell"],"picked":"Sozu"},{"not_picked":["Philosopher\u0027s Stone","halation:LoveArrow"],"picked":"SlaversCollar"}],"items_purged_floors":[11,28,47],"is_endless":false,"potions_floor_spawned":[1,7,13,19,31,35,39,41],"ascension_level":0}}