{"host":"v3z2g2b45xdjh78v","time":1610635348,"event":{"mods":["BaseMod","Challenge The Spire","Colored Powertips","Hermit","Infinite Spire","Minty Spire (QoL Compilation)","Replay The Spire","Shop Mod","StSLib","The Bug Knight","The Construct","The Cursed","The Disciple","The Hierophant"],"gold_per_floor":[174,30,145,262,376,376,298,89,205,315,434,434,215,10,123,234,348,460],"floor_reached":19,"language":"ENG","playtime":2245,"items_purged":["TheCursedMod:Strike_TheCursed","TheCursedMod:Strike_TheCursed","TheCursedMod:Strike_TheCursed","TheCursedMod:Defend_TheCursed","TheCursedMod:Defend_TheCursed"],"score":2840,"play_id":"89f09baa-46e6-41a6-a314-34dee55e9407","local_time":"20210115034228","daily_mods":["challengethespire:Bronze Difficulty","challengethespire:Boss Rush","Uncertain Future"],"is_ascension_mode":false,"campfire_choices":[],"circlet_count":0,"master_deck":["TheCursedMod:Strike_TheCursed","TheCursedMod:Defend_TheCursed","TheCursedMod:Defend_TheCursed","TheCursedMod:CursedWand","TheCursedMod:CleanUpWorkshop","TheCursedMod:Dregs","TheCursedMod:CursedBoomerang+1","TheCursedMod:CursedShiv+1","TheCursedMod:HellfireBreathing+1","TheCursedMod:HellsGateOpen+1","TheCursedMod:HellsGateOpen+1","TheCursedMod:LuckyCharm+1","TheCursedMod:HellfireBreathing+1","TheCursedMod:SpitefulPlan+1","TheCursedMod:SpitefulPlan+1","TheCursedMod:HellsGateOpen+1","TheCursedMod:FleshFromBone+1","TheCursedMod:PrepareRite+1","TheCursedMod:FleshFromBone+1","TheCursedMod:CircleOfFlame+1","TheCursedMod:ReleasedKnowledge+1","Survey Options+1","Madness+1","ReplayTheSpireMod:Brewmster+1","TheCursedMod:EmpowerCircles+1","TheCursedMod:ManaBullet+1","TheCursedMod:WearCloak+1","TheCursedMod:BlessingInDisguise+1","TheCursedMod:CircleOfCorruption+1","TheCursedMod:CursedAmulet+1","TheCursedMod:CircleOfBlood+1","TheCursedMod:CircleOfAbyss+1","TheCursedMod:Grudge+1","Spreading Infection","ReplayTheSpireMod:Splinters","Doubt","TheCursedMod:LuckyCharm+1","TheCursedMod:HellfireBreathing+1","TheCursedMod:OutForBlood+1","TheCursedMod:Wield+1","TheCursedMod:Hemoplague+1","infinitespire:Pacifist","Sadistic Nature+1","TheCursedMod:NeowsMight+1","TheCursedMod:NeowsMight+1","TheCursedMod:Mangle+1","Enlightenment+1","TheCursedMod:OutForBlood+1","TheCursedMod:BloodBarrier+1","TheCursedMod:BlessingInDisguise+1","TheCursedMod:SurpriseAttack+1"],"relics":["TheCursedMod:BlackMagic101","The Courier","Molten Egg 2","Toxic Egg 2","Frozen Egg 2","Membership Card","Letter Opener","infinitespire:Beetle Shell","ReplayTheSpireMod:Shallot","ReplayFunnel","Replay:Bottled Eggs","Replay:Ancient Bell","Art of War","Snack Pack","Calipers","Frozen Eye","infinitespire:PuzzleCube","construct:FoamFinger","Durian","Replay:Rubber Ducky","TheCursedMod:OminousMark","ReplayTheSpireMod:CursedCoin","Dead Branch","infinitespire:FocusingShard","infinitespire:Satchel","Bronze Scales","Lizard Tail","Darkstone Periapt"],"acts_visited":["Exordium"],"potions_floor_usage":[9,10,11,11,15,15,16,17,18,18,18,18,18,18,18,18],"damage_taken":[{"damage":16.0,"enemies":"Slime Boss","floor":3.0,"turns":6.0},{"damage":2.0,"enemies":"Hexaghost","floor":4.0,"turns":6.0},{"damage":7,"enemies":"Hexaghost","floor":5,"turns":7},{"damage":1,"enemies":"Automaton","floor":9,"turns":8},{"damage":2,"enemies":"Collector","floor":10,"turns":8},{"damage":2,"enemies":"Champ","floor":11,"turns":9},{"damage":6,"enemies":"Time Eater","floor":15,"turns":7},{"damage":66,"enemies":"Awakened One","floor":16,"turns":9},{"damage":0,"enemies":"Donu and Deca","floor":17,"turns":7},{"damage":18,"enemies":"The Heart","floor":18,"turns":6}],"seed_played":"7327141407969108500","potions_obtained":[{"floor":9,"key":"SpeedPotion"},{"floor":10,"key":"Weak Potion"},{"floor":11,"key":"PowerPotion"},{"floor":16,"key":"LiquidBronze"}],"is_trial":true,"path_per_floor":["$","$","M","M","M","T","$","$","M","M","M","T","$","$","M","M","M","M",null],"character_chosen":"THE_CURSED","items_purchased":["Membership Card","TheCursedMod:CursedBoomerang+1","TheCursedMod:CursedShiv+1","TheCursedMod:HellfireBreathing+1","TheCursedMod:HellsGateOpen+1","TheCursedMod:HellsGateOpen+1","TheCursedMod:LuckyCharm+1","TheCursedMod:HellfireBreathing+1","TheCursedMod:SpitefulPlan+1","TheCursedMod:SpitefulPlan+1","TheCursedMod:HellsGateOpen+1","Letter Opener","infinitespire:Beetle Shell","TheCursedMod:FleshFromBone+1","TheCursedMod:PrepareRite+1","TheCursedMod:FleshFromBone+1","TheCursedMod:CircleOfFlame+1","TheCursedMod:ReleasedKnowledge+1","Survey Options+1","Madness+1","ReplayTheSpireMod:Brewmster+1","TheCursedMod:EmpowerCircles+1","TheCursedMod:ManaBullet+1","TheCursedMod:WearCloak+1","TheCursedMod:BlessingInDisguise+1","TheCursedMod:CircleOfCorruption+1","TheCursedMod:CursedAmulet+1","TheCursedMod:LuckyCharm+1","TheCursedMod:HellfireBreathing+1","Frozen Eye","infinitespire:PuzzleCube","ReplayTheSpireMod:CursedCoin","Sadistic Nature+1","Dead Branch","infinitespire:FocusingShard","TheCursedMod:NeowsMight+1","TheCursedMod:Mangle+1","Enlightenment+1"],"campfire_rested":0,"item_purchase_floors":[1,1,1,1,1,1,1,1,1,1,1,1,1,1,1,1,1,1,1,1,1,2,2,2,2,2,2,7,8,8,8,13,13,13,13,14,14,14],"current_hp_per_floor":[75,75,59,61,54,54,54,54,69,78,80,80,80,80,74,12,28,20],"gold":460,"neow_bonus":"","is_daily":false,"chose_seed":false,"campfire_upgraded":0,"win_rate":0.0,"timestamp":1610635348,"path_taken":["$","$","M","M","M","T","$","$","M","M","M","T","$","$","M","M","M","M"],"items_purchased_type":["Relic","Card","Card","Card","Card","Card","Card","Card","Card","Card","Card","Relic","Relic","Card","Card","Card","Card","Card","Card","Card","Card","Card","Card","Card","Card","Card","Card","Card","Card","Relic","Relic","Relic","Card","Relic","Relic","Card","Card","Card"],"build_version":"2020-12-22","purchased_purges":5,"victory":true,"max_hp_per_floor":[75,75,75,75,75,75,75,75,75,80,80,80,80,80,80,80,80,80],"card_choices":[{"not_picked":["Replay:Hysterical Blindness","Looming Evil"],"picked":"Spreading Infection","floor":6},{"not_picked":["CurseOfTheBell","Decay"],"picked":"ReplayTheSpireMod:Splinters","floor":6},{"not_picked":["CurseOfTheBell","ReplayTheSpireMod:Doomed"],"picked":"Doubt","floor":6}],"player_experience":103103,"relics_obtained":[{"floor":3.0,"key":"ReplayTheSpireMod:Shallot"},{"floor":4.0,"key":"ReplayFunnel"},{"floor":5,"key":"Replay:Bottled Eggs"},{"floor":9,"key":"construct:FoamFinger"},{"floor":10,"key":"Durian"},{"floor":11,"key":"Replay:Rubber Ducky"},{"floor":15,"key":"infinitespire:Satchel"},{"floor":16,"key":"Bronze Scales"},{"floor":17,"key":"Lizard Tail"},{"floor":18,"key":"Darkstone Periapt"}],"event_choices":[],"is_beta":false,"boss_relics":[{"not_picked":["Kintsugi","TheCursedMod:BlackMagicAdvanced"],"picked":"Replay:Ancient Bell"},{"not_picked":["Gremlin Food","Vajra"],"picked":"Art of War"},{"not_picked":["Shuriken","infinitespire:Broken Mirror"],"picked":"Snack Pack"},{"not_picked":["StoneCalendar","FossilizedHelix"],"picked":"Calipers"},{"not_picked":["ReplayTheSpireMod:SealedPack","ReplayTheSpireMod:DimensionalGlitch"],"picked":"TheCursedMod:OminousMark"}],"items_purged_floors":[1,7,8,13,14],"is_endless":false,"potions_floor_spawned":[9,10,11,16,17],"ascension_level":0}}