{"host":"22s5scuj7mu87reg","time":1610617605,"event":{"mods":["BaseMod","Colored Powertips","Dota2Spire","Downfall","Duelist Mod","GungeonMod","Halation","Hubris","Infinite Spire","Koishi","KomeijiMod","Minty Spire (QoL Compilation)","Replay The Spire","StSLib","SuperFastMode","The Jungle","The Mystic","The Necromancer","Wandering Minibosses"],"gold_per_floor":[138,313,212,227,241,266,266,283,353,379,403,403,424,534,534,649,649,680,680,735,735,767,769,769],"floor_reached":23,"language":"POL","playtime":1405,"items_purged":["Doubt"],"score":255,"play_id":"c79756c1-9f60-4bd1-8619-5d35d7491d0d","local_time":"20210114104645","is_ascension_mode":false,"campfire_choices":[{"floor":7,"key":"REST"},{"data":"theDuelist:ConvulsionNature","floor":12,"key":"SMITH"},{"floor":15,"key":"DIG"}],"circlet_count":0,"master_deck":["theDuelist:CastleWalls","theDuelist:CastleWalls","theDuelist:CastleWalls","theDuelist:NaturiaBeast","theDuelist:NaturiaCliff","theDuelist:NaturiaRock","theDuelist:NaturiaTulip","theDuelist:Sparks","theDuelist:Sparks","theDuelist:Sparks","theDuelist:NaturiaDragonfly","theDuelist:NaturiaDragonfly","theDuelist:ConvulsionNature+1","theDuelist:NaturiaMarron","theDuelist:NaturiaStinkbug","theDuelist:NaturiaCherries","theDuelist:NaturiaSunflower","theDuelist:NaturiaHydrangea","theDuelist:GracefulCharity","theDuelist:SeismicShockwave","CurseOfTheBell","theDuelist:NatureReflection+1","infinitespire:Gouge"],"relics":["theDuelist:MillenniumPuzzle","theDuelist:CardPoolRelic","theDuelist:CardPoolBasicRelic","Basket Of Snakes","Another Sword","Solar Panel","Replay:Bandana","infinitespire:Beetle Shell","Calling Bell","theDuelist:DuelistTeaSet","DemoMod:PinkGuonStone","hubris:64BitClover","DemoMod:GlassGuonStoneRelic"],"acts_visited":["Exordium","TheCity"],"potions_floor_usage":[14],"damage_taken":[{"damage":0,"enemies":"Jaw Worm","floor":1,"turns":5},{"damage":0,"enemies":"2 Louse","floor":4,"turns":3},{"damage":0,"enemies":"Cultist","floor":5,"turns":3},{"damage":13,"enemies":"Replay:BlueRogue","floor":6,"turns":6},{"damage":0,"enemies":"Large Slime","floor":8,"turns":4},{"damage":24,"enemies":"Gremlin Nob","floor":10,"turns":4},{"damage":6,"enemies":"Exordium Wildlife","floor":11,"turns":3},{"damage":4,"enemies":"Looter","floor":13,"turns":3},{"damage":6,"enemies":"Red Slaver","floor":14,"turns":6},{"damage":0,"enemies":"The Guardian","floor":16,"turns":9},{"damage":16,"enemies":"3 Byrds","floor":18,"turns":4},{"damage":25,"enemies":"2 Thieves","floor":20,"turns":4},{"damage":21,"enemies":"Centurion and Healer","floor":22,"turns":5},{"damage":5,"enemies":"Book of Stabbing","floor":23,"turns":1}],"seed_played":"6088426251089527669","potions_obtained":[{"floor":5,"key":"Dexterity Potion"},{"floor":8,"key":"theDuelist:BottledKuriboh"},{"floor":10,"key":"theDuelist:StunPotion"},{"floor":16,"key":"theDuelist:TokenPotionB"},{"floor":18,"key":"Swift Potion"}],"is_trial":false,"path_per_floor":["M","?","$","M","M","E","R","M","T","E","M","R","M","M","R","B",null,"M","AVR","M","?","M","E"],"character_chosen":"THE_DUELIST","items_purchased":["theDuelist:NaturiaDragonfly"],"campfire_rested":1,"item_purchase_floors":[3],"current_hp_per_floor":[56,56,56,56,56,43,67,67,67,43,37,37,33,27,27,27,87,71,71,46,26,5,0,0],"gold":769,"neow_bonus":"ONE_RARE_RELIC","is_daily":false,"chose_seed":false,"campfire_upgraded":1,"win_rate":0.0,"timestamp":1610617605,"path_taken":["M","?","$","M","M","E","R","M","T","E","M","R","M","M","R","BOSS","M","AVR","M","?","M","E"],"items_purchased_type":["Card"],"build_version":"2020-12-13","purchased_purges":1,"victory":false,"max_hp_per_floor":[80,80,80,80,80,80,80,80,80,80,80,80,80,80,80,80,87,87,87,87,87,87,87,87],"card_choices":[{"not_picked":["theDuelist:LonefireBlossom","theDuelist:NaturiaMantis"],"picked":"theDuelist:NaturiaDragonfly","floor":1},{"not_picked":["theDuelist:LuminousMoss","theDuelist:NaturiaTulip"],"picked":"theDuelist:ConvulsionNature","floor":4},{"not_picked":["theDuelist:NaturiaCliff","theDuelist:FossilExcavation","theDuelist:NaturiaLeodrake"],"picked":"SKIP","floor":5},{"not_picked":["theDuelist:WildNatureRelease","theDuelist:LonefireBlossom"],"picked":"theDuelist:NaturiaMarron","floor":6},{"not_picked":["theDuelist:NaturiaRagweed","theDuelist:FossilDig"],"picked":"theDuelist:NaturiaStinkbug","floor":8},{"not_picked":["theDuelist:NaturalDisaster","theDuelist:NaturiaAntjaw"],"picked":"theDuelist:NaturiaCherries","floor":10},{"not_picked":["theDuelist:FossilDig","theDuelist:NaturiaEggplant"],"picked":"theDuelist:NaturiaSunflower","floor":11},{"not_picked":["theDuelist:WormBait","theDuelist:NaturiaStinkbug"],"picked":"theDuelist:NaturiaHydrangea","floor":13},{"not_picked":["theDuelist:LonefireBlossom","theDuelist:NaturiaVein"],"picked":"theDuelist:GracefulCharity","floor":14},{"not_picked":["theDuelist:DemiseLand","theDuelist:Wildfire"],"picked":"theDuelist:SeismicShockwave","floor":16},{"not_picked":["theDuelist:Anteater","theDuelist:NaturiaHydrangea"],"picked":"theDuelist:NatureReflection+1","floor":18},{"not_picked":["theDuelist:SangaEarth","theDuelist:Spore","theDuelist:NaturiaRock"],"picked":"SKIP","floor":20},{"not_picked":["infinitespire:FinalStrike","infinitespire:Fortify"],"picked":"infinitespire:Gouge","floor":21},{"not_picked":["theDuelist:NaturiaBrambi","theDuelist:NaturiaDragonfly","theDuelist:Anteater+1"],"picked":"SKIP","floor":22}],"player_experience":111335,"relics_obtained":[{"floor":6,"key":"Another Sword"},{"floor":9,"key":"Solar Panel"},{"floor":10,"key":"Replay:Bandana"},{"floor":15,"key":"infinitespire:Beetle Shell"},{"floor":17,"key":"theDuelist:DuelistTeaSet"},{"floor":17,"key":"DemoMod:PinkGuonStone"},{"floor":17,"key":"hubris:64BitClover"}],"event_choices":[{"damage_healed":0,"gold_gain":175,"player_choice":"AGREE","damage_taken":0,"max_hp_gain":0,"max_hp_loss":0,"event_name":"Liars Game","floor":2,"gold_loss":0,"cards_obtained":["Doubt"]}],"is_beta":false,"boss_relics":[{"not_picked":["Ectoplasm","Replay:Fungal Core"],"picked":"Calling Bell"}],"items_purged_floors":[3],"is_endless":false,"potions_floor_spawned":[5,8,10,13,16,18],"killed_by":"Book of Stabbing","ascension_level":0}}