{"host":"ljavmhyz2e552xgo","time":1610635142,"event":{"mods":["BaseMod","Better Third Choice","Downfall","Friendly Minions","Minty Spire (QoL Compilation)","Permanent Neow","Spicy Shops","StSLib"],"gold_per_floor":[99,99,99,99,99,9,9,9,26,43,55,89,89,89,107,210,210,210,210,210,210,210,210,210,210,210,210,210],"floor_reached":26,"language":"ENG","playtime":2966,"items_purged":["Normality"],"score":233,"play_id":"98c6573e-d696-4ce9-b55e-df905f1da0ef","local_time":"20210114083902","is_ascension_mode":false,"campfire_choices":[{"data":"hexamod:Float","floor":1.0,"key":"SMITH"},{"data":"hexamod:Sear","floor":8.0,"key":"SMITH"},{"data":"hexamod:ThermalTransfer","floor":13.0,"key":"SMITH"},{"data":"hexamod:VolcanoVisage","floor":18,"key":"SMITH"}],"circlet_count":0,"master_deck":["hexamod:Sear+1","hexamod:Float+1","hexamod:Hexaguard","hexamod:ThermalTransfer+1","hexamod:PhantomFireball","hexamod:GhostOfSpireFuture","hexamod:Firestarter","hexamod:VolcanoVisage+1","hexamod:ThermalTransfer","hexamod:BurningTouch","hexamod:Hexaguard+1","hexamod:NecessarySacrifice","Ghostly","Ghostly","Ghostly","hexamod:CouncilsJustice","hexamod:CouncilsJustice","hexamod:CouncilsJustice","hexamod:SpectersWail"],"relics":["hexamod:SpiritBrand","Pocketwatch","Torii","HornCleat","Ice Cream","Art of War","downfall:Hecktoplasm","Pen Nib","Vajra"],"acts_visited":["Exordium","TheCity"],"potions_floor_usage":[],"damage_taken":[{"damage":0.0,"enemies":"Cultist","floor":5.0,"turns":1.0},{"damage":0.0,"enemies":"downfall:FleeingMerchant","floor":6.0,"turns":4.0},{"damage":0.0,"enemies":"Jaw Worm","floor":9.0,"turns":3.0},{"damage":0.0,"enemies":"2 Louse","floor":10.0,"turns":3.0},{"damage":0.0,"enemies":"Large Slime","floor":11.0,"turns":4.0},{"damage":0.0,"enemies":"3 Sentries","floor":12.0,"turns":8.0},{"damage":1.0,"enemies":"Blue Slaver","floor":15.0,"turns":3.0},{"damage":19.0,"enemies":"downfall:Ironclad","floor":16.0,"turns":8.0},{"damage":0,"enemies":"Spheric Guardian","floor":19,"turns":5},{"damage":0,"enemies":"Snecko","floor":20,"turns":5},{"damage":1,"enemies":"Snake Plant","floor":21,"turns":5},{"damage":0,"enemies":"Centurion and Healer","floor":22,"turns":5},{"damage":0,"enemies":"Snecko","floor":24,"turns":5}],"seed_played":"3167815724708003564","potions_obtained":[{"floor":11.0,"key":"Fire Potion"},{"floor":12.0,"key":"FearPotion"},{"floor":15.0,"key":"BlessingOfTheForge"},{"floor":22,"key":"Slimebound:ThreeZeroPotion"}],"is_trial":false,"path_per_floor":["R","?","T","?","M","$","T","R","M","M","M","E","R","?","M","B",null,"R","M","M","M","M","?","M","T","T"],"character_chosen":"THE_SPIRIT","items_purchased":[],"campfire_rested":0,"item_purchase_floors":[],"current_hp_per_floor":[70,70,70,70,70,70,70,70,70,70,70,70,70,63,62,43,70,70,70,70,69,69,35,35,35,35,35,35],"gold":210,"neow_bonus":"ONE_RARE_RELIC","is_daily":false,"chose_seed":false,"campfire_upgraded":4,"win_rate":0.0,"timestamp":1610635142,"path_taken":["R","?","?","?","M","?","T","R","M","M","?","E","R","?","M","BOSS","R","M","M","M","M","?","M","T","T"],"items_purchased_type":[],"build_version":"2020-12-22","purchased_purges":1,"victory":false,"max_hp_per_floor":[70,70,70,70,70,70,70,70,70,70,70,70,70,70,70,70,70,70,70,70,70,70,35,35,35,35,35,35],"card_choices":[{"not_picked":["hexamod:ShieldOfDarkness","hexamod:ThermalTransfer"],"picked":"hexamod:Hexaguard","floor":5.0},{"not_picked":["hexamod:BacktrackSmack","hexamod:SwordOfDarkness","hexamod:InspiringFlames"],"picked":"SKIP","floor":6.0},{"not_picked":["hexamod:FourthSeal","hexamod:NightmareGuise"],"picked":"hexamod:ThermalTransfer","floor":9.0},{"not_picked":["hexamod:AdvancingGuard","hexamod:ThermalTransfer"],"picked":"hexamod:PhantomFireball","floor":10.0},{"not_picked":["hexamod:Haunt","hexamod:SkipABeat","hexamod:GhostShield"],"picked":"SKIP","floor":11.0},{"not_picked":["hexamod:NightmareStrike","hexamod:SwordOfDarkness"],"picked":"hexamod:GhostOfSpireFuture","floor":12.0},{"not_picked":["hexamod:FirstSeal","hexamod:PowerFromBeyond"],"picked":"hexamod:Firestarter","floor":15.0},{"not_picked":["hexamod:WildfireWeapon","hexamod:TimeOfNeed"],"picked":"hexamod:VolcanoVisage","floor":16.0},{"not_picked":["hexamod:ShieldOfDarkness","hexamod:InspiringFlames"],"picked":"hexamod:ThermalTransfer","floor":19},{"not_picked":["hexamod:ThermalTransfer","hexamod:NightmareStrike"],"picked":"hexamod:BurningTouch","floor":20},{"not_picked":["hexamod:BacktrackSmack","hexamod:PhantomCloak"],"picked":"hexamod:Hexaguard+1","floor":21},{"not_picked":["hexamod:InspiringFlames","hexamod:NightmareStrike+1"],"picked":"hexamod:NecessarySacrifice","floor":22},{"not_picked":["hexamod:Again+1","hexamod:PowerFromBeyond"],"picked":"hexamod:SpectersWail","floor":24}],"player_experience":1475318,"relics_obtained":[{"floor":3.0,"key":"Torii"},{"floor":7.0,"key":"HornCleat"},{"floor":12.0,"key":"Ice Cream"},{"floor":25,"key":"Pen Nib"},{"floor":26,"key":"Vajra"}],"event_choices":[{"damage_healed":0.0,"max_hp_gain":0.0,"max_hp_loss":0.0,"gold_gain":0.0,"event_name":"betterThird:BetterScrap","player_choice":"Relic ","floor":14.0,"gold_loss":0.0,"damage_taken":7.0,"cards_obtained":["Corpse Explosion"]}],"is_beta":false,"boss_relics":[{"not_picked":["Busted Crown","Tiny House"],"picked":"downfall:Hecktoplasm"}],"items_purged_floors":[6],"is_endless":false,"potions_floor_spawned":[11,12,15,19,22],"ascension_level":0}}