{"host":"x8gxsinbf7j7wbos","time":1610611587,"event":{"mods":["AchievementEnabler","BaseMod","Better Note","BetterRewards","Colored Powertips","Curses Come First","Minty Spire (QoL Compilation)","Permanent Neow","Poor People Problems","Robot Space Explorer","StSLib"],"gold_per_floor":[109,28,28,44,44,44,71,71,98,117,117,117,152,5,5,135,135,155,155,173,173,191,191,209,209,209,209,227,227,32,70,70,191,191,211,236,236,256,256,256],"floor_reached":39,"language":"ENG","playtime":4595,"items_purged":["RobotSpaceExplorer:Strike","RobotSpaceExplorer:Strike","RobotSpaceExplorer:Strike"],"score":585,"play_id":"070f7513-4170-4c29-b76f-4f57ed4b5e5b","local_time":"20210114160627","is_ascension_mode":true,"campfire_choices":[{"data":"RobotSpaceExplorer:LaserBurst","floor":6,"key":"SMITH"},{"data":"RobotSpaceExplorer:Fix","floor":8,"key":"SMITH"},{"data":"RobotSpaceExplorer:MiniLasers","floor":12,"key":"SMITH"},{"data":"RobotSpaceExplorer:PowerCollector","floor":15,"key":"SMITH"},{"data":"RobotSpaceExplorer:Autoloader","floor":23,"key":"SMITH"},{"data":"RobotSpaceExplorer:Jetpack","floor":25,"key":"SMITH"},{"data":"RobotSpaceExplorer:Counterblock","floor":27,"key":"SMITH"},{"floor":32,"key":"REST"}],"circlet_count":0,"master_deck":["RobotSpaceExplorer:Strike","RobotSpaceExplorer:Defend","RobotSpaceExplorer:Defend","RobotSpaceExplorer:Defend","RobotSpaceExplorer:Scan","RobotSpaceExplorer:MiniLasers+1","RobotSpaceExplorer:GearShield","RobotSpaceExplorer:PowerCollector+1","RobotSpaceExplorer:MetalStrike","RobotSpaceExplorer:SurgingShield","RobotSpaceExplorer:SurgingStrike","RobotSpaceExplorer:BigMissile","RobotSpaceExplorer:LaserBurst+1","RobotSpaceExplorer:Fix+1","RobotSpaceExplorer:FreezingShield","RobotSpaceExplorer:GearShield","RobotSpaceExplorer:Multitool","RobotSpaceExplorer:FrostMissile","RobotSpaceExplorer:Autoloader+1","RobotSpaceExplorer:Jetpack+1","RobotSpaceExplorer:StunGrenade+1","RobotSpaceExplorer:Ammunition+1","RobotSpaceExplorer:Counterblock+1","RobotSpaceExplorer:DoubleBlock","RobotSpaceExplorer:JunkDive","RobotSpaceExplorer:StarLightning","RobotSpaceExplorer:FreezingShield+1","RobotSpaceExplorer:SlimeMissile+1","RobotSpaceExplorer:RigExplosive+1"],"relics":["RobotSpaceExplorer:RoboCore","Strange Spoon","Lantern","Eternal Feather","RobotSpaceExplorer:ClockworkSextant","Golden Idol","Mango","RobotSpaceExplorer:Reprocessor","RobotSpaceExplorer:FoglandsKnife","RobotSpaceExplorer:SearchSpecs"],"acts_visited":["Exordium","TheCity","TheBeyond"],"potions_floor_usage":[7,24,29],"damage_taken":[{"damage":0,"enemies":"Cultist","floor":1,"turns":3},{"damage":0,"enemies":"Small Slimes","floor":4,"turns":2},{"damage":15,"enemies":"Lagavulin","floor":7,"turns":6},{"damage":0,"enemies":"2 Louse","floor":10,"turns":1},{"damage":10,"enemies":"Gremlin Nob","floor":13,"turns":3},{"damage":11,"enemies":"The Guardian","floor":16,"turns":10},{"damage":0,"enemies":"Chosen","floor":18,"turns":4},{"damage":5,"enemies":"Shell Parasite","floor":20,"turns":5},{"damage":10,"enemies":"Cultist and Chosen","floor":22,"turns":6},{"damage":23,"enemies":"Snake Plant","floor":24,"turns":5},{"damage":6,"enemies":"Shelled Parasite and Fungi","floor":28,"turns":6},{"damage":30,"enemies":"Colosseum Slavers","floor":29,"turns":5},{"damage":46,"enemies":"Gremlin Leader","floor":31,"turns":7},{"damage":39,"enemies":"Champ","floor":33,"turns":12},{"damage":26,"enemies":"3 Shapes","floor":35,"turns":5},{"damage":11,"enemies":"Orb Walker","floor":36,"turns":4},{"damage":21,"enemies":"3 Darklings","floor":38,"turns":8},{"damage":50,"enemies":"Sphere and 2 Shapes","floor":39,"turns":4}],"seed_played":"5790574616201847409","potions_obtained":[{"floor":1,"key":"Dexterity Potion"},{"floor":16,"key":"AttackPotion"},{"floor":20,"key":"FearPotion"},{"floor":24,"key":"Block Potion"},{"floor":35,"key":"Swift Potion"}],"is_trial":false,"path_per_floor":["M","$","?","M","$","R","E","R","T","M","?","R","E","$","R","B",null,"M","?","M","?","M","R","M","R","T","R","M","?","$","E","R","B",null,"M","M","?","M","M"],"character_chosen":"RobotSpaceExplorer","items_purchased":["Strange Spoon","RobotSpaceExplorer:GearShield","RobotSpaceExplorer:PowerCollector","RobotSpaceExplorer:MetalStrike","RobotSpaceExplorer:SurgingShield","RobotSpaceExplorer:SurgingStrike","RobotSpaceExplorer:LaserBurst","RobotSpaceExplorer:FrostMissile","RobotSpaceExplorer:JunkDive"],"campfire_rested":1,"item_purchase_floors":[0,0,0,0,0,0,2,14,30],"current_hp_per_floor":[59,59,41,41,41,41,30,39,39,39,39,48,58,58,70,65,83,83,83,82,82,78,83,66,81,81,83,78,54,54,8,47,20,83,57,46,46,43,0,0],"gold":256,"neow_bonus":"","is_daily":false,"chose_seed":false,"campfire_upgraded":7,"win_rate":0.0,"timestamp":1610611587,"path_taken":["M","?","?","M","$","R","E","R","T","M","?","R","E","$","R","BOSS","M","?","M","?","M","R","M","R","T","R","M","?","$","E","R","BOSS","M","M","?","M","M"],"items_purchased_type":["Relic","Card","Card","Card","Card","Card","Card","Card","Card"],"build_version":"2020-12-22","purchased_purges":3,"victory":false,"max_hp_per_floor":[75,75,75,75,75,75,75,75,75,75,69,69,83,83,83,83,83,83,83,83,83,83,83,83,83,83,83,83,83,83,83,83,83,83,83,83,83,83,83,83],"card_choices":[{"not_picked":["RobotSpaceExplorer:StunGrenade","RobotSpaceExplorer:ScrapMissile"],"picked":"RobotSpaceExplorer:BigMissile","floor":1},{"not_picked":["RobotSpaceExplorer:LaserBurst","RobotSpaceExplorer:SurgingStrike"],"picked":"RobotSpaceExplorer:Fix","floor":4},{"not_picked":["RobotSpaceExplorer:Accelerator","RobotSpaceExplorer:JunkDive"],"picked":"RobotSpaceExplorer:FreezingShield","floor":7},{"not_picked":["RobotSpaceExplorer:GlueShot","RobotSpaceExplorer:MiniDrones"],"picked":"RobotSpaceExplorer:GearShield","floor":10},{"not_picked":["RobotSpaceExplorer:ImprovisedAttack","RobotSpaceExplorer:Discharger"],"picked":"RobotSpaceExplorer:Multitool","floor":13},{"not_picked":["RobotSpaceExplorer:Comet","RobotSpaceExplorer:Exploration"],"picked":"RobotSpaceExplorer:Autoloader","floor":16},{"not_picked":["RobotSpaceExplorer:FrostMissile","RobotSpaceExplorer:ImprovisedAttack"],"picked":"RobotSpaceExplorer:Jetpack","floor":18},{"not_picked":["RobotSpaceExplorer:GlueShot","RobotSpaceExplorer:FranticSearch"],"picked":"RobotSpaceExplorer:StunGrenade+1","floor":20},{"not_picked":["RobotSpaceExplorer:GlueShot","RobotSpaceExplorer:ShockKick"],"picked":"RobotSpaceExplorer:Ammunition+1","floor":22},{"not_picked":["RobotSpaceExplorer:ShockKick+1","RobotSpaceExplorer:Pulsar+1"],"picked":"RobotSpaceExplorer:Counterblock","floor":24},{"not_picked":["RobotSpaceExplorer:FrostMissile","RobotSpaceExplorer:StarDust"],"picked":"RobotSpaceExplorer:DoubleBlock","floor":28},{"not_picked":["RobotSpaceExplorer:MiniDrones","RobotSpaceExplorer:Calculate"],"picked":"RobotSpaceExplorer:StarLightning","floor":31},{"not_picked":["RobotSpaceExplorer:HighVoltage","RobotSpaceExplorer:Accelerator"],"picked":"RobotSpaceExplorer:Wormhole","floor":33},{"not_picked":["RobotSpaceExplorer:Calculate","RobotSpaceExplorer:ShovelStrike+1"],"picked":"RobotSpaceExplorer:FreezingShield+1","floor":35},{"not_picked":["RobotSpaceExplorer:FrostMissile","RobotSpaceExplorer:ToxicBomb+1"],"picked":"RobotSpaceExplorer:SlimeMissile+1","floor":36},{"not_picked":["RobotSpaceExplorer:FranticSearch+1","RobotSpaceExplorer:GlueShot+1"],"picked":"RobotSpaceExplorer:RigExplosive+1","floor":38}],"player_experience":1029639,"relics_obtained":[{"floor":7,"key":"Eternal Feather"},{"floor":9,"key":"RobotSpaceExplorer:ClockworkSextant"},{"floor":13,"key":"Mango"},{"floor":31,"key":"RobotSpaceExplorer:FoglandsKnife"}],"event_choices":[{"damage_healed":0,"gold_gain":0,"player_choice":"Success","damage_taken":18,"relics_obtained":["Lantern"],"max_hp_gain":0,"max_hp_loss":0,"event_name":"Scrap Ooze","floor":3,"gold_loss":0},{"damage_healed":0,"gold_gain":0,"player_choice":"Lose Max HP","damage_taken":0,"relics_obtained":["Golden Idol"],"max_hp_gain":0,"max_hp_loss":6,"event_name":"Golden Idol","floor":11,"gold_loss":0},{"damage_healed":0,"gold_gain":0,"player_choice":"Ignored","damage_taken":0,"max_hp_gain":0,"max_hp_loss":0,"event_name":"Ghosts","floor":19,"gold_loss":0},{"damage_healed":0,"gold_gain":0,"player_choice":"Ignored","damage_taken":0,"max_hp_gain":0,"max_hp_loss":0,"event_name":"The Mausoleum","floor":21,"gold_loss":0},{"damage_healed":0,"gold_gain":0,"player_choice":"Fight","damage_taken":0,"max_hp_gain":0,"max_hp_loss":0,"event_name":"Colosseum","floor":29,"gold_loss":0},{"damage_healed":0,"gold_gain":0,"player_choice":"Fled From Nobs","damage_taken":0,"max_hp_gain":0,"max_hp_loss":0,"event_name":"Colosseum","floor":29,"gold_loss":0},{"damage_healed":0,"gold_gain":0,"player_choice":"Ignored","damage_taken":0,"max_hp_gain":0,"max_hp_loss":0,"event_name":"Tomb of Lord Red Mask","floor":37,"gold_loss":0}],"is_beta":false,"boss_relics":[{"not_picked":["Tiny House","Runic Pyramid"],"picked":"RobotSpaceExplorer:Reprocessor"},{"not_picked":["Cursed Key","Black Star"],"picked":"RobotSpaceExplorer:SearchSpecs"}],"items_purged_floors":[0,14,30],"is_endless":false,"potions_floor_spawned":[1,16,20,24,29,35],"killed_by":"Sphere and 2 Shapes","ascension_level":1}}