{"host":"flm17o2q7bfjyna6","time":1610650225,"event":{"mods":["2.2 Compatiblity","Act Like it!","BaseMod","Better Altar","Better Match","Better Note","Better Sensory Stone","Better Skull","Better Third Choice","Better Vampires","Colored Map","Colored Powertips","DeckTracker","Hermit","Minty Spire (QoL Compilation)","Quick Restart","Replay The Spire","Reworked Bosses","Spicy Shops","StSLib","Wandering Minibosses"],"gold_per_floor":[114,129,144,159,9,39,54,69,94,209,224,224,74,89,89,189,189,204,219,234,249,24,24,39,39,64,64,79,79,94,124,124,224,224,239,254,280,295,310,310,340,340,390,405,420,420,45,45,45,45],"floor_reached":51,"language":"ENG","playtime":2175,"items_purged":["Choke"],"score":832,"play_id":"9530bf7b-abc6-4077-a1d2-ecc5fe494c1d","local_time":"20210114135025","daily_mods":["Insanity","Uncertain Future","Binary"],"is_ascension_mode":false,"campfire_choices":[{"floor":12,"key":"REST"},{"data":"Draining Mist","floor":15,"key":"SMITH"},{"data":"Noxious Fumes","floor":23,"key":"SMITH"},{"data":"Catalyst","floor":27,"key":"SMITH"},{"floor":32,"key":"REST"},{"floor":40,"key":"REST"},{"floor":42,"key":"REST"},{"floor":49,"key":"REST"}],"circlet_count":0,"master_deck":["Backstab+1","Blade Dance","All Out Attack","Infinite Blades","Deadly Poison","Skewer","Dodge and Roll+1","Flechettes","Replay:Poison Smokescreen","Slice","Sucker Punch","Acrobatics","Expertise","Catalyst+1","Backflip","Crippling Poison","Catalyst","Tactician","ReplayTheSpireMod:Scrap Shanks","Cloak And Dagger","Heel Hook","Dagger Spray","Quick Slash","Acrobatics","Quick Slash","Backflip","Crippling Poison+1","Acrobatics","Underhanded Strike+1","PiercingWail","Replay:Poison Smokescreen","Poisoned Stab","Hidden Blade","Draining Mist+1","Bane","Prepared","Hidden Blade","ReplayTheSpireMod:Exploit Weakness","Outmaneuver","Toxin Wave+1","Eviscerate","Poisoned Stab","Quick Slash","Noxious Fumes+1","Eviscerate","Bane","Accuracy","Slice+1","Cloak And Dagger+1","Blur","Corpse Explosion+1","ReplayTheSpireMod:Splinters","Replay:Poison Smokescreen","ReplayTheSpireMod:From All Sides","CurseOfTheBell","Prepared+1","Deflect","Escape Plan+1","ReplayTheSpireMod:Speed Training","Tactician","Wraith Form v2","Doppelganger","Backflip+1","Prepared+1","Footwork","Noxious Fumes+1"],"relics":["Ring of the Snake","Toolbox","Gremlin Food","Vajra","MealTicket","Guide Book","Replay:Grab Bag","ReplayTheSpireMod:Onyx Gauntlets","ChewingGum","Calling Bell","PreservedInsect","Replay:Ringing Soul","The Specimen","Shovel","Strawberry","Replay:Wax Seal","WristBlade","Unceasing Top","War Paint","Orichalcum","Eternal Feather","Gremlin Horn","Ring of Fangs"],"acts_visited":["Exordium","TheCity","TheBeyond"],"potions_floor_usage":[16,50],"damage_taken":[{"damage":0,"enemies":"Cultist","floor":1,"turns":3},{"damage":0,"enemies":"2 Louse","floor":2,"turns":1},{"damage":7,"enemies":"Small Slimes","floor":3,"turns":3},{"damage":0,"enemies":"Blue Slaver","floor":4,"turns":3},{"damage":7,"enemies":"Gremlin Nob","floor":6,"turns":3},{"damage":0,"enemies":"3 Louse","floor":7,"turns":2},{"damage":6,"enemies":"Gremlin Gang","floor":8,"turns":4},{"damage":7,"enemies":"Red Slaver","floor":11,"turns":2},{"damage":15,"enemies":"Blue Slaver","floor":14,"turns":3},{"damage":42,"enemies":"Fading Forest","floor":16,"turns":11},{"damage":0,"enemies":"2 Thieves","floor":18,"turns":1},{"damage":1,"enemies":"Shell Parasite","floor":19,"turns":2},{"damage":3,"enemies":"Snake Plant","floor":20,"turns":2},{"damage":13,"enemies":"Sentry and Sphere","floor":21,"turns":4},{"damage":0,"enemies":"Snecko","floor":24,"turns":2},{"damage":12,"enemies":"Snake Plant","floor":28,"turns":3},{"damage":0,"enemies":"Chosen and Byrds","floor":30,"turns":3},{"damage":13,"enemies":"Slavers","floor":31,"turns":2},{"damage":35,"enemies":"bossMod:newChamp","floor":33,"turns":8},{"damage":0,"enemies":"3 Shapes","floor":35,"turns":4},{"damage":17,"enemies":"3 Darklings","floor":36,"turns":3},{"damage":22,"enemies":"2 Orb Walkers","floor":37,"turns":3},{"damage":13,"enemies":"4 Shapes","floor":38,"turns":5},{"damage":11,"enemies":"Writhing Mass","floor":39,"turns":3},{"damage":50,"enemies":"Nemesis","floor":41,"turns":5},{"damage":3,"enemies":"Jaw Worm Horde","floor":44,"turns":3},{"damage":27,"enemies":"Spire Growth","floor":45,"turns":4},{"damage":28,"enemies":"bossMod:newShapes","floor":50,"turns":6}],"seed_played":"-4891952413640654339","potions_obtained":[{"floor":1,"key":"SteroidPotion"},{"floor":2,"key":"Strength Potion"},{"floor":4,"key":"SteroidPotion"},{"floor":11,"key":"Fire Potion"},{"floor":14,"key":"Languid Potion"},{"floor":19,"key":"CultistPotion"},{"floor":20,"key":"CunningPotion"},{"floor":28,"key":"ColorlessPotion"},{"floor":36,"key":"ColorlessPotion"},{"floor":41,"key":"FairyPotion"}],"is_trial":false,"path_per_floor":["M","M","M","M","$","E","M","M","T","?","M","R","$","M","R","B",null,"M","M","M","M","$","R","M","?","T","R","M","?","M","E","R","B",null,"M","M","?","M","M","R","E","R","T","M","M","?","$","?","R","B",null],"character_chosen":"THE_SILENT","items_purchased":["Toolbox","Guide Book","Shovel","Eternal Feather","Gremlin Horn"],"campfire_rested":5,"item_purchase_floors":[5,13,22,47,47],"current_hp_per_floor":[70,70,63,63,63,56,56,50,50,50,43,64,70,55,55,13,70,73,72,69,59,74,74,74,74,81,81,72,75,78,68,95,63,98,98,84,65,52,44,76,29,62,62,59,35,35,50,50,113,85],"gold":45,"neow_bonus":"","is_daily":true,"chose_seed":false,"campfire_upgraded":3,"win_rate":0.0,"timestamp":1610650225,"path_taken":["M","M","M","?","?","E","M","M","T","?","M","R","$","M","R","BOSS","M","M","M","M","$","R","M","?","T","R","M","?","?","E","R","BOSS","M","M","?","M","M","R","E","R","T","M","M","?","$","?","R","BOSS"],"items_purchased_type":["Relic","Relic","Relic","Relic","Relic"],"build_version":"2020-12-22","purchased_purges":1,"victory":true,"max_hp_per_floor":[70,70,70,70,70,70,70,70,70,70,70,70,70,70,70,70,70,73,73,73,76,76,76,76,76,83,83,86,89,92,95,95,98,98,98,101,104,104,107,107,110,110,110,110,113,113,113,113,113,113],"card_choices":[{"not_picked":["Hidden Blade"],"picked":"Cloak And Dagger","floor":1},{"not_picked":["Dagger Spray","Bane"],"picked":"SKIP","floor":2},{"not_picked":["Flying Knee","Sucker Punch"],"picked":"SKIP","floor":3},{"not_picked":["Underhanded Strike","Dodge and Roll"],"picked":"SKIP","floor":4},{"not_picked":["Dagger Spray"],"picked":"Blur","floor":6},{"not_picked":["Cloak And Dagger","Well Laid Plans"],"picked":"SKIP","floor":7},{"not_picked":["Deadly Poison"],"picked":"Corpse Explosion","floor":8},{"not_picked":["Backflip"],"picked":"Replay:Poison Smokescreen","floor":10},{"not_picked":["Bane","Slice"],"picked":"SKIP","floor":11},{"not_picked":["Dagger Throw","Slice"],"picked":"SKIP","floor":14},{"not_picked":["Wraith Form v2"],"picked":"ReplayTheSpireMod:From All Sides","floor":16},{"not_picked":["Footwork"],"picked":"Prepared+1","floor":18},{"not_picked":["Sucker Punch+1","Deadly Poison"],"picked":"SKIP","floor":19},{"not_picked":["Well Laid Plans","Cloak And Dagger"],"picked":"SKIP","floor":20},{"not_picked":["Backflip"],"picked":"Deflect","floor":21},{"not_picked":["Outmaneuver","Crippling Poison"],"picked":"SKIP","floor":24},{"not_picked":["Acrobatics"],"picked":"Escape Plan","floor":28},{"not_picked":["Riddle With Holes"],"picked":"Tactician","floor":30},{"not_picked":["Sucker Punch"],"picked":"Wraith Form v2","floor":31},{"not_picked":["ReplayTheSpireMod:Necrosis"],"picked":"Doppelganger","floor":33},{"not_picked":["Flying Knee+1","ReplayTheSpireMod:Shiv Toss+1"],"picked":"SKIP","floor":35},{"not_picked":["Terror"],"picked":"Backflip+1","floor":36},{"not_picked":["Predator+1"],"picked":"Prepared+1","floor":37},{"not_picked":["Dagger Spray","Blur"],"picked":"SKIP","floor":38},{"not_picked":["Dodge and Roll"],"picked":"Footwork","floor":39},{"not_picked":["Setup"],"picked":"ReplayTheSpireMod:From All Sides","floor":41},{"not_picked":["Dodge and Roll","Dagger Spray"],"picked":"SKIP","floor":44},{"not_picked":["Bane"],"picked":"Noxious Fumes+1","floor":45}],"player_experience":1659947,"relics_obtained":[{"floor":6,"key":"Gremlin Food"},{"floor":9,"key":"Vajra"},{"floor":10,"key":"MealTicket"},{"floor":17,"key":"PreservedInsect"},{"floor":17,"key":"Replay:Ringing Soul"},{"floor":17,"key":"The Specimen"},{"floor":26,"key":"Strawberry"},{"floor":31,"key":"Replay:Wax Seal"},{"floor":37,"key":"Unceasing Top"},{"floor":41,"key":"War Paint"},{"floor":43,"key":"Orichalcum"},{"floor":48,"key":"Ring of Fangs"}],"event_choices":[{"damage_healed":0,"gold_gain":0,"cards_transformed":["Slice"],"player_choice":"Transformed","damage_taken":0,"max_hp_gain":0,"max_hp_loss":0,"event_name":"Transmorgrifier","floor":29,"gold_loss":0,"cards_obtained":["ReplayTheSpireMod:Speed Training"]},{"damage_healed":0,"gold_gain":0,"player_choice":"Fight","damage_taken":0,"max_hp_gain":0,"max_hp_loss":0,"event_name":"Mysterious Sphere","floor":37,"gold_loss":0},{"cards_removed":["ReplayTheSpireMod:From All Sides"],"damage_healed":0,"gold_gain":0,"player_choice":"Removed Attack","damage_taken":0,"max_hp_gain":0,"max_hp_loss":0,"event_name":"Falling","floor":46,"gold_loss":0}],"is_beta":false,"boss_relics":[{"not_picked":["Replay:Ancient Bell","Ring of Chaos"],"picked":"Replay:Grab Bag"},{"not_picked":["Coffee Dripper","Velvet Choker"],"picked":"ReplayTheSpireMod:Onyx Gauntlets"},{"not_picked":["Abe\u0027s Treasure","Sozu"],"picked":"ChewingGum"},{"not_picked":["Empty Cage","Kintsugi"],"picked":"Calling Bell"},{"not_picked":["Snecko Heart","Runic Dome"],"picked":"WristBlade"}],"items_purged_floors":[22],"is_endless":false,"potions_floor_spawned":[1,2,4,11,14,19,20,28,31,35,36,39,41,45],"ascension_level":0}}