{"host":"r53pw7z744tg3fxg","time":1610651667,"event":{"mods":["AchievementEnabler","BaseMod","Colored Map","Colored Powertips","Highlight Path","Minty Spire (QoL Compilation)","Quick Restart","Transform Curses"],"gold_per_floor":[118,118,132,132,307,338,338,378,405,405,447,475,524,90,90,192,264,292,68,97,22,46,46,98,98,122,122,146,146,146,146,146,253,262,289,289,98,168,501,501,461,461,485,495,495,522,44,63,63,63,63],"floor_reached":50,"language":"ENG","playtime":1727,"items_purged":["Injury"],"score":887,"play_id":"3ea0101d-59ce-4f84-8379-9c0787565b93","local_time":"20210114121427","is_ascension_mode":true,"campfire_choices":[{"data":"Judgement","floor":7.0,"key":"SMITH"},{"floor":10.0,"key":"REST"},{"floor":15.0,"key":"REST"},{"floor":23.0,"key":"REST"},{"floor":25.0,"key":"REST"},{"data":"ForeignInfluence","floor":27.0,"key":"SMITH"},{"data":"BattleHymn","floor":29.0,"key":"SMITH"},{"data":"Wish","floor":32.0,"key":"SMITH"},{"floor":40.0,"key":"REST"},{"data":"PathToVictory","floor":42.0,"key":"SMITH"},{"data":"Prostrate","floor":45.0,"key":"SMITH"},{"data":"Apotheosis","floor":49.0,"key":"SMITH"}],"circlet_count":0,"master_deck":["AscendersBane","Strike_P+1","Strike_P+1","Strike_P+1","Strike_P+1","Defend_P+1","Defend_P+1","Defend_P+1","Defend_P+1","Eruption+1","Vigilance","CutThroughFate+1","Consecrate","Judgement+1","Evaluate","BattleHymn+1","EmptyBody","ThirdEye","SandsOfTime","Wish+1","BowlingBash","Dramatic Entrance","ForeignInfluence+1","SashWhip","Prostrate+1","FollowUp+1","MasterReality+1","CurseOfTheBell","Crescendo","Panacea","PathToVictory+1","Halt","Wallop","Apotheosis+1","FlurryOfBlows","Sanctity"],"relics":["PureWater","NeowsBlessing","Anchor","InkBottle","CeramicFish","Whetstone","Letter Opener","HandDrill","Eternal Feather","Tiny House","ClockworkSouvenir","White Beast Statue","Vajra","Calling Bell","Oddly Smooth Stone","Kunai","TungstenRod","Calipers","Art of War","Akabeko","Lee\u0027s Waffle"],"acts_visited":["Exordium","TheCity","TheBeyond"],"potions_floor_usage":[50,50],"damage_taken":[{"damage":0.0,"enemies":"Cultist","floor":1.0,"turns":1.0},{"damage":0.0,"enemies":"Jaw Worm","floor":3.0,"turns":1.0},{"damage":0.0,"enemies":"Gremlin Nob","floor":6.0,"turns":1.0},{"damage":17.0,"enemies":"Lagavulin","floor":8.0,"turns":6.0},{"damage":7.0,"enemies":"3 Sentries","floor":11.0,"turns":4.0},{"damage":0.0,"enemies":"2 Louse","floor":12.0,"turns":2.0},{"damage":19.0,"enemies":"Lagavulin","floor":13.0,"turns":6.0},{"damage":22.0,"enemies":"Hexaghost","floor":16.0,"turns":7.0},{"damage":17.0,"enemies":"Chosen","floor":18.0,"turns":6.0},{"damage":13.0,"enemies":"Shell Parasite","floor":20.0,"turns":4.0},{"damage":16.0,"enemies":"Snecko","floor":22.0,"turns":4.0},{"damage":19.0,"enemies":"Gremlin Leader","floor":24.0,"turns":5.0},{"damage":27.0,"enemies":"Snake Plant","floor":28.0,"turns":4.0},{"damage":50.0,"enemies":"Champ","floor":33.0,"turns":8.0},{"damage":10.0,"enemies":"Orb Walker","floor":35.0,"turns":3.0},{"damage":25.0,"enemies":"2 Orb Walkers","floor":38.0,"turns":4.0},{"damage":2.0,"enemies":"3 Shapes","floor":44.0,"turns":3.0},{"damage":6.0,"enemies":"Jaw Worm Horde","floor":46.0,"turns":2.0},{"damage":15.0,"enemies":"3 Darklings","floor":48.0,"turns":4.0},{"damage":90,"enemies":"Donu and Deca","floor":50,"turns":7}],"seed_played":"-5880979272290746030","potions_obtained":[{"floor":1.0,"key":"BottledMiracle"},{"floor":8.0,"key":"StancePotion"},{"floor":13.0,"key":"PowerPotion"},{"floor":16.0,"key":"SteroidPotion"},{"floor":17.0,"key":"EssenceOfSteel"},{"floor":20.0,"key":"PowerPotion"},{"floor":22.0,"key":"BottledMiracle"},{"floor":28.0,"key":"SpeedPotion"},{"floor":33.0,"key":"LiquidMemories"},{"floor":35.0,"key":"SkillPotion"},{"floor":38.0,"key":"Ancient Potion"},{"floor":44.0,"key":"LiquidBronze"},{"floor":46.0,"key":"Block Potion"},{"floor":48.0,"key":"PowerPotion"}],"is_trial":false,"path_per_floor":["M","?","M","?","?","E","R","E","T","R","E","M","E","$","R","B",null,"M","$","M","?","M","R","E","R","T","R","M","R","?","?","R","B",null,"M","?","$","?","?","R","?","R","T","M","R","M","$","M","R","B"],"character_chosen":"WATCHER","items_purchased":["HandDrill","Eternal Feather","SandsOfTime","ClockworkSouvenir","Dramatic Entrance","Panacea","PathToVictory","Akabeko","Lee\u0027s Waffle","Apotheosis","FlurryOfBlows"],"campfire_rested":5,"item_purchase_floors":[14,14,14,19,19,37,37,47,47,47,47],"current_hp_per_floor":[65,65,65,65,65,65,65,48,48,69,62,62,43,43,72,50,72,55,55,42,42,26,64,45,77,77,77,50,65,65,65,77,27,65,55,55,55,30,30,71,71,77,77,75,77,71,84,69,84,0,0],"gold":63,"neow_bonus":"THREE_ENEMY_KILL","is_daily":false,"chose_seed":false,"campfire_upgraded":7,"win_rate":0.0,"timestamp":1610651667,"path_taken":["M","?","?","?","?","E","R","E","T","R","E","M","E","$","R","BOSS","M","$","M","?","M","R","E","R","T","R","M","R","?","?","R","BOSS","M","?","$","?","?","R","?","R","T","M","R","M","$","?","R","BOSS"],"items_purchased_type":["Relic","Relic","Card","Relic","Card","Card","Card","Relic","Relic","Card","Card"],"build_version":"2020-12-22","purchased_purges":1,"victory":false,"max_hp_per_floor":[72,72,72,72,72,72,72,72,72,72,72,72,72,72,72,72,77,77,77,77,77,77,77,77,77,77,77,77,77,77,77,77,77,77,77,77,77,77,77,77,77,77,77,77,77,77,84,84,84,84,84],"card_choices":[{"not_picked":["SignatureMove","ThirdEye"],"picked":"CutThroughFate","floor":1.0},{"not_picked":["FlyingSleeves","Prostrate"],"picked":"Consecrate","floor":3.0},{"not_picked":["JustLucky","Weave"],"picked":"Judgement","floor":6.0},{"not_picked":["FlurryOfBlows","ClearTheMind"],"picked":"Evaluate","floor":8.0},{"not_picked":["Adaptation","SignatureMove"],"picked":"BattleHymn","floor":11.0},{"not_picked":["CrushJoints","Meditate"],"picked":"EmptyBody","floor":12.0},{"not_picked":["EmptyFist","LikeWater"],"picked":"ThirdEye","floor":13.0},{"not_picked":["Omniscience","Judgement"],"picked":"Wish","floor":16.0},{"not_picked":["CutThroughFate","Consecrate"],"picked":"BowlingBash","floor":17.0},{"not_picked":["Nirvana","CutThroughFate+1"],"picked":"ClearTheMind","floor":18.0},{"not_picked":["Perseverance","Evaluate"],"picked":"ForeignInfluence","floor":20.0},{"not_picked":["Collect","BowlingBash"],"picked":"SashWhip","floor":22.0},{"not_picked":["Halt","Fasting2"],"picked":"Prostrate","floor":24.0},{"not_picked":["SashWhip","Protect"],"picked":"FollowUp","floor":28.0},{"not_picked":["Blasphemy","Brilliance"],"picked":"MasterReality","floor":33.0},{"not_picked":["SashWhip","Consecrate"],"picked":"Crescendo","floor":35.0},{"not_picked":["BowlingBash","ClearTheMind"],"picked":"Halt","floor":38.0},{"not_picked":["BowlingBash","MentalFortress","CrushJoints"],"picked":"SKIP","floor":44.0},{"not_picked":["Worship","EmptyFist"],"picked":"Wallop","floor":46.0},{"not_picked":["FlyingSleeves","Wallop"],"picked":"Sanctity","floor":48.0}],"player_experience":1254706,"relics_obtained":[{"floor":6.0,"key":"Anchor"},{"floor":8.0,"key":"InkBottle"},{"floor":9.0,"key":"CeramicFish"},{"floor":11.0,"key":"Whetstone"},{"floor":13.0,"key":"Letter Opener"},{"floor":24.0,"key":"White Beast Statue"},{"floor":26.0,"key":"Vajra"},{"floor":34.0,"key":"Oddly Smooth Stone"},{"floor":34.0,"key":"Kunai"},{"floor":34.0,"key":"TungstenRod"},{"floor":38.0,"key":"Calipers"},{"floor":43.0,"key":"Art of War"}],"event_choices":[{"damage_healed":0.0,"max_hp_gain":0.0,"max_hp_loss":0.0,"gold_gain":0.0,"event_name":"Accursed Blacksmith","player_choice":"Forge","floor":2.0,"gold_loss":0.0,"damage_taken":0.0,"cards_upgraded":["Eruption"]},{"damage_healed":0.0,"max_hp_gain":0.0,"max_hp_loss":0.0,"gold_gain":0.0,"event_name":"Golden Idol","player_choice":"Take Wound","floor":4.0,"gold_loss":0.0,"damage_taken":0.0,"relics_obtained":["Golden Idol"],"cards_obtained":["Injury"]},{"damage_healed":0.0,"max_hp_gain":0.0,"max_hp_loss":0.0,"gold_gain":175.0,"event_name":"Liars Game","player_choice":"AGREE","floor":5.0,"gold_loss":0.0,"damage_taken":0.0,"cards_obtained":["Doubt"]},{"cards_removed":["Doubt"],"damage_healed":0.0,"max_hp_gain":0.0,"max_hp_loss":0.0,"gold_gain":0.0,"event_name":"Beggar","player_choice":"Gave Gold","floor":21.0,"gold_loss":75.0,"damage_taken":0.0},{"damage_healed":0.0,"max_hp_gain":0.0,"max_hp_loss":0.0,"gold_gain":0.0,"event_name":"Back to Basics","player_choice":"Simplicity","floor":30.0,"gold_loss":0.0,"damage_taken":0.0,"cards_upgraded":["Strike_P","Strike_P","Defend_P","Defend_P","Defend_P","Defend_P"]},{"damage_healed":0.0,"max_hp_gain":0.0,"max_hp_loss":0.0,"gold_gain":0.0,"event_name":"Ghosts","player_choice":"Ignored","floor":31.0,"gold_loss":0.0,"damage_taken":0.0},{"cards_removed":["ClearTheMind"],"damage_healed":0.0,"max_hp_gain":0.0,"max_hp_loss":0.0,"gold_gain":0.0,"event_name":"Falling","player_choice":"Removed Skill","floor":36.0,"gold_loss":0.0,"damage_taken":0.0},{"damage_healed":0.0,"max_hp_gain":0.0,"max_hp_loss":0.0,"gold_gain":0.0,"event_name":"Mysterious Sphere","player_choice":"Fight","floor":38.0,"gold_loss":0.0,"damage_taken":0.0},{"damage_healed":0.0,"max_hp_gain":0.0,"max_hp_loss":0.0,"gold_gain":333.0,"event_name":"The Moai Head","player_choice":"Gave Idol","floor":39.0,"relics_lost":["Golden Idol"],"gold_loss":0.0,"damage_taken":0.0},{"damage_healed":0.0,"max_hp_gain":0.0,"max_hp_loss":0.0,"gold_gain":0.0,"event_name":"Designer","player_choice":"Upgraded Two","floor":41.0,"gold_loss":40.0,"damage_taken":0.0,"cards_upgraded":["MasterReality","FollowUp"]}],"is_beta":false,"boss_relics":[{"not_picked":["Cursed Key","Philosopher\u0027s Stone"],"picked":"Tiny House"},{"not_picked":["Coffee Dripper","VioletLotus"],"picked":"Calling Bell"}],"items_purged_floors":[37],"is_endless":false,"potions_floor_spawned":[1,8,13,16,20,22,28,33,35,38,44,46,48],"killed_by":"Donu and Deca","ascension_level":13}}