{"host":"ELF","time":1610648348,"event":{"mods":["BaseMod","Minty Spire (QoL Compilation)"],"gold_per_floor":[117,133,149,74,74,74,113,113,113,113,113,263,289,289,289,289,289],"floor_reached":16,"language":"ENG","playtime":417,"items_purged":["Regret"],"score":187,"play_id":"4b5cdb03-f115-4ac6-8843-ff8c0d9235a4","local_time":"20210114121908","is_ascension_mode":true,"campfire_choices":[{"floor":6,"key":"REST"},{"floor":8,"key":"REST"},{"floor":10,"key":"REST"},{"data":"Rupture","floor":15,"key":"SMITH"}],"circlet_count":0,"master_deck":["AscendersBane","Strike_R","Strike_R","Strike_R","Strike_R","Strike_R","Defend_R","Defend_R","Defend_R","Defend_R","Bash","Mayhem","Disarm","Rupture+1","Flame Barrier","Injury","Power Through","Regret"],"relics":["Burning Blood","Golden Idol","Mummified Hand","Darkstone Periapt","Potion Belt","Orichalcum"],"acts_visited":["Exordium"],"potions_floor_usage":[7],"damage_taken":[{"damage":13,"enemies":"Small Slimes","floor":1,"turns":6},{"damage":7,"enemies":"Jaw Worm","floor":2,"turns":6},{"damage":21,"enemies":"2 Louse","floor":3,"turns":4},{"damage":57,"enemies":"Gremlin Nob","floor":7,"turns":5},{"damage":66,"enemies":"Slime Boss","floor":16,"turns":11}],"seed_played":"2641639147094597527","potions_obtained":[{"floor":2,"key":"Explosive Potion"}],"is_trial":false,"path_per_floor":["M","M","M","$","?","R","E","R","T","R","?","?","T","?","R","B"],"character_chosen":"IRONCLAD","items_purchased":[],"campfire_rested":3,"item_purchase_floors":[],"current_hp_per_floor":[61,60,45,45,45,67,16,38,38,60,66,72,72,65,65,0,0],"gold":289,"neow_bonus":"RANDOM_COLORLESS_2","is_daily":false,"chose_seed":false,"campfire_upgraded":1,"win_rate":0.0,"timestamp":1610648348,"path_taken":["M","M","M","$","?","R","E","R","T","R","?","?","?","?","R","BOSS"],"items_purchased_type":[],"build_version":"2020-12-18","purchased_purges":1,"victory":false,"max_hp_per_floor":[75,75,75,75,75,75,75,75,75,75,81,87,87,87,87,87,87],"card_choices":[{"not_picked":["Transmutation","Violence"],"picked":"Mayhem","floor":0},{"not_picked":["Havoc","Metallicize"],"picked":"Disarm","floor":1},{"not_picked":["Wild Strike","Sword Boomerang"],"picked":"Rupture","floor":2},{"not_picked":["Rupture","Power Through"],"picked":"Flame Barrier","floor":3},{"not_picked":["Flex","Sentinel"],"picked":"Power Through","floor":7}],"player_experience":3205981,"relics_obtained":[{"floor":7,"key":"Mummified Hand"},{"floor":9,"key":"Darkstone Periapt"},{"floor":13,"key":"Orichalcum"}],"event_choices":[{"damage_healed":0,"gold_gain":0,"player_choice":"Take Wound","damage_taken":0,"relics_obtained":["Golden Idol"],"max_hp_gain":0,"max_hp_loss":0,"event_name":"Golden Idol","floor":5,"gold_loss":0,"cards_obtained":["Injury"]},{"damage_healed":0,"gold_gain":0,"player_choice":"Box","damage_taken":0,"relics_obtained":["Potion Belt"],"max_hp_gain":0,"max_hp_loss":0,"event_name":"Big Fish","floor":11,"gold_loss":0,"cards_obtained":["Regret"]},{"damage_healed":0,"gold_gain":150,"player_choice":"AGREE","damage_taken":0,"max_hp_gain":0,"max_hp_loss":0,"event_name":"Liars Game","floor":12,"gold_loss":0,"cards_obtained":["Doubt"]},{"cards_removed":["Doubt"],"damage_healed":0,"gold_gain":0,"player_choice":"Card Removal","damage_taken":7,"max_hp_gain":0,"max_hp_loss":0,"event_name":"Golden Wing","floor":14,"gold_loss":0}],"is_beta":true,"boss_relics":[],"items_purged_floors":[4],"is_endless":false,"potions_floor_spawned":[2],"killed_by":"Slime Boss","ascension_level":19}}