{"host":"0rxdudjy6rylha1k","time":1610649019,"event":{"mods":["Aspiration","BaseMod","Colored Map","Colored Powertips","Downfall","Highlight Path","Hubris","Minty Spire (QoL Compilation)","StSLib"],"gold_per_floor":[99,114,127,227,244,10,10,40,40,55,55,55,55,4,19,122,122,47,61,146,169,192,299,299,149,169,203,219,219,219,251,262,357,357,357,372,222,232,232,247,247,265,284,284,384,399,399,413,430,430],"floor_reached":51,"language":"ENG","playtime":11703,"items_purged":[],"score":743,"play_id":"a23fa674-d0c8-4830-9047-e1eb32b19a3c","local_time":"20210114113019","is_ascension_mode":false,"campfire_choices":[{"floor":1.0,"key":"RECALL"},{"floor":9.0,"key":"REST"},{"data":"Blind","floor":11.0,"key":"SMITH"},{"data":"hexamod:Float","floor":13.0,"key":"SMITH"},{"data":"hexamod:HeatShield","floor":18.0,"key":"SMITH"},{"floor":25,"key":"REST"},{"data":"hexamod:WildfireWeapon","floor":35,"key":"SMITH"},{"data":"hexamod:HeatMetal","floor":47,"key":"SMITH"}],"circlet_count":0,"master_deck":["hexamod:Strike+1","hexamod:Strike+1","hexamod:Strike","hexamod:Strike+1","hexamod:Defend","hexamod:Defend+1","hexamod:Defend+1","hexamod:Defend+1","hexamod:Sear+1","hexamod:Float+1","Blind+1","hexamod:GhostflameBarrier+1","hexamod:EmpoweredFlame","hexamod:Firestarter+1","hexamod:SpectersWail+1","hexamod:ExtraCrispy","hexamod:Rewind","hexamod:HeatShield+1","hexamod:WildfireWeapon+1","hexamod:WildfireWeapon+1","hexamod:AdvancingGuard+1","hexamod:RadiantFlame+1","hexamod:HeatMetal+1","hexamod:SixthSeal","hexamod:TimeWarp+1","hexamod:GhostOfSpirePast+1","hexamod:TimeWarp+1","hexamod:PhantomFireball+1"],"relics":["hexamod:SpiritBrand","hubris:EmptyBottle","Lizard Tail","Black Star","downfall:HeartBlessingRed","hexamod:TheBrokenSeal","Toy Ornithopter","Singing Bowl","downfall:HeartBlessingGreen","downfall:HeartBlessingBlue","Kunai","hubris:ToyBattleship","hubris:CrystalStatue","Akabeko","aspiration:DefectSkillbook","Ginger","hubris:Towel"],"acts_visited":["Exordium","TheCity","TheBeyond"],"potions_floor_usage":[19,19,19,19,21,21,21,21,21,21,21,22,22,22,22,23,23,23,26,26,26,26,26,26,31,31,49,49,49,50,50,50],"damage_taken":[{"damage":2.0,"enemies":"Small Slimes","floor":2.0,"turns":4.0},{"damage":0.0,"enemies":"Jaw Worm","floor":3.0,"turns":4.0},{"damage":0.0,"enemies":"2 Louse","floor":5.0,"turns":3.0},{"damage":0.0,"enemies":"downfall:FleeingMerchant","floor":6.0,"turns":4.0},{"damage":27.0,"enemies":"Gremlin Nob","floor":8.0,"turns":5.0},{"damage":1.0,"enemies":"2 Fungi Beasts","floor":10.0,"turns":3.0},{"damage":0.0,"enemies":"downfall:FleeingMerchant","floor":14.0,"turns":4.0},{"damage":0.0,"enemies":"Large Slime","floor":15.0,"turns":6.0},{"damage":13.0,"enemies":"downfall:Silent","floor":16.0,"turns":9.0},{"damage":10,"enemies":"Shell Parasite","floor":19,"turns":6},{"damage":1,"enemies":"Spheric Guardian","floor":21,"turns":6},{"damage":3,"enemies":"Centurion and Healer","floor":22,"turns":6},{"damage":64,"enemies":"downfall:LadyInBlue","floor":23,"turns":15},{"damage":40,"enemies":"Snecko","floor":26,"turns":6},{"damage":28,"enemies":"Gremlin Leader","floor":27,"turns":10},{"damage":9,"enemies":"Snake Plant","floor":28,"turns":4},{"damage":10,"enemies":"Book of Stabbing","floor":31,"turns":6},{"damage":0,"enemies":"Cultist and Chosen","floor":32,"turns":5},{"damage":42,"enemies":"downfall:Watcher","floor":33,"turns":7},{"damage":0,"enemies":"Orb Walker","floor":36,"turns":4},{"damage":0,"enemies":"3 Darklings","floor":38,"turns":6},{"damage":1,"enemies":"Jaw Worm Horde","floor":40,"turns":4},{"damage":0,"enemies":"Maw","floor":42,"turns":6},{"damage":0,"enemies":"Writhing Mass","floor":43,"turns":3},{"damage":0,"enemies":"Spire Growth","floor":46,"turns":4},{"damage":22,"enemies":"4 Shapes","floor":48,"turns":4},{"damage":10,"enemies":"Maw","floor":49,"turns":3},{"damage":11,"enemies":"downfall:Defect","floor":50,"turns":4}],"seed_played":"7518356121495291619","potions_obtained":[{"floor":3.0,"key":"BlessingOfTheForge"},{"floor":8.0,"key":"AttackPotion"},{"floor":10.0,"key":"SkillPotion"},{"floor":15.0,"key":"Strength Potion"},{"floor":15.0,"key":"Fire Potion"},{"floor":16.0,"key":"AttackPotion"},{"floor":16.0,"key":"SkillPotion"},{"floor":19,"key":"EntropicBrew"},{"floor":21,"key":"EssenceOfSteel"},{"floor":22,"key":"Swift Potion"},{"floor":23,"key":"sneckomod:MuddlingPotion"},{"floor":23,"key":"Explosive Potion"},{"floor":23,"key":"Swift Potion"},{"floor":28,"key":"SteroidPotion"},{"floor":38,"key":"Weak Potion"},{"floor":43,"key":"AttackPotion"},{"floor":48,"key":"hexamod:EctoCoolerPotion"},{"floor":49,"key":"Swift Potion"}],"is_trial":false,"path_per_floor":["R","M","M","?","M","$","T","E","R","M","R","?","R","$","M","B",null,"R","M","?","M","M","?","T","R","M","E","M","?","?","E","M","B",null,"R","M","?","M","?","M","T","M","M","?","?","M","R","M","M","B",null],"character_chosen":"THE_SPIRIT","items_purchased":["hubris:EmptyBottle","hexamod:ThirdSeal","hexamod:FourthSeal"],"campfire_rested":2,"item_purchase_floors":[6,6,14],"current_hp_per_floor":[70,68,68,68,68,68,68,41,62,61,61,68,68,68,68,55,70,70,60,46,45,42,26,26,63,55,29,22,22,22,22,22,47,98,98,100,110,112,112,111,111,113,115,115,115,117,117,97,104,108],"gold":430,"neow_bonus":"RANDOM_COLORLESS","is_daily":false,"chose_seed":false,"campfire_upgraded":5,"win_rate":0.0,"timestamp":1610649019,"path_taken":["R","M","M","?","M","$","T","E","R","M","R","?","R","?","M","BOSS","R","M","?","M","M","?","T","R","?","E","M","?","?","E","M","BOSS","R","M","?","?","?","?","T","M","M","?","?","?","R","M","M","BOSS"],"items_purchased_type":["Relic","Card","Card"],"build_version":"2020-12-22","purchased_purges":0,"victory":true,"max_hp_per_floor":[70,70,70,70,70,70,70,70,70,70,70,70,70,70,70,70,70,70,70,70,70,70,80,80,90,92,94,96,96,96,96,96,98,98,98,100,110,112,112,112,112,114,116,116,116,118,118,120,122,122],"card_choices":[{"not_picked":["expansioncontent:FaceSlap","Dark Shackles"],"picked":"Blind","floor":0.0},{"not_picked":["hexamod:HauntingEcho","hexamod:ChargedBarrage"],"picked":"hexamod:GhostflameBarrier","floor":2.0},{"not_picked":["hexamod:HauntingEcho","hexamod:SpectersWail"],"picked":"hexamod:EmpoweredFlame","floor":3.0},{"not_picked":["hexamod:FastForward","hexamod:GhostShield"],"picked":"hexamod:Firestarter","floor":5.0},{"not_picked":["hexamod:StepThrough","hexamod:CatchUp"],"picked":"hexamod:SpectersWail","floor":6.0},{"not_picked":["hexamod:RainOfEmbers","hexamod:ThirdSeal"],"picked":"hexamod:FifthSeal","floor":8.0},{"not_picked":["hexamod:FastForward","hexamod:StepThrough","hexamod:ShieldOfDarkness"],"picked":"SKIP","floor":8.0},{"not_picked":["hexamod:BurningTouch","hexamod:SkipABeat"],"picked":"hexamod:ExtraCrispy","floor":10.0},{"not_picked":["hexamod:InspiringFlames","hexamod:FlamesFromBeyond"],"picked":"hexamod:Rewind","floor":14.0},{"not_picked":["hexamod:ThirdSeal","hexamod:FirstSeal"],"picked":"hexamod:SixthSeal","floor":14.0},{"not_picked":["hexamod:NightmareStrike","hexamod:SpectersWail"],"picked":"hexamod:HeatShield","floor":14.0},{"not_picked":["hexamod:FourthSeal","hexamod:NightmareGuise","hexamod:GhostShield"],"picked":"SKIP","floor":15.0},{"not_picked":["hexamod:NightmareStrike","hexamod:InspiringFlames","hexamod:SkipABeat"],"picked":"SKIP","floor":15.0},{"not_picked":["hexamod:SearingWound","hexamod:GhostflameInferno"],"picked":"hexamod:WildfireWeapon","floor":16.0},{"not_picked":["hexamod:UnlimitedPower","hexamod:UnleashSpirits"],"picked":"hexamod:WildfireWeapon","floor":16.0},{"not_picked":["hexamod:ThirdSeal","hexamod:FourthSeal"],"picked":"hexamod:SecondSeal","floor":19},{"not_picked":["hexamod:GhostShield","hexamod:NightmareStrike"],"picked":"hexamod:AdvancingGuard+1","floor":19},{"not_picked":["hexamod:HauntingEcho","hexamod:EtherealExpedition+1"],"picked":"hexamod:RadiantFlame","floor":21},{"not_picked":["hexamod:ShieldOfDarkness","hexamod:HeatShield"],"picked":"hexamod:HeatMetal","floor":21},{"not_picked":["hexamod:SixthSeal","hexamod:SecondSeal"],"picked":"hexamod:FirstSeal","floor":22},{"not_picked":["hexamod:StepThrough","hexamod:GhostLash","hexamod:SkipABeat"],"picked":"SKIP","floor":22},{"not_picked":["hexamod:HauntingEcho","hexamod:BacktrackSmack+1","hexamod:FourthSeal"],"picked":"SKIP","floor":22},{"not_picked":["hexamod:ThirdSeal","hexamod:SecondSeal"],"picked":"hexamod:SixthSeal","floor":23},{"not_picked":["hexamod:SwordOfDarkness+1","hexamod:NightmareStrike","hexamod:FlamesFromBeyond"],"picked":"Singing Bowl","floor":26},{"not_picked":["hexamod:SuperheatedStrike","hexamod:RetreatToShadows","hexamod:GhostLash"],"picked":"Singing Bowl","floor":27},{"not_picked":["hexamod:EmpoweredFlame","hexamod:CatchUp","hexamod:PhantomCloak"],"picked":"Singing Bowl","floor":28},{"not_picked":["hexamod:NightmareGuise","hexamod:FlamesFromBeyond"],"picked":"hexamod:TimeWarp","floor":31},{"not_picked":["hexamod:RainOfEmbers","hexamod:SuperheatedStrike"],"picked":"hexamod:GhostOfSpirePast+1","floor":32},{"not_picked":["hexamod:WildfireWeapon","hexamod:CrushingStance","hexamod:UnlimitedPower"],"picked":"Singing Bowl","floor":33},{"not_picked":["Turbo","Gash","hexamod:Again+1","hexamod:CatchUp+1"],"picked":"Singing Bowl","floor":36},{"not_picked":["hexamod:GhostLash","hexamod:RainOfEmbers","hexamod:NightmareStrike+1","hexamod:SuperheatedStrike+1"],"picked":"Singing Bowl","floor":38},{"not_picked":["Go for the Eyes+1","hexamod:NightmareGuise","hexamod:Hexaguard+1"],"picked":"hexamod:PhantomFireball+1","floor":40},{"not_picked":["Reboot","hexamod:SkipABeat","hexamod:NightmareStrike","Genetic Algorithm"],"picked":"Singing Bowl","floor":42},{"not_picked":["hexamod:ThermalTransfer","Gash+1","hexamod:NightmareGuise","Steam+1"],"picked":"Singing Bowl","floor":43},{"not_picked":["hexamod:ThermalTransfer+1","Skim+1","Cold Snap+1","hexamod:RainOfEmbers"],"picked":"Singing Bowl","floor":46},{"not_picked":["Steam Power+1","Coolheaded","Hologram+1","hexamod:RainOfEmbers"],"picked":"Singing Bowl","floor":48},{"not_picked":["Force Field","Ball Lightning+1","Static Discharge+1","Coolheaded"],"picked":"Singing Bowl","floor":49}],"player_experience":2477024,"relics_obtained":[{"floor":8.0,"key":"Lizard Tail"},{"floor":23,"key":"Toy Ornithopter"},{"floor":24,"key":"Singing Bowl"},{"floor":27,"key":"Kunai"},{"floor":27,"key":"hubris:ToyBattleship"},{"floor":31,"key":"hubris:CrystalStatue"},{"floor":31,"key":"Akabeko"},{"floor":41,"key":"Ginger"}],"event_choices":[{"damage_healed":0,"gold_gain":0,"player_choice":"Copied","damage_taken":0,"max_hp_gain":0,"max_hp_loss":0,"event_name":"Duplicator","floor":39,"gold_loss":0,"cards_obtained":["hexamod:TimeWarp"]}],"is_beta":false,"boss_relics":[{"not_picked":["Pandora\u0027s Box","Coffee Dripper"],"picked":"Black Star"},{"not_picked":["aspiration:RitualDagger","Philosopher\u0027s Stone"],"picked":"aspiration:DefectSkillbook"}],"items_purged_floors":[],"is_endless":false,"potions_floor_spawned":[3,8,10,15,16,21,22,28,38,43,48,49],"ascension_level":0}}