{"host":"126yiuos2nq86se7","time":1610586767,"event":{"mods":["AchievementEnabler","Act Like it!","BaseMod","Colored Map","Colored Powertips","Downfall","Friendly Minions","Halation","Highlight Path","Jorbs\u0027s Wanderer Trilogy","Marisa????????","Minty Spire (QoL Compilation)","Replay The Spire","StSLib","SuperFastMode","The Animator","The Hierophant","The Servant 0.9.4"],"gold_per_floor":[114,39,39,51,62,62,87,105,105,105,105,115,133,133,147,157,157,252,252,217,236,249,249,249],"floor_reached":23,"language":"ENG","playtime":838,"items_purged":["hierophant:Strike_Hierophant"],"score":217,"play_id":"d6e359fd-a839-4f95-b032-5b119ab0abad","local_time":"20210114121247","is_ascension_mode":true,"campfire_choices":[{"floor":6,"key":"REST"},{"floor":17,"key":"REST"}],"circlet_count":0,"master_deck":["Strike_B","Strike_B","Strike_B","Strike_B","Defend_B","Defend_B","Defend_B","Defend_B","Zap","Dualcast","animator:Defend_Elsword+1","Metamorphosis","Steam","Beam Cell","Steam","All For One","Hologram","Leap","Coolheaded","Redo","Recycle","Seek","CurseOfTheBell","Redo+1","Compile Driver"],"relics":["Cracked Core","Centennial Puzzle","Gremlin Horn","Emotion Chip","Calling Bell","Replay:Baseball","Quantum Egg","Peace Pipe"],"acts_visited":["Exordium","TheCity"],"potions_floor_usage":[7,7,18],"damage_taken":[{"damage":11,"enemies":"2 Louse","floor":1,"turns":3},{"damage":4,"enemies":"Cultist","floor":4,"turns":4},{"damage":1,"enemies":"Jaw Worm","floor":5,"turns":3},{"damage":25,"enemies":"Lagavulin","floor":7,"turns":4},{"damage":1,"enemies":"Lots of Slimes","floor":8,"turns":5},{"damage":9,"enemies":"3 Louse","floor":12,"turns":4},{"damage":2,"enemies":"Exordium Wildlife","floor":13,"turns":4},{"damage":0,"enemies":"Blue Slaver","floor":15,"turns":4},{"damage":0,"enemies":"Large Slime","floor":16,"turns":8},{"damage":42,"enemies":"The Guardian","floor":18,"turns":18},{"damage":23,"enemies":"2 Thieves","floor":20,"turns":5},{"damage":9,"enemies":"Spheric Guardian","floor":21,"turns":4},{"damage":13,"enemies":"Snecko","floor":22,"turns":5},{"damage":33,"enemies":"3 Cultists","floor":23,"turns":3}],"seed_played":"5877315966015755573","potions_obtained":[{"floor":4,"key":"Milkshake"},{"floor":5,"key":"Fire Potion"},{"floor":7,"key":"hexamod:EctoCoolerPotion"},{"floor":15,"key":"Adrenaline Potion"},{"floor":18,"key":"Adrenaline Potion"},{"floor":22,"key":"Energy Potion"}],"is_trial":false,"path_per_floor":["M","$","?","M","M","R","E","M","T","PTL","PTL","M","M","?","M","M","R","B",null,"M","M","M","M"],"character_chosen":"DEFECT","items_purchased":[],"campfire_rested":2,"item_purchase_floors":[],"current_hp_per_floor":[64,64,64,60,59,75,50,49,49,49,49,40,38,38,38,38,60,18,75,52,43,30,0,0],"gold":249,"neow_bonus":"RANDOM_COLORLESS_2","is_daily":false,"chose_seed":false,"campfire_upgraded":0,"win_rate":0.0,"timestamp":1610586767,"path_taken":["M","$","?","M","M","R","E","M","T","PTL","PTL","M","M","?","M","M","R","BOSS","M","?","M","M"],"items_purchased_type":[],"build_version":"2020-12-22","purchased_purges":1,"victory":false,"max_hp_per_floor":[75,75,75,75,75,75,75,75,75,75,75,75,75,75,75,75,75,75,75,75,75,75,75,75],"card_choices":[{"not_picked":["HandOfGreed","Transmutation"],"picked":"Metamorphosis","floor":0},{"not_picked":["Sunder","Panic Button"],"picked":"Steam","floor":1},{"not_picked":["Barrage","Redo"],"picked":"Beam Cell","floor":4},{"not_picked":["Time Bomb","Cold Snap"],"picked":"Steam","floor":5},{"not_picked":["ReplaySolidLightProjector","Leap"],"picked":"All For One","floor":7},{"not_picked":["Ball Lightning","Heatsinks"],"picked":"Hologram","floor":8},{"not_picked":["BasicCrystalCard","Coolheaded"],"picked":"Leap","floor":12},{"not_picked":["Rip and Tear","ReplayRNGCard"],"picked":"Coolheaded","floor":13},{"not_picked":["Darkness","Panic Button"],"picked":"Redo","floor":15},{"not_picked":["Steam","Panic Button"],"picked":"Recycle","floor":16},{"not_picked":["Thunder Strike","Creative AI"],"picked":"Seek","floor":18},{"not_picked":["Turbo","Rebound","Leap"],"picked":"SKIP","floor":20},{"not_picked":["BasicCrystalCard","Coolheaded+1"],"picked":"Redo+1","floor":21},{"not_picked":["Melter","Steam"],"picked":"Compile Driver","floor":22}],"player_experience":1792232,"relics_obtained":[{"floor":7,"key":"Centennial Puzzle"},{"floor":9,"key":"Gremlin Horn"},{"floor":19,"key":"Replay:Baseball"},{"floor":19,"key":"Quantum Egg"},{"floor":19,"key":"Peace Pipe"}],"event_choices":[{"damage_healed":0,"gold_gain":0,"player_choice":"Gave Potion","damage_taken":0,"relics_obtained":["Emotion Chip"],"max_hp_gain":0,"max_hp_loss":0,"event_name":"WeMeetAgain","floor":14,"gold_loss":0}],"is_beta":false,"boss_relics":[{"not_picked":["Pandora\u0027s Box","Coffee Dripper"],"picked":"Calling Bell"}],"items_purged_floors":[2],"is_endless":false,"potions_floor_spawned":[4,5,7,15,18,22],"killed_by":"3 Cultists","ascension_level":2}}