{"host":"qk06od3ap196wbz4","time":1610628125,"event":{"mods":["AchievementEnabler","Arknights The Spire","BaseMod","DeckTracker","Keyboard Shortcuts","Minty Spire (QoL Compilation)","Permanent Neow","StSLib","SuperFastMode"],"gold_per_floor":[111,131,150,170,180,213,213,225,250,262,300,312,334,358,370,492,504,536,559,581,613,645,690,702,727,764,776,816,847,887,913,925,1034,1046,1077,1103,1134,1160,1190,1254,1266,1310,1322,1362,1374,1386,1427,1469,1481,1607,1619,1646,1675,1425,777,788,820,849,876,902,919,931,946,965,822,822,923,923,934,952,963,496,509,539,589,621,653,671,671,723,741,755,755,858,858,868,886,241,252,266,300,300,300,329,329,364,664,683,696,696,793,793,804,652,403,414,426,426,441,441,473,473,473,242,260,276,276,379,379,395,409,286,304,304,304,304,334,369,384,384,266,266,298,298,400,400,419,469,523,523,535,535,535,535,569,448,476,0,9,29,29,134,134,154,163,182,200,211,211,211,89,89,89],"floor_reached":162,"language":"KOR","playtime":3859,"items_purged":[],"score":4783,"play_id":"d1180a43-dc6e-40ca-bfb1-406f3b7dec49","local_time":"20210114214205","daily_mods":["Vintage","Heirloom","Time Dilation","Flight"],"is_ascension_mode":false,"campfire_choices":[{"data":"Blasphemy","floor":7.0,"key":"SMITH"},{"data":"Scrawl","floor":12.0,"key":"SMITH"},{"floor":15.0,"key":"REST"},{"data":"DeusExMachina","floor":24.0,"key":"SMITH"},{"floor":32.0,"key":"REST"},{"data":"1","floor":49.0,"key":"LIFT"},{"data":"2","floor":66,"key":"LIFT"},{"data":"3","floor":83,"key":"LIFT"},{"floor":92,"key":"DIG"},{"floor":93,"key":"DIG"},{"floor":95,"key":"DIG"},{"floor":97,"key":"DIG"},{"floor":100,"key":"DIG"},{"floor":108,"key":"DIG"},{"floor":110,"key":"DIG"},{"floor":112,"key":"DIG"},{"floor":113,"key":"DIG"},{"floor":117,"key":"DIG"},{"floor":125,"key":"DIG"},{"floor":126,"key":"DIG"},{"floor":132,"key":"DIG"},{"floor":134,"key":"DIG"},{"floor":142,"key":"DIG"},{"floor":143,"key":"DIG"},{"floor":144,"key":"DIG"},{"floor":151,"key":"DIG"},{"floor":159,"key":"DIG"}],"circlet_count":22,"master_deck":["Ragnarok+1","Scrawl+1","DeusExMachina+1","Blasphemy+1","Scrawl+1","Omniscience+1","Ragnarok+1","Ragnarok+1","Ragnarok+1","Ragnarok+1"],"relics":["HolyWater","Ice Cream","MealTicket","Pear","Potion Belt","War Paint","Gremlin Horn","Meat on the Bone","Vajra","MawBank","Juzu Bracelet","CeramicFish","Pocketwatch","SlaversCollar","Shuriken","White Beast Statue","Lantern","Centennial Puzzle","CloakClasp","PreservedInsect","Whetstone","Art of War","Bag of Marbles","HornCleat","Akabeko","StrikeDummy","Incense Burner","Fusion Hammer","Girya","Smiling Mask","Omamori","Letter Opener","Strawberry","Mercury Hourglass","Tiny Chest","Toxic Egg 2","FossilizedHelix","Nunchaku","Blue Candle","Coffee Dripper","Oddly Smooth Stone","Ancient Tea Set","InkBottle","Mummified Hand","Matryoshka","Melange","Boot","Regal Pillow","Bronze Scales","Anchor","Bag of Preparation","Blood Vial","Bottled Lightning","Damaru","Busted Crown","Happy Flower","Toy Ornithopter","Pen Nib","ClockworkSouvenir","Gambling Chip","Lizard Tail","Question Card","Kunai","Singing Bowl","Calling Bell","TeardropLocket","Shovel","Molten Egg 2","Yang","Ornamental Fan","Medical Kit","Eternal Feather","Pantograph","Darkstone Periapt","Bird Faced Urn","Ginger","GoldenEye","Old Coin","Du-Vu Doll","Unceasing Top","Thread and Needle","Bottled Tornado","Dream Catcher","Sundial","The Courier","Bottled Flame","StoneCalendar","Prayer Wheel","TungstenRod","Calipers","Torii","Mango","Circlet","SacredBark","Lee\u0027s Waffle","Strange Spoon","Red Mask","VioletLotus","Frozen Egg 2","Turnip","CaptainsWheel","Orichalcum","OrangePellets"],"acts_visited":["Exordium","TheCity","TheBeyond","Exordium","TheCity","TheBeyond","Exordium","TheCity","TheBeyond","Exordium"],"potions_floor_usage":[50,50,50],"damage_taken":[{"damage":0.0,"enemies":"2 Louse","floor":1.0,"turns":2.0},{"damage":0.0,"enemies":"Cultist","floor":2.0,"turns":2.0},{"damage":4.0,"enemies":"Jaw Worm","floor":3.0,"turns":2.0},{"damage":12.0,"enemies":"3 Louse","floor":4.0,"turns":2.0},{"damage":10.0,"enemies":"Looter","floor":5.0,"turns":2.0},{"damage":0.0,"enemies":"Gremlin Nob","floor":6.0,"turns":2.0},{"damage":6.0,"enemies":"Blue Slaver","floor":8.0,"turns":2.0},{"damage":0.0,"enemies":"Lagavulin","floor":11.0,"turns":3.0},{"damage":6.0,"enemies":"Exordium Thugs","floor":13.0,"turns":2.0},{"damage":10.0,"enemies":"Looter","floor":14.0,"turns":2.0},{"damage":0.0,"enemies":"Slime Boss","floor":16.0,"turns":1.0},{"damage":0.0,"enemies":"3 Byrds","floor":18.0,"turns":1.0},{"damage":0.0,"enemies":"Spheric Guardian","floor":19.0,"turns":2.0},{"damage":21.0,"enemies":"Snake Plant","floor":20.0,"turns":2.0},{"damage":16.0,"enemies":"Shelled Parasite and Fungi","floor":21.0,"turns":2.0},{"damage":0.0,"enemies":"Centurion and Healer","floor":22.0,"turns":2.0},{"damage":0.0,"enemies":"Book of Stabbing","floor":23.0,"turns":1.0},{"damage":0.0,"enemies":"Snake Plant","floor":25.0,"turns":2.0},{"damage":2.0,"enemies":"Gremlin Leader","floor":28.0,"turns":2.0},{"damage":0.0,"enemies":"Snecko","floor":29.0,"turns":1.0},{"damage":20.0,"enemies":"Book of Stabbing","floor":30.0,"turns":2.0},{"damage":0.0,"enemies":"Shelled Parasite and Fungi","floor":31.0,"turns":1.0},{"damage":0.0,"enemies":"Automaton","floor":33.0,"turns":3.0},{"damage":0.0,"enemies":"3 Shapes","floor":35.0,"turns":1.0},{"damage":7.0,"enemies":"3 Darklings","floor":36.0,"turns":3.0},{"damage":16.0,"enemies":"Transient","floor":37.0,"turns":2.0},{"damage":10.0,"enemies":"Jaw Worm Horde","floor":38.0,"turns":2.0},{"damage":0.0,"enemies":"4 Shapes","floor":39.0,"turns":2.0},{"damage":0.0,"enemies":"Giant Head","floor":40.0,"turns":2.0},{"damage":16.0,"enemies":"Reptomancer","floor":42.0,"turns":2.0},{"damage":0.0,"enemies":"Nemesis","floor":44.0,"turns":3.0},{"damage":9.0,"enemies":"Reptomancer","floor":47.0,"turns":2.0},{"damage":0.0,"enemies":"Giant Head","floor":48.0,"turns":3.0},{"damage":0,"enemies":"Awakened One","floor":50,"turns":4},{"damage":0,"enemies":"2 Louse","floor":52,"turns":1},{"damage":0,"enemies":"Jaw Worm","floor":53,"turns":2},{"damage":0,"enemies":"Cultist","floor":56,"turns":1},{"damage":0,"enemies":"Lagavulin","floor":57,"turns":2},{"damage":0,"enemies":"Gremlin Nob","floor":58,"turns":2},{"damage":0,"enemies":"3 Sentries","floor":59,"turns":2},{"damage":0,"enemies":"Looter","floor":61,"turns":2},{"damage":0,"enemies":"Blue Slaver","floor":62,"turns":1},{"damage":0,"enemies":"Large Slime","floor":63,"turns":1},{"damage":0,"enemies":"3 Louse","floor":64,"turns":1},{"damage":0,"enemies":"Slime Boss","floor":67,"turns":1},{"damage":0,"enemies":"Spheric Guardian","floor":69,"turns":1},{"damage":0,"enemies":"Chosen","floor":70,"turns":1},{"damage":0,"enemies":"Snake Plant","floor":71,"turns":1},{"damage":0,"enemies":"Centurion and Healer","floor":73,"turns":1},{"damage":0,"enemies":"Slavers","floor":74,"turns":1},{"damage":0,"enemies":"Gremlin Leader","floor":75,"turns":1},{"damage":0,"enemies":"Book of Stabbing","floor":76,"turns":1},{"damage":0,"enemies":"Gremlin Leader","floor":77,"turns":1},{"damage":0,"enemies":"Cultist and Chosen","floor":78,"turns":1},{"damage":0,"enemies":"Shelled Parasite and Fungi","floor":80,"turns":1},{"damage":0,"enemies":"Centurion and Healer","floor":81,"turns":1},{"damage":0,"enemies":"Chosen and Byrds","floor":82,"turns":1},{"damage":0,"enemies":"Collector","floor":84,"turns":1},{"damage":0,"enemies":"3 Shapes","floor":86,"turns":1},{"damage":0,"enemies":"3 Darklings","floor":87,"turns":1},{"damage":0,"enemies":"Maw","floor":89,"turns":1},{"damage":0,"enemies":"4 Shapes","floor":90,"turns":1},{"damage":0,"enemies":"Reptomancer","floor":91,"turns":1},{"damage":0,"enemies":"Nemesis","floor":94,"turns":1},{"damage":0,"enemies":"Reptomancer","floor":96,"turns":1},{"damage":0,"enemies":"Spire Growth","floor":98,"turns":1},{"damage":0,"enemies":"Sphere and 2 Shapes","floor":99,"turns":1},{"damage":0,"enemies":"Awakened One","floor":101,"turns":2},{"damage":0,"enemies":"2 Louse","floor":103,"turns":1},{"damage":0,"enemies":"Cultist","floor":106,"turns":1},{"damage":0,"enemies":"Small Slimes","floor":107,"turns":1},{"damage":0,"enemies":"Exordium Wildlife","floor":109,"turns":1},{"damage":0,"enemies":"Lagavulin","floor":111,"turns":1},{"damage":0,"enemies":"Large Slime","floor":115,"turns":1},{"damage":0,"enemies":"Lots of Slimes","floor":116,"turns":1},{"damage":0,"enemies":"Hexaghost","floor":118,"turns":1},{"damage":0,"enemies":"3 Byrds","floor":120,"turns":1},{"damage":0,"enemies":"2 Thieves","floor":121,"turns":1},{"damage":0,"enemies":"Cultist and Chosen","floor":123,"turns":1},{"damage":0,"enemies":"Slavers","floor":127,"turns":1},{"damage":0,"enemies":"Gremlin Leader","floor":128,"turns":1},{"damage":0,"enemies":"Shelled Parasite and Fungi","floor":129,"turns":1},{"damage":0,"enemies":"Slavers","floor":130,"turns":1},{"damage":0,"enemies":"Book of Stabbing","floor":133,"turns":1},{"damage":0,"enemies":"Champ","floor":135,"turns":1},{"damage":0,"enemies":"3 Shapes","floor":137,"turns":1},{"damage":0,"enemies":"Mind Bloom Boss Battle","floor":138,"turns":1},{"damage":0,"enemies":"2 Orb Walkers","floor":139,"turns":1},{"damage":0,"enemies":"3 Darklings","floor":141,"turns":1},{"damage":0,"enemies":"Reptomancer","floor":145,"turns":1},{"damage":0,"enemies":"Nemesis","floor":147,"turns":1},{"damage":0,"enemies":"Sphere and 2 Shapes","floor":150,"turns":1},{"damage":0,"enemies":"Time Eater","floor":152,"turns":1},{"damage":0,"enemies":"Jaw Worm","floor":154,"turns":1},{"damage":0,"enemies":"Small Slimes","floor":156,"turns":1},{"damage":0,"enemies":"Cultist","floor":157,"turns":1},{"damage":0,"enemies":"2 Fungi Beasts","floor":158,"turns":1},{"damage":0,"enemies":"Lagavulin","floor":162,"turns":1}],"seed_played":"-7027528366716892469","potions_obtained":[{"floor":2.0,"key":"Weak Potion"},{"floor":3.0,"key":"Dexterity Potion"},{"floor":6.0,"key":"Weak Potion"},{"floor":8.0,"key":"SpeedPotion"},{"floor":13.0,"key":"LiquidMemories"},{"floor":16.0,"key":"DistilledChaos"},{"floor":20.0,"key":"DuplicationPotion"},{"floor":21.0,"key":"Block Potion"},{"floor":23.0,"key":"Ancient Potion"},{"floor":25.0,"key":"SkillPotion"},{"floor":28.0,"key":"Explosive Potion"},{"floor":29.0,"key":"DuplicationPotion"},{"floor":31.0,"key":"LiquidBronze"},{"floor":33.0,"key":"FairyPotion"},{"floor":35.0,"key":"LiquidMemories"},{"floor":36.0,"key":"Ambrosia"},{"floor":37.0,"key":"BottledMiracle"},{"floor":39.0,"key":"Strength Potion"},{"floor":42.0,"key":"Swift Potion"},{"floor":50,"key":"SpeedPotion"},{"floor":53,"key":"CultistPotion"},{"floor":58,"key":"DuplicationPotion"},{"floor":59,"key":"Swift Potion"},{"floor":61,"key":"Block Potion"},{"floor":64,"key":"BottledMiracle"},{"floor":76,"key":"DuplicationPotion"},{"floor":129,"key":"Ambrosia"},{"floor":141,"key":"DuplicationPotion"}],"is_trial":true,"path_per_floor":["M","M","M","M","M","E","R","M","T","?","E","R","M","M","R","B",null,"M","M","M","M","M","E","R","M","T","T","E","M","E","M","R","B",null,"M","M","M","M","M","E","$","E","T","E","$","$","E","E","R","B",null,"M","M","$","$","M","E","E","E","T","M","M","M","M","$","R","B",null,"M","M","M","$","M","E","E","E","E","M","$","M","M","M","R","B",null,"M","M","$","M","M","E","R","R","E","R","E","R","M","M","R","B",null,"M","$","$","M","M","R","M","R","E","R","R","$","M","M","R","B",null,"M","M","$","M","?","R","R","E","E","M","E","$","R","E","R","B",null,"M","?","?","?","M","R","R","R","E","?","E","?","?","M","R","B",null,"M","?","M","M","M","R","?","$","E"],"character_chosen":"WATCHER","items_purchased":["InkBottle","Mummified Hand","Matryoshka","Melange","Damaru","ClockworkSouvenir","Gambling Chip","Medical Kit","Eternal Feather","Pantograph","Dream Catcher","Sundial","Mango","Lee\u0027s Waffle","Strange Spoon","OrangePellets"],"campfire_rested":2,"item_purchase_floors":[54,55,55,55,65,72,72,88,88,88,104,105,114,122,131,161],"current_hp_per_floor":[72,82,78,66,56,56,56,50,50,50,50,50,44,46,70,70,82,82,82,61,45,45,45,45,45,45,45,43,43,35,47,71,71,82,82,75,59,49,56,56,71,55,55,55,70,85,76,76,76,76,89,89,89,89,89,89,89,89,89,89,89,89,89,89,89,89,89,89,89,89,89,89,89,89,89,89,89,89,89,89,89,89,89,91,91,91,91,91,91,91,93,93,93,95,95,97,97,97,97,97,99,99,99,99,99,99,99,99,99,99,101,101,101,115,115,115,115,117,117,117,117,124,124,124,124,124,126,128,128,130,130,130,132,132,134,134,134,136,138,140,140,140,140,140,142,142,144,144,150,150,150,152,152,152,152,152,152,152,152,152,152,152,152],"gold":89,"neow_bonus":"","is_daily":false,"chose_seed":false,"campfire_upgraded":3,"win_rate":0.0,"timestamp":1610628125,"path_taken":["M","M","M","M","M","E","R","M","T","?","E","R","M","M","R","BOSS","M","M","M","M","M","E","R","M","T","?","E","M","E","M","R","BOSS","M","M","M","M","M","E","$","E","T","E","$","$","E","E","R","BOSS","M","M","$","$","M","E","E","E","T","M","M","M","M","$","R","BOSS","M","M","M","$","M","E","E","E","E","M","$","M","M","M","R","BOSS","M","M","$","M","M","E","R","R","E","R","E","R","M","M","R","BOSS","M","$","$","M","M","R","M","R","E","R","R","$","M","M","R","BOSS","M","M","$","M","?","R","R","E","E","M","E","$","R","E","R","BOSS","M","?","?","?","M","R","R","R","E","?","E","?","?","M","R","BOSS","M","?","M","M","M","R","?","$","E"],"items_purchased_type":["Relic","Relic","Relic","Relic","Relic","Relic","Relic","Relic","Relic","Relic","Relic","Relic","Relic","Relic","Relic","Relic"],"build_version":"2020-12-22","purchased_purges":0,"victory":false,"max_hp_per_floor":[72,82,82,82,82,82,82,82,82,82,82,82,82,82,82,82,82,82,82,82,82,82,82,82,82,82,82,82,82,82,82,82,82,82,82,82,82,82,89,89,89,89,89,89,89,89,89,89,89,89,89,89,89,89,89,89,89,89,89,89,89,89,89,89,89,89,89,89,89,89,89,89,89,89,89,89,89,89,89,89,89,89,89,91,91,91,91,91,91,91,93,93,93,95,95,97,97,97,97,97,99,99,99,99,99,99,99,99,99,99,101,101,101,115,115,115,115,117,117,117,117,124,124,124,124,124,126,128,128,130,130,130,132,132,134,134,134,136,138,140,140,140,140,140,142,142,144,144,150,150,150,152,152,152,152,152,152,152,152,152,152,152,152],"card_choices":[{"not_picked":["Consecrate","SashWhip"],"picked":"Blasphemy","floor":6.0},{"not_picked":["Wireheading","Crescendo"],"picked":"Scrawl","floor":11.0},{"not_picked":["LessonLearned","Omniscience"],"picked":"DeusExMachina","floor":16.0},{"not_picked":["BattleHymn","CarveReality","WreathOfFlame"],"picked":"SKIP","floor":23.0},{"not_picked":["BattleHymn","CarveReality","WreathOfFlame"],"picked":"SKIP","floor":23.0},{"not_picked":["Nirvana+1","TalkToTheHand","Perseverance"],"picked":"SKIP","floor":28.0},{"not_picked":["Collect","InnerPeace","MasterReality"],"picked":"SKIP","floor":30.0},{"not_picked":["Halt+1","Evaluate+1"],"picked":"Adaptation","floor":40.0},{"not_picked":["Meditate+1","WheelKick","CrushJoints+1"],"picked":"SKIP","floor":42.0},{"not_picked":["Meditate+1","WheelKick","CrushJoints+1"],"picked":"SKIP","floor":42.0},{"not_picked":["Prostrate+1","MasterReality","Consecrate+1"],"picked":"SKIP","floor":44.0},{"not_picked":["Prostrate+1","SignatureMove+1","Nirvana"],"picked":"SKIP","floor":47.0},{"not_picked":["DeusExMachina+1","SashWhip","CrushJoints+1"],"picked":"SKIP","floor":48.0},{"not_picked":["Judgement+1","Alpha+1"],"picked":"Scrawl+1","floor":50},{"not_picked":["Halt+1","Wish+1","EmptyMind+1"],"picked":"SKIP","floor":57},{"not_picked":["SpiritShield+1","EmptyFist","CrushJoints"],"picked":"SKIP","floor":58},{"not_picked":["EmptyFist","Worship+1","Perseverance+1"],"picked":"SKIP","floor":59},{"not_picked":["EmptyFist+1"],"picked":"SKIP","floor":74},{"not_picked":["Omniscience+1"],"picked":"SKIP","floor":75},{"not_picked":["Omniscience+1"],"picked":"SKIP","floor":75},{"not_picked":["Tantrum"],"picked":"SKIP","floor":76},{"not_picked":["ThirdEye+1"],"picked":"SKIP","floor":77},{"not_picked":["Vault+1","Blasphemy+1"],"picked":"Singing Bowl","floor":84},{"not_picked":["Crescendo+1","JustLucky+1"],"picked":"Singing Bowl","floor":91},{"not_picked":["Establishment","FlyingSleeves+1"],"picked":"Singing Bowl","floor":94},{"not_picked":["InnerPeace+1","FlurryOfBlows+1"],"picked":"Singing Bowl","floor":96},{"not_picked":["ConjureBlade+1","Vault+1"],"picked":"Singing Bowl","floor":101},{"not_picked":["Crescendo+1","WaveOfTheHand+1"],"picked":"Singing Bowl","floor":111},{"not_picked":["Scrawl+1","Alpha+1"],"picked":"Singing Bowl","floor":118},{"not_picked":["CrushJoints+1","LikeWater"],"picked":"Singing Bowl","floor":127},{"not_picked":["ForeignInfluence+1","SashWhip+1"],"picked":"Singing Bowl","floor":128},{"not_picked":["Wireheading","ReachHeaven+1"],"picked":"Singing Bowl","floor":130},{"not_picked":["BowlingBash+1","ClearTheMind+1"],"picked":"Singing Bowl","floor":133},{"not_picked":["ConjureBlade+1","Scrawl+1"],"picked":"Singing Bowl","floor":135},{"not_picked":["TalkToTheHand+1","Protect+1"],"picked":"Singing Bowl","floor":138},{"not_picked":["ReachHeaven+1","CrushJoints+1"],"picked":"Singing Bowl","floor":139},{"not_picked":["PanicButton+1","Good Instincts+1"],"picked":"Singing Bowl","floor":140},{"not_picked":["CrushJoints+1","BowlingBash+1"],"picked":"Singing Bowl","floor":145},{"not_picked":["ForeignInfluence+1","Halt+1"],"picked":"Singing Bowl","floor":147},{"not_picked":["LessonLearned+1","Alpha+1"],"picked":"Singing Bowl","floor":152}],"player_experience":171528,"relics_obtained":[{"floor":1.0,"key":"MealTicket"},{"floor":2.0,"key":"Pear"},{"floor":3.0,"key":"Potion Belt"},{"floor":4.0,"key":"War Paint"},{"floor":5.0,"key":"Gremlin Horn"},{"floor":6.0,"key":"Meat on the Bone"},{"floor":8.0,"key":"Vajra"},{"floor":9.0,"key":"MawBank"},{"floor":11.0,"key":"Juzu Bracelet"},{"floor":13.0,"key":"CeramicFish"},{"floor":14.0,"key":"Pocketwatch"},{"floor":18.0,"key":"Shuriken"},{"floor":19.0,"key":"White Beast Statue"},{"floor":20.0,"key":"Lantern"},{"floor":21.0,"key":"Centennial Puzzle"},{"floor":22.0,"key":"CloakClasp"},{"floor":23.0,"key":"PreservedInsect"},{"floor":25.0,"key":"Whetstone"},{"floor":26.0,"key":"Art of War"},{"floor":27.0,"key":"Bag of Marbles"},{"floor":28.0,"key":"HornCleat"},{"floor":29.0,"key":"Akabeko"},{"floor":30.0,"key":"StrikeDummy"},{"floor":31.0,"key":"Incense Burner"},{"floor":35.0,"key":"Girya"},{"floor":36.0,"key":"Smiling Mask"},{"floor":37.0,"key":"Omamori"},{"floor":38.0,"key":"Letter Opener"},{"floor":39.0,"key":"Strawberry"},{"floor":40.0,"key":"Mercury Hourglass"},{"floor":42.0,"key":"Tiny Chest"},{"floor":43.0,"key":"Toxic Egg 2"},{"floor":44.0,"key":"FossilizedHelix"},{"floor":47.0,"key":"Nunchaku"},{"floor":48.0,"key":"Blue Candle"},{"floor":52,"key":"Oddly Smooth Stone"},{"floor":53,"key":"Ancient Tea Set"},{"floor":56,"key":"Boot"},{"floor":60,"key":"Regal Pillow"},{"floor":60,"key":"Bronze Scales"},{"floor":61,"key":"Anchor"},{"floor":62,"key":"Bag of Preparation"},{"floor":63,"key":"Blood Vial"},{"floor":64,"key":"Bottled Lightning"},{"floor":69,"key":"Happy Flower"},{"floor":70,"key":"Toy Ornithopter"},{"floor":71,"key":"Pen Nib"},{"floor":73,"key":"Lizard Tail"},{"floor":78,"key":"Question Card"},{"floor":80,"key":"Kunai"},{"floor":81,"key":"Singing Bowl"},{"floor":85,"key":"TeardropLocket"},{"floor":85,"key":"Shovel"},{"floor":85,"key":"Molten Egg 2"},{"floor":86,"key":"Yang"},{"floor":87,"key":"Ornamental Fan"},{"floor":89,"key":"Darkstone Periapt"},{"floor":90,"key":"Bird Faced Urn"},{"floor":92,"key":"Ginger"},{"floor":93,"key":"Dead Branch"},{"floor":95,"key":"GoldenEye"},{"floor":97,"key":"Old Coin"},{"floor":98,"key":"Du-Vu Doll"},{"floor":99,"key":"Unceasing Top"},{"floor":100,"key":"Thread and Needle"},{"floor":103,"key":"Bottled Tornado"},{"floor":106,"key":"The Courier"},{"floor":107,"key":"Bottled Flame"},{"floor":108,"key":"StoneCalendar"},{"floor":109,"key":"Prayer Wheel"},{"floor":110,"key":"TungstenRod"},{"floor":112,"key":"Calipers"},{"floor":113,"key":"Torii"},{"floor":116,"key":"Circlet"},{"floor":117,"key":"Circlet"},{"floor":120,"key":"Circlet"},{"floor":121,"key":"Circlet"},{"floor":123,"key":"Circlet"},{"floor":125,"key":"Circlet"},{"floor":126,"key":"Circlet"},{"floor":129,"key":"Circlet"},{"floor":132,"key":"Circlet"},{"floor":134,"key":"Circlet"},{"floor":137,"key":"Circlet"},{"floor":138,"key":"Circlet"},{"floor":139,"key":"Circlet"},{"floor":141,"key":"Circlet"},{"floor":142,"key":"Circlet"},{"floor":143,"key":"Circlet"},{"floor":144,"key":"Circlet"},{"floor":150,"key":"Circlet"},{"floor":151,"key":"Circlet"},{"floor":154,"key":"Frozen Egg 2"},{"floor":156,"key":"CaptainsWheel"},{"floor":157,"key":"Orichalcum"},{"floor":159,"key":"Circlet"}],"event_choices":[{"damage_healed":0.0,"max_hp_gain":0.0,"max_hp_loss":0.0,"gold_gain":0.0,"event_name":"Purifier","player_choice":"Ignored","floor":10.0,"gold_loss":0.0,"damage_taken":0.0},{"damage_healed":0,"gold_gain":0,"player_choice":"Opened","damage_taken":0,"relics_obtained":["Circlet"],"max_hp_gain":0,"max_hp_loss":0,"event_name":"The Mausoleum","floor":124,"gold_loss":0,"cards_obtained":["Writhe"]},{"damage_healed":0,"gold_gain":0,"player_choice":"Fight","damage_taken":0,"max_hp_gain":0,"max_hp_loss":0,"event_name":"MindBloom","floor":138,"gold_loss":0},{"damage_healed":0,"gold_gain":0,"player_choice":"Fight","damage_taken":0,"max_hp_gain":0,"max_hp_loss":0,"event_name":"Mysterious Sphere","floor":139,"gold_loss":0},{"damage_healed":0,"gold_gain":0,"player_choice":"Memory 1","damage_taken":0,"max_hp_gain":0,"max_hp_loss":0,"event_name":"SensoryStone","floor":140,"gold_loss":0},{"damage_healed":0,"gold_gain":0,"player_choice":"Paid Gold","damage_taken":0,"relics_obtained":["Circlet"],"max_hp_gain":0,"max_hp_loss":0,"event_name":"WeMeetAgain","floor":146,"gold_loss":121},{"damage_healed":0,"gold_gain":0,"player_choice":"Paid","damage_taken":0,"relics_obtained":["Red Mask"],"max_hp_gain":0,"max_hp_loss":0,"event_name":"Tomb of Lord Red Mask","floor":148,"gold_loss":476},{"damage_healed":36,"gold_gain":0,"player_choice":"Writhe","damage_taken":0,"max_hp_gain":0,"max_hp_loss":0,"event_name":"Winding Halls","floor":149,"gold_loss":0,"cards_obtained":["Writhe"]},{"damage_healed":0,"gold_gain":0,"player_choice":"Box","damage_taken":0,"relics_obtained":["Turnip"],"max_hp_gain":0,"max_hp_loss":0,"event_name":"Big Fish","floor":155,"gold_loss":0,"cards_obtained":["Regret"]},{"damage_healed":0,"gold_gain":0,"player_choice":"Got Potions","damage_taken":0,"max_hp_gain":0,"max_hp_loss":0,"event_name":"Lab","floor":160,"gold_loss":0}],"is_beta":false,"boss_relics":[{"not_picked":["SacredBark","Snecko Eye"],"picked":"SlaversCollar"},{"not_picked":["Calling Bell","Empty Cage"],"picked":"Fusion Hammer"},{"not_picked":["Cursed Key","Astrolabe"],"picked":"Coffee Dripper"},{"not_picked":["Cursed Key","SacredBark"],"picked":"Busted Crown"},{"not_picked":["Pandora\u0027s Box","Empty Cage"],"picked":"Calling Bell"},{"not_picked":["Snecko Eye","Astrolabe","Velvet Choker"]},{"not_picked":["Astrolabe","Black Star"],"picked":"SacredBark"},{"not_picked":["Cursed Key","Snecko Eye"],"picked":"HolyWater"},{"not_picked":["Pandora\u0027s Box","Runic Pyramid"],"picked":"VioletLotus"}],"items_purged_floors":[],"is_endless":true,"potions_floor_spawned":[2,3,6,8,13,16,19,20,21,22,23,25,28,29,30,31,33,35,36,37,38,39,40,42,44,47,48,50,52,53,56,57,58,59,61,62,63,64,67,69,70,71,73,74,75,76,77,78,80,81,82,84,86,87,89,90,91,94,96,98,99,101,103,106,107,109,111,115,116,118,120,121,123,127,128,129,130,133,135,137,138,139,141,145,147,150,152,154,156,157,158],"killed_by":"Lagavulin","ascension_level":0}}