{"host":"19tvufa8xx4wr4o1","time":1610587989,"event":{"mods":["AchievementEnabler","BaseMod","Better Sensory Stone","Better Third Choice","Highlight Path","Minty Spire (QoL Compilation)","Relic Stats","StSLib"],"gold_per_floor":[111,58,20,34,34,34,62,78,102,128,128,157,169,198,210,300,312,338,350,362,384,89,89,99,116,142,92,92,122,122,147,147,222,272,288,91,143,143,69,69,88,103,154,186,201,227,239,239,239,239,239,239,116,145,145],"floor_reached":56,"language":"ENG","playtime":4594,"items_purged":[],"score":2107,"play_id":"0dab404d-3272-409b-94d1-ae988a9ac662","local_time":"20210113193309","is_ascension_mode":true,"campfire_choices":[{"data":"EmptyFist","floor":6.0,"key":"SMITH"},{"data":"MentalFortress","floor":13.0,"key":"SMITH"},{"data":"WaveOfTheHand","floor":15.0,"key":"SMITH"},{"data":"TalkToTheHand","floor":23.0,"key":"SMITH"},{"floor":30.0,"key":"REST"},{"floor":32.0,"key":"RECALL"},{"data":"Meditate","floor":40,"key":"SMITH"},{"data":"Indignation","floor":49,"key":"SMITH"},{"data":"Vengeance","floor":52,"key":"SMITH"}],"circlet_count":0,"master_deck":["AscendersBane","Eruption","Vigilance+1","EmptyFist+1","InnerPeace+1","Tantrum+1","MentalFortress+1","WaveOfTheHand+1","DeusExMachina","TalkToTheHand+1","Meditate+1","Swivel","Vault","Vengeance+1","Wallop","Swivel","CrushJoints+1","Indignation+1","Wallop","Adaptation+1"],"relics":["Snecko Eye","Regal Pillow","War Paint","Meat on the Bone","MawBank","Philosopher\u0027s Stone","Yang","Potion Belt","Blood Vial","Nunchaku","Tiny House","Melange","GoldenEye","Bottled Tornado","Toy Ornithopter","Boot"],"acts_visited":["Exordium","TheCity","TheBeyond","TheEnding"],"potions_floor_usage":[38,50,54,54,55,55,55,55,55,55],"damage_taken":[{"damage":5.0,"enemies":"2 Louse","floor":1.0,"turns":2.0},{"damage":0.0,"enemies":"Small Slimes","floor":4.0,"turns":2.0},{"damage":7.0,"enemies":"3 Sentries","floor":7.0,"turns":8.0},{"damage":7.0,"enemies":"Jaw Worm","floor":8.0,"turns":2.0},{"damage":0.0,"enemies":"Gremlin Nob","floor":10.0,"turns":2.0},{"damage":5.0,"enemies":"3 Sentries","floor":12.0,"turns":3.0},{"damage":0.0,"enemies":"Lots of Slimes","floor":14.0,"turns":3.0},{"damage":31.0,"enemies":"Hexaghost","floor":16.0,"turns":14.0},{"damage":10.0,"enemies":"2 Thieves","floor":18.0,"turns":3.0},{"damage":0.0,"enemies":"Spheric Guardian","floor":21.0,"turns":3.0},{"damage":0.0,"enemies":"Cultist and Chosen","floor":24.0,"turns":4.0},{"damage":0.0,"enemies":"Centurion and Healer","floor":25.0,"turns":3.0},{"damage":11.0,"enemies":"Gremlin Leader","floor":29.0,"turns":6.0},{"damage":5.0,"enemies":"Slavers","floor":31.0,"turns":6.0},{"damage":14.0,"enemies":"Automaton","floor":33.0,"turns":12.0},{"damage":0.0,"enemies":"3 Shapes","floor":35.0,"turns":4.0},{"damage":0,"enemies":"2 Orb Walkers","floor":37,"turns":4},{"damage":0,"enemies":"Orb Walker","floor":41,"turns":4},{"damage":0,"enemies":"3 Darklings","floor":42,"turns":6},{"damage":0,"enemies":"Giant Head","floor":44,"turns":8},{"damage":5,"enemies":"Spire Growth","floor":45,"turns":4},{"damage":0,"enemies":"Reptomancer","floor":46,"turns":7},{"damage":0,"enemies":"Transient","floor":47,"turns":5},{"damage":0,"enemies":"Awakened One","floor":50,"turns":12},{"damage":8,"enemies":"Shield and Spear","floor":54,"turns":6},{"damage":69,"enemies":"The Heart","floor":55,"turns":9}],"seed_played":"-8213245069315330971","potions_obtained":[{"floor":4.0,"key":"Energy Potion"},{"floor":7.0,"key":"Energy Potion"},{"floor":10.0,"key":"SteroidPotion"},{"floor":12.0,"key":"GamblersBrew"},{"floor":18.0,"key":"FearPotion"},{"floor":21.0,"key":"GamblersBrew"},{"floor":24.0,"key":"AttackPotion"},{"floor":31.0,"key":"PowerPotion"},{"floor":34.0,"key":"BlessingOfTheForge"},{"floor":35,"key":"SpeedPotion"},{"floor":38,"key":"Fruit Juice"},{"floor":38,"key":"Swift Potion"},{"floor":47,"key":"EntropicBrew"},{"floor":54,"key":"Fire Potion"}],"is_trial":false,"path_per_floor":["M","$","?","M","$","R","E","M","T","E","?","E","R","M","R","B",null,"M","?","?","M","$","R","M","M","T","$","?","E","R","E","R","B",null,"M","$","?","?","$","R","M","M","T","E","M","E","M","?","R","B",null,"R","$","E","B",null],"character_chosen":"WATCHER","items_purchased":["EmptyFist","Yang","TalkToTheHand","Swift Potion","Melange","AttackPotion","Study","Wallop","SkillPotion"],"campfire_rested":1,"item_purchase_floors":[2,22,22,27,36,36,39,53,53],"current_hp_per_floor":[56,56,56,56,56,56,49,42,42,42,42,37,37,37,37,18,56,46,46,46,46,46,46,46,46,46,46,46,35,68,63,63,51,69,71,71,73,78,78,78,78,78,78,78,73,75,77,77,77,78,78,78,78,72,23],"gold":145,"neow_bonus":"BOSS_RELIC","is_daily":false,"chose_seed":false,"campfire_upgraded":7,"win_rate":0.0,"timestamp":1610587989,"path_taken":["M","$","?","M","$","R","E","M","T","E","?","E","R","M","R","BOSS","M","?","?","M","$","R","M","M","T","$","?","E","R","E","R","BOSS","M","$","?","?","$","R","M","M","T","E","?","E","M","?","R","BOSS","R","$","E","BOSS"],"items_purchased_type":["Card","Relic","Card","Potion","Relic","Potion","Card","Card","Potion"],"build_version":"2020-12-22","purchased_purges":0,"victory":true,"max_hp_per_floor":[68,68,68,68,68,68,68,68,68,68,68,68,68,68,68,68,68,68,68,68,68,68,68,68,68,68,68,68,68,68,68,68,68,73,73,73,73,78,78,78,78,78,78,78,78,78,78,78,78,78,78,78,78,78,78],"relic_stats":{"Regal Pillow":13,"counters":[26,142],"Melange":[105],"Yang":[274],"War Paint":["Defend_P","InnerPeace"],"MawBank":120,"GoldenEye":[51],"Boot":[12],"Blood Vial":13,"Nunchaku":[22],"Snecko Eye":[259,247,231,267],"obtain_stats":[{"Potion Belt":26,"Regal Pillow":7,"Tiny House":34,"Melange":36,"Yang":22,"War Paint":9,"Bottled Tornado":44,"MawBank":12,"GoldenEye":37,"Boot":54,"Blood Vial":29,"Nunchaku":31,"Snecko Eye":0,"Philosopher\u0027s Stone":17,"PureWater":0,"Toy Ornithopter":46,"Meat on the Bone":10},{"Potion Belt":12,"Regal Pillow":3,"Tiny House":15,"Melange":16,"Yang":10,"War Paint":4,"Bottled Tornado":20,"MawBank":6,"GoldenEye":17,"Boot":25,"Blood Vial":13,"Nunchaku":14,"Snecko Eye":0,"Philosopher\u0027s Stone":8,"PureWater":0,"Toy Ornithopter":22,"Meat on the Bone":5},{"Potion Belt":49,"Regal Pillow":12,"Tiny House":73,"Melange":77,"Yang":42,"War Paint":14,"Bottled Tornado":99,"MawBank":19,"GoldenEye":81,"Boot":133,"Blood Vial":55,"Nunchaku":61,"Snecko Eye":0,"Philosopher\u0027s Stone":36,"PureWater":0,"Toy Ornithopter":110,"Meat on the Bone":16}],"Toy Ornithopter":8,"Meat on the Bone":24},"card_choices":[{"not_picked":["Protect","SashWhip","WindmillStrike"],"picked":"SKIP","floor":1.0},{"not_picked":["PathToVictory","Perseverance"],"picked":"InnerPeace","floor":4.0},{"not_picked":["Wish","SashWhip"],"picked":"Tantrum","floor":7.0},{"not_picked":["PathToVictory","EmptyBody","ThirdEye"],"picked":"SKIP","floor":8.0},{"not_picked":["WreathOfFlame","FlyingSleeves","SandsOfTime"],"picked":"SKIP","floor":10.0},{"not_picked":["Prostrate","Weave"],"picked":"MentalFortress","floor":12.0},{"not_picked":["Halt","Nirvana"],"picked":"WaveOfTheHand","floor":14.0},{"not_picked":["Wish","Brilliance"],"picked":"DeusExMachina","floor":16.0},{"not_picked":["SandsOfTime","Swivel","Nirvana"],"picked":"SKIP","floor":18.0},{"not_picked":["CutThroughFate","BattleHymn","Wireheading"],"picked":"SKIP","floor":21.0},{"not_picked":["CutThroughFate","BattleHymn","Wireheading"],"picked":"SKIP","floor":21.0},{"not_picked":["FollowUp","EmptyFist"],"picked":"Meditate","floor":24.0},{"not_picked":["EmptyFist","PathToVictory"],"picked":"Swivel","floor":25.0},{"not_picked":["Judgement","Crescendo","EmptyFist"],"picked":"SKIP","floor":29.0},{"not_picked":["Halt","ClearTheMind","ThirdEye"],"picked":"SKIP","floor":31.0},{"not_picked":["MasterReality","Scrawl"],"picked":"Vault","floor":33.0},{"not_picked":["Consecrate","EmptyFist+1"],"picked":"Vengeance","floor":34.0},{"not_picked":["ClearTheMind+1","CarveReality","Evaluate"],"picked":"SKIP","floor":35},{"not_picked":["FollowUp","CutThroughFate+1"],"picked":"Wallop","floor":41},{"not_picked":["Protect","SashWhip","Swivel"],"picked":"SKIP","floor":42},{"not_picked":["Protect","SashWhip"],"picked":"Swivel","floor":42},{"not_picked":["ClearTheMind+1","Collect+1"],"picked":"CrushJoints+1","floor":44},{"not_picked":["JustLucky","CutThroughFate"],"picked":"Indignation","floor":45},{"not_picked":["Establishment","PathToVictory","Scrawl"],"picked":"SKIP","floor":46},{"not_picked":["ReachHeaven","EmptyBody","CrushJoints"],"picked":"SKIP","floor":47},{"not_picked":["FollowUp+1","EmptyFist"],"picked":"Adaptation+1","floor":54}],"player_experience":578491,"relics_obtained":[{"floor":7.0,"key":"Regal Pillow"},{"floor":9.0,"key":"War Paint"},{"floor":10.0,"key":"Meat on the Bone"},{"floor":12.0,"key":"MawBank"},{"floor":26.0,"key":"Potion Belt"},{"floor":29.0,"key":"Blood Vial"},{"floor":31.0,"key":"Nunchaku"},{"floor":37,"key":"GoldenEye"},{"floor":44,"key":"Bottled Tornado"},{"floor":46,"key":"Toy Ornithopter"},{"floor":54,"key":"Boot"}],"event_choices":[{"damage_healed":0.0,"max_hp_gain":0.0,"max_hp_loss":0.0,"gold_gain":0.0,"event_name":"betterThird:BetterGoop","player_choice":"Left","floor":3.0,"gold_loss":38.0,"damage_taken":0.0},{"damage_healed":0.0,"max_hp_gain":0.0,"max_hp_loss":0.0,"gold_gain":0.0,"event_name":"Living Wall","player_choice":"Grow","floor":11.0,"gold_loss":0.0,"damage_taken":0.0,"cards_upgraded":["Vigilance"]},{"damage_healed":0.0,"max_hp_gain":0.0,"max_hp_loss":8.0,"gold_gain":0.0,"event_name":"betterThird:BetterWriting","player_choice":"Materialism","floor":19.0,"gold_loss":0.0,"damage_taken":0.0},{"damage_healed":0.0,"max_hp_gain":0.0,"max_hp_loss":0.0,"gold_gain":0.0,"event_name":"Vampires","player_choice":"Ignored","floor":20.0,"gold_loss":0.0,"damage_taken":0.0},{"damage_healed":0.0,"max_hp_gain":0.0,"max_hp_loss":0.0,"gold_gain":0.0,"event_name":"Beggar","player_choice":"Ignored","floor":28.0,"gold_loss":0.0,"damage_taken":0.0},{"damage_healed":0,"gold_gain":0,"player_choice":"Fight","damage_taken":0,"max_hp_gain":0,"max_hp_loss":0,"event_name":"Mysterious Sphere","floor":37,"gold_loss":0},{"damage_healed":0,"gold_gain":0,"player_choice":"Got Potions","damage_taken":0,"max_hp_gain":0,"max_hp_loss":0,"event_name":"Lab","floor":38,"gold_loss":0},{"cards_removed":["Study"],"damage_healed":0,"gold_gain":0,"player_choice":"Removed Power","damage_taken":0,"max_hp_gain":0,"max_hp_loss":0,"event_name":"Falling","floor":48,"gold_loss":0}],"is_beta":false,"boss_relics":[{"not_picked":["Astrolabe","Calling Bell"],"picked":"Philosopher\u0027s Stone"},{"not_picked":["Busted Crown","Fusion Hammer"],"picked":"Tiny House"}],"items_purged_floors":[],"is_endless":false,"potions_floor_spawned":[4,7,10,12,18,21,24,31,35,45,47,54],"ascension_level":15}}