{"host":"w66hkhsixqp3za2f","time":1610626810,"event":{"mods":["Act Like it!","Arknights The Spire","Ascension Reborn","BaseMod","Friendly Minions","Gensokyo","Minty Spire (QoL Compilation)","Quick Restart","StSLib","¡¾ÒÅÎï¿¨ÅÆ¡¿REMEMod","óô»ðÖ¸ÄÏ"],"gold_per_floor":[115,115,127,127,4437,4465,3662,3681,3704,3704,3716,2843,3109,3127,2222,2411,2411,2448,2448,2469,2488,2513,1731,1778,1778,1778,638,655,680,699,83,3758,3872,3872,4403,4403,3451,3470,3500,3537,3570,3597,3621,3621,2620,2620,2658,1820,959,989,989,137,449,487,544],"floor_reached":56,"language":"ZHS","playtime":3795,"items_purged":["ats:Defend","ats:Defend","ats:Strike V","ats:Strike S","ats:Armor Crushing Shot","ats:Defend","ats:Emotion Absorption","ats:Defend+1","ats:Hammer On"],"score":1401,"play_id":"f33881af-274b-4496-b9e6-77f994875974","local_time":"20210114212010","is_ascension_mode":true,"campfire_choices":[{"floor":25,"key":"RECALL"}],"circlet_count":0,"master_deck":["ats:Strike C","ats:Strike G","Gensokyo:Dawn+1","ats:Demon Strength","ats:Red Shift","ats:Sword Rain+1","REME_PuzzleBox+1","ats:Part Time Job","ats:Overload","ats:Composite Medical Shells","ats:Closed Bolt Burst Fire","ats:Apocalypse","ats:Assault Order","REME_FirmDetermination","ats:Very Hot Blade","ats:Counter Healing Mode","ats:True Silver Slash","ats:Calcification","ats:Apocalypse","ats:Ignite","ats:Burning Ground","ats:Ignite","Gensokyo:LittleGreenMen","ats:Echo Reverb","ats:Defend Order","ats:Burning Ground","ats:Sunburst","ats:Calcification","ats:Roar Of Ursus","Gensokyo:Dawn+1","Gensokyo:LockedMedkit","ats:Sunburst+1","ats:Healing Strengthening+1","ats:Part Time Job","ats:Revitalization","Gensokyo:PrivateSquare","Gensokyo:SummonFieryMouse","ats:Composite Medical Shells+1","ats:Part Time Job","Gensokyo:SummonPsychicCat","ats:Ignite","ats:Healing Strengthening","ats:Ignite"],"relics":["ats:Sanity","REME_ComplimentaryCards","NeowsBlessing","Happy Flower","Mango","ats:Berate","Shovel","ats:Assault","ats:Originium","ats:Hidden Killer","Bag of Marbles","Nunchaku","Orrery","Gensokyo:OccultBall","Chemical X","HandDrill","ClockworkSouvenir","ats:Arts","REME_ArchaeologicalTools","Frozen Eye","Vajra","ats:Bonebreaker","REME_ChargedStone","Gensokyo:Companionship","Gensokyo:SongOfSouls","REME_LimitBreaker","Omamori","Toolbox","Singing Bowl","War Paint","ats:Snipe","ats:Cure","Medical Kit","OrangePellets","ats:Attack","Strawberry","Pen Nib","ats:Support","ats:Defend","Lizard Tail","Tiny Chest","Calling Bell","MealTicket","Matryoshka","Torii","Eternal Feather","Sling","Cauldron","REME_CardOfGreed","DollysMirror","ats:Ability Aura","Orichalcum","Boot","Ancient Tea Set","Whetstone","PreservedInsect","Calipers","Mummified Hand","ats:Special","Letter Opener","HornCleat","Centennial Puzzle","Strange Spoon","Oddly Smooth Stone","ats:Lavender","TheAbacus","ats:Rhine Circuitry","REME_PuzzleBoxRelic","Gremlin Horn","Bag of Preparation","ats:Military Tradition","Art of War","Anchor"],"acts_visited":["Gensokyo:Gensokyo","Gensokyo:Gensokyoer","Gensokyo:Gensokyoest","TheEnding"],"potions_floor_usage":[8,16,16,24,29,29,30,31,33,35,37,55],"damage_taken":[{"damage":0,"enemies":"Gensokyo:Gryphon","floor":1,"turns":1},{"damage":0,"enemies":"Gensokyo:2_Kodama","floor":3,"turns":1},{"damage":0,"enemies":"Gensokyo:Aya","floor":6,"turns":1},{"damage":9,"enemies":"Gensokyo:Python","floor":8,"turns":3},{"damage":7,"enemies":"Gensokyo:Kitsune","floor":11,"turns":2},{"damage":25,"enemies":"Gensokyo:5_Fairies","floor":13,"turns":5},{"damage":9,"enemies":"Gensokyo:Gryphon_and_Rabbit","floor":14,"turns":4},{"damage":18,"enemies":"Gensokyo:Kokoro","floor":16,"turns":5},{"damage":0,"enemies":"Gensokyo:2_Gloops","floor":18,"turns":3},{"damage":0,"enemies":"Gensokyo:Chomper","floor":20,"turns":2},{"damage":30,"enemies":"Gensokyo:Swordslinger","floor":21,"turns":4},{"damage":16,"enemies":"Gensokyo:Chomper_and_Gloop","floor":22,"turns":3},{"damage":43,"enemies":"Gensokyo:Reisen","floor":24,"turns":7},{"damage":8,"enemies":"Gensokyo:Wraith","floor":28,"turns":5},{"damage":21,"enemies":"Gensokyo:Swordslinger","floor":29,"turns":4},{"damage":25,"enemies":"Gensokyo:Slime_Group","floor":30,"turns":3},{"damage":54,"enemies":"Gensokyo:Eternal_Rivals","floor":33,"turns":6},{"damage":79,"enemies":"Gensokyo:AncientGuardian","floor":35,"turns":9},{"damage":0,"enemies":"Gensokyo:3_Boulders","floor":38,"turns":1},{"damage":0,"enemies":"Gensokyo:4_Bats","floor":39,"turns":2},{"damage":50,"enemies":"Gensokyo:Marisa","floor":40,"turns":4},{"damage":11,"enemies":"Gensokyo:Dusk_and_Dawn","floor":41,"turns":3},{"damage":0,"enemies":"Gensokyo:SeedOfUnknown","floor":47,"turns":3},{"damage":2,"enemies":"Gensokyo:Shinki","floor":50,"turns":6},{"damage":3,"enemies":"Shield and Spear","floor":54,"turns":2},{"damage":2,"enemies":"The Heart","floor":55,"turns":7}],"seed_played":"-3591559696648015262","potions_obtained":[{"floor":3,"key":"ats:Emergency Sanity Potion"},{"floor":8,"key":"REME_GoldPotion"},{"floor":14,"key":"BlessingOfTheForge"},{"floor":18,"key":"CultistPotion"},{"floor":21,"key":"Explosive Potion"},{"floor":24,"key":"FearPotion"},{"floor":29,"key":"Weak Potion"},{"floor":30,"key":"REME_GoldPotion"},{"floor":35,"key":"Dexterity Potion"},{"floor":37,"key":"Weak Potion"},{"floor":37,"key":"Fire Potion"},{"floor":37,"key":"REME_GoldPotion"},{"floor":37,"key":"Dexterity Potion"},{"floor":37,"key":"Fire Potion"},{"floor":41,"key":"CultistPotion"}],"is_trial":false,"path_per_floor":["M","?","M","?","$","E","R","M","T","?","M","COS","M","M","R","B",null,"M","?","M","M","M","R","E","R","T","COS","M","M","M","$","R","B",null,"M","?","COS","M","M","E","M","T","T","T","R","?","M","$","R","B",null,"R","$","E","B",null],"character_chosen":"DOCTOR_CLASS","items_purchased":["ats:Berate","Shovel","ats:Assault","ats:Demon Strength","Swift Potion","ats:Red Shift","Bag of Marbles","Nunchaku","ats:Calcification","REME_PuzzleBox","Orrery","REME_FirmDetermination","ats:Very Hot Blade","REME_ArchaeologicalTools","Frozen Eye","Vajra","ats:Counter Healing Mode","REME_LimitBreaker","Omamori","Toolbox","ats:Burning Ground","ats:Ignite","Strawberry","Pen Nib","ats:Support","ats:Defend Order","Block Potion","AttackPotion","ats:Burning Ground","ats:Defend","Lizard Tail","Tiny Chest","ats:Sunburst","Calipers","Mummified Hand","ats:Special","ats:Part Time Job","ats:Revitalization","HornCleat","Centennial Puzzle","Strange Spoon","FairyPotion","Oddly Smooth Stone","ats:Lavender","TheAbacus","ats:Part Time Job","ats:Rhine Circuitry","REME_PuzzleBoxRelic","Gremlin Horn","ats:Ignite","Bag of Preparation","ats:Military Tradition","Art of War","ats:Healing Strengthening","ats:Ignite"],"campfire_rested":0,"item_purchase_floors":[5,5,5,5,5,5,7,7,7,7,7,15,15,15,15,15,15,23,23,23,23,23,31,31,31,31,31,31,32,32,32,32,32,45,45,45,45,45,48,48,48,48,49,49,49,49,52,52,52,52,53,53,53,53,53],"current_hp_per_floor":[72,72,72,65,65,65,65,57,57,57,50,50,25,19,19,6,86,86,86,86,64,57,57,38,38,38,38,46,40,15,22,22,30,99,34,34,34,34,37,12,20,20,20,20,44,44,49,64,88,107,107,107,107,107,107],"gold":544,"neow_bonus":"THREE_ENEMY_KILL","is_daily":false,"chose_seed":false,"campfire_upgraded":0,"win_rate":0.0,"timestamp":1610626810,"path_taken":["M","?","M","?","$","E","R","M","T","?","M","COS","?","M","R","BOSS","M","?","M","M","M","R","E","R","T","COS","M","M","M","$","R","BOSS","M","?","COS","M","?","E","M","?","T","?","R","?","M","$","R","BOSS","R","$","E","BOSS"],"items_purchased_type":["Relic","Relic","Relic","Card","Potion","Card","Relic","Relic","Card","Card","Relic","Card","Card","Relic","Relic","Relic","Card","Relic","Relic","Relic","Card","Card","Relic","Relic","Relic","Card","Potion","Potion","Card","Card","Relic","Relic","Card","Relic","Relic","Relic","Card","Card","Relic","Relic","Relic","Potion","Relic","Relic","Relic","Card","Relic","Relic","Relic","Card","Relic","Relic","Relic","Card","Card"],"build_version":"2020-12-22","purchased_purges":9,"victory":true,"max_hp_per_floor":[72,72,72,86,86,86,86,86,86,86,86,86,86,86,86,86,86,86,86,86,86,86,86,88,88,88,88,90,92,92,99,99,99,99,101,101,101,101,103,103,105,105,105,105,105,105,107,107,107,107,107,107,107,107,107],"card_choices":[{"not_picked":["ats:Flexible Camouflage","ats:Poison Spread"],"picked":"ats:Hammer On","floor":1},{"not_picked":["ats:Revitalization","ats:Assault Order"],"picked":"ats:Hammer On","floor":3},{"not_picked":["ats:Shell Defense","ats:Ignite"],"picked":"ats:Sword Rain","floor":6},{"not_picked":["ats:Apocalypse","ats:Assault Order"],"picked":"ats:Part Time Job","floor":7},{"not_picked":["ats:Chain Hook","ats:Nebulous Foxfire"],"picked":"ats:Overload","floor":7},{"not_picked":["ats:Mental Burst","ats:Poison Spread"],"picked":"ats:Composite Medical Shells","floor":7},{"not_picked":["ats:Hook Shot","ats:Cat Scratch"],"picked":"ats:Closed Bolt Burst Fire","floor":8},{"not_picked":["ats:Neurotoxin","ats:Explosion Area Strengthen"],"picked":"ats:Apocalypse","floor":11},{"not_picked":["ats:Explosion Area Strengthen+1","ats:Poison Spread+1","ats:Hammer On+1"],"picked":"SKIP","floor":13},{"not_picked":["ats:Sword Rain","ats:Directed Diagnosis","ats:Shell Defense"],"picked":"SKIP","floor":13},{"not_picked":["ats:Very Hot Blade","ats:Hammer On"],"picked":"ats:Assault Order","floor":14},{"not_picked":["ats:Fractured Body","ats:Nebulous Foxfire"],"picked":"ats:True Silver Slash","floor":16},{"not_picked":["ats:Nebulous Foxfire","ats:True Silver Slash"],"picked":"ats:Calcification","floor":16},{"not_picked":["ats:Rapid Magazine","ats:Healing Drone","ats:Collapsing Strike"],"picked":"SKIP","floor":18},{"not_picked":["ats:Hammer On","ats:Cat Scratch+1"],"picked":"ats:Apocalypse","floor":20},{"not_picked":["ats:Neurotoxin","ats:Childhood Dance"],"picked":"ats:Ignite","floor":21},{"not_picked":["ats:Thermite Blade","ats:LN2 Cannon","ats:Ignite"],"picked":"SKIP","floor":22},{"not_picked":["ats:Childhood Dance","ats:Overload","ats:Powerful Strike+1"],"picked":"Singing Bowl","floor":24},{"not_picked":["ats:Curse Doll","ats:Overload","ats:Automatic Cover"],"picked":"Singing Bowl","floor":28},{"not_picked":["ats:Powerful Strike","ats:Explosion Area Strengthen+1","ats:Curse Doll"],"picked":"Singing Bowl","floor":29},{"not_picked":["ats:Burning Ground","ats:Directed Diagnosis+1"],"picked":"ats:Echo Reverb","floor":30},{"not_picked":["ats:Ambush","ats:Soul Rend"],"picked":"ats:Calcification","floor":33},{"not_picked":["ats:Fractured Body","ats:Echo Reverb"],"picked":"ats:Roar Of Ursus","floor":35},{"not_picked":["ats:Powerful Strike","ats:Childhood Dance","ats:LN2 Cannon+1"],"picked":"Singing Bowl","floor":35},{"not_picked":["ats:Soul Rend","ats:Chain Hook"],"picked":"ats:Sunburst","floor":38},{"not_picked":["ats:Soul Absorption+1","ats:Childhood Dance","ats:Steam Pump+1"],"picked":"Singing Bowl","floor":39},{"not_picked":["ats:Beaten Up+1","ats:Powerful Strike"],"picked":"ats:Healing Strengthening+1","floor":40},{"not_picked":["ats:Charging Defense+1","ats:Poison Spread","ats:Shell Defense+1"],"picked":"Singing Bowl","floor":41},{"not_picked":["ats:Cat Scratch+1","ats:Neurotoxin+1","ats:Poison Spread+1"],"picked":"Singing Bowl","floor":47},{"not_picked":["ats:Demon Strength","ats:Childhood Dance"],"picked":"ats:Composite Medical Shells+1","floor":47},{"not_picked":["ats:Charging Defense","ats:Rapid Magazine","ats:Thermite Blade"],"picked":"SKIP","floor":54}],"player_experience":50596,"relics_obtained":[{"floor":6,"key":"ats:Originium"},{"floor":6,"key":"ats:Hidden Killer"},{"floor":16,"key":"Gensokyo:OccultBall"},{"floor":24,"key":"ats:Originium"},{"floor":24,"key":"Singing Bowl"},{"floor":26,"key":"War Paint"},{"floor":33,"key":"Gensokyo:OccultBall"},{"floor":34,"key":"MealTicket"},{"floor":34,"key":"Matryoshka"},{"floor":34,"key":"Torii"},{"floor":40,"key":"Gensokyo:OccultBall"},{"floor":40,"key":"ats:Originium"},{"floor":40,"key":"ats:Ability Aura"},{"floor":42,"key":"Orichalcum"},{"floor":42,"key":"Boot"},{"floor":43,"key":"Ancient Tea Set"},{"floor":43,"key":"Whetstone"},{"floor":44,"key":"PreservedInsect"},{"floor":54,"key":"Anchor"}],"event_choices":[],"is_beta":false,"boss_relics":[{"not_picked":["Pandora\u0027s Box","Snecko Eye"],"picked":"REME_ChargedStone"},{"not_picked":["Velvet Choker","Fusion Hammer"],"picked":"Calling Bell"}],"items_purged_floors":[5,15,23,32,45,48,49,52,53],"is_endless":false,"potions_floor_spawned":[3,8,14,18,21,24,29,30,35,41,54],"ascension_level":0}}