{"host":"xu0zbcebhy6w9mdv","time":1610645471,"event":{"mods":["AchievementEnabler","Act Like it!","Aspiration","BaseMod","Better Match","Better Third Choice","BetterRewards","Colored Powertips","Downfall","Duelist Mod","Friendly Minions","Gensokyo","Hallownest","Hubris","Infinite Spire","Marisa????????","Minty Spire (QoL Compilation)","Potionbrewer","Quick Restart","READ ME - Guardian Mod","READ ME - Snecko Mod","Rare Cards Sparkle","Replay The Spire","Shop Mod","StSLib","The Animator","The Blackbeard","The Bug Knight","The Cursed","The Hierophant","The Necromancer","The Runesmith","The Servant 0.9.4"],"gold_per_floor":[113,127,127,127,54,54,54,54,54,54,67,80,91,103,103,207,207,207,207],"floor_reached":18,"language":"ENG","playtime":3802,"items_purged":[],"score":252,"play_id":"0eb04854-30c4-4551-b3b3-4700fdd4deae","local_time":"20210114123111","is_ascension_mode":false,"campfire_choices":[{"data":"Bouncing Flask","floor":6,"key":"SMITH"},{"floor":15,"key":"REST"}],"circlet_count":0,"master_deck":["Strike_G","Strike_G+1","Strike_G","Defend_G","Defend_G","Defend_G+1","Defend_G","Defend_G","Survivor","Neutralize","Fluid Movement+1","PiercingWail","Sucker Punch","Outmaneuver","Bane","Bouncing Flask+1","ReplayTheSpireMod:Scrap Shanks","Adrenaline+1","Catalyst+1","Tools of the Trade"],"relics":["Sizzling Blood","Toxic Egg 2","hubris:TinFlute","Empty Cage"],"acts_visited":["Exordium","TheCity"],"potions_floor_usage":[13,16],"damage_taken":[{"damage":2,"enemies":"Cultist","floor":1,"turns":5},{"damage":7,"enemies":"Small Slimes","floor":2,"turns":5},{"damage":6,"enemies":"Jaw Worm","floor":11,"turns":5},{"damage":3,"enemies":"Looter","floor":12,"turns":4},{"damage":0,"enemies":"Exordium Wildlife","floor":13,"turns":3},{"damage":11,"enemies":"3 Louse","floor":14,"turns":4},{"damage":59,"enemies":"Hexaghost","floor":16,"turns":10},{"damage":18,"enemies":"Shell Parasite","floor":18,"turns":4}],"seed_played":"-1196981089407028048","potions_obtained":[{"floor":1,"key":"FearPotion"},{"floor":11,"key":"CunningPotion"},{"floor":16,"key":"Fruit Juice"}],"is_trial":false,"path_per_floor":["M","M","?","?","$","R","?","?","T","$","M","M","M","M","R","B",null,"M"],"character_chosen":"THE_SILENT","items_purchased":["Fluid Movement+1","PiercingWail","Bouncing Flask"],"campfire_rested":1,"item_purchase_floors":[0,0,5],"current_hp_per_floor":[68,61,61,65,65,65,65,50,50,50,48,49,53,46,68,13,74,56,56],"gold":207,"neow_bonus":"","is_daily":false,"chose_seed":false,"campfire_upgraded":1,"win_rate":0.0,"timestamp":1610645471,"path_taken":["M","M","?","?","$","R","?","?","T","$","M","M","M","M","R","BOSS","M"],"items_purchased_type":["Card","Card","Card"],"build_version":"2020-12-22","purchased_purges":0,"victory":false,"max_hp_per_floor":[70,70,70,74,74,74,74,74,74,74,74,74,74,74,74,74,74,74,74],"card_choices":[{"not_picked":["Expertise","Hidden Blade"],"picked":"Sucker Punch","floor":1},{"not_picked":["Cloak And Dagger","Bane"],"picked":"Outmaneuver","floor":2},{"not_picked":["Backflip+1","Dagger Throw"],"picked":"ReplayTheSpireMod:Scrap Shanks","floor":11},{"not_picked":["Dagger Spray","ReplayTheSpireMod:The Works+1","Eviscerate"],"picked":"SKIP","floor":12},{"not_picked":["hubris:SlightOfHand+1","Tactician+1"],"picked":"Adrenaline+1","floor":13},{"not_picked":["hubris:Sniper+1","Prepared+1"],"picked":"Catalyst+1","floor":14},{"not_picked":["Glass Knife","Malaise+1"],"picked":"Tools of the Trade","floor":16}],"player_experience":627096,"relics_obtained":[{"floor":9,"key":"hubris:TinFlute"}],"event_choices":[{"damage_healed":0,"gold_gain":0,"cards_transformed":["Strike_G"],"player_choice":"Change","damage_taken":0,"max_hp_gain":0,"max_hp_loss":0,"event_name":"Living Wall","floor":3,"gold_loss":0,"cards_obtained":["Bane"]},{"damage_healed":65,"gold_gain":0,"player_choice":"Upgrade","damage_taken":15,"max_hp_gain":0,"max_hp_loss":74,"event_name":"betterThird:BetterShining","floor":8,"gold_loss":0,"cards_upgraded":["Defend_G","Strike_G"]}],"is_beta":false,"boss_relics":[{"not_picked":["Snecko Eye","aspiration:RunicSpoon"],"picked":"Empty Cage"}],"items_purged_floors":[],"is_endless":false,"potions_floor_spawned":[1,11,16],"killed_by":"Shell Parasite","ascension_level":0}}