{"host":"vex7walpoxzv48nx","time":1610637270,"event":{"mods":["BaseMod","Highlight Path","Minty Spire (QoL Compilation)","Permanent Neow","Quick Restart","Relic Stats"],"gold_per_floor":[118,118,136,196,196,196,231,245,290,290,9,34,47,79,79,151,151,163,163,178,193,211,242,138,138,216,216,216,550,565,565,565,641,641,641,641],"floor_reached":35,"language":"ENG","playtime":3769,"items_purged":["Armaments"],"score":951,"play_id":"91b56c28-b32b-497b-b2e6-dfbc77ae040a","local_time":"20210114161430","daily_mods":["SealedDeck","Heirloom"],"is_ascension_mode":true,"campfire_choices":[{"data":"Rampage","floor":6.0,"key":"SMITH"},{"data":"Metallicize","floor":15.0,"key":"SMITH"},{"data":"Uppercut","floor":27.0,"key":"SMITH"},{"data":"Shockwave","floor":32.0,"key":"SMITH"}],"circlet_count":0,"master_deck":["AscendersBane","Anger","Armaments+1","Cleave","Metallicize+1","Burning Pact","Clothesline","Shrug It Off","Rampage+1","Uppercut","Demon Form","True Grit","Shrug It Off","Reaper","Uppercut+1","Shockwave+1","Burning Pact","Feel No Pain","Flame Barrier","Shrug It Off","Clumsy","Pummel","Double Tap"],"relics":["Burning Blood","Du-Vu Doll","Bag of Preparation","Akabeko","Darkstone Periapt","Kunai","Prayer Wheel","HornCleat","Busted Crown","Mummified Hand","Enchiridion","Self Forming Clay","Old Coin","StrikeDummy","Empty Cage"],"acts_visited":["Exordium","TheCity","TheBeyond"],"potions_floor_usage":[],"damage_taken":[{"damage":4.0,"enemies":"Jaw Worm","floor":1.0,"turns":4.0},{"damage":0.0,"enemies":"Cultist","floor":3.0,"turns":3.0},{"damage":2.0,"enemies":"Lagavulin","floor":7.0,"turns":6.0},{"damage":0.0,"enemies":"2 Louse","floor":8.0,"turns":1.0},{"damage":20.0,"enemies":"3 Sentries","floor":12.0,"turns":5.0},{"damage":14.0,"enemies":"Large Slime","floor":13.0,"turns":4.0},{"damage":4.0,"enemies":"Lagavulin","floor":14.0,"turns":6.0},{"damage":0.0,"enemies":"Hexaghost","floor":16.0,"turns":7.0},{"damage":13.0,"enemies":"2 Thieves","floor":18.0,"turns":4.0},{"damage":5.0,"enemies":"3 Byrds","floor":20.0,"turns":4.0},{"damage":9.0,"enemies":"Snake Plant","floor":21.0,"turns":5.0},{"damage":0.0,"enemies":"Centurion and Healer","floor":22.0,"turns":4.0},{"damage":24.0,"enemies":"Gremlin Leader","floor":23.0,"turns":9.0},{"damage":10.0,"enemies":"Book of Stabbing","floor":29.0,"turns":5.0},{"damage":0.0,"enemies":"Snecko","floor":30.0,"turns":5.0},{"damage":48.0,"enemies":"Collector","floor":33.0,"turns":9.0},{"damage":0,"enemies":"3 Darklings","floor":35,"turns":2}],"seed_played":"7273898140336763344","potions_obtained":[{"floor":8.0,"key":"EssenceOfSteel"},{"floor":13.0,"key":"Swift Potion"},{"floor":16.0,"key":"Dexterity Potion"},{"floor":30.0,"key":"Fruit Juice"}],"is_trial":true,"path_per_floor":["M","?","M","?","?","R","E","M","T","T","$","E","M","E","R","B",null,"M","?","M","M","M","E","$","?","T","R","?","E","M","T","R","B",null,"M"],"character_chosen":"IRONCLAD","items_purchased":["Kunai","Shrug It Off"],"campfire_rested":0,"item_purchase_floors":[11,24],"current_hp_per_floor":[70,70,75,75,75,75,75,75,75,75,75,61,53,55,55,61,72,68,68,75,72,75,75,75,54,54,54,60,65,86,86,86,48,77,77,77],"gold":641,"neow_bonus":"","is_daily":false,"chose_seed":false,"campfire_upgraded":4,"win_rate":0.0,"timestamp":1610637270,"path_taken":["M","?","?","?","?","R","E","M","T","?","?","E","?","E","R","BOSS","M","?","M","M","M","E","$","?","T","R","?","E","?","?","R","BOSS","M"],"items_purchased_type":["Relic","Card"],"build_version":"2020-12-22","purchased_purges":1,"victory":false,"max_hp_per_floor":[75,75,75,75,75,75,75,75,75,75,75,75,75,75,75,75,75,75,75,75,75,75,75,75,75,75,75,81,81,86,86,86,86,86,86,86],"relic_stats":{"Darkstone Periapt":6,"Busted Crown":26,"counters":[17,83],"Mummified Hand":[18],"Self Forming Clay":[33],"Prayer Wheel":6,"Bag of Preparation":[28],"Kunai":[17],"obtain_stats":[{"Darkstone Periapt":10,"Self Forming Clay":26,"Enchiridion":25,"Bag of Preparation":7,"Empty Cage":34,"Burning Blood":0,"Akabeko":9,"Old Coin":29,"Du-Vu Doll":0,"HornCleat":14,"Busted Crown":17,"Mummified Hand":23,"Prayer Wheel":12,"Kunai":11,"StrikeDummy":31},{"Darkstone Periapt":4,"Self Forming Clay":13,"Enchiridion":13,"Bag of Preparation":3,"Empty Cage":16,"Burning Blood":0,"Akabeko":4,"Old Coin":14,"Du-Vu Doll":0,"HornCleat":7,"Busted Crown":8,"Mummified Hand":13,"Prayer Wheel":5,"Kunai":4,"StrikeDummy":15},{"Darkstone Periapt":14,"Self Forming Clay":62,"Enchiridion":62,"Bag of Preparation":13,"Empty Cage":81,"Burning Blood":0,"Akabeko":14,"Old Coin":67,"Du-Vu Doll":0,"HornCleat":29,"Busted Crown":36,"Mummified Hand":62,"Prayer Wheel":19,"Kunai":14,"StrikeDummy":72}],"Burning Blood":72},"card_choices":[{"not_picked":["Clash","Fire Breathing","Sword Boomerang"],"picked":"SKIP","floor":1.0},{"not_picked":["Heavy Blade","Body Slam"],"picked":"Rampage","floor":3.0},{"not_picked":["Perfected Strike","Anger"],"picked":"Uppercut","floor":7.0},{"not_picked":["Flex","Dual Wield"],"picked":"Demon Form","floor":8.0},{"not_picked":["Pummel","Blood for Blood"],"picked":"True Grit","floor":12.0},{"not_picked":["Clash","Uppercut"],"picked":"Shrug It Off","floor":13.0},{"not_picked":["Anger","Warcry","Wild Strike"],"picked":"SKIP","floor":13.0},{"not_picked":["Perfected Strike","Anger","Rupture"],"picked":"SKIP","floor":14.0},{"not_picked":["Impervious","Feed"],"picked":"Reaper","floor":16.0},{"not_picked":[],"picked":"Uppercut","floor":18.0},{"not_picked":["Warcry"],"picked":"SKIP","floor":18.0},{"not_picked":["Perfected Strike"],"picked":"SKIP","floor":20.0},{"not_picked":["Perfected Strike"],"picked":"SKIP","floor":20.0},{"not_picked":[],"picked":"Burning Pact","floor":21.0},{"not_picked":["Rupture"],"picked":"SKIP","floor":21.0},{"not_picked":[],"picked":"Feel No Pain","floor":22.0},{"not_picked":[],"picked":"Flame Barrier","floor":22.0},{"not_picked":["Clash"],"picked":"SKIP","floor":23.0},{"not_picked":["Perfected Strike"],"picked":"SKIP","floor":29.0},{"not_picked":[],"picked":"Pummel","floor":30.0},{"not_picked":[],"picked":"Body Slam","floor":30.0},{"not_picked":[],"picked":"Double Tap","floor":33.0}],"player_experience":113543,"relics_obtained":[{"floor":7.0,"key":"Bag of Preparation"},{"floor":9.0,"key":"Akabeko"},{"floor":10.0,"key":"Darkstone Periapt"},{"floor":12.0,"key":"Prayer Wheel"},{"floor":14.0,"key":"HornCleat"},{"floor":23.0,"key":"Mummified Hand"},{"floor":25.0,"key":"Enchiridion"},{"floor":26.0,"key":"Self Forming Clay"},{"floor":29.0,"key":"Old Coin"},{"floor":31.0,"key":"StrikeDummy"}],"event_choices":[{"cards_removed":["Pommel Strike"],"damage_healed":0.0,"max_hp_gain":0.0,"max_hp_loss":0.0,"gold_gain":0.0,"event_name":"Purifier","player_choice":"Purged","floor":2.0,"gold_loss":0.0,"damage_taken":0.0},{"damage_healed":0.0,"max_hp_gain":0.0,"max_hp_loss":0.0,"gold_gain":60.0,"event_name":"Golden Wing","player_choice":"Gained Gold","floor":4.0,"gold_loss":0.0,"damage_taken":0.0},{"damage_healed":0.0,"max_hp_gain":0.0,"max_hp_loss":0.0,"gold_gain":0.0,"event_name":"Living Wall","player_choice":"Grow","floor":5.0,"gold_loss":0.0,"damage_taken":0.0,"cards_upgraded":["Armaments"]},{"damage_healed":0.0,"max_hp_gain":0.0,"max_hp_loss":0.0,"gold_gain":0.0,"event_name":"The Library","player_choice":"Read","floor":19.0,"gold_loss":0.0,"damage_taken":0.0,"cards_obtained":["Shockwave"]},{"damage_healed":0.0,"max_hp_gain":0.0,"max_hp_loss":0.0,"gold_gain":0.0,"event_name":"Cursed Tome","player_choice":"Obtained Book","floor":25.0,"gold_loss":0.0,"damage_taken":21.0},{"damage_healed":0.0,"max_hp_gain":0.0,"max_hp_loss":0.0,"gold_gain":0.0,"event_name":"Match and Keep!","player_choice":"1 cards matched","floor":28.0,"gold_loss":0.0,"damage_taken":0.0,"cards_obtained":["Clumsy"]}],"is_beta":false,"boss_relics":[{"not_picked":["Black Star","Philosopher\u0027s Stone"],"picked":"Busted Crown"},{"not_picked":["Snecko Eye","Coffee Dripper"],"picked":"Empty Cage"}],"items_purged_floors":[24],"is_endless":false,"potions_floor_spawned":[8,13,14,16,22,30],"killed_by":"3 Darklings","ascension_level":20}}