{"host":"esx1hwjnbftf3eqj","time":1610655345,"event":{"mods":["AchievementEnabler","BaseMod","Colored Map","Minty Spire (QoL Compilation)","StSLib","The Jungle"],"gold_per_floor":[109,120,120,120,135,135,149,3,50,75,111,123,410,435,447,559,571,594,199,199,217,233,233,233,252,252,127,158,14,289,299,299,395,395,414,414,424,207,227,227,241,255,255,80,80,80,380,396,396,396],"floor_reached":51,"language":"ENG","playtime":1191,"items_purged":["Defend_R","Regret","Strike_R","Regret","Strike_R"],"score":709,"play_id":"46f57043-1f5e-4fcc-8095-fa0aee12fed7","local_time":"20210114121545","is_ascension_mode":false,"campfire_choices":[{"data":"Sever Soul","floor":6.0,"key":"SMITH"},{"data":"Inflame","floor":12.0,"key":"SMITH"},{"data":"Strike_R","floor":15.0,"key":"SMITH"},{"data":"Double Tap","floor":23.0,"key":"SMITH"},{"floor":32.0,"key":"REST"},{"data":"Whirlwind","floor":40.0,"key":"SMITH"},{"data":"Shockwave","floor":46.0,"key":"SMITH"},{"data":"Immolate","floor":49.0,"key":"SMITH"}],"circlet_count":0,"master_deck":["Strike_R+1","Strike_R+1","Strike_R","Bash+1","Sever Soul+1","Inflame+1","Double Tap+1","Flex+1","Immolate+1","Shockwave+1","Battle Trance","Berserk+1","Whirlwind+1","Inflame"],"relics":["Burning Blood","MawBank","Whetstone","SlaversCollar","Bag of Preparation","Pear","MealTicket","Chemical X","Cursed Key"],"acts_visited":["Exordium","TheCity","TheBeyond"],"potions_floor_usage":[50,50],"damage_taken":[{"damage":8.0,"enemies":"2 Louse","floor":1.0,"turns":2.0},{"damage":8.0,"enemies":"Small Slimes","floor":2.0,"turns":3.0},{"damage":6.0,"enemies":"Cultist","floor":5.0,"turns":3.0},{"damage":16.0,"enemies":"Lots of Slimes","floor":7.0,"turns":4.0},{"damage":20.0,"enemies":"Exordium Thugs","floor":10.0,"turns":4.0},{"damage":10.0,"enemies":"Looter","floor":14.0,"turns":2.0},{"damage":16.0,"enemies":"Slime Boss","floor":16.0,"turns":9.0},{"damage":10.0,"enemies":"Chosen","floor":18.0,"turns":3.0},{"damage":20.0,"enemies":"2 Thieves","floor":21.0,"turns":3.0},{"damage":11.0,"enemies":"Snecko","floor":22.0,"turns":3.0},{"damage":19.0,"enemies":"Cultist and Chosen","floor":25.0,"turns":4.0},{"damage":18.0,"enemies":"Gremlin Leader","floor":28.0,"turns":3.0},{"damage":18.0,"enemies":"3 Cultists","floor":31.0,"turns":3.0},{"damage":48.0,"enemies":"Automaton","floor":33.0,"turns":5.0},{"damage":20.0,"enemies":"Orb Walker","floor":35.0,"turns":2.0},{"damage":16.0,"enemies":"3 Shapes","floor":37.0,"turns":3.0},{"damage":7.0,"enemies":"Maw","floor":39.0,"turns":4.0},{"damage":9.0,"enemies":"4 Shapes","floor":41.0,"turns":1.0},{"damage":8.0,"enemies":"Sphere and 2 Shapes","floor":42.0,"turns":2.0},{"damage":18.0,"enemies":"Spire Growth","floor":48.0,"turns":3.0},{"damage":81,"enemies":"Awakened One","floor":50,"turns":5}],"seed_played":"-2147807201043423022","potions_obtained":[{"floor":2.0,"key":"Swift Potion"},{"floor":4.0,"key":"LiquidBronze"},{"floor":4.0,"key":"BloodPotion"},{"floor":4.0,"key":"CultistPotion"},{"floor":10.0,"key":"Fruit Juice"},{"floor":14.0,"key":"Explosive Potion"},{"floor":22.0,"key":"Ancient Potion"},{"floor":31.0,"key":"Weak Potion"},{"floor":33.0,"key":"AttackPotion"},{"floor":39.0,"key":"BloodPotion"}],"is_trial":false,"path_per_floor":["M","M","?","?","M","R","M","$","T","M","T","R","?","M","R","B",null,"M","$","?","M","M","R","?","M","T","$","E","$","?","M","R","B",null,"M","?","M","$","M","R","M","M","T","$","$","R","?","M","R","B",null],"character_chosen":"IRONCLAD","items_purchased":["Inflame","Bag of Preparation","Immolate","Chemical X","Whirlwind"],"campfire_rested":1,"item_purchase_floors":[8,19,19,29,38],"current_hp_per_floor":[78,76,76,76,76,76,66,66,66,73,73,73,73,69,69,59,85,81,81,81,67,62,62,62,49,59,59,47,62,62,50,78,36,95,81,81,71,86,85,85,82,80,80,95,95,95,95,83,83,27],"gold":396,"neow_bonus":"REMOVE_CARD","is_daily":false,"chose_seed":false,"campfire_upgraded":7,"win_rate":0.0,"timestamp":1610655345,"path_taken":["M","M","?","?","M","R","?","$","T","?","?","R","?","?","R","BOSS","M","$","?","M","M","R","?","M","T","$","E","$","?","?","R","BOSS","M","?","M","$","M","R","M","M","T","?","$","R","?","M","R","BOSS"],"items_purchased_type":["Card","Relic","Card","Relic","Card"],"build_version":"2020-12-22","purchased_purges":5,"victory":true,"max_hp_per_floor":[80,80,80,80,80,80,80,80,80,85,85,85,85,85,85,85,85,85,85,85,85,85,85,85,85,95,95,95,95,95,95,95,95,95,95,95,95,95,95,95,95,95,95,95,95,95,95,95,95,95],"card_choices":[{"not_picked":["Heavy Blade","Dark Embrace","Thunderclap"],"picked":"SKIP","floor":1.0},{"not_picked":["Feel No Pain","Warcry","Perfected Strike"],"picked":"SKIP","floor":2.0},{"not_picked":["Entrench","Warcry","Perfected Strike"],"picked":"SKIP","floor":5.0},{"not_picked":["Sentinel","Havoc","Hemokinesis"],"picked":"SKIP","floor":7.0},{"not_picked":["Warcry","Dual Wield","True Grit"],"picked":"SKIP","floor":10.0},{"not_picked":["Evolve","Feed","Burning Pact"],"picked":"SKIP","floor":14.0},{"not_picked":["Reaper","Berserk"],"picked":"Double Tap","floor":16.0},{"not_picked":["True Grit+1","Clothesline+1"],"picked":"Flex+1","floor":18.0},{"not_picked":["Rupture+1","Disarm+1","Combust+1"],"picked":"SKIP","floor":21.0},{"not_picked":["Wild Strike+1","Body Slam","Clash"],"picked":"SKIP","floor":22.0},{"not_picked":["Shrug It Off","Ghostly Armor","Exhume"],"picked":"SKIP","floor":25.0},{"not_picked":["Clash+1","Combust"],"picked":"Battle Trance","floor":28.0},{"not_picked":["Power Through","Pummel","Flame Barrier+1"],"picked":"SKIP","floor":31.0},{"not_picked":["Corruption","Brutality"],"picked":"Berserk","floor":33.0},{"not_picked":["Flame Barrier","Blood for Blood","Body Slam+1"],"picked":"SKIP","floor":35.0},{"not_picked":["Pommel Strike+1","Cleave+1","Twin Strike+1"],"picked":"SKIP","floor":37.0},{"not_picked":["Pommel Strike","Shrug It Off+1","True Grit+1"],"picked":"SKIP","floor":39.0},{"not_picked":["Juggernaut","Rupture+1"],"picked":"Inflame","floor":41.0},{"not_picked":["Heavy Blade+1","Clash","Fire Breathing"],"picked":"SKIP","floor":42.0},{"not_picked":["Iron Wave+1","Thunderclap","Evolve+1"],"picked":"SKIP","floor":48.0}],"player_experience":736944,"relics_obtained":[{"floor":9.0,"key":"MawBank"},{"floor":11.0,"key":"Whetstone"},{"floor":26.0,"key":"Pear"},{"floor":28.0,"key":"MealTicket"}],"event_choices":[{"damage_healed":0.0,"max_hp_gain":0.0,"max_hp_loss":0.0,"gold_gain":0.0,"cards_transformed":["Defend_R"],"event_name":"Living Wall","player_choice":"Change","floor":3.0,"gold_loss":0.0,"damage_taken":0.0,"cards_obtained":["Sever Soul"]},{"damage_healed":0.0,"max_hp_gain":0.0,"max_hp_loss":0.0,"gold_gain":0.0,"event_name":"Lab","player_choice":"Got Potions","floor":4.0,"gold_loss":0.0,"damage_taken":0.0},{"damage_healed":0.0,"max_hp_gain":0.0,"max_hp_loss":0.0,"gold_gain":275.0,"event_name":"Golden Shrine","player_choice":"Desecrate","floor":13.0,"gold_loss":0.0,"damage_taken":0.0,"cards_obtained":["Regret"]},{"damage_healed":0.0,"max_hp_gain":0.0,"max_hp_loss":0.0,"gold_gain":0.0,"event_name":"The Library","player_choice":"Read","floor":20.0,"gold_loss":0.0,"damage_taken":0.0,"cards_obtained":["Shockwave"]},{"cards_removed":["Defend_R"],"damage_healed":0.0,"max_hp_gain":0.0,"max_hp_loss":0.0,"gold_gain":0.0,"event_name":"Back to Basics","player_choice":"Elegance","floor":24.0,"gold_loss":0.0,"damage_taken":0.0},{"damage_healed":0.0,"max_hp_gain":0.0,"max_hp_loss":0.0,"gold_gain":275.0,"event_name":"Golden Shrine","player_choice":"Desecrate","floor":30.0,"gold_loss":0.0,"damage_taken":0.0,"cards_obtained":["Regret"]},{"damage_healed":0.0,"max_hp_gain":0.0,"max_hp_loss":0.0,"gold_gain":0.0,"event_name":"Accursed Blacksmith","player_choice":"Forge","floor":36.0,"gold_loss":0.0,"damage_taken":0.0,"cards_upgraded":["Berserk"]},{"damage_healed":0.0,"max_hp_gain":0.0,"max_hp_loss":0.0,"gold_gain":300.0,"event_name":"Wheel of Change","player_choice":"Gold","floor":47.0,"gold_loss":0.0,"damage_taken":0.0}],"is_beta":false,"boss_relics":[{"not_picked":["SacredBark","Empty Cage"],"picked":"SlaversCollar"},{"not_picked":["Astrolabe","Sozu"],"picked":"Cursed Key"}],"items_purged_floors":[8,19,27,38,44],"is_endless":false,"potions_floor_spawned":[2,10,14,22,31,33,39,42],"ascension_level":0}}