{"host":"9tzam4717zt8ei1o","time":1610633838,"event":{"mods":["BaseMod","Colored Map","Keyboard Shortcuts","Minty Spire (QoL Compilation)","Quick Restart","StSLib","SuperFastMode"],"gold_per_floor":[117,267,277,277,277,277,290,290,345,66,83,83,83,83,83,160,160,177,227,239,139,139,139,14,40,87,100,100,150,177,27,27,99,99,116,130,130,150,170,196,206,241,313,313,348,348,348,364,364,364,364,364],"floor_reached":51,"language":"KOR","playtime":1977,"items_purged":["Strike_G","Strike_G","Strike_G","Defend_G"],"score":1672,"play_id":"d30d2591-a30e-493b-a0f2-bce2f90a6f4c","local_time":"20210114231718","is_ascension_mode":true,"campfire_choices":[{"data":"Neutralize","floor":6.0,"key":"SMITH"},{"data":"Dagger Spray","floor":8.0,"key":"SMITH"},{"data":"Eviscerate","floor":12.0,"key":"SMITH"},{"data":"Reflex","floor":15.0,"key":"SMITH"},{"data":"Well Laid Plans","floor":23.0,"key":"SMITH"},{"floor":28.0,"key":"REST"},{"floor":32.0,"key":"RECALL"},{"data":"Doppelganger","floor":49.0,"key":"SMITH"}],"circlet_count":0,"master_deck":["AscendersBane","Defend_G","Defend_G","Defend_G","Survivor","Neutralize+1","Doppelganger+1","After Image","Blur","Dagger Throw","Dagger Spray+1","Eviscerate+1","Reflex+1","Well Laid Plans+1","Acrobatics+1","Blur+1","Prepared+1"],"relics":["Ring of the Snake","PreservedInsect","Omamori","Busted Crown","Lantern","Regal Pillow","Anchor","Sozu","Happy Flower","Incense Burner","Darkstone Periapt"],"acts_visited":["TheCity","TheBeyond"],"potions_floor_usage":[],"damage_taken":[{"damage":4.0,"enemies":"Small Slimes","floor":1.0,"turns":4.0},{"damage":2.0,"enemies":"2 Louse","floor":3.0,"turns":5.0},{"damage":3.0,"enemies":"Cultist","floor":7.0,"turns":5.0},{"damage":5.0,"enemies":"Blue Slaver","floor":11.0,"turns":5.0},{"damage":22.0,"enemies":"The Guardian","floor":16.0,"turns":12.0},{"damage":10.0,"enemies":"2 Thieves","floor":18.0,"turns":4.0},{"damage":24.0,"enemies":"Chosen","floor":20.0,"turns":4.0},{"damage":35.0,"enemies":"Slavers","floor":25.0,"turns":5.0},{"damage":0.0,"enemies":"Sentry and Sphere","floor":27.0,"turns":3.0},{"damage":0.0,"enemies":"Gremlin Leader","floor":30.0,"turns":4.0},{"damage":37.0,"enemies":"Automaton","floor":33.0,"turns":8.0},{"damage":0.0,"enemies":"Orb Walker","floor":35.0,"turns":4.0},{"damage":13.0,"enemies":"3 Darklings","floor":36.0,"turns":3.0},{"damage":2.0,"enemies":"Writhing Mass","floor":38.0,"turns":5.0},{"damage":15.0,"enemies":"4 Shapes","floor":39.0,"turns":11.0},{"damage":0.0,"enemies":"Reptomancer","floor":40.0,"turns":7.0},{"damage":0.0,"enemies":"Transient","floor":41.0,"turns":6.0},{"damage":0.0,"enemies":"Giant Head","floor":42.0,"turns":5.0},{"damage":0.0,"enemies":"Nemesis","floor":45.0,"turns":3.0},{"damage":0.0,"enemies":"Sphere and 2 Shapes","floor":48.0,"turns":3.0},{"damage":1.0,"enemies":"Donu and Deca","floor":50.0,"turns":14.0},{"damage":56,"enemies":"Time Eater","floor":51,"turns":15}],"seed_played":"-3521329617913743887","potions_obtained":[{"floor":3.0,"key":"DuplicationPotion"},{"floor":5.0,"key":"FairyPotion"},{"floor":16.0,"key":"GamblersBrew"},{"floor":18.0,"key":"Explosive Potion"},{"floor":25.0,"key":"Poison Potion"},{"floor":30.0,"key":"SpeedPotion"}],"is_trial":false,"path_per_floor":["M","?","M","?","?","R","M","R","T","$","M","R","?","?","R","B",null,"M","?","M","$","?","R","$","E","T","M","R","?","E","$","R","B",null,"M","M","?","M","M","E","M","E","T","?","E","?","?","M","R","B","B"],"character_chosen":"THE_SILENT","items_purchased":["Eviscerate","Reflex","Well Laid Plans"],"campfire_rested":1,"item_purchase_floors":[10,10,10],"current_hp_per_floor":[40,40,38,38,38,38,35,35,35,35,30,30,19,41,41,19,54,44,44,20,20,20,20,20,13,13,13,47,47,47,47,47,10,52,52,39,39,37,22,22,22,22,22,54,54,54,51,51,51,50,0,0],"gold":364,"neow_bonus":"TRANSFORM_TWO_CARDS","is_daily":false,"chose_seed":false,"campfire_upgraded":6,"win_rate":0.0,"timestamp":1610633838,"path_taken":["M","?","M","?","?","R","M","R","T","$","?","R","?","?","R","BOSS","M","?","M","?","?","R","$","E","T","?","R","?","E","?","R","BOSS","M","M","?","M","M","E","M","E","T","?","E","?","?","M","R","BOSS","BOSS"],"items_purchased_type":["Card","Card","Card"],"build_version":"2020-12-22","purchased_purges":4,"victory":false,"max_hp_per_floor":[66,66,66,66,66,66,66,66,66,66,66,66,66,66,66,66,66,66,66,66,66,66,66,66,66,66,66,66,66,66,66,66,66,66,66,66,66,66,66,66,66,66,66,54,54,54,51,51,51,51,51,51],"card_choices":[{"not_picked":["Sucker Punch","Quick Slash"],"picked":"Blur","floor":1.0},{"not_picked":["Finisher","Slice"],"picked":"Dagger Throw","floor":3.0},{"not_picked":["PiercingWail","Skewer"],"picked":"Dagger Spray","floor":7.0},{"not_picked":["Poisoned Stab","Infinite Blades","Deadly Poison"],"picked":"SKIP","floor":11.0},{"not_picked":[],"picked":"Acrobatics+1","floor":18.0},{"not_picked":["Outmaneuver"],"picked":"SKIP","floor":20.0},{"not_picked":["Cloak And Dagger+1"],"picked":"SKIP","floor":25.0},{"not_picked":["Underhanded Strike"],"picked":"SKIP","floor":27.0},{"not_picked":["Bane"],"picked":"SKIP","floor":30.0},{"not_picked":[],"picked":"Blur+1","floor":35.0},{"not_picked":["Dodge and Roll+1"],"picked":"SKIP","floor":36.0},{"not_picked":["Backstab"],"picked":"SKIP","floor":38.0},{"not_picked":["Cloak And Dagger"],"picked":"SKIP","floor":39.0},{"not_picked":["Distraction"],"picked":"SKIP","floor":40.0},{"not_picked":["Choke"],"picked":"SKIP","floor":41.0},{"not_picked":[],"picked":"Prepared+1","floor":42.0},{"not_picked":["Deadly Poison+1"],"picked":"SKIP","floor":45.0},{"not_picked":["Backflip"],"picked":"SKIP","floor":48.0}],"player_experience":180103,"relics_obtained":[{"floor":9.0,"key":"PreservedInsect"},{"floor":25.0,"key":"Lantern"},{"floor":26.0,"key":"Regal Pillow"},{"floor":30.0,"key":"Anchor"},{"floor":40.0,"key":"Happy Flower"},{"floor":42.0,"key":"Incense Burner"},{"floor":45.0,"key":"Darkstone Periapt"}],"event_choices":[{"damage_healed":0.0,"max_hp_gain":0.0,"max_hp_loss":0.0,"gold_gain":150.0,"event_name":"Liars Game","player_choice":"AGREE","floor":2.0,"gold_loss":0.0,"damage_taken":0.0,"cards_obtained":["Doubt"]},{"cards_removed":["Doubt"],"damage_healed":0.0,"max_hp_gain":0.0,"max_hp_loss":0.0,"gold_gain":0.0,"event_name":"Living Wall","player_choice":"Forget","floor":4.0,"gold_loss":0.0,"damage_taken":0.0},{"damage_healed":0.0,"max_hp_gain":0.0,"max_hp_loss":0.0,"gold_gain":0.0,"event_name":"Lab","player_choice":"Got Potions","floor":5.0,"gold_loss":0.0,"damage_taken":0.0},{"damage_healed":0.0,"max_hp_gain":0.0,"max_hp_loss":0.0,"gold_gain":0.0,"event_name":"Scrap Ooze","player_choice":"Success","floor":13.0,"gold_loss":0.0,"damage_taken":11.0,"relics_obtained":["Omamori"]},{"damage_healed":22.0,"max_hp_gain":0.0,"max_hp_loss":0.0,"gold_gain":0.0,"event_name":"Big Fish","player_choice":"Banana","floor":14.0,"gold_loss":0.0,"damage_taken":0.0},{"damage_healed":0.0,"max_hp_gain":0.0,"max_hp_loss":0.0,"gold_gain":50.0,"event_name":"Nest","player_choice":"Stole From Cult","floor":19.0,"gold_loss":0.0,"damage_taken":0.0},{"cards_removed":["Strike_G"],"damage_healed":0.0,"max_hp_gain":0.0,"max_hp_loss":0.0,"gold_gain":0.0,"event_name":"Back to Basics","player_choice":"Elegance","floor":22.0,"gold_loss":0.0,"damage_taken":0.0},{"damage_healed":0.0,"max_hp_gain":0.0,"max_hp_loss":0.0,"gold_gain":100.0,"event_name":"The Joust","player_choice":"Bet on Murderer","floor":29.0,"gold_loss":50.0,"damage_taken":0.0},{"damage_healed":0.0,"max_hp_gain":0.0,"max_hp_loss":0.0,"gold_gain":0.0,"event_name":"Mysterious Sphere","player_choice":"Ignored","floor":37.0,"gold_loss":0.0,"damage_taken":0.0},{"damage_healed":54.0,"max_hp_gain":0.0,"max_hp_loss":12.0,"gold_gain":0.0,"event_name":"The Moai Head","player_choice":"Heal","floor":44.0,"gold_loss":0.0,"damage_taken":0.0},{"damage_healed":0.0,"max_hp_gain":0.0,"max_hp_loss":0.0,"gold_gain":0.0,"event_name":"SensoryStone","player_choice":"Memory 1","floor":46.0,"gold_loss":0.0,"damage_taken":0.0},{"damage_healed":0.0,"max_hp_gain":0.0,"max_hp_loss":3.0,"gold_gain":0.0,"event_name":"Winding Halls","player_choice":"Max HP","floor":47.0,"gold_loss":0.0,"damage_taken":0.0}],"is_beta":false,"boss_relics":[{"not_picked":["WristBlade","SlaversCollar"],"picked":"Busted Crown"},{"not_picked":["SacredBark","Runic Pyramid"],"picked":"Sozu"}],"items_purged_floors":[10,21,24,31],"is_endless":false,"potions_floor_spawned":[3,7,11,16,18,25,30,40,41,42,45],"killed_by":"Time Eater","ascension_level":20}}