{"host":"nolo0osttpwefhwj","time":1610651093,"event":{"mods":["AchievementEnabler","BaseMod","Bestiary","Colored Powertips","Minty Spire (QoL Compilation)","Permanent Neow","Quick Restart","Relic Stats"],"gold_per_floor":[113,131,306,306,60,90,50,83,83,117,17,17,36,36,36,140,140,151,151,168,180,193,219,230,230,230,230,245,272,272,299,299,395,395,408,418,418,418,418,450,450,481,504,530,530,546,573,618,618,618,618,618,98,129,129],"floor_reached":56,"language":"ENG","playtime":7350,"items_purged":["Strike_G","Strike_G","Strike_G+1"],"score":2205,"play_id":"a5636dfc-b72c-49b4-a3a8-f07f9900b1cb","local_time":"20210114200453","is_ascension_mode":true,"campfire_choices":[{"data":"Bouncing Flask","floor":15.0,"key":"SMITH"},{"data":"Bouncing Flask","floor":25.0,"key":"SMITH"},{"data":"Tools of the Trade","floor":27.0,"key":"SMITH"},{"data":"Impatience","floor":30.0,"key":"SMITH"},{"data":"Footwork","floor":32.0,"key":"SMITH"},{"floor":41.0,"key":"RECALL"},{"data":"Catalyst","floor":49.0,"key":"SMITH"}],"circlet_count":0,"master_deck":["Defend_G+1","Defend_G+1","Defend_G+1","Defend_G+1","Defend_G+1","Survivor+1","Riddle With Holes+1","Concentrate+1","Slice+1","Bouncing Flask+1","Impatience+1","Footwork+1","Footwork+1","Dodge and Roll+1","Escape Plan+1","Bouncing Flask+1","Corpse Explosion+1","Noxious Fumes+1","Tools of the Trade+1","After Image+1","Backflip+1","Dodge and Roll+1","Caltrops+1","Tools of the Trade+1","Acrobatics+1","Acrobatics+1","Finesse+1","Impatience+1","Secret Technique+1","Madness+1","Madness+1","Footwork+1","Prepared+1","Footwork+1","Catalyst+1"],"relics":["Ring of the Snake","Question Card","Eternal Feather","Bottled Lightning","Mummified Hand","Pear","SacredBark","Sundial","Bottled Tornado","Frozen Egg 2","Ice Cream","Coffee Dripper","Orichalcum","Molten Egg 2","HornCleat","Mark of the Bloom","MealTicket","Tough Bandages","Strange Spoon","Happy Flower","Blood Vial"],"acts_visited":["Exordium","TheCity","TheBeyond","TheEnding"],"potions_floor_usage":[55],"damage_taken":[{"damage":0.0,"enemies":"2 Louse","floor":1.0,"turns":2.0},{"damage":0.0,"enemies":"Small Slimes","floor":2.0,"turns":3.0},{"damage":18.0,"enemies":"Lagavulin","floor":6.0,"turns":7.0},{"damage":36.0,"enemies":"3 Sentries","floor":8.0,"turns":14.0},{"damage":0.0,"enemies":"Lagavulin","floor":10.0,"turns":7.0},{"damage":2.0,"enemies":"Jaw Worm","floor":13.0,"turns":5.0},{"damage":11.0,"enemies":"Hexaghost","floor":16.0,"turns":8.0},{"damage":0.0,"enemies":"3 Byrds","floor":18.0,"turns":3.0},{"damage":9.0,"enemies":"Shell Parasite","floor":20.0,"turns":4.0},{"damage":0.0,"enemies":"Centurion and Healer","floor":21.0,"turns":7.0},{"damage":3.0,"enemies":"Snecko","floor":22.0,"turns":5.0},{"damage":26.0,"enemies":"Book of Stabbing","floor":23.0,"turns":7.0},{"damage":3.0,"enemies":"Snake Plant","floor":24.0,"turns":5.0},{"damage":3.0,"enemies":"Centurion and Healer","floor":28.0,"turns":5.0},{"damage":3.0,"enemies":"Gremlin Leader","floor":29.0,"turns":6.0},{"damage":0.0,"enemies":"Book of Stabbing","floor":31.0,"turns":6.0},{"damage":4.0,"enemies":"Champ","floor":33.0,"turns":11.0},{"damage":0.0,"enemies":"3 Shapes","floor":35.0,"turns":4.0},{"damage":9.0,"enemies":"Orb Walker","floor":36.0,"turns":3.0},{"damage":0.0,"enemies":"Giant Head","floor":40.0,"turns":7.0},{"damage":1.0,"enemies":"Reptomancer","floor":42.0,"turns":5.0},{"damage":0.0,"enemies":"Giant Head","floor":44.0,"turns":7.0},{"damage":0.0,"enemies":"Spire Growth","floor":46.0,"turns":4.0},{"damage":0.0,"enemies":"Nemesis","floor":47.0,"turns":5.0},{"damage":0.0,"enemies":"2 Orb Walkers","floor":48.0,"turns":4.0},{"damage":0.0,"enemies":"Donu and Deca","floor":50.0,"turns":5.0},{"damage":0,"enemies":"Shield and Spear","floor":54,"turns":4},{"damage":0,"enemies":"The Heart","floor":55,"turns":7}],"seed_played":"-7651282348141705450","potions_obtained":[{"floor":6.0,"key":"EssenceOfSteel"},{"floor":10.0,"key":"Poison Potion"},{"floor":20.0,"key":"Energy Potion"},{"floor":23.0,"key":"Weak Potion"},{"floor":31.0,"key":"SkillPotion"},{"floor":35.0,"key":"Strength Potion"},{"floor":40.0,"key":"Energy Potion"},{"floor":44.0,"key":"Explosive Potion"},{"floor":46.0,"key":"Ancient Potion"}],"is_trial":false,"path_per_floor":["M","M","?","?","$","E","$","E","T","E","$","T","M","?","R","B",null,"M","?","M","M","M","E","M","R","T","R","M","E","R","E","R","B",null,"M","M","?","?","?","E","R","E","T","E","?","M","E","?","R","B",null,"R","$","E","B",null],"character_chosen":"THE_SILENT","items_purchased":["Impatience","Footwork","Footwork","Strange Spoon","Happy Flower","FairyPotion"],"campfire_rested":0,"item_purchase_floors":[5,5,7,53,53,53],"current_hp_per_floor":[63,63,63,63,63,45,45,9,9,9,9,19,17,17,26,15,59,59,59,50,50,47,21,18,30,30,42,39,36,48,48,63,59,70,70,61,51,42,42,42,60,59,59,59,59,59,59,59,59,59,59,59,59,59,59],"gold":129,"neow_bonus":"TRANSFORM_TWO_CARDS","is_daily":false,"chose_seed":false,"campfire_upgraded":6,"win_rate":0.0,"timestamp":1610651093,"path_taken":["M","M","?","?","$","E","?","E","T","E","$","?","M","?","R","BOSS","M","?","M","M","M","E","M","R","T","R","?","E","R","E","R","BOSS","M","M","?","?","?","E","R","E","T","E","?","?","E","?","R","BOSS","R","$","E","BOSS"],"items_purchased_type":["Card","Card","Card","Relic","Relic","Potion"],"build_version":"2020-12-22","purchased_purges":3,"victory":true,"max_hp_per_floor":[63,63,63,63,63,63,63,63,63,63,63,73,73,73,73,73,73,73,73,73,73,73,73,73,73,73,73,73,73,73,73,73,73,73,73,73,73,73,73,73,73,73,73,73,73,73,73,73,73,73,73,73,73,73,73],"relic_stats":{"Mark of the Bloom":70,"Happy Flower":[3],"counters":[28,160],"Eternal Feather":78,"Orichalcum":[0],"Question Card":26,"Blood Vial":0,"Strange Spoon":[9],"Tough Bandages":[261],"Mummified Hand":[164],"Sundial":[28],"MealTicket":0,"obtain_stats":[{"Ice Cream":31,"Mark of the Bloom":45,"Pear":12,"Happy Flower":53,"SacredBark":17,"Eternal Feather":8,"Bottled Tornado":26,"Frozen Egg 2":29,"Orichalcum":40,"Question Card":6,"Blood Vial":54,"Strange Spoon":53,"Tough Bandages":48,"HornCleat":44,"Mummified Hand":10,"Sundial":23,"Molten Egg 2":42,"MealTicket":47,"Coffee Dripper":34,"Bottled Lightning":9,"Ring of the Snake":0},{"Ice Cream":16,"Mark of the Bloom":22,"Pear":5,"Happy Flower":26,"SacredBark":7,"Eternal Feather":4,"Bottled Tornado":13,"Frozen Egg 2":15,"Orichalcum":20,"Question Card":3,"Blood Vial":27,"Strange Spoon":26,"Tough Bandages":25,"HornCleat":22,"Mummified Hand":5,"Sundial":12,"Molten Egg 2":21,"MealTicket":24,"Coffee Dripper":17,"Bottled Lightning":4,"Ring of the Snake":0},{"Ice Cream":94,"Mark of the Bloom":131,"Pear":33,"Happy Flower":149,"SacredBark":46,"Eternal Feather":26,"Bottled Tornado":77,"Frozen Egg 2":88,"Orichalcum":119,"Question Card":12,"Blood Vial":153,"Strange Spoon":149,"Tough Bandages":144,"HornCleat":131,"Mummified Hand":33,"Sundial":72,"Molten Egg 2":124,"MealTicket":140,"Coffee Dripper":105,"Bottled Lightning":26,"Ring of the Snake":0}],"Ring of the Snake":[56]},"card_choices":[{"not_picked":["Slice","Setup","Outmaneuver"],"picked":"SKIP","floor":1.0},{"not_picked":["Setup","Outmaneuver"],"picked":"Slice","floor":1.0},{"not_picked":["Slice","Dodge and Roll"],"picked":"Bouncing Flask","floor":2.0},{"not_picked":["Underhanded Strike","All Out Attack","Outmaneuver"],"picked":"SKIP","floor":6.0},{"not_picked":["Dagger Spray","Eviscerate","Poisoned Stab"],"picked":"Dodge and Roll","floor":8.0},{"not_picked":["Distraction","Calculated Gamble","Underhanded Strike"],"picked":"Escape Plan","floor":10.0},{"not_picked":["Acrobatics","Prepared","Poisoned Stab"],"picked":"Bouncing Flask","floor":13.0},{"not_picked":["Grand Finale","Burst","Bullet Time"],"picked":"Corpse Explosion","floor":16.0},{"not_picked":["Riddle With Holes","Deadly Poison","Poisoned Stab","Slice"],"picked":"SKIP","floor":18.0},{"not_picked":["Dash","Flying Knee+1","Poisoned Stab"],"picked":"Noxious Fumes","floor":20.0},{"not_picked":["Cloak And Dagger","Backstab","Infinite Blades","Outmaneuver+1"],"picked":"SKIP","floor":21.0},{"not_picked":["Predator","Backstab","Flying Knee"],"picked":"Tools of the Trade","floor":22.0},{"not_picked":["Setup","Poisoned Stab","Flying Knee","Dagger Throw"],"picked":"SKIP","floor":23.0},{"not_picked":["Masterful Stab","Choke","Poisoned Stab"],"picked":"After Image","floor":24.0},{"not_picked":["PiercingWail+1","Acrobatics+1","Caltrops+1"],"picked":"Backflip+1","floor":28.0},{"not_picked":["Skewer+1","Blade Dance","Flying Knee"],"picked":"Dodge and Roll+1","floor":29.0},{"not_picked":["Dagger Spray","Flying Knee","PiercingWail+1"],"picked":"Caltrops+1","floor":31.0},{"not_picked":["Adrenaline","Doppelganger","Storm of Steel"],"picked":"Tools of the Trade+1","floor":33.0},{"not_picked":["Well Laid Plans+1","Sucker Punch+1","Cloak And Dagger"],"picked":"Acrobatics+1","floor":35.0},{"not_picked":["Deflect+1","Outmaneuver+1","Riddle With Holes+1"],"picked":"Acrobatics","floor":36.0},{"not_picked":["Discovery","Enlightenment","Jack Of All Trades"],"picked":"Finesse","floor":37.0},{"not_picked":["Enlightenment","HandOfGreed","Secret Weapon"],"picked":"Impatience","floor":37.0},{"not_picked":["Dramatic Entrance","Magnetism+1","Bandage Up"],"picked":"Secret Technique","floor":37.0},{"not_picked":["Bane","Grand Finale","Corpse Explosion"],"picked":"Footwork+1","floor":40.0},{"not_picked":["PiercingWail","Predator+1","Quick Slash+1","Distraction"],"picked":"SKIP","floor":42.0},{"not_picked":["Masterful Stab+1","Bane+1","Outmaneuver+1","Distraction+1"],"picked":"SKIP","floor":44.0},{"not_picked":["Dodge and Roll","Masterful Stab+1","Leg Sweep"],"picked":"Prepared+1","floor":46.0},{"not_picked":["Flying Knee+1","Dash+1","Deadly Poison+1"],"picked":"Footwork+1","floor":47.0},{"not_picked":["Deflect+1","Infinite Blades+1","Blade Dance+1"],"picked":"Catalyst","floor":48.0},{"not_picked":["Finisher+1","Endless Agony+1","Slice+1","Backflip"],"picked":"SKIP","floor":54}],"player_experience":227994,"relics_obtained":[{"floor":6.0,"key":"Question Card"},{"floor":8.0,"key":"Eternal Feather"},{"floor":9.0,"key":"Bottled Lightning"},{"floor":10.0,"key":"Mummified Hand"},{"floor":12.0,"key":"Pear"},{"floor":23.0,"key":"Sundial"},{"floor":26.0,"key":"Bottled Tornado"},{"floor":29.0,"key":"Frozen Egg 2"},{"floor":31.0,"key":"Ice Cream"},{"floor":40.0,"key":"Orichalcum"},{"floor":42.0,"key":"Molten Egg 2"},{"floor":44.0,"key":"HornCleat"},{"floor":47.0,"key":"MealTicket"},{"floor":48.0,"key":"Tough Bandages"},{"floor":54,"key":"Blood Vial"}],"event_choices":[{"damage_healed":0.0,"max_hp_gain":0.0,"max_hp_loss":0.0,"gold_gain":175.0,"event_name":"Liars Game","player_choice":"AGREE","floor":3.0,"gold_loss":0.0,"damage_taken":0.0,"cards_obtained":["Doubt"]},{"cards_removed":["Doubt"],"damage_healed":0.0,"max_hp_gain":0.0,"max_hp_loss":0.0,"gold_gain":0.0,"event_name":"Living Wall","player_choice":"Forget","floor":4.0,"gold_loss":0.0,"damage_taken":0.0},{"damage_healed":0.0,"max_hp_gain":0.0,"max_hp_loss":0.0,"gold_gain":0.0,"event_name":"The Cleric","player_choice":"Leave","floor":14.0,"gold_loss":0.0,"damage_taken":0.0},{"damage_healed":0.0,"max_hp_gain":0.0,"max_hp_loss":0.0,"gold_gain":0.0,"event_name":"Upgrade Shrine","player_choice":"Upgraded","floor":19.0,"gold_loss":0.0,"damage_taken":0.0,"cards_upgraded":["Concentrate"]},{"damage_healed":0.0,"max_hp_gain":0.0,"max_hp_loss":0.0,"gold_gain":0.0,"event_name":"SensoryStone","player_choice":"Memory 3","floor":37.0,"gold_loss":0.0,"damage_taken":10.0},{"damage_healed":0.0,"max_hp_gain":0.0,"max_hp_loss":0.0,"gold_gain":0.0,"event_name":"Winding Halls","player_choice":"Embrace Madness","floor":38.0,"gold_loss":0.0,"damage_taken":9.0,"cards_obtained":["Madness","Madness"]},{"cards_removed":["Neutralize"],"damage_healed":0.0,"max_hp_gain":0.0,"max_hp_loss":0.0,"gold_gain":0.0,"event_name":"Falling","player_choice":"Removed Attack","floor":39.0,"gold_loss":0.0,"damage_taken":0.0},{"damage_healed":0.0,"max_hp_gain":0.0,"max_hp_loss":0.0,"gold_gain":0.0,"event_name":"MindBloom","player_choice":"Upgrade","floor":45.0,"gold_loss":0.0,"damage_taken":0.0,"cards_upgraded":["Strike_G","Defend_G","Defend_G","Defend_G","Defend_G","Defend_G","Survivor","Riddle With Holes","Slice","Footwork","Dodge and Roll","Escape Plan","Corpse Explosion","Noxious Fumes","After Image","Acrobatics","Finesse","Impatience","Secret Technique","Madness","Madness"],"relics_obtained":["Mark of the Bloom"]},{"damage_healed":0.0,"max_hp_gain":0.0,"max_hp_loss":0.0,"gold_gain":0.0,"event_name":"Mysterious Sphere","player_choice":"Fight","floor":48.0,"gold_loss":0.0,"damage_taken":0.0}],"is_beta":false,"boss_relics":[{"not_picked":["Fusion Hammer","Ring of the Serpent"],"picked":"SacredBark"},{"not_picked":["Runic Pyramid","Empty Cage"],"picked":"Coffee Dripper"}],"items_purged_floors":[5,11,53],"is_endless":false,"potions_floor_spawned":[6,10,20,22,23,31,35,40,44,46],"ascension_level":9}}