{"host":"i0xrm7p89v8es8ob","time":1610629392,"event":{"mods":["ATMod(°¢èªMod)","BaseMod","Minty Spire (QoL Compilation)","Quick Restart","Relic Stats","Replay The Spire","Robot Space Explorer","Spicy Shops","StSLib","vexMod","¡¾ÒÅÎï¿¨ÅÆ¡¿REMEMod"],"gold_per_floor":[109,109,123,123,98,98,158,26,75,88,88,104,119,134,134,233,233,251,251,44,55,73,73,73,73,73,91,101,101,101,135,135,235,235,252,270,317,335,2,31,0,0,0,12,12,47,47,67,67,67],"floor_reached":51,"language":"ZHS","playtime":4286,"items_purged":["Strike_G"],"score":755,"play_id":"2e5c4cd3-a0f7-433f-af97-e40dfb072c57","local_time":"20210114210312","is_ascension_mode":true,"campfire_choices":[{"data":"AT_FamilyPortrait","floor":6.0,"key":"SMITH"},{"data":"White Noise","floor":11.0,"key":"SMITH"},{"data":"Footwork","floor":15.0,"key":"SMITH"},{"floor":23.0,"key":"REST"},{"data":"AT_ShadowStep","floor":25.0,"key":"SMITH"},{"data":"AT_ThistleTea","floor":29.0,"key":"SMITH"},{"floor":32.0,"key":"REST"},{"floor":45,"key":"REST"},{"floor":47,"key":"REST"},{"floor":49,"key":"REST"}],"circlet_count":0,"master_deck":["Strike_G","Strike_G","Defend_G","Defend_G","Defend_G","Survivor","Neutralize","ReplayTheSpireMod:Exploit Weakness","White Noise+1","AT_FamilyPortrait+1","Outmaneuver","Languid","AT_ShadowStep+1","Dodge and Roll+1","AT_KneejerkReflex","Pain","Venomology","Footwork+1","Bane","Quick Slash","Poison Darts","Clumsy","CommonCold","Clumsy","AT_TwilightShroud+1","Acrobatics","Choke","Deadly Poison","AT_ThistleTea+1","Sucker Punch+1","Replay:Poison Smokescreen","Quick Slash+1","Poisoned Stab","After Image","AT_EssenceShift","AT_EmpoweredMortalDraw","AT_ShadowStep+1","Crippling Poison","Poisoned Stab","All Out Attack","Corpse Explosion","Bouncing Flask+1","Blur+1","Toxin Wave"],"relics":["Ring of the Snake","REME_ComplimentaryCards","AT_ATBox","ReplayTheSpireMod:Ring of Challenge","Ring of Fangs","vexMod:Dragonfruit","Snake Skull","vexMod:TimeEaterHat","ReplayTheSpireMod:TigerMarble","Replay:Ancient Bell","AT_BellDemon","REME_LimitBreaker","FossilizedHelix","BargainBundle","Prayer Wheel","Replay:Bottled Flurry","AT_ChloranthyRing","AT_MortalBlade","Girya","Membership Card","Iron Hammer","AT_SunfireAegis","Red Mask","Mercury Hourglass","Toy Ornithopter"],"acts_visited":["Exordium","TheCity","TheBeyond"],"potions_floor_usage":[40,40,40,40,40,48,48,50,50],"damage_taken":[{"damage":0.0,"enemies":"2 Louse","floor":1.0,"turns":4.0},{"damage":10.0,"enemies":"Jaw Worm","floor":3.0,"turns":7.0},{"damage":7.0,"enemies":"Replay:BlueRogue","floor":7.0,"turns":9.0},{"damage":0.0,"enemies":"Small Slimes","floor":10.0,"turns":1.0},{"damage":9.0,"enemies":"Exordium Wildlife","floor":12.0,"turns":4.0},{"damage":8.0,"enemies":"Exordium Thugs","floor":13.0,"turns":5.0},{"damage":0.0,"enemies":"3 Louse","floor":14.0,"turns":1.0},{"damage":44.0,"enemies":"Slime Boss","floor":16.0,"turns":7.0},{"damage":31.0,"enemies":"Shell Parasite","floor":18.0,"turns":5.0},{"damage":25.0,"enemies":"Spheric Guardian","floor":21.0,"turns":6.0},{"damage":2.0,"enemies":"Snake Plant","floor":22.0,"turns":4.0},{"damage":12.0,"enemies":"Cultist and Chosen","floor":27.0,"turns":6.0},{"damage":4.0,"enemies":"Centurion and Healer","floor":28.0,"turns":6.0},{"damage":28.0,"enemies":"Gremlin Leader","floor":31.0,"turns":6.0},{"damage":15.0,"enemies":"Champ","floor":33.0,"turns":11.0},{"damage":33.0,"enemies":"3 Darklings","floor":35.0,"turns":8.0},{"damage":0.0,"enemies":"3 Shapes","floor":36.0,"turns":3.0},{"damage":12.0,"enemies":"2 Orb Walkers","floor":37.0,"turns":1.0},{"damage":1.0,"enemies":"Jaw Worm Horde","floor":38.0,"turns":5.0},{"damage":26,"enemies":"Reptomancer","floor":40,"turns":4},{"damage":1,"enemies":"Sphere and 2 Shapes","floor":44,"turns":3},{"damage":8,"enemies":"R_Hoarder","floor":46,"turns":6},{"damage":15,"enemies":"Transient","floor":48,"turns":5},{"damage":37,"enemies":"Replay:Hell Engine","floor":50,"turns":15}],"seed_played":"-8604184250319088522","potions_obtained":[{"floor":3.0,"key":"REME_GoldPotion"},{"floor":10.0,"key":"Dexterity Potion"},{"floor":14.0,"key":"Strength Potion"},{"floor":21.0,"key":"Toxic Potion"},{"floor":27.0,"key":"GamblersBrew"},{"floor":28.0,"key":"FearPotion"},{"floor":36.0,"key":"LiquidBronze"},{"floor":38.0,"key":"Adrenaline Potion"},{"floor":44,"key":"Flashbang"},{"floor":48,"key":"Swift Potion"}],"is_trial":false,"path_per_floor":["M","?","M","?","?","R","E","$","T","M","R","M","M","M","R","B",null,"M","?","$","M","M","R","?","R","T","M","M","R","?","E","R","B",null,"M","M","?","M","$","E","?","?","T","M","R","E","R","M","R","B",null],"character_chosen":"THE_SILENT","items_purchased":["Snake Skull","vexMod:TimeEaterHat","BargainBundle","Deadly Poison","Membership Card","Iron Hammer","Dexterity Potion"],"campfire_rested":5,"item_purchase_floors":[8,8,20,20,39,39,39],"current_hp_per_floor":[70,70,60,60,60,60,63,63,63,63,63,54,46,46,46,2,75,44,44,44,19,17,39,64,64,64,52,48,48,48,20,42,27,75,42,42,30,29,29,3,3,3,3,2,24,16,38,33,55,28],"gold":67,"neow_bonus":"TRANSFORM_CARD","is_daily":false,"chose_seed":false,"campfire_upgraded":5,"win_rate":0.0,"timestamp":1610629392,"path_taken":["M","?","M","?","?","R","E","$","T","?","R","M","M","M","R","BOSS","M","?","$","M","M","R","?","R","T","M","?","R","?","E","R","BOSS","M","M","?","M","$","E","?","?","T","?","R","E","R","M","R","BOSS"],"items_purchased_type":["Relic","Relic","Relic","Card","Relic","Relic","Potion"],"build_version":"2020-12-22","purchased_purges":1,"victory":true,"max_hp_per_floor":[70,70,70,70,70,70,75,75,75,75,75,75,75,75,75,75,75,75,75,75,75,75,75,75,75,75,75,75,75,75,75,75,75,75,75,75,75,75,75,75,75,75,75,75,75,75,75,75,75,75],"relic_stats":{"counters":[24,132],"Prayer Wheel":8,"Snake Skull":[183],"obtain_stats":[{"AT_BellDemon":17,"AT_ATBox":0,"Snake Skull":8,"Ring of Fangs":2,"Prayer Wheel":22,"Iron Hammer":39,"Replay:Bottled Flurry":26,"Red Mask":41,"Ring of the Snake":0,"AT_ChloranthyRing":31,"Girya":37,"BargainBundle":20,"AT_MortalBlade":34,"vexMod:TimeEaterHat":8,"Replay:Ancient Bell":17,"REME_LimitBreaker":17,"Mercury Hourglass":43,"vexMod:Dragonfruit":7,"ReplayTheSpireMod:TigerMarble":9,"Membership Card":39,"ReplayTheSpireMod:Ring of Challenge":2,"AT_SunfireAegis":40,"FossilizedHelix":17,"Toy Ornithopter":46,"REME_ComplimentaryCards":0},{"AT_BellDemon":8,"AT_ATBox":0,"Snake Skull":3,"Ring of Fangs":1,"Prayer Wheel":11,"Iron Hammer":19,"Replay:Bottled Flurry":11,"Red Mask":20,"Ring of the Snake":0,"AT_ChloranthyRing":14,"Girya":18,"BargainBundle":9,"AT_MortalBlade":15,"vexMod:TimeEaterHat":3,"Replay:Ancient Bell":8,"REME_LimitBreaker":8,"Mercury Hourglass":20,"vexMod:Dragonfruit":3,"ReplayTheSpireMod:TigerMarble":3,"Membership Card":19,"ReplayTheSpireMod:Ring of Challenge":1,"AT_SunfireAegis":20,"FossilizedHelix":8,"Toy Ornithopter":22,"REME_ComplimentaryCards":0},{"AT_BellDemon":38,"AT_ATBox":0,"Snake Skull":20,"Ring of Fangs":4,"Prayer Wheel":52,"Iron Hammer":99,"Replay:Bottled Flurry":53,"Red Mask":103,"Ring of the Snake":0,"AT_ChloranthyRing":71,"Girya":94,"BargainBundle":43,"AT_MortalBlade":82,"vexMod:TimeEaterHat":20,"Replay:Ancient Bell":38,"REME_LimitBreaker":38,"Mercury Hourglass":103,"vexMod:Dragonfruit":20,"ReplayTheSpireMod:TigerMarble":20,"Membership Card":99,"ReplayTheSpireMod:Ring of Challenge":4,"AT_SunfireAegis":103,"FossilizedHelix":38,"Toy Ornithopter":112,"REME_ComplimentaryCards":0}],"Toy Ornithopter":20,"Ring of the Snake":[50],"Mercury Hourglass":[74]},"card_choices":[{"not_picked":["PiercingWail","Masterful Stab"],"picked":"Outmaneuver","floor":1.0},{"not_picked":["PiercingWail","Outmaneuver"],"picked":"AT_ShadowStep","floor":3.0},{"not_picked":["ReplayTheSpireMod:Exploit Weakness","Blade Dance"],"picked":"AT_KneejerkReflex","floor":7.0},{"not_picked":["ReplayTheSpireMod:Exploit Weakness","AT_Desolate"],"picked":"Venomology","floor":10.0},{"not_picked":["Accuracy","Cloak And Dagger"],"picked":"Footwork","floor":12.0},{"not_picked":["Cloak And Dagger","Endless Agony"],"picked":"Bane","floor":13.0},{"not_picked":["Backstab","Slice"],"picked":"Quick Slash","floor":14.0},{"not_picked":["AT_MyraUnstableElement","Phantasmal Killer"],"picked":"Poison Darts","floor":16.0},{"not_picked":["CurseOfTheBell","ReplayTheSpireMod:Faulty Equipment"],"picked":"Clumsy","floor":17.0},{"not_picked":["ReplayTheSpireMod:Faulty Equipment","Decay"],"picked":"CommonCold","floor":17.0},{"not_picked":["Pain","Spreading Infection"],"picked":"Clumsy","floor":17.0},{"not_picked":["Slice","Hidden Blade"],"picked":"AT_TwilightShroud+1","floor":18.0},{"not_picked":["ReplayTheSpireMod:Exploit Weakness+1","All Out Attack"],"picked":"AT_ThistleTea","floor":21.0},{"not_picked":["Tactician","Eviscerate"],"picked":"Sucker Punch+1","floor":22.0},{"not_picked":["Distraction","REME_ShadowForm"],"picked":"Replay:Poison Smokescreen","floor":22.0},{"not_picked":["Dagger Throw","Sucker Punch"],"picked":"Quick Slash+1","floor":27.0},{"not_picked":["Quick Slash","Hidden Blade","Outmaneuver"],"picked":"SKIP","floor":27.0},{"not_picked":["Dagger Spray","Cloak And Dagger"],"picked":"Poisoned Stab","floor":28.0},{"not_picked":["Outmaneuver","Slice","Endless Agony"],"picked":"SKIP","floor":28.0},{"not_picked":["Prepared+1","Leg Sweep"],"picked":"After Image","floor":31.0},{"not_picked":["Replay:Bag of Tricks","A Thousand Cuts"],"picked":"AT_EssenceShift","floor":33.0},{"not_picked":["Sucker Punch","Dagger Throw+1","Dodge and Roll"],"picked":"SKIP","floor":35.0},{"not_picked":["Outmaneuver+1","Quick Slash","Choke"],"picked":"SKIP","floor":35.0},{"not_picked":["Riddle With Holes","Deflect"],"picked":"AT_ShadowStep+1","floor":36.0},{"not_picked":["Quick Slash","Dodge and Roll"],"picked":"Crippling Poison","floor":36.0},{"not_picked":["ReplayTheSpireMod:The Works+1","ReplayTheSpireMod:Speed Training"],"picked":"Poisoned Stab","floor":38.0},{"not_picked":["AT_WomanClash+1","Bane+1"],"picked":"All Out Attack","floor":38.0},{"not_picked":["Quick Slash+1","Sucker Punch"],"picked":"Corpse Explosion","floor":40},{"not_picked":["Bane+1","Underhanded Strike+1"],"picked":"Bouncing Flask+1","floor":44},{"not_picked":["Cloak And Dagger+1","Quick Slash+1","AT_Desolate"],"picked":"SKIP","floor":44},{"not_picked":["Predator+1","Poisoned Stab"],"picked":"Blur+1","floor":46},{"not_picked":["Poisoned Stab+1","Quick Slash+1"],"picked":"Toxin Wave","floor":48},{"not_picked":["Cloak And Dagger+1","Slice+1","Bane"],"picked":"SKIP","floor":48}],"player_experience":57788,"relics_obtained":[{"floor":2.0,"key":"ReplayTheSpireMod:Ring of Challenge"},{"floor":2.0,"key":"Ring of Fangs"},{"floor":7.0,"key":"vexMod:Dragonfruit"},{"floor":9.0,"key":"ReplayTheSpireMod:TigerMarble"},{"floor":26.0,"key":"Replay:Bottled Flurry"},{"floor":31.0,"key":"AT_ChloranthyRing"},{"floor":37.0,"key":"Girya"},{"floor":40,"key":"AT_SunfireAegis"},{"floor":43,"key":"Mercury Hourglass"},{"floor":46,"key":"Toy Ornithopter"}],"event_choices":[{"damage_healed":0.0,"max_hp_gain":0.0,"max_hp_loss":0.0,"gold_gain":0.0,"cards_transformed":["Defend_G","Strike_G"],"event_name":"Drug Dealer","player_choice":"Became Test Subject","floor":19.0,"gold_loss":0.0,"damage_taken":0.0,"cards_obtained":["Acrobatics","Choke"]},{"damage_healed":25.0,"max_hp_gain":0.0,"max_hp_loss":0.0,"gold_gain":0.0,"event_name":"The Library","player_choice":"Heal","floor":24.0,"gold_loss":0.0,"damage_taken":0.0},{"damage_healed":0.0,"max_hp_gain":0.0,"max_hp_loss":0.0,"gold_gain":0.0,"event_name":"Vampires","player_choice":"Ignored","floor":30.0,"gold_loss":0.0,"damage_taken":0.0},{"damage_healed":0.0,"max_hp_gain":0.0,"max_hp_loss":0.0,"gold_gain":0.0,"event_name":"Mysterious Sphere","player_choice":"Fight","floor":37.0,"gold_loss":0.0,"damage_taken":0.0},{"damage_healed":0,"gold_gain":0,"player_choice":"Paid","damage_taken":0,"relics_obtained":["Red Mask"],"max_hp_gain":0,"max_hp_loss":0,"event_name":"Tomb of Lord Red Mask","floor":41,"gold_loss":31},{"damage_healed":0,"gold_gain":0,"player_choice":"Ignored","damage_taken":0,"max_hp_gain":0,"max_hp_loss":0,"event_name":"SecretPortal","floor":42,"gold_loss":0}],"is_beta":false,"boss_relics":[{"not_picked":["Snecko Scales","Runic Dome"],"picked":"Replay:Ancient Bell"},{"not_picked":["Grinning Jar","Lantern"],"picked":"AT_BellDemon"},{"not_picked":["vexMod:ConsolationPrize","Onion Ring"],"picked":"REME_LimitBreaker"},{"not_picked":["Replay:Towering Pillar of Hats","Tingsha"],"picked":"FossilizedHelix"},{"not_picked":["vexMod:MysteryBossChallenge","Fusion Hammer"],"picked":"AT_MortalBlade"}],"items_purged_floors":[20],"is_endless":false,"potions_floor_spawned":[3,10,14,21,27,28,36,38,44,48],"ascension_level":2}}