{"host":"u7lm8z2rvb4dg2oo","time":1610645841,"event":{"mods":["AchievementEnabler","BaseMod","Bestiary","Block Reminder","Colored Map","Colored Powertips","Curses Come First","DeckTracker","Googly Eyes","Highlight Path","Minty Spire (QoL Compilation)","Quick Restart","StSLib"],"gold_per_floor":[113,63,83,102,102,134,134,159,159,172,172,172,172,192,192,296,296,314,330,343,362,264,264,264,264,264],"floor_reached":25,"language":"ENG","playtime":2218,"items_purged":["Strike_G"],"score":291,"play_id":"63132f68-080a-40aa-9828-945bbc8321cc","local_time":"20210114123721","is_ascension_mode":true,"campfire_choices":[{"data":"After Image","floor":7.0,"key":"SMITH"},{"floor":12.0,"key":"REST"},{"floor":15.0,"key":"REST"},{"floor":24,"key":"REST"}],"circlet_count":0,"master_deck":["Defend_G","Defend_G","Defend_G","Defend_G","Defend_G","Survivor","Neutralize","Terror+1","Caltrops","Accuracy","After Image+1","PiercingWail","Infinite Blades","Venomology","Bullet Time+1","Setup+1","Slice+1","Choke","Accuracy","PiercingWail","Cloak And Dagger","Blade Dance+1"],"relics":["Ring of the Snake","Akabeko","Ornamental Fan","Dream Catcher","Nunchaku","Boot","Astrolabe"],"acts_visited":["Exordium","TheCity"],"potions_floor_usage":[19,20,21,23],"damage_taken":[{"damage":0.0,"enemies":"2 Louse","floor":1.0,"turns":4.0},{"damage":0.0,"enemies":"Jaw Worm","floor":3.0,"turns":3.0},{"damage":0.0,"enemies":"Cultist","floor":4.0,"turns":3.0},{"damage":26.0,"enemies":"3 Sentries","floor":6.0,"turns":10.0},{"damage":32.0,"enemies":"Gremlin Nob","floor":8.0,"turns":5.0},{"damage":0.0,"enemies":"Exordium Thugs","floor":10.0,"turns":5.0},{"damage":0.0,"enemies":"3 Louse","floor":14.0,"turns":5.0},{"damage":24.0,"enemies":"Slime Boss","floor":16.0,"turns":8.0},{"damage":1,"enemies":"Shell Parasite","floor":18,"turns":7},{"damage":7,"enemies":"Chosen","floor":19,"turns":6},{"damage":3,"enemies":"Centurion and Healer","floor":20,"turns":9},{"damage":33,"enemies":"Snake Plant","floor":21,"turns":6},{"damage":10,"enemies":"Gremlin Leader","floor":23,"turns":3},{"damage":0,"enemies":"Slavers","floor":25,"turns":1}],"seed_played":"7795146773320094480","potions_obtained":[{"floor":1.0,"key":"SmokeBomb"},{"floor":4.0,"key":"Strength Potion"},{"floor":6.0,"key":"Strength Potion"},{"floor":8.0,"key":"Explosive Potion"},{"floor":20,"key":"SpeedPotion"}],"is_trial":false,"path_per_floor":["M","?","M","M","?","E","R","E","T","M","T","R","?","M","R","B",null,"M","M","M","M","$","E","R","E"],"character_chosen":"THE_SILENT","items_purchased":["Cloak And Dagger"],"campfire_rested":3,"item_purchase_floors":[22],"current_hp_per_floor":[77,77,77,77,77,51,51,19,19,19,19,42,42,42,65,41,68,67,60,57,24,24,14,37,37,37],"gold":264,"neow_bonus":"TEN_PERCENT_HP_BONUS","is_daily":false,"chose_seed":false,"campfire_upgraded":1,"win_rate":0.0,"timestamp":1610645841,"path_taken":["M","?","M","M","?","E","R","E","T","?","?","R","?","M","R","BOSS","M","M","M","M","$","E","R","E"],"items_purchased_type":["Card"],"build_version":"2020-12-22","purchased_purges":1,"victory":false,"max_hp_per_floor":[77,77,77,77,77,77,77,77,77,77,77,77,77,77,77,77,77,77,77,77,77,77,77,77,77,77],"card_choices":[{"not_picked":["Eviscerate","Poisoned Stab"],"picked":"Terror","floor":1.0},{"not_picked":["Dodge and Roll","Dagger Spray"],"picked":"Caltrops","floor":3.0},{"not_picked":["PiercingWail","Choke"],"picked":"Accuracy","floor":4.0},{"not_picked":["Masterful Stab","Corpse Explosion"],"picked":"After Image","floor":6.0},{"not_picked":["Deflect","Flechettes"],"picked":"PiercingWail","floor":8.0},{"not_picked":["Prepared","Sucker Punch","PiercingWail"],"picked":"SKIP","floor":10.0},{"not_picked":["Prepared","Sucker Punch","PiercingWail"],"picked":"SKIP","floor":10.0},{"not_picked":["Tactician","Riddle With Holes","Dash"],"picked":"SKIP","floor":14.0},{"not_picked":["Backflip","Crippling Poison"],"picked":"Infinite Blades","floor":15.0},{"not_picked":["Tools of the Trade","Night Terror"],"picked":"Venomology","floor":16.0},{"not_picked":["Reflex","Sucker Punch","Deflect"],"picked":"SKIP","floor":18},{"not_picked":["Setup","Tactician"],"picked":"Choke","floor":19},{"not_picked":["Cloak And Dagger","Sucker Punch"],"picked":"Accuracy","floor":20},{"not_picked":["Quick Slash","Deflect+1"],"picked":"PiercingWail","floor":21},{"not_picked":["PiercingWail","Bullet Time"],"picked":"Blade Dance+1","floor":24}],"player_experience":985065,"relics_obtained":[{"floor":6.0,"key":"Akabeko"},{"floor":8.0,"key":"Ornamental Fan"},{"floor":9.0,"key":"Dream Catcher"},{"floor":11.0,"key":"Nunchaku"}],"event_choices":[{"cards_removed":["Strike_G"],"damage_healed":0.0,"max_hp_gain":0.0,"max_hp_loss":0.0,"gold_gain":0.0,"event_name":"The Cleric","player_choice":"Card Removal","floor":2.0,"gold_loss":50.0,"damage_taken":0.0},{"damage_healed":0.0,"max_hp_gain":0.0,"max_hp_loss":0.0,"gold_gain":0.0,"event_name":"Upgrade Shrine","player_choice":"Upgraded","floor":5.0,"gold_loss":0.0,"damage_taken":0.0,"cards_upgraded":["Terror"]},{"damage_healed":0.0,"max_hp_gain":0.0,"max_hp_loss":0.0,"gold_gain":0.0,"event_name":"Dead Adventurer","player_choice":"Searched \u00271\u0027 times","floor":13.0,"gold_loss":0.0,"damage_taken":0.0,"relics_obtained":["Boot"]}],"is_beta":false,"boss_relics":[{"not_picked":["Snecko Eye","Runic Dome"],"picked":"Astrolabe"}],"items_purged_floors":[22],"is_endless":false,"potions_floor_spawned":[1,4,6,8,20],"killed_by":"Slavers","ascension_level":5}}