{"host":"okln270zkafj6dck","time":1610664331,"event":{"mods":["BaseMod","Minty Spire (QoL Compilation)","Permanent Neow","Quick Restart","Relic Stats","StSLib","SuperFastMode","UnlockEverythingMod"],"gold_per_floor":[115,134,147,11,28,28,39,372,398,418,418,418,450,462,462,535,535,547,126,126,176,196,196,96,121,121,121,62,62,82,98,98,172,172,188,205,80,37,50,50,76,76,76,108,161,161,190,206,206,206,206,206,206,3,34,34],"floor_reached":57,"language":"ENG","playtime":2002,"items_purged":["Strike_G","Strike_G","Strike_G","Shame"],"score":2965,"play_id":"8c2720ca-5354-4324-9d8c-2f448b063166","local_time":"20210114144531","is_ascension_mode":true,"campfire_choices":[{"data":"Noxious Fumes","floor":6,"key":"SMITH"},{"floor":12,"key":"REST"},{"data":"Crippling Poison","floor":15,"key":"SMITH"},{"data":"Wraith Form v2","floor":23,"key":"SMITH"},{"data":"Malaise","floor":27,"key":"SMITH"},{"data":"Footwork","floor":29,"key":"SMITH"},{"data":"Footwork","floor":32,"key":"SMITH"},{"floor":40,"key":"RECALL"},{"data":"Bouncing Flask","floor":42,"key":"SMITH"},{"data":"Choke","floor":49,"key":"SMITH"},{"floor":53,"key":"REST"}],"circlet_count":0,"master_deck":["AscendersBane","Defend_G","Defend_G","Defend_G","Defend_G","Defend_G","Survivor","Neutralize","Noxious Fumes+1","Leg Sweep","Blade Dance","Choke+1","Malaise+1","Footwork+1","Crippling Poison+1","Wraith Form v2+1","Blade Dance+1","Bouncing Flask+1","Bullet Time","PiercingWail+1","Footwork+1","Corpse Explosion+1","Backflip+1","Catalyst+1","Catalyst+1","Backflip+1","Expertise+1","Backflip+1"],"relics":["Snecko Eye","Old Coin","Bag of Marbles","Anchor","Cursed Key","ClockworkSouvenir","Bronze Scales","MealTicket","Toxic Egg 2","Empty Cage","Snake Skull","Potion Belt","CaptainsWheel","Sundial","Bottled Lightning"],"acts_visited":["Exordium","TheCity","TheBeyond","TheEnding"],"potions_floor_usage":[8,13,13,50,51,55,56,56],"damage_taken":[{"damage":1,"enemies":"Cultist","floor":1,"turns":4},{"damage":0,"enemies":"Small Slimes","floor":2,"turns":5},{"damage":7,"enemies":"2 Louse","floor":3,"turns":4},{"damage":6,"enemies":"Exordium Wildlife","floor":5,"turns":6},{"damage":6,"enemies":"Exordium Thugs","floor":7,"turns":3},{"damage":9,"enemies":"Lagavulin","floor":8,"turns":6},{"damage":1,"enemies":"Red Slaver","floor":10,"turns":3},{"damage":26,"enemies":"Gremlin Nob","floor":13,"turns":4},{"damage":0,"enemies":"Looter","floor":14,"turns":3},{"damage":13,"enemies":"The Guardian","floor":16,"turns":13},{"damage":0,"enemies":"Shell Parasite","floor":18,"turns":4},{"damage":0,"enemies":"3 Byrds","floor":22,"turns":2},{"damage":0,"enemies":"Gremlin Leader","floor":25,"turns":6},{"damage":0,"enemies":"Snake Plant","floor":30,"turns":3},{"damage":0,"enemies":"Cultist and Chosen","floor":31,"turns":4},{"damage":13,"enemies":"Automaton","floor":33,"turns":10},{"damage":0,"enemies":"3 Darklings","floor":35,"turns":3},{"damage":0,"enemies":"3 Shapes","floor":36,"turns":3},{"damage":1,"enemies":"Spire Growth","floor":39,"turns":5},{"damage":0,"enemies":"Nemesis","floor":41,"turns":7},{"damage":0,"enemies":"Reptomancer","floor":44,"turns":4},{"damage":3,"enemies":"2 Orb Walkers","floor":45,"turns":3},{"damage":0,"enemies":"Giant Head","floor":47,"turns":4},{"damage":0,"enemies":"3 Darklings","floor":48,"turns":3},{"damage":39,"enemies":"Awakened One","floor":50,"turns":14},{"damage":17,"enemies":"Donu and Deca","floor":51,"turns":5},{"damage":4,"enemies":"Shield and Spear","floor":55,"turns":7},{"damage":41,"enemies":"The Heart","floor":56,"turns":6}],"seed_played":"-2475978804811293808","potions_obtained":[{"floor":5,"key":"Weak Potion"},{"floor":7,"key":"SneckoOil"},{"floor":10,"key":"Swift Potion"},{"floor":13,"key":"Poison Potion"},{"floor":14,"key":"Dexterity Potion"},{"floor":36,"key":"DistilledChaos"},{"floor":47,"key":"Fruit Juice"},{"floor":48,"key":"CultistPotion"}],"is_trial":false,"path_per_floor":["M","M","M","$","M","R","M","E","T","M","?","R","E","M","R","B",null,"M","$","?","?","M","R","$","E","T","R","$","R","M","M","R","B",null,"M","M","$","$","M","R","E","R","T","E","?","?","E","M","R","B","B",null,"R","$","E","B",null],"character_chosen":"THE_SILENT","items_purchased":["Leg Sweep","Blade Dance","ClockworkSouvenir","Bronze Scales","PiercingWail+1","Catalyst+1","Weak Potion"],"campfire_rested":2,"item_purchase_floors":[4,4,19,19,28,38,54],"current_hp_per_floor":[58,58,51,51,45,45,39,30,30,29,29,48,22,22,22,9,52,52,52,52,52,52,52,52,52,52,52,66,66,66,66,66,53,63,63,63,66,66,65,65,65,65,65,65,62,62,62,62,62,23,11,56,71,71,67,26],"gold":34,"neow_bonus":"BOSS_RELIC","is_daily":false,"chose_seed":false,"campfire_upgraded":8,"win_rate":0.0,"timestamp":1610664331,"path_taken":["M","M","M","?","M","R","M","E","T","M","?","R","E","M","R","BOSS","M","$","?","?","M","R","?","E","T","R","$","R","?","M","R","BOSS","M","M","?","$","M","R","E","R","T","E","?","?","E","M","R","BOSS","BOSS","R","$","E","BOSS"],"items_purchased_type":["Card","Card","Relic","Relic","Card","Card","Potion"],"build_version":"2020-12-22","purchased_purges":4,"victory":true,"max_hp_per_floor":[66,66,66,66,66,66,66,66,66,66,66,66,66,66,66,66,66,66,66,66,66,66,66,66,66,66,66,66,66,66,66,66,66,66,66,66,66,66,66,66,66,66,66,66,66,66,66,66,66,66,71,71,71,71,71,71],"relic_stats":{"counters":[28,144],"Sundial":[6],"Bronze Scales":[378],"Snecko Eye":[254,253,232,245],"MealTicket":17,"Snake Skull":[102],"Cursed Key":2,"obtain_stats":[{"Potion Belt":44,"Snake Skull":41,"Cursed Key":17,"Empty Cage":34,"Old Coin":8,"ClockworkSouvenir":19,"Anchor":13,"CaptainsWheel":45,"Sundial":47,"Bronze Scales":19,"Snecko Eye":0,"MealTicket":25,"Bag of Marbles":9,"Bottled Lightning":55,"Toxic Egg 2":26,"Ring of the Snake":0},{"Potion Belt":21,"Snake Skull":20,"Cursed Key":10,"Empty Cage":16,"Old Coin":6,"ClockworkSouvenir":11,"Anchor":8,"CaptainsWheel":22,"Sundial":23,"Bronze Scales":11,"Snecko Eye":0,"MealTicket":13,"Bag of Marbles":6,"Bottled Lightning":27,"Toxic Egg 2":13,"Ring of the Snake":0},{"Potion Belt":102,"Snake Skull":98,"Cursed Key":51,"Empty Cage":80,"Old Coin":28,"ClockworkSouvenir":55,"Anchor":35,"CaptainsWheel":105,"Sundial":109,"Bronze Scales":55,"Snecko Eye":0,"MealTicket":63,"Bag of Marbles":28,"Bottled Lightning":138,"Toxic Egg 2":63,"Ring of the Snake":0}]},"card_choices":[{"not_picked":["Dodge and Roll","Slice","Prepared"],"picked":"SKIP","floor":1},{"not_picked":["Sucker Punch","Deadly Poison"],"picked":"Noxious Fumes","floor":2},{"not_picked":["Heel Hook","Concentrate","PiercingWail"],"picked":"SKIP","floor":3},{"not_picked":["Underhanded Strike","Blade Dance"],"picked":"Choke","floor":5},{"not_picked":["Outmaneuver","Bane","Heel Hook"],"picked":"SKIP","floor":7},{"not_picked":["Accuracy","Finisher"],"picked":"Malaise","floor":8},{"not_picked":["Deadly Poison","Dodge and Roll","Reflex"],"picked":"SKIP","floor":10},{"not_picked":["Prepared","Dagger Spray"],"picked":"Footwork","floor":13},{"not_picked":["Bouncing Flask","Calculated Gamble"],"picked":"Crippling Poison","floor":14},{"not_picked":["Storm of Steel","Die Die Die"],"picked":"Wraith Form v2","floor":16},{"not_picked":["Heel Hook","Noxious Fumes"],"picked":"Blade Dance+1","floor":18},{"not_picked":["Deadly Poison","Flying Knee"],"picked":"Bouncing Flask","floor":22},{"not_picked":["Dodge and Roll","Underhanded Strike"],"picked":"Bullet Time","floor":25},{"not_picked":["PiercingWail+1","Dodge and Roll+1"],"picked":"Footwork","floor":30},{"not_picked":["Accuracy","Flying Knee","Dagger Throw"],"picked":"SKIP","floor":31},{"not_picked":["Burst+1","Phantasmal Killer+1"],"picked":"Corpse Explosion+1","floor":33},{"not_picked":["Deflect+1","Heel Hook+1","Poisoned Stab"],"picked":"SKIP","floor":35},{"not_picked":["Prepared+1","Acrobatics+1"],"picked":"Backflip+1","floor":36},{"not_picked":["Skewer","Flechettes"],"picked":"Catalyst+1","floor":39},{"not_picked":["Deflect+1","Bane"],"picked":"Backflip+1","floor":41},{"not_picked":["Cloak And Dagger+1","Sucker Punch+1","Predator"],"picked":"SKIP","floor":44},{"not_picked":["Poisoned Stab","Dagger Throw","Setup+1"],"picked":"SKIP","floor":47},{"not_picked":["Heel Hook+1","Prepared+1"],"picked":"Expertise+1","floor":48},{"not_picked":["Crippling Poison+1","Outmaneuver+1"],"picked":"Backflip+1","floor":55}],"player_experience":71963,"relics_obtained":[{"floor":8,"key":"Old Coin"},{"floor":9,"key":"Bag of Marbles"},{"floor":13,"key":"Anchor"},{"floor":25,"key":"MealTicket"},{"floor":26,"key":"Toxic Egg 2"},{"floor":41,"key":"Snake Skull"},{"floor":44,"key":"Potion Belt"},{"floor":45,"key":"CaptainsWheel"},{"floor":47,"key":"Sundial"},{"floor":55,"key":"Bottled Lightning"}],"event_choices":[{"cards_removed":["Strike_G"],"damage_healed":0,"gold_gain":0,"player_choice":"Forget","damage_taken":0,"max_hp_gain":0,"max_hp_loss":0,"event_name":"Living Wall","floor":11,"gold_loss":0},{"damage_healed":0,"gold_gain":0,"player_choice":"Ignored","damage_taken":0,"max_hp_gain":0,"max_hp_loss":0,"event_name":"The Mausoleum","floor":20,"gold_loss":0},{"damage_healed":0,"gold_gain":50,"player_choice":"Stole From Cult","damage_taken":0,"max_hp_gain":0,"max_hp_loss":0,"event_name":"Nest","floor":21,"gold_loss":0},{"damage_healed":0,"gold_gain":0,"player_choice":"Fight","damage_taken":0,"max_hp_gain":0,"max_hp_loss":0,"event_name":"Mysterious Sphere","floor":45,"gold_loss":0},{"damage_healed":0,"gold_gain":0,"player_choice":"Memory 1","damage_taken":0,"max_hp_gain":0,"max_hp_loss":0,"event_name":"SensoryStone","floor":46,"gold_loss":0}],"is_beta":false,"boss_relics":[{"not_picked":["SlaversCollar","Pandora\u0027s Box"],"picked":"Cursed Key"},{"not_picked":["Busted Crown","Velvet Choker"],"picked":"Empty Cage"}],"items_purged_floors":[19,24,37,54],"is_endless":false,"potions_floor_spawned":[5,7,10,13,14,16,18,22,33,36,41,47,48],"ascension_level":20}}