{"host":"qrt7o4dq2qslzw13","time":1610584134,"event":{"mods":["AchievementEnabler","BaseMod","Colored Map","Colored Powertips","Minty Spire (QoL Compilation)","Quick Restart","StSLib","SuperFastMode"],"gold_per_floor":[117,128,144,144,144,169,181,181,181,181,199,274,25,41,41,146,146,163,163,176,69,98,133,133,151,178,93,93,93,93,109,109,210,210,223,1222,1222,817,830,400,400,410,436,446,463,463,138,150,150,150,150,150,28,56,56],"floor_reached":56,"language":"ENG","playtime":1964,"items_purged":["Normality","Normality"],"score":1192,"play_id":"039abf6f-24fb-4c0b-af11-86420e1af04d","local_time":"20210113192854","is_ascension_mode":false,"campfire_choices":[{"floor":8.0,"key":"REST"},{"data":"Lockon","floor":10.0,"key":"SMITH"},{"floor":15.0,"key":"REST"},{"floor":24.0,"key":"REST"},{"floor":30.0,"key":"REST"},{"floor":32.0,"key":"REST"},{"floor":41.0,"key":"RECALL"},{"floor":46.0,"key":"REST"},{"data":"Buffer","floor":49.0,"key":"SMITH"},{"data":"Defragment","floor":52.0,"key":"SMITH"}],"circlet_count":0,"master_deck":["Strike_B","Strike_B","Strike_B","Defend_B","Defend_B","Defend_B","Defend_B+1","Zap","Dualcast","Lockon+1","Steam Power","Reinforced Body","Ball Lightning","Machine Learning","BootSequence","Tempest","The Bomb","Consume","Conserve Battery","Electrodynamics","FTL","Tempest+1","Barrage","BootSequence","Leap","Chaos","Loop","Auto Shields+1","Decay","Buffer+1","Leap+1","White Noise+1","Conserve Battery+1","Thunder Strike","Capacitor","Master of Strategy","Redo+1","Defragment+1","Defragment+1","Force Field+1","Capacitor","Chaos+1","Enlightenment","Reinforced Body"],"relics":["Cracked Core","NeowsBlessing","CaptainsWheel","Matryoshka","Gremlin Horn","Prayer Wheel","Inserter","Red Mask","StrikeDummy","Question Card","Dream Catcher","Oddly Smooth Stone","Enchiridion","Sozu","Mummified Hand","War Paint","Bottled Tornado","Pocketwatch"],"acts_visited":["Exordium","TheCity","TheBeyond","TheEnding"],"potions_floor_usage":[55],"damage_taken":[{"damage":0.0,"enemies":"Jaw Worm","floor":1.0,"turns":1.0},{"damage":0.0,"enemies":"2 Louse","floor":2.0,"turns":1.0},{"damage":0.0,"enemies":"Cultist","floor":3.0,"turns":1.0},{"damage":50.0,"enemies":"3 Sentries","floor":6.0,"turns":13.0},{"damage":2.0,"enemies":"Large Slime","floor":7.0,"turns":5.0},{"damage":3.0,"enemies":"Looter","floor":11.0,"turns":2.0},{"damage":0.0,"enemies":"Red Slaver","floor":14.0,"turns":3.0},{"damage":17.0,"enemies":"Slime Boss","floor":16.0,"turns":6.0},{"damage":0.0,"enemies":"3 Byrds","floor":18.0,"turns":3.0},{"damage":0.0,"enemies":"Chosen","floor":20.0,"turns":3.0},{"damage":9.0,"enemies":"Masked Bandits","floor":22.0,"turns":3.0},{"damage":53.0,"enemies":"Gremlin Leader","floor":23.0,"turns":6.0},{"damage":10.0,"enemies":"Sentry and Sphere","floor":25.0,"turns":4.0},{"damage":0.0,"enemies":"Centurion and Healer","floor":31.0,"turns":4.0},{"damage":47.0,"enemies":"Champ","floor":33.0,"turns":8.0},{"damage":0.0,"enemies":"Orb Walker","floor":35.0,"turns":4.0},{"damage":8.0,"enemies":"3 Darklings","floor":39.0,"turns":4.0},{"damage":6.0,"enemies":"Writhing Mass","floor":42.0,"turns":5.0},{"damage":2.0,"enemies":"Maw","floor":44.0,"turns":6.0},{"damage":3.0,"enemies":"3 Darklings","floor":45.0,"turns":4.0},{"damage":0.0,"enemies":"Spire Growth","floor":48.0,"turns":4.0},{"damage":58.0,"enemies":"Time Eater","floor":50.0,"turns":9.0},{"damage":36.0,"enemies":"Shield and Spear","floor":54.0,"turns":6.0},{"damage":44,"enemies":"The Heart","floor":55,"turns":8}],"seed_played":"7563389915848135","potions_obtained":[{"floor":2.0,"key":"Regen Potion"},{"floor":3.0,"key":"SpeedPotion"},{"floor":14.0,"key":"CultistPotion"},{"floor":16.0,"key":"SneckoOil"},{"floor":18.0,"key":"EssenceOfSteel"},{"floor":23.0,"key":"FocusPotion"},{"floor":31.0,"key":"FairyPotion"}],"is_trial":false,"path_per_floor":["M","M","M","?","?","E","M","R","T","R","M","?","$","M","R","B",null,"M","?","M","$","?","E","R","M","T","?","?","?","R","M","R","B",null,"M","?","?","$","M","$","R","M","T","M","M","R","$","M","R","B",null,"R","$","E","B",null],"character_chosen":"DEFECT","items_purchased":["Tempest","The Bomb","Chaos","Loop","Capacitor","Mummified Hand","War Paint","Master of Strategy","Capacitor","Bottled Tornado","Enlightenment","Reinforced Body"],"campfire_rested":6,"item_purchase_floors":[13,13,21,21,38,38,40,40,47,47,53,53],"current_hp_per_floor":[75,75,75,75,75,35,33,55,55,55,52,41,41,41,63,46,75,75,75,75,75,66,13,35,25,25,25,9,9,31,31,53,6,75,75,75,75,75,67,67,67,61,61,59,56,75,75,75,75,17,75,75,75,39,18],"gold":56,"neow_bonus":"THREE_ENEMY_KILL","is_daily":false,"chose_seed":false,"campfire_upgraded":3,"win_rate":0.0,"timestamp":1610584134,"path_taken":["M","M","M","?","?","E","?","R","T","R","M","?","$","M","R","BOSS","M","?","?","$","?","E","R","M","T","?","?","?","R","M","R","BOSS","M","?","?","$","M","?","R","M","T","?","M","R","$","M","R","BOSS","R","$","E","BOSS"],"items_purchased_type":["Card","Card","Card","Card","Card","Relic","Relic","Card","Card","Relic","Card","Card"],"build_version":"2020-12-22","purchased_purges":2,"victory":true,"max_hp_per_floor":[75,75,75,75,75,75,75,75,75,75,75,75,75,75,75,75,75,75,75,75,75,75,75,75,75,75,75,75,75,75,75,75,75,75,75,75,75,75,75,75,75,75,75,75,75,75,75,75,75,75,75,75,75,75,75],"card_choices":[{"not_picked":["Steam","Leap"],"picked":"Lockon","floor":1.0},{"not_picked":["Go for the Eyes","Hologram"],"picked":"Steam Power","floor":2.0},{"not_picked":["Beam Cell","Genetic Algorithm"],"picked":"Reinforced Body","floor":3.0},{"not_picked":["Cold Snap","Go for the Eyes"],"picked":"Ball Lightning","floor":6.0},{"not_picked":["Sweeping Beam","Gash","Beam Cell"],"picked":"SKIP","floor":7.0},{"not_picked":["White Noise","Ball Lightning"],"picked":"Machine Learning","floor":11.0},{"not_picked":["Conserve Battery","Barrage"],"picked":"BootSequence","floor":11.0},{"not_picked":["Leap","Static Discharge"],"picked":"Consume","floor":14.0},{"not_picked":["Redo","Leap"],"picked":"Conserve Battery","floor":14.0},{"not_picked":["All For One","Echo Form"],"picked":"Electrodynamics","floor":16.0},{"not_picked":["Beam Cell","Gash"],"picked":"FTL","floor":18.0},{"not_picked":["Defragment","Gash"],"picked":"Tempest+1","floor":18.0},{"not_picked":["Fusion","Rip and Tear"],"picked":"BootSequence","floor":20.0},{"not_picked":["Go for the Eyes","Sweeping Beam"],"picked":"Leap","floor":20.0},{"not_picked":["Loop","Electrodynamics","Steam"],"picked":"SKIP","floor":23.0},{"not_picked":["Sweeping Beam","Rebound"],"picked":"Auto Shields","floor":25.0},{"not_picked":["Rebound","Conserve Battery","Stack"],"picked":"SKIP","floor":25.0},{"not_picked":["Rebound","Conserve Battery","Stack"],"picked":"SKIP","floor":25.0},{"not_picked":["Rip and Tear","Beam Cell","Sunder"],"picked":"Buffer","floor":30.0},{"not_picked":["Stack+1","Compile Driver+1","Meteor Strike"],"picked":"Leap+1","floor":31.0},{"not_picked":["Leap+1","Lockon","Stack"],"picked":"White Noise+1","floor":31.0},{"not_picked":["Recycle+1","Hologram+1","Redo"],"picked":"Conserve Battery+1","floor":32.0},{"not_picked":["Multi-Cast","Buffer","Creative AI"],"picked":"Thunder Strike","floor":33.0},{"not_picked":["Coolheaded+1","Skim+1","Conserve Battery+1","Stack"],"picked":"SKIP","floor":35.0},{"not_picked":["Cold Snap+1","Glacier","Barrage","Hologram"],"picked":"SKIP","floor":35.0},{"not_picked":["Barrage+1","Turbo+1","Steam+1","Scrape+1"],"picked":"SKIP","floor":39.0},{"not_picked":["Barrage","Streamline+1","Beam Cell","Sweeping Beam+1"],"picked":"SKIP","floor":39.0},{"not_picked":["Core Surge","Turbo","Streamline+1","Beam Cell+1"],"picked":"SKIP","floor":42.0},{"not_picked":["Sweeping Beam","Hologram+1","Hello World+1","Steam Power+1"],"picked":"SKIP","floor":42.0},{"not_picked":["Rebound+1","Static Discharge","FTL"],"picked":"Redo+1","floor":44.0},{"not_picked":["Gash+1","Streamline+1","Ball Lightning+1"],"picked":"Defragment","floor":44.0},{"not_picked":["Hologram+1","Leap+1","Electrodynamics"],"picked":"Defragment+1","floor":45.0},{"not_picked":["Static Discharge+1","Chill+1","Tempest+1"],"picked":"Force Field+1","floor":45.0},{"not_picked":["Compile Driver","Hologram+1","Coolheaded+1"],"picked":"Chaos+1","floor":48.0},{"not_picked":["Streamline+1","Steam+1","Ball Lightning","Redo+1"],"picked":"SKIP","floor":48.0},{"not_picked":["Hyperbeam","Melter+1","Force Field+1","Leap+1"],"picked":"SKIP","floor":54.0}],"player_experience":563836,"relics_obtained":[{"floor":6.0,"key":"Matryoshka"},{"floor":9.0,"key":"Gremlin Horn"},{"floor":9.0,"key":"Prayer Wheel"},{"floor":22.0,"key":"Red Mask"},{"floor":23.0,"key":"StrikeDummy"},{"floor":26.0,"key":"Question Card"},{"floor":26.0,"key":"Dream Catcher"},{"floor":28.0,"key":"Enchiridion"},{"floor":54.0,"key":"Pocketwatch"}],"event_choices":[{"damage_healed":0.0,"max_hp_gain":0.0,"max_hp_loss":0.0,"gold_gain":0.0,"event_name":"Big Fish","player_choice":"Box","floor":4.0,"gold_loss":0.0,"damage_taken":0.0,"relics_obtained":["CaptainsWheel"],"cards_obtained":["Regret"]},{"cards_removed":["Regret"],"damage_healed":0.0,"max_hp_gain":0.0,"max_hp_loss":0.0,"gold_gain":0.0,"event_name":"Fountain of Cleansing","player_choice":"Removed Curses","floor":5.0,"gold_loss":0.0,"damage_taken":0.0},{"damage_healed":0.0,"max_hp_gain":0.0,"max_hp_loss":0.0,"gold_gain":75.0,"event_name":"World of Goop","player_choice":"Gather Gold","floor":12.0,"gold_loss":0.0,"damage_taken":11.0},{"damage_healed":0.0,"max_hp_gain":0.0,"max_hp_loss":0.0,"gold_gain":0.0,"cards_transformed":["Strike_B"],"event_name":"Transmorgrifier","player_choice":"Transformed","floor":19.0,"gold_loss":0.0,"damage_taken":0.0,"cards_obtained":["Barrage"]},{"damage_healed":0.0,"max_hp_gain":0.0,"max_hp_loss":0.0,"gold_gain":0.0,"event_name":"Masked Bandits","player_choice":"Fought Bandits","floor":22.0,"gold_loss":0.0,"damage_taken":0.0},{"damage_healed":0.0,"max_hp_gain":0.0,"max_hp_loss":0.0,"gold_gain":0.0,"event_name":"Addict","player_choice":"Obtained Relic","floor":27.0,"gold_loss":85.0,"damage_taken":0.0,"relics_obtained":["Oddly Smooth Stone"]},{"damage_healed":0.0,"max_hp_gain":0.0,"max_hp_loss":0.0,"gold_gain":0.0,"event_name":"Cursed Tome","player_choice":"Obtained Book","floor":28.0,"gold_loss":0.0,"damage_taken":16.0},{"damage_healed":0.0,"max_hp_gain":0.0,"max_hp_loss":0.0,"gold_gain":0.0,"event_name":"Forgotten Altar","player_choice":"Smashed Altar","floor":29.0,"gold_loss":0.0,"damage_taken":0.0,"cards_obtained":["Decay"]},{"damage_healed":0.0,"max_hp_gain":0.0,"max_hp_loss":0.0,"gold_gain":999.0,"event_name":"MindBloom","player_choice":"Gold","floor":36.0,"gold_loss":0.0,"damage_taken":0.0,"cards_obtained":["Normality","Normality"]},{"damage_healed":0.0,"max_hp_gain":0.0,"max_hp_loss":0.0,"gold_gain":0.0,"event_name":"Tomb of Lord Red Mask","player_choice":"Ignored","floor":37.0,"gold_loss":0.0,"damage_taken":0.0}],"is_beta":false,"boss_relics":[{"not_picked":["Snecko Eye","Black Star"],"picked":"Inserter"},{"not_picked":["Runic Pyramid","Fusion Hammer"],"picked":"Sozu"}],"items_purged_floors":[38,40],"is_endless":false,"potions_floor_spawned":[2,3,14,16,18,23,31,33,39,42,48,54],"ascension_level":0}}