{"host":"ktoxvvst1mwxww91","time":1610614103,"event":{"mods":["BaseMod","Hermit","Minty Spire (QoL Compilation)","StSLib","The Blackbeard","The Hierophant","The Mystic","The Necromancer"],"gold_per_floor":[114,114,114,148,157,230,274,312,338,119,151,178,190,222,234,350,362,403,290,300,312,312],"floor_reached":21,"language":"ENG","playtime":882,"items_purged":["hermit:Cheat"],"score":287,"play_id":"8c024372-35d6-4b31-9e2a-ee2115edd427","local_time":"20210114094823","is_ascension_mode":true,"campfire_choices":[{"data":"hermit:DeadOrAlive","floor":13,"key":"SMITH"},{"floor":15,"key":"REST"}],"circlet_count":0,"master_deck":["AscendersBane","hermit:Strike_Hermit","hermit:Strike_Hermit","hermit:Defend_Hermit","hermit:Defend_Hermit","hermit:Defend_Hermit","hermit:Defend_Hermit","hermit:Snapshot","hermit:Covet","hermit:DeadOrAlive+1","hermit:Feint","hermit:Vantage","hermit:Ricochet","hermit:Gestalt","hermit:Ricochet","hermit:Virtue","hermit:HeroicBravado","hermit:GhostlyPresence","hermit:Headshot"],"relics":["hermit:Momento","CeramicFish","Lantern","Ancient Tea Set","Strawberry","MawBank","Black Star","Toxic Egg 2"],"acts_visited":["Exordium","TheCity"],"potions_floor_usage":[4,12,12,16],"damage_taken":[{"damage":3,"enemies":"Jaw Worm","floor":1,"turns":4},{"damage":0,"enemies":"Cultist","floor":4,"turns":2},{"damage":43,"enemies":"3 Sentries","floor":6,"turns":14},{"damage":2,"enemies":"Small Slimes","floor":7,"turns":4},{"damage":2,"enemies":"2 Fungi Beasts","floor":8,"turns":5},{"damage":3,"enemies":"Red Slaver","floor":11,"turns":4},{"damage":1,"enemies":"Lagavulin","floor":12,"turns":5},{"damage":0,"enemies":"Large Slime","floor":14,"turns":2},{"damage":3,"enemies":"Slime Boss","floor":16,"turns":10},{"damage":2,"enemies":"Chosen","floor":18,"turns":6},{"damage":18,"enemies":"2 Thieves","floor":20,"turns":5},{"damage":53,"enemies":"Snecko","floor":21,"turns":7}],"seed_played":"-8718055584311216420","potions_obtained":[{"floor":1,"key":"Fire Potion"},{"floor":6,"key":"SteroidPotion"},{"floor":11,"key":"SkillPotion"},{"floor":14,"key":"DistilledChaos"}],"is_trial":false,"path_per_floor":["M","?","?","M","?","E","M","M","T","$","M","E","R","M","R","B",null,"M","?","M","M"],"character_chosen":"HERMIT","items_purchased":["Strawberry"],"campfire_rested":1,"item_purchase_floors":[10],"current_hp_per_floor":[65,62,62,62,62,19,17,15,15,22,19,18,18,18,40,37,66,64,64,46,0,0],"gold":312,"neow_bonus":"THREE_RARE_CARDS","is_daily":false,"chose_seed":false,"campfire_upgraded":1,"win_rate":0.0,"timestamp":1610614103,"path_taken":["M","?","?","?","?","E","M","M","T","$","M","E","R","M","R","BOSS","M","?","?","M"],"items_purchased_type":["Relic"],"build_version":"2020-12-22","purchased_purges":1,"victory":false,"max_hp_per_floor":[68,68,68,68,68,68,68,68,68,75,75,75,75,75,75,75,75,75,75,75,75,75],"card_choices":[{"not_picked":["hermit:OverwhelmingPower","hermit:Adapt"],"picked":"hermit:DeadOrAlive","floor":0},{"not_picked":["hermit:DeadMansHand","hermit:PistolWhip"],"picked":"hermit:Feint","floor":1},{"not_picked":["hermit:HoleUp","hermit:TrackingShot"],"picked":"hermit:Vantage","floor":4},{"not_picked":["hermit:Feint","hermit:Dive"],"picked":"hermit:Ricochet","floor":6},{"not_picked":["hermit:Cheat","hermit:Spite"],"picked":"hermit:Gestalt","floor":7},{"not_picked":["hermit:EyeOfTheStorm","hermit:Desperado"],"picked":"hermit:Ricochet","floor":8},{"not_picked":["hermit:Desperado","hermit:TrackingShot","hermit:Showdown"],"picked":"SKIP","floor":11},{"not_picked":["hermit:Cheat","hermit:PistolWhip","hermit:Glare"],"picked":"SKIP","floor":12},{"not_picked":["hermit:Grudge","hermit:Glare"],"picked":"hermit:Virtue","floor":14},{"not_picked":["hermit:Magnum","hermit:Purgatory"],"picked":"hermit:HeroicBravado","floor":16},{"not_picked":["hermit:Grudge+1","hermit:LoneWolf"],"picked":"hermit:GhostlyPresence","floor":18},{"not_picked":["hermit:SprayPray","hermit:WideOpen"],"picked":"hermit:Headshot","floor":20}],"player_experience":1010440,"relics_obtained":[{"floor":6,"key":"Lantern"},{"floor":9,"key":"Ancient Tea Set"},{"floor":12,"key":"MawBank"}],"event_choices":[{"damage_healed":0,"gold_gain":0,"player_choice":"Success","damage_taken":3,"relics_obtained":["CeramicFish"],"max_hp_gain":0,"max_hp_loss":0,"event_name":"Scrap Ooze","floor":2,"gold_loss":0},{"cards_removed":["hermit:Strike_Hermit"],"damage_healed":0,"gold_gain":0,"player_choice":"Purged","damage_taken":0,"max_hp_gain":0,"max_hp_loss":0,"event_name":"Purifier","floor":3,"gold_loss":0},{"damage_healed":0,"gold_gain":0,"cards_transformed":["hermit:Strike_Hermit"],"player_choice":"Change","damage_taken":0,"max_hp_gain":0,"max_hp_loss":0,"event_name":"Living Wall","floor":5,"gold_loss":0,"cards_obtained":["hermit:Cheat"]},{"damage_healed":0,"gold_gain":0,"player_choice":"Paid Gold","damage_taken":0,"relics_obtained":["Toxic Egg 2"],"max_hp_gain":0,"max_hp_loss":0,"event_name":"WeMeetAgain","floor":19,"gold_loss":125}],"is_beta":false,"boss_relics":[{"not_picked":["hermit:DentedPlate","Fusion Hammer"],"picked":"Black Star"}],"items_purged_floors":[10],"is_endless":false,"potions_floor_spawned":[1,6,11,14],"killed_by":"Snecko","ascension_level":10}}