{"host":"p9t7qd83igtcp2bh","time":1610596371,"event":{"mods":["2.2 Compatiblity","AchievementEnabler","BaseMod","Colored Map","Colored Powertips","Custom Start","DeckTracker","Keyboard Shortcuts","Minty Spire (QoL Compilation)","Permanent Neow","StSLib","SuperFastMode","everything is the same but u backflip on backflip"],"gold_per_floor":[99,99,99,99,99,99,99,99,99,99,99,99,99,99,99,99,99,99,99,39,39,39,39,39,39],"floor_reached":24,"language":"KOR","playtime":795,"items_purged":[],"score":363,"play_id":"9139dce4-1c07-4129-bafd-902bc51b6217","local_time":"20210114125251","is_ascension_mode":true,"campfire_choices":[{"data":"Fasting2","floor":6,"key":"SMITH"},{"floor":8,"key":"REST"},{"data":"CrushJoints","floor":12,"key":"SMITH"},{"floor":15,"key":"REST"},{"data":"Fasting2","floor":23,"key":"SMITH"}],"circlet_count":0,"master_deck":["AscendersBane","Strike_P","Strike_P","Strike_P","Defend_P","Defend_P","Eruption","Vigilance","Fasting2+1","EmptyBody","WindmillStrike","Wireheading","DevaForm","CrushJoints+1","Fasting2+1","SashWhip+1","Wish","Protect","FollowUp+1","SashWhip+1"],"relics":["Velvet Choker","Ectoplasm","Kunai","Meat on the Bone","The Courier","Molten Egg 2","Empty Cage","White Beast Statue"],"acts_visited":["Exordium","TheCity"],"potions_floor_usage":[11,16,21,24],"damage_taken":[{"damage":0,"enemies":"Jaw Worm","floor":1,"turns":3},{"damage":0,"enemies":"Small Slimes","floor":2,"turns":4},{"damage":0,"enemies":"2 Louse","floor":3,"turns":1},{"damage":1,"enemies":"Large Slime","floor":5,"turns":4},{"damage":48,"enemies":"Gremlin Nob","floor":7,"turns":4},{"damage":3,"enemies":"Blue Slaver","floor":10,"turns":2},{"damage":13,"enemies":"3 Sentries","floor":11,"turns":6},{"damage":32,"enemies":"Gremlin Nob","floor":13,"turns":3},{"damage":22,"enemies":"3 Louse","floor":14,"turns":2},{"damage":1,"enemies":"The Guardian","floor":16,"turns":7},{"damage":12,"enemies":"3 Byrds","floor":18,"turns":6},{"damage":28,"enemies":"2 Thieves","floor":20,"turns":4},{"damage":3,"enemies":"3 Cultists","floor":21,"turns":5},{"damage":21,"enemies":"Sentry and Sphere","floor":22,"turns":7},{"damage":43,"enemies":"Book of Stabbing","floor":24,"turns":5}],"seed_played":"271521984756614135","potions_obtained":[{"floor":1,"key":"Explosive Potion"},{"floor":3,"key":"Dexterity Potion"},{"floor":11,"key":"BottledMiracle"},{"floor":14,"key":"Strength Potion"},{"floor":20,"key":"BlessingOfTheForge"},{"floor":21,"key":"PowerPotion"}],"is_trial":false,"path_per_floor":["M","M","M","?","M","R","E","R","T","M","E","R","E","M","R","B",null,"M","?","M","M","M","R","E"],"character_chosen":"WATCHER","items_purchased":[],"campfire_rested":2,"item_purchase_floors":[],"current_hp_per_floor":[65,65,65,65,64,64,16,37,37,46,45,45,25,15,36,47,66,54,54,38,47,38,38,0,0],"gold":39,"neow_bonus":"BOSS_RELIC","is_daily":false,"chose_seed":false,"campfire_upgraded":3,"win_rate":0.0,"timestamp":1610596371,"path_taken":["M","M","M","?","M","R","E","R","T","M","E","R","E","M","R","BOSS","M","?","M","M","M","R","E"],"items_purchased_type":[],"build_version":"2020-12-22","purchased_purges":0,"victory":false,"max_hp_per_floor":[72,72,72,72,72,72,72,72,72,72,72,72,72,72,72,72,72,72,72,72,72,72,72,72,72],"card_choices":[{"not_picked":["Tantrum","Protect"],"picked":"Fasting2","floor":1},{"not_picked":["FlyingSleeves","SashWhip"],"picked":"EmptyBody","floor":2},{"not_picked":["Halt","BattleHymn","Crescendo"],"picked":"SKIP","floor":3},{"not_picked":["WreathOfFlame","ClearTheMind"],"picked":"WindmillStrike","floor":5},{"not_picked":["ClearTheMind","Evaluate"],"picked":"Wireheading","floor":7},{"not_picked":["FlurryOfBlows","Evaluate"],"picked":"DevaForm","floor":10},{"not_picked":["CutThroughFate","Protect"],"picked":"CrushJoints","floor":11},{"not_picked":["Pray","SashWhip+1"],"picked":"Fasting2","floor":13},{"not_picked":["Halt","JustLucky+1"],"picked":"SashWhip+1","floor":14},{"not_picked":["Alpha","MasterReality"],"picked":"Wish","floor":16},{"not_picked":["FlyingSleeves+1","Consecrate+1"],"picked":"Protect","floor":18},{"not_picked":["Protect","Crescendo"],"picked":"FollowUp+1","floor":20},{"not_picked":["PathToVictory","BowlingBash+1","Crescendo"],"picked":"SKIP","floor":21},{"not_picked":["Consecrate+1","EmptyMind+1"],"picked":"SashWhip+1","floor":22}],"player_experience":631907,"relics_obtained":[{"floor":7,"key":"Kunai"},{"floor":9,"key":"Meat on the Bone"},{"floor":11,"key":"The Courier"},{"floor":13,"key":"Molten Egg 2"}],"event_choices":[{"cards_removed":["Defend_P"],"damage_healed":0,"gold_gain":0,"player_choice":"Forget","damage_taken":0,"max_hp_gain":0,"max_hp_loss":0,"event_name":"Living Wall","floor":4,"gold_loss":0},{"damage_healed":0,"gold_gain":0,"player_choice":"Opened","damage_taken":0,"relics_obtained":["White Beast Statue"],"max_hp_gain":0,"max_hp_loss":0,"event_name":"The Mausoleum","floor":19,"gold_loss":0}],"is_beta":false,"boss_relics":[{"not_picked":["Runic Pyramid","Astrolabe"],"picked":"Empty Cage"}],"items_purged_floors":[],"is_endless":false,"potions_floor_spawned":[1,3,11,14,20,21,22],"killed_by":"Book of Stabbing","ascension_level":13}}