{"host":"4nqeo0vu1vuav7gg","time":1610651021,"event":{"mods":["AchievementEnabler","BaseMod","Block Reminder","Colored Map","Colored Powertips","Highlight Path","Minty Spire (QoL Compilation)","Quick Restart","Rare Cards Sparkle","Relic Relevance Reorder","StSLib"],"gold_per_floor":[113,38,38,38,52,52,82,157,181,181,201,201,221,3,3,75,75,86,86,86,86,86,86,119,119,143,176,187,187,187],"floor_reached":29,"language":"ENG","playtime":990,"items_purged":["Strike_B"],"score":550,"play_id":"b67a3bba-196f-4473-98db-cac59f46539d","local_time":"20210114200341","is_ascension_mode":true,"campfire_choices":[{"data":"Gash","floor":6.0,"key":"SMITH"},{"data":"Hologram","floor":10.0,"key":"SMITH"},{"data":"Defragment","floor":15.0,"key":"SMITH"},{"data":"Static Discharge","floor":23.0,"key":"SMITH"},{"floor":25.0,"key":"REST"}],"circlet_count":0,"master_deck":["AscendersBane","Defend_B","Defend_B","Defend_B","Defend_B","Zap","Dualcast","Gash+1","Hologram+1","White Noise","Redo","Defragment+1","Barrage","All For One","Static Discharge+1","Decay","Writhe","Defragment","Conserve Battery"],"relics":["Cracked Core","Dead Branch","NeowsBlessing","Pocketwatch","Bronze Scales","Bag of Preparation","Molten Egg 2","Strawberry","Empty Cage","TungstenRod"],"acts_visited":["Exordium","TheCity"],"potions_floor_usage":[29],"damage_taken":[{"damage":0.0,"enemies":"Small Slimes","floor":1.0,"turns":1.0},{"damage":0.0,"enemies":"Jaw Worm","floor":5.0,"turns":1.0},{"damage":0.0,"enemies":"3 Sentries","floor":7.0,"turns":1.0},{"damage":0.0,"enemies":"Cultist","floor":11.0,"turns":3.0},{"damage":7.0,"enemies":"2 Fungi Beasts","floor":13.0,"turns":3.0},{"damage":27.0,"enemies":"Hexaghost","floor":16.0,"turns":6.0},{"damage":28.0,"enemies":"Spheric Guardian","floor":18.0,"turns":4.0},{"damage":14.0,"enemies":"Gremlin Leader","floor":24.0,"turns":7.0},{"damage":27.0,"enemies":"Book of Stabbing","floor":27.0,"turns":4.0},{"damage":27,"enemies":"2 Thieves","floor":28,"turns":2},{"damage":8,"enemies":"Centurion and Healer","floor":29,"turns":1}],"seed_played":"-1795923165596803615","potions_obtained":[{"floor":5.0,"key":"PotionOfCapacity"},{"floor":11.0,"key":"SteroidPotion"},{"floor":27.0,"key":"Dexterity Potion"},{"floor":28,"key":"PowerPotion"}],"is_trial":false,"path_per_floor":["M","?","?","$","M","R","E","?","T","R","M","?","M","$","R","B",null,"M","?","?","?","?","R","E","R","T","E","M","M"],"character_chosen":"DEFECT","items_purchased":["Defragment","Barrage"],"campfire_rested":1,"item_purchase_floors":[14,14],"current_hp_per_floor":[64,64,64,64,64,64,64,53,60,60,60,60,53,53,53,26,65,37,37,53,53,53,53,39,62,62,35,8,0,0],"gold":187,"neow_bonus":"THREE_ENEMY_KILL","is_daily":false,"chose_seed":false,"campfire_upgraded":4,"win_rate":0.0,"timestamp":1610651021,"path_taken":["M","?","?","$","M","R","E","?","T","R","?","?","M","?","R","BOSS","M","?","?","?","?","R","E","R","T","E","M","M"],"items_purchased_type":["Card","Card"],"build_version":"2020-12-22","purchased_purges":1,"victory":false,"max_hp_per_floor":[71,71,71,71,71,71,71,71,78,78,78,78,78,78,78,78,78,78,78,78,78,78,78,78,78,78,78,78,78,78],"card_choices":[{"not_picked":["Conserve Battery","Streamline"],"picked":"Gash","floor":1.0},{"not_picked":["Scrape","Conserve Battery"],"picked":"Hologram","floor":5.0},{"not_picked":["Leap","Doom and Gloom"],"picked":"White Noise","floor":7.0},{"not_picked":["Compile Driver","Auto Shields"],"picked":"Redo","floor":11.0},{"not_picked":["Force Field","Streamline","Beam Cell"],"picked":"SKIP","floor":13.0},{"not_picked":["Creative AI","Core Surge"],"picked":"All For One","floor":16.0},{"not_picked":["Stack","Streamline"],"picked":"Static Discharge","floor":18.0},{"not_picked":["Leap","Turbo","Stack"],"picked":"SKIP","floor":24.0},{"not_picked":["Barrage+1","Rebound+1"],"picked":"Defragment","floor":27.0},{"not_picked":["Heatsinks","Coolheaded"],"picked":"Conserve Battery","floor":28}],"player_experience":1058818,"relics_obtained":[{"floor":7.0,"key":"Dead Branch"},{"floor":9.0,"key":"Strawberry"},{"floor":24.0,"key":"Molten Egg 2"},{"floor":26.0,"key":"Bag of Preparation"},{"floor":27.0,"key":"Bronze Scales"}],"event_choices":[{"cards_removed":["Strike_B"],"damage_healed":0.0,"max_hp_gain":0.0,"max_hp_loss":0.0,"gold_gain":0.0,"event_name":"The Cleric","player_choice":"Card Removal","floor":2.0,"gold_loss":75.0,"damage_taken":0.0},{"damage_healed":0.0,"max_hp_gain":0.0,"max_hp_loss":0.0,"gold_gain":0.0,"event_name":"Big Fish","player_choice":"Box","floor":3.0,"gold_loss":0.0,"damage_taken":0.0,"relics_obtained":["Pocketwatch"],"cards_obtained":["Regret"]},{"damage_healed":0.0,"max_hp_gain":0.0,"max_hp_loss":0.0,"gold_gain":75.0,"event_name":"World of Goop","player_choice":"Gather Gold","floor":8.0,"gold_loss":0.0,"damage_taken":11.0},{"cards_removed":["Regret"],"damage_healed":0.0,"max_hp_gain":0.0,"max_hp_loss":0.0,"gold_gain":0.0,"event_name":"Fountain of Cleansing","player_choice":"Removed Curses","floor":12.0,"gold_loss":0.0,"damage_taken":0.0},{"damage_healed":0.0,"max_hp_gain":0.0,"max_hp_loss":0.0,"gold_gain":0.0,"event_name":"Forgotten Altar","player_choice":"Smashed Altar","floor":19.0,"gold_loss":0.0,"damage_taken":0.0,"cards_obtained":["Decay"]},{"damage_healed":16.0,"max_hp_gain":0.0,"max_hp_loss":0.0,"gold_gain":0.0,"event_name":"The Library","player_choice":"Heal","floor":20.0,"gold_loss":0.0,"damage_taken":0.0},{"damage_healed":0.0,"max_hp_gain":0.0,"max_hp_loss":0.0,"gold_gain":0.0,"event_name":"The Mausoleum","player_choice":"Opened","floor":21.0,"gold_loss":0.0,"damage_taken":0.0,"relics_obtained":["TungstenRod"],"cards_obtained":["Writhe"]},{"damage_healed":0.0,"max_hp_gain":0.0,"max_hp_loss":0.0,"gold_gain":0.0,"event_name":"Cursed Tome","player_choice":"Ignored","floor":22.0,"gold_loss":0.0,"damage_taken":0.0}],"is_beta":false,"boss_relics":[{"not_picked":["Busted Crown","Cursed Key"],"picked":"Empty Cage"}],"items_purged_floors":[14],"is_endless":false,"potions_floor_spawned":[5,11,27,28],"killed_by":"Centurion and Healer","ascension_level":19}}