{"host":"lcnwkjlokfwcnxxu","time":1610628360,"event":{"mods":["BaseMod","Colored Map","GifTheSpireLib","Minty Spire (QoL Compilation)","Quick Restart","StSLib","The Animator"],"gold_per_floor":[110,123,48,61,76,103,103,3,3,13,29,29,29,57,57,161,161,179,54,64,75,89,89,121,46,100,130,142,154,189,221,233,349,361,386,26,26,26,38,38,52,52,76,105,120,120,23,33,33,33,33],"floor_reached":50,"language":"ENG","playtime":2173,"items_purged":["Strike_B","Defend_B","Defend_B","Defend_B","Defend_B"],"score":529,"play_id":"13c57612-a5a6-437a-82be-20b78f9d4c17","local_time":"20210114044600","is_ascension_mode":false,"campfire_choices":[{"data":"Zap","floor":7,"key":"SMITH"},{"data":"Defragment","floor":12,"key":"SMITH"},{"floor":15,"key":"REST"},{"data":"Dualcast","floor":23,"key":"SMITH"},{"floor":32,"key":"REST"},{"data":"Electrodynamics","floor":40,"key":"SMITH"},{"data":"Seek","floor":42,"key":"SMITH"},{"floor":49,"key":"REST"}],"circlet_count":0,"master_deck":["Zap+1","Dualcast+1","Lockon+1","Conserve Battery","Beam Cell+1","Ball Lightning","Coolheaded","Defragment+1","Seek+1","Defragment+1","Leap+1","Tempest+1","Conserve Battery+1","Electrodynamics+1","Double Energy+1","Conserve Battery+1"],"relics":["Cracked Core","Sundial","TungstenRod","Unceasing Top","Black Star","Vajra","Toxic Egg 2","MawBank","Omamori","Busted Crown","Lee\u0027s Waffle","Whetstone","HornCleat","Smiling Mask"],"acts_visited":["Exordium","TheCity","TheBeyond"],"potions_floor_usage":[14,16,21,21,22,22,22,31,33,39,41,44,50],"damage_taken":[{"damage":9,"enemies":"2 Louse","floor":1,"turns":3},{"damage":1,"enemies":"Jaw Worm","floor":2,"turns":2},{"damage":0,"enemies":"Cultist","floor":4,"turns":2},{"damage":12,"enemies":"Exordium Thugs","floor":5,"turns":5},{"damage":19,"enemies":"Lagavulin","floor":6,"turns":5},{"damage":3,"enemies":"2 Fungi Beasts","floor":10,"turns":2},{"damage":2,"enemies":"Looter","floor":11,"turns":3},{"damage":8,"enemies":"Gremlin Nob","floor":14,"turns":3},{"damage":1,"enemies":"The Guardian","floor":16,"turns":11},{"damage":0,"enemies":"Chosen","floor":18,"turns":4},{"damage":0,"enemies":"Spheric Guardian","floor":20,"turns":3},{"damage":13,"enemies":"Centurion and Healer","floor":21,"turns":3},{"damage":2,"enemies":"Sentry and Sphere","floor":22,"turns":5},{"damage":33,"enemies":"Book of Stabbing","floor":24,"turns":5},{"damage":2,"enemies":"Snecko","floor":27,"turns":4},{"damage":0,"enemies":"Snake Plant","floor":31,"turns":2},{"damage":18,"enemies":"Champ","floor":33,"turns":8},{"damage":8,"enemies":"3 Darklings","floor":35,"turns":3},{"damage":2,"enemies":"3 Shapes","floor":39,"turns":3},{"damage":15,"enemies":"Maw","floor":41,"turns":4},{"damage":0,"enemies":"Reptomancer","floor":44,"turns":3},{"damage":0,"enemies":"3 Darklings","floor":45,"turns":2},{"damage":8,"enemies":"4 Shapes","floor":48,"turns":2},{"damage":83,"enemies":"Time Eater","floor":50,"turns":9}],"seed_played":"-7636457347092877261","potions_obtained":[{"floor":2,"key":"Energy Potion"},{"floor":4,"key":"EntropicBrew"},{"floor":11,"key":"Regen Potion"},{"floor":14,"key":"EssenceOfSteel"},{"floor":18,"key":"DistilledChaos"},{"floor":22,"key":"SteroidPotion"},{"floor":24,"key":"Energy Potion"},{"floor":35,"key":"SteroidPotion"},{"floor":41,"key":"DistilledChaos"},{"floor":45,"key":"EssenceOfSteel"}],"is_trial":false,"path_per_floor":["M","M","$","M","M","E","R","$","T","M","M","R","?","E","R","B",null,"M","$","M","M","M","R","E","?","T","M","?","$","T","M","R","B",null,"M","$","?","$","M","R","M","R","T","E","M","?","$","M","R","B"],"character_chosen":"DEFECT","items_purchased":["Lee\u0027s Waffle","DuplicationPotion","Conserve Battery+1"],"campfire_rested":3,"item_purchase_floors":[36,36,47],"current_hp_per_floor":[66,65,65,65,53,34,34,34,34,31,29,29,29,30,52,51,75,75,75,75,62,60,60,27,27,27,25,25,25,25,25,47,29,75,67,82,82,82,80,80,65,65,65,65,65,65,65,57,81,0,0],"gold":33,"neow_bonus":"THREE_CARDS","is_daily":false,"chose_seed":false,"campfire_upgraded":5,"win_rate":0.0,"timestamp":1610628360,"path_taken":["M","M","$","M","M","E","R","$","T","M","M","R","?","E","R","BOSS","M","$","M","M","M","R","E","?","T","M","?","$","?","?","R","BOSS","M","$","?","?","M","R","M","R","T","E","M","?","$","M","R","BOSS"],"items_purchased_type":["Relic","Potion","Card"],"build_version":"2020-12-22","purchased_purges":5,"victory":false,"max_hp_per_floor":[75,75,75,75,75,75,75,75,75,75,75,75,75,75,75,75,75,75,75,75,75,75,75,75,75,75,75,75,75,75,75,75,75,75,75,82,82,82,82,82,82,82,82,82,82,82,82,82,82,82,82],"card_choices":[{"not_picked":["Compile Driver","Barrage"],"picked":"Lockon","floor":0},{"not_picked":["Stack","Skim"],"picked":"Conserve Battery","floor":1},{"not_picked":["Barrage","Compile Driver","Hologram"],"picked":"SKIP","floor":2},{"not_picked":["Double Energy","Redo"],"picked":"Beam Cell","floor":4},{"not_picked":["Leap","Conserve Battery"],"picked":"Ball Lightning","floor":5},{"not_picked":["Buffer","Go for the Eyes"],"picked":"Coolheaded","floor":6},{"not_picked":["Hello World","White Noise"],"picked":"Defragment","floor":10},{"not_picked":["Gash","Beam Cell","Chaos"],"picked":"SKIP","floor":11},{"not_picked":["Redo","Static Discharge","Cold Snap"],"picked":"SKIP","floor":14},{"not_picked":["Thunder Strike","Meteor Strike"],"picked":"Seek","floor":16},{"not_picked":["Turbo","Ball Lightning"],"picked":"Defragment+1","floor":18},{"not_picked":["Coolheaded","Compile Driver","Rebound"],"picked":"SKIP","floor":20},{"not_picked":["Gash+1","Force Field"],"picked":"FTL","floor":21},{"not_picked":["Reprogram","Streamline","Redo"],"picked":"SKIP","floor":22},{"not_picked":["Coolheaded+1","Turbo+1"],"picked":"Leap+1","floor":24},{"not_picked":["Self Repair","Conserve Battery+1"],"picked":"Tempest+1","floor":27},{"not_picked":["Redo+1","Rebound+1"],"picked":"Conserve Battery+1","floor":31},{"not_picked":["Machine Learning","Core Surge"],"picked":"Electrodynamics","floor":33},{"not_picked":["Force Field+1"],"picked":"SKIP","floor":35},{"not_picked":[],"picked":"Double Energy+1","floor":39},{"not_picked":["Sunder"],"picked":"SKIP","floor":41},{"not_picked":["Storm"],"picked":"SKIP","floor":44},{"not_picked":["Compile Driver"],"picked":"SKIP","floor":45},{"not_picked":["Steam Power+1"],"picked":"SKIP","floor":48}],"player_experience":60814,"relics_obtained":[{"floor":6,"key":"Sundial"},{"floor":9,"key":"TungstenRod"},{"floor":14,"key":"Unceasing Top"},{"floor":24,"key":"Vajra"},{"floor":24,"key":"Toxic Egg 2"},{"floor":26,"key":"MawBank"},{"floor":30,"key":"Omamori"},{"floor":43,"key":"Whetstone"},{"floor":44,"key":"HornCleat"},{"floor":44,"key":"Smiling Mask"}],"event_choices":[{"cards_removed":["Strike_B"],"damage_healed":0,"gold_gain":0,"player_choice":"Forget","damage_taken":0,"max_hp_gain":0,"max_hp_loss":0,"event_name":"Living Wall","floor":13,"gold_loss":0},{"cards_removed":["Strike_B"],"damage_healed":0,"gold_gain":0,"player_choice":"Gave Gold","damage_taken":0,"max_hp_gain":0,"max_hp_loss":0,"event_name":"Beggar","floor":25,"gold_loss":75},{"damage_healed":0,"gold_gain":0,"player_choice":"Ignored","damage_taken":0,"max_hp_gain":0,"max_hp_loss":0,"event_name":"Cursed Tome","floor":28,"gold_loss":0},{"cards_removed":["Strike_B"],"damage_healed":0,"gold_gain":0,"player_choice":"Purged","damage_taken":0,"max_hp_gain":0,"max_hp_loss":0,"event_name":"Purifier","floor":37,"gold_loss":0},{"cards_removed":["FTL"],"damage_healed":0,"gold_gain":0,"player_choice":"Removed Attack","damage_taken":0,"max_hp_gain":0,"max_hp_loss":0,"event_name":"Falling","floor":46,"gold_loss":0}],"is_beta":false,"boss_relics":[{"not_picked":["SacredBark","Astrolabe"],"picked":"Black Star"},{"not_picked":["Runic Pyramid","Calling Bell"],"picked":"Busted Crown"}],"items_purged_floors":[3,8,19,36,47],"is_endless":false,"potions_floor_spawned":[2,4,11,14,18,22,24,35,41,45],"killed_by":"Time Eater","ascension_level":0}}