{"host":"vrsxkkch9ccrec7k","time":1610652138,"event":{"mods":["Act Like it!","BaseMod","Bestiary","Better Sensory Stone","Better Third Choice","Better Vampires","Downfall","Minty Spire (QoL Compilation)","Permanent Neow","Relic Stats","Spicy Shops","StSLib"],"gold_per_floor":[119,138,138,138,138,170,170,201,201,213,228,5,5,21,21,93,93,113,133,133,9,9,9,37,37,37,70,70,86,86,115,115,190,190,210,1209,1224,626,644,678,695,726,726,726,13,13,13,13,13,13],"floor_reached":51,"language":"ENG","playtime":3346,"items_purged":["Strike_G","Decay","Strike_G","Strike_G"],"score":1751,"play_id":"8e5df6bb-af05-4475-acc1-8cd1a1d787ff","local_time":"20210114142218","is_ascension_mode":true,"campfire_choices":[{"data":"Apotheosis","floor":7,"key":"SMITH"},{"floor":13,"key":"REST"},{"data":"Backflip","floor":15,"key":"SMITH"},{"floor":23,"key":"REST"},{"floor":25,"key":"REST"},{"floor":30,"key":"REST"},{"floor":32,"key":"REST"},{"floor":44,"key":"REST"},{"floor":46,"key":"RECALL"},{"floor":49,"key":"REST"}],"circlet_count":0,"master_deck":["AscendersBane","Strike_G+1","Strike_G","Defend_G","Defend_G","Defend_G","Defend_G","Defend_G","Survivor","Neutralize+1","Poisoned Stab","Poisoned Stab","Apotheosis+1","Backflip+1","Corpse Explosion","Deadly Poison","Bouncing Flask","Malaise","PiercingWail","Well Laid Plans","After Image","Dagger Spray","Decay","Caltrops+1","Catalyst","Blur","Normality","Normality","Calculated Gamble","expansioncontent:Corrupt","Backflip+1","PiercingWail+1","Tools of the Trade+1","After Image+1","Leg Sweep+1","Secret Technique+1"],"relics":["Ring of the Snake","TungstenRod","Du-Vu Doll","Singing Bowl","Bottled Flame","Membership Card","Fusion Hammer","Mercury Hourglass","Blue Candle","Frozen Egg 2","Prayer Wheel","SlaversCollar","OrangePellets","Oddly Smooth Stone","Bag of Marbles","HandDrill","Mummified Hand","Toxic Egg 2","champ:DuelingGlove","Cauldron","Kunai","Bag of Preparation","champ:Barbells"],"acts_visited":["Exordium","TheCity","TheBeyond"],"potions_floor_usage":[6,11,24,24,29,31,37,39,40,50,50],"damage_taken":[{"damage":1,"enemies":"2 Louse","floor":1,"turns":3},{"damage":7,"enemies":"Jaw Worm","floor":2,"turns":5},{"damage":6,"enemies":"3 Sentries","floor":6,"turns":8},{"damage":6,"enemies":"Lagavulin","floor":8,"turns":7},{"damage":0,"enemies":"Small Slimes","floor":10,"turns":3},{"damage":20,"enemies":"Exordium Thugs","floor":11,"turns":7},{"damage":8,"enemies":"Exordium Wildlife","floor":14,"turns":3},{"damage":0,"enemies":"The Guardian","floor":16,"turns":8},{"damage":20,"enemies":"Chosen","floor":18,"turns":6},{"damage":0,"enemies":"2 Thieves","floor":19,"turns":4},{"damage":22,"enemies":"Gremlin Leader","floor":24,"turns":10},{"damage":0,"enemies":"Book of Stabbing","floor":27,"turns":6},{"damage":9,"enemies":"Shelled Parasite and Fungi","floor":29,"turns":6},{"damage":19,"enemies":"Slavers","floor":31,"turns":4},{"damage":10,"enemies":"Automaton","floor":33,"turns":9},{"damage":2,"enemies":"3 Shapes","floor":35,"turns":4},{"damage":0,"enemies":"3 Darklings","floor":37,"turns":2},{"damage":4,"enemies":"Transient","floor":39,"turns":6},{"damage":8,"enemies":"Nemesis","floor":40,"turns":9},{"damage":0,"enemies":"4 Shapes","floor":41,"turns":3},{"damage":11,"enemies":"Reptomancer","floor":42,"turns":6},{"damage":0,"enemies":"Donu and Deca","floor":50,"turns":8}],"seed_played":"1986759485589066373","potions_obtained":[{"floor":2,"key":"hexamod:EctoCoolerPotion"},{"floor":10,"key":"Regen Potion"},{"floor":27,"key":"DistilledChaos"},{"floor":29,"key":"Poison Potion"},{"floor":33,"key":"FearPotion"},{"floor":35,"key":"DuplicationPotion"},{"floor":37,"key":"ColorlessPotion"},{"floor":41,"key":"EssenceOfSteel"},{"floor":42,"key":"Guardian:BlockOnCardUsePotion"},{"floor":45,"key":"Dexterity Potion"},{"floor":45,"key":"CultistPotion"}],"is_trial":false,"path_per_floor":["M","M","?","?","T","E","R","E","T","M","M","$","R","M","R","B",null,"M","M","?","$","?","R","E","R","T","E","?","M","R","E","R","B",null,"M","?","M","$","M","E","M","E","T","R","$","R","?","?","R","B",null],"character_chosen":"THE_SILENT","items_purchased":["Membership Card","Deadly Poison","Well Laid Plans","PowerPotion","OrangePellets","Oddly Smooth Stone","Bag of Marbles","HandDrill","Calculated Gamble","expansioncontent:Corrupt","GhostInAJar","Cauldron","Kunai","After Image+1","Bag of Preparation","Leg Sweep+1","champ:Barbells"],"campfire_rested":7,"item_purchase_floors":[12,12,21,21,38,38,38,38,38,38,38,45,45,45,45,45,45],"current_hp_per_floor":[58,51,51,51,51,45,45,39,39,41,38,38,59,51,51,51,65,45,47,47,47,47,68,46,67,67,67,67,58,72,53,72,64,72,72,72,76,76,74,68,70,59,59,84,84,84,86,86,88,88],"gold":13,"neow_bonus":"UPGRADE_CARD","is_daily":false,"chose_seed":false,"campfire_upgraded":2,"win_rate":0.0,"timestamp":1610652138,"path_taken":["M","M","?","?","?","E","R","E","T","M","M","$","R","M","R","BOSS","M","M","?","$","?","R","E","R","T","E","?","?","R","E","R","BOSS","M","?","M","$","M","E","M","E","T","R","$","R","?","?","R","BOSS"],"items_purchased_type":["Relic","Card","Card","Potion","Relic","Relic","Relic","Relic","Card","Card","Potion","Relic","Relic","Card","Relic","Card","Relic"],"build_version":"2020-12-22","purchased_purges":4,"victory":true,"max_hp_per_floor":[66,66,66,66,66,66,66,66,66,68,70,70,70,70,70,70,70,70,72,72,72,72,72,72,72,72,72,72,72,72,72,72,74,74,76,76,80,80,82,84,86,86,86,86,86,86,88,88,88,88],"relic_stats":{"Singing Bowl":22,"counters":[22,126],"Blue Candle":[19],"Bag of Preparation":[2],"Mercury Hourglass":[284],"OrangePellets":[0],"Mummified Hand":[8],"Prayer Wheel":4,"HandDrill":[4],"Kunai":[0],"obtain_stats":[{"champ:DuelingGlove":43,"champ:Barbells":45,"Singing Bowl":8,"Blue Candle":26,"Oddly Smooth Stone":38,"Bag of Preparation":45,"Frozen Egg 2":27,"Mercury Hourglass":24,"Du-Vu Doll":6,"SlaversCollar":34,"OrangePellets":38,"Cauldron":45,"Bottled Flame":9,"Mummified Hand":40,"Prayer Wheel":31,"Fusion Hammer":17,"Bag of Marbles":38,"HandDrill":38,"Membership Card":12,"Kunai":45,"Toxic Egg 2":42,"TungstenRod":5,"Ring of the Snake":0},{"champ:DuelingGlove":21,"champ:Barbells":21,"Singing Bowl":4,"Blue Candle":11,"Oddly Smooth Stone":17,"Bag of Preparation":21,"Frozen Egg 2":12,"Mercury Hourglass":11,"Du-Vu Doll":3,"SlaversCollar":15,"OrangePellets":17,"Cauldron":21,"Bottled Flame":4,"Mummified Hand":19,"Prayer Wheel":14,"Fusion Hammer":8,"Bag of Marbles":17,"HandDrill":17,"Membership Card":6,"Kunai":21,"Toxic Egg 2":21,"TungstenRod":2,"Ring of the Snake":0},{"champ:DuelingGlove":118,"champ:Barbells":118,"Singing Bowl":23,"Blue Candle":64,"Oddly Smooth Stone":94,"Bag of Preparation":118,"Frozen Egg 2":70,"Mercury Hourglass":64,"Du-Vu Doll":16,"SlaversCollar":89,"OrangePellets":94,"Cauldron":118,"Bottled Flame":23,"Mummified Hand":109,"Prayer Wheel":80,"Fusion Hammer":44,"Bag of Marbles":94,"HandDrill":94,"Membership Card":33,"Kunai":118,"Toxic Egg 2":118,"TungstenRod":8,"Ring of the Snake":0}],"TungstenRod":53,"Ring of the Snake":[44]},"card_choices":[{"not_picked":["Dodge and Roll","Dagger Spray"],"picked":"Poisoned Stab","floor":1},{"not_picked":["Acrobatics","Heel Hook"],"picked":"Poisoned Stab","floor":2},{"not_picked":["Deflect","Prepared"],"picked":"Backflip","floor":6},{"not_picked":["Noxious Fumes","Backflip"],"picked":"Corpse Explosion","floor":8},{"not_picked":["Flying Knee","Deadly Poison","Infinite Blades"],"picked":"Singing Bowl","floor":10},{"not_picked":["Reflex","Poisoned Stab","Quick Slash"],"picked":"Singing Bowl","floor":11},{"not_picked":["Backstab","Accuracy"],"picked":"Bouncing Flask","floor":14},{"not_picked":["Phantasmal Killer","Glass Knife"],"picked":"Malaise","floor":16},{"not_picked":["Bane+1","Reflex"],"picked":"PiercingWail","floor":18},{"not_picked":["Flying Knee","Dodge and Roll","Concentrate+1"],"picked":"Singing Bowl","floor":19},{"not_picked":["Prepared","Underhanded Strike+1"],"picked":"After Image","floor":24},{"not_picked":["Deflect","Dodge and Roll"],"picked":"Dagger Spray","floor":27},{"not_picked":["Bane","Eviscerate"],"picked":"Caltrops+1","floor":29},{"not_picked":["Masterful Stab","Outmaneuver+1"],"picked":"Catalyst","floor":31},{"not_picked":["Corpse Explosion","Bullet Time","Envenom+1"],"picked":"Singing Bowl","floor":33},{"not_picked":["Infinite Blades+1","Dagger Spray","Sucker Punch"],"picked":"Singing Bowl","floor":35},{"not_picked":["Sucker Punch","Choke"],"picked":"Blur","floor":35},{"not_picked":["Caltrops+1","Eviscerate","Poisoned Stab+1"],"picked":"Singing Bowl","floor":37},{"not_picked":["Backstab","Deadly Poison","Sucker Punch"],"picked":"Singing Bowl","floor":37},{"not_picked":["Poisoned Stab+1","Underhanded Strike","Reflex"],"picked":"Singing Bowl","floor":39},{"not_picked":["Dash","Underhanded Strike+1"],"picked":"Backflip","floor":39},{"not_picked":["Endless Agony","All Out Attack","Poisoned Stab"],"picked":"Singing Bowl","floor":40},{"not_picked":["Dagger Throw","Flying Knee"],"picked":"PiercingWail+1","floor":41},{"not_picked":["Dagger Throw+1","Expertise","Eviscerate"],"picked":"Singing Bowl","floor":41},{"not_picked":["Accuracy+1","All Out Attack"],"picked":"Tools of the Trade+1","floor":42},{"not_picked":["Flash of Steel","Secret Weapon+1"],"picked":"Secret Technique+1","floor":47},{"not_picked":["Dramatic Entrance","Secret Weapon+1","expansioncontent:BronzeBeam"],"picked":"Singing Bowl","floor":47}],"player_experience":1528727,"relics_obtained":[{"floor":5,"key":"TungstenRod"},{"floor":6,"key":"Du-Vu Doll"},{"floor":8,"key":"Singing Bowl"},{"floor":9,"key":"Bottled Flame"},{"floor":24,"key":"Mercury Hourglass"},{"floor":26,"key":"Blue Candle"},{"floor":27,"key":"Frozen Egg 2"},{"floor":31,"key":"Prayer Wheel"},{"floor":40,"key":"Mummified Hand"},{"floor":42,"key":"Toxic Egg 2"},{"floor":43,"key":"champ:DuelingGlove"}],"event_choices":[{"damage_healed":51,"gold_gain":0,"player_choice":"Embrace","damage_taken":0,"max_hp_gain":0,"max_hp_loss":66,"event_name":"betterThird:BetterShining","floor":3,"gold_loss":0},{"damage_healed":0,"gold_gain":0,"player_choice":"Ignored","damage_taken":138,"max_hp_gain":0,"max_hp_loss":0,"event_name":"betterThird:BetterSerpent","floor":4,"gold_loss":0},{"damage_healed":0,"gold_gain":0,"player_choice":"Smashed Altar","damage_taken":0,"max_hp_gain":0,"max_hp_loss":0,"event_name":"Forgotten Altar","floor":20,"gold_loss":0,"cards_obtained":["Decay"]},{"damage_healed":0,"gold_gain":0,"player_choice":"Ignored","damage_taken":0,"max_hp_gain":0,"max_hp_loss":0,"event_name":"The Mausoleum","floor":22,"gold_loss":0},{"damage_healed":0,"gold_gain":0,"player_choice":"Cursed","damage_taken":0,"max_hp_gain":0,"max_hp_loss":0,"event_name":"Wheel of Change","floor":28,"gold_loss":0,"cards_obtained":["Decay"]},{"damage_healed":0,"gold_gain":999,"player_choice":"Gold","damage_taken":0,"max_hp_gain":0,"max_hp_loss":0,"event_name":"MindBloom","floor":36,"gold_loss":0,"cards_obtained":["Normality","Normality"]},{"damage_healed":0,"gold_gain":3,"player_choice":"1","damage_taken":0,"max_hp_gain":0,"max_hp_loss":0,"event_name":"betterStone:BetterStone","floor":47,"gold_loss":0},{"damage_healed":0,"gold_gain":0,"player_choice":"0 cards matched","damage_taken":0,"max_hp_gain":0,"max_hp_loss":0,"event_name":"Match and Keep!","floor":48,"gold_loss":0,"cards_obtained":[]}],"is_beta":false,"boss_relics":[{"not_picked":["Busted Crown","Runic Pyramid"],"picked":"Fusion Hammer"},{"not_picked":["Coffee Dripper","Snecko Eye"],"picked":"SlaversCollar"}],"items_purged_floors":[12,21,38,45],"is_endless":false,"potions_floor_spawned":[2,10,27,29,33,35,37,41,42],"ascension_level":18}}