{"host":"zls4lyfcaficqj9z","time":1610615665,"event":{"mods":["BaseMod","Better Vampires","ChefMod","Dio Mod","Downfall","Evolution","Grow up Mod","GungeonMod","Magitek Elite","Melee Mod","Minty Spire (QoL Compilation)","StSLib","The Edgeheg","The Florist","The Necromancer","The Saiyan","Uncapped","Waifu the Spire"],"gold_per_floor":[119,137,137,152,152,179,197,229,229,256,267,298,308,322,322,417,417,432,432,170,190,207,207,232,243,316,316,342,136,154,179,179,278,278,290,290,300,300,320,349,349,118,118,149,40,95,110,144,144,144],"floor_reached":51,"language":"ENG","playtime":3643,"items_purged":["Buffer"],"score":967,"play_id":"d98b5e25-9394-426f-be83-2b2fafb2f637","local_time":"20210114031425","is_ascension_mode":true,"campfire_choices":[{"floor":15,"key":"DIG"},{"floor":23,"key":"DIG"},{"floor":27,"key":"DIG"},{"floor":32,"key":"DIG"},{"data":"Capacitor","floor":41,"key":"SMITH"},{"data":"Defragment","floor":49,"key":"SMITH"}],"circlet_count":0,"master_deck":["Strike_B","Strike_B","Strike_B+1","Defend_B+1","Defend_B","Defend_B","Defend_B","Zap","expansioncontent:GuardianWhirl","Ball Lightning","Conserve Battery","Beam Cell","Sweeping Beam","Loop","Storm","Ball Lightning","Gash","Sweeping Beam","Creative AI","CurseOfTheBell","Beam Cell","Loop","Streamline","Double Energy+1","Streamline+1","Self Repair","Redo+1","Redo+1","Capacitor+1","Electrodynamics","Madness+1","Madness+1","White Noise+1","Gash+1","Loop","Defragment+1","Defragment","Static Discharge","Self Repair"],"relics":["Cracked Core","EVO:Axolotl","Ice Cream","Angel_Ring","DemoMod:Bottle","Shovel","MealTicket","Pantograph","Calling Bell","Happy Flower","Toxic Egg 2","DemoMod:AgedBell","Strange Spoon","Juzu Bracelet","Smiling Mask","Gremlin Horn","Cables","DemoMod:BlueGuonStone","Lee\u0027s Waffle","Blood Vial","Bag of Marbles","Golden_Hairpin","Shuriken","DemoMod:RingOfEthereal","Membership Card","DemoMod:DecoyRelic","Tintinnabulum","DollysMirror","Thread and Needle","Kunai"],"acts_visited":["Exordium","TheCity","TheBeyond"],"potions_floor_usage":[8,12,13,16,31,31,48,48,48],"damage_taken":[{"damage":3,"enemies":"2 Louse","floor":1,"turns":2},{"damage":0,"enemies":"Small Slimes","floor":2,"turns":2},{"damage":0,"enemies":"Cultist","floor":4,"turns":2},{"damage":0,"enemies":"Gremlin Nob","floor":6,"turns":3},{"damage":0,"enemies":"Exordium Thugs","floor":7,"turns":3},{"damage":6,"enemies":"3 Sentries","floor":8,"turns":4},{"damage":22,"enemies":"Gremlin Nob","floor":10,"turns":4},{"damage":0,"enemies":"3 Louse","floor":11,"turns":1},{"damage":14,"enemies":"Lagavulin","floor":12,"turns":5},{"damage":27,"enemies":"Exordium Wildlife","floor":13,"turns":3},{"damage":0,"enemies":"Exordium Thugs","floor":14,"turns":3},{"damage":112,"enemies":"Hexaghost","floor":16,"turns":8},{"damage":68,"enemies":"Shell Parasite","floor":18,"turns":7},{"damage":24,"enemies":"Spheric Guardian","floor":21,"turns":5},{"damage":33,"enemies":"Cultist and Chosen","floor":22,"turns":6},{"damage":61,"enemies":"Slavers","floor":24,"turns":4},{"damage":30,"enemies":"Shelled Parasite and Fungi","floor":25,"turns":5},{"damage":44,"enemies":"Gremlin Leader","floor":28,"turns":6},{"damage":17,"enemies":"Centurion and Healer","floor":30,"turns":5},{"damage":9,"enemies":"Book of Stabbing","floor":31,"turns":5},{"damage":63,"enemies":"Collector","floor":33,"turns":9},{"damage":15,"enemies":"3 Shapes","floor":35,"turns":3},{"damage":13,"enemies":"Orb Walker","floor":37,"turns":3},{"damage":13,"enemies":"3 Darklings","floor":39,"turns":4},{"damage":31,"enemies":"Nemesis","floor":40,"turns":5},{"damage":67,"enemies":"Giant Head","floor":44,"turns":7},{"damage":22,"enemies":"2 Orb Walkers","floor":46,"turns":4},{"damage":21,"enemies":"Maw","floor":47,"turns":6},{"damage":39,"enemies":"Nemesis","floor":48,"turns":6},{"damage":54,"enemies":"Jotaro","floor":50,"turns":7}],"seed_played":"-1621725612374091657","potions_obtained":[{"floor":7,"key":"DistilledChaos"},{"floor":10,"key":"GamblersBrew"},{"floor":11,"key":"Energy Potion"},{"floor":12,"key":"SkillPotion"},{"floor":14,"key":"champ:CounterPotion"},{"floor":16,"key":"SteroidPotion"},{"floor":25,"key":"Explosive Potion"},{"floor":30,"key":"champ:CounterPotion"},{"floor":31,"key":"champ:CounterPotion"},{"floor":35,"key":"LiquidMemories"},{"floor":47,"key":"Explosive Potion"},{"floor":48,"key":"champ:CounterPotion"}],"is_trial":false,"path_per_floor":["M","M","?","M","?","E","M","E","T","E","M","E","M","M","R","B",null,"M","?","$","M","M","R","E","M","T","R","E","$","M","E","R","B",null,"M","?","M","T","M","E","R","$","T","E","$","?","M","E","R","B",null],"character_chosen":"DEFECT","items_purchased":["Loop","Strange Spoon","Streamline","Lee\u0027s Waffle","Loop","Membership Card","Defragment","DollysMirror"],"campfire_rested":0,"item_purchase_floors":[20,20,20,29,42,42,45,45],"current_hp_per_floor":[92,102,91,101,111,121,131,135,145,133,143,139,122,132,142,65,255,197,207,232,218,195,205,154,134,144,154,120,382,382,390,400,366,432,434,389,388,398,397,385,395,420,430,382,408,399,398,379,390,381],"gold":144,"neow_bonus":"RANDOM_COLORLESS","is_daily":false,"chose_seed":false,"campfire_upgraded":2,"win_rate":0.0,"timestamp":1610615665,"path_taken":["M","M","?","M","?","E","M","E","T","E","M","E","M","M","R","BOSS","M","?","?","M","M","R","E","M","T","R","E","$","M","E","R","BOSS","M","?","M","?","M","E","R","?","T","E","$","?","M","E","R","BOSS"],"items_purchased_type":["Card","Relic","Card","Relic","Card","Relic","Card","Relic"],"build_version":"2020-12-22","purchased_purges":1,"victory":true,"max_hp_per_floor":[95,105,115,125,135,145,155,165,175,185,195,205,215,225,235,245,255,265,275,285,295,305,315,325,335,345,355,365,382,392,402,412,422,432,442,452,462,472,482,492,502,512,522,532,542,552,562,572,582,592],"card_choices":[{"not_picked":["Blind","expansioncontent:ChargeUp"],"picked":"expansioncontent:GuardianWhirl","floor":0},{"not_picked":["Conserve Battery","Gash"],"picked":"Ball Lightning","floor":1},{"not_picked":["Coolheaded","Scrape"],"picked":"Conserve Battery","floor":2},{"not_picked":["Hologram","Chaos"],"picked":"Beam Cell","floor":4},{"not_picked":["Cold Snap","Glacier"],"picked":"Sweeping Beam","floor":6},{"not_picked":["Steam Power","Sweeping Beam"],"picked":"Loop","floor":7},{"not_picked":["Rebound","Self Repair"],"picked":"Storm","floor":8},{"not_picked":["Cold Snap","Steam","Leap"],"picked":"SKIP","floor":10},{"not_picked":["Conserve Battery","Turbo"],"picked":"Ball Lightning","floor":11},{"not_picked":["Stack","Fission"],"picked":"Gash","floor":12},{"not_picked":["Compile Driver","Rebound","Stack"],"picked":"SKIP","floor":13},{"not_picked":["Reprogram","Coolheaded"],"picked":"Sweeping Beam","floor":14},{"not_picked":["Reboot","Echo Form"],"picked":"Creative AI","floor":16},{"not_picked":["Sweeping Beam","Go for the Eyes"],"picked":"Beam Cell","floor":18},{"not_picked":["Leap+1","Turbo+1","Amplify+1"],"picked":"SKIP","floor":21},{"not_picked":["Gash","Blizzard+1"],"picked":"Double Energy+1","floor":22},{"not_picked":["Genetic Algorithm+1","Recycle+1"],"picked":"Streamline+1","floor":24},{"not_picked":["Barrage","Fusion+1"],"picked":"Self Repair","floor":25},{"not_picked":["Rip and Tear","Sweeping Beam"],"picked":"Redo+1","floor":28},{"not_picked":["Melter","Hologram+1"],"picked":"Redo+1","floor":30},{"not_picked":["Reinforced Body+1","Turbo+1"],"picked":"Capacitor","floor":31},{"not_picked":["Echo Form","Creative AI"],"picked":"Electrodynamics","floor":33},{"not_picked":["Streamline+1","Cold Snap","Compile Driver+1"],"picked":"SKIP","floor":35},{"not_picked":["Go for the Eyes","Cold Snap+1","Stack+1"],"picked":"SKIP","floor":37},{"not_picked":["Leap+1","Stack+1"],"picked":"White Noise+1","floor":39},{"not_picked":["Coolheaded+1","Sweeping Beam"],"picked":"Gash+1","floor":40},{"not_picked":["Buffer","Conserve Battery+1","Hologram+1"],"picked":"SKIP","floor":44},{"not_picked":["Rip and Tear","Glacier+1"],"picked":"Static Discharge","floor":46},{"not_picked":["Turbo+1","Self Repair","Go for the Eyes"],"picked":"SKIP","floor":47},{"not_picked":["Chaos+1","Glacier+1"],"picked":"Self Repair","floor":48}],"player_experience":164385,"relics_obtained":[{"floor":6,"key":"Ice Cream"},{"floor":8,"key":"Angel_Ring"},{"floor":9,"key":"DemoMod:Bottle"},{"floor":10,"key":"Shovel"},{"floor":12,"key":"MealTicket"},{"floor":15,"key":"Pantograph"},{"floor":17,"key":"DemoMod:WeirdEgg"},{"floor":17,"key":"Toxic Egg 2"},{"floor":17,"key":"DemoMod:AgedBell"},{"floor":23,"key":"Juzu Bracelet"},{"floor":24,"key":"Smiling Mask"},{"floor":26,"key":"Gremlin Horn"},{"floor":27,"key":"Cables"},{"floor":28,"key":"DemoMod:BlueGuonStone"},{"floor":31,"key":"Blood Vial"},{"floor":32,"key":"Bag of Marbles"},{"floor":38,"key":"Shuriken"},{"floor":40,"key":"DemoMod:RingOfEthereal"},{"floor":43,"key":"DemoMod:DecoyRelic"},{"floor":44,"key":"Tintinnabulum"},{"floor":46,"key":"Thread and Needle"},{"floor":48,"key":"Kunai"}],"event_choices":[{"damage_healed":0,"gold_gain":0,"player_choice":"Entered Light","damage_taken":21,"max_hp_gain":0,"max_hp_loss":0,"event_name":"Shining Light","floor":3,"gold_loss":0,"cards_upgraded":["Defend_B","Strike_B"]},{"cards_removed":["Dualcast"],"damage_healed":0,"gold_gain":0,"player_choice":"Purged","damage_taken":0,"max_hp_gain":0,"max_hp_loss":0,"event_name":"Purifier","floor":5,"gold_loss":0},{"damage_healed":0,"gold_gain":0,"cards_transformed":["Strike_B"],"player_choice":"Transformed","damage_taken":0,"max_hp_gain":0,"max_hp_loss":0,"event_name":"Transmorgrifier","floor":19,"gold_loss":0,"cards_obtained":["Buffer"]},{"damage_healed":0,"gold_gain":0,"player_choice":"Embrace Madness","damage_taken":55,"max_hp_gain":0,"max_hp_loss":0,"event_name":"Winding Halls","floor":36,"gold_loss":0,"cards_obtained":["Madness","Madness"]},{"damage_healed":0,"gold_gain":0,"player_choice":"Fight","damage_taken":0,"max_hp_gain":0,"max_hp_loss":0,"event_name":"Mysterious Sphere","floor":46,"gold_loss":0}],"is_beta":false,"boss_relics":[{"not_picked":["Tiny House","Empty Cage"],"picked":"Calling Bell"},{"not_picked":["Astrolabe","Coffee Dripper"],"picked":"Golden_Hairpin"}],"items_purged_floors":[29],"is_endless":false,"potions_floor_spawned":[7,10,11,12,14,16,25,30,31,35,44,47,48],"ascension_level":1}}