{"host":"6p0attdrtjqaih7v","time":1610605610,"event":{"mods":["2.2 Compatiblity","AchievementEnabler","Bard","BaseMod","Better Skull","Better Third Choice","Colored Powertips","Hermit","Highlight Path","Jorbs\u0027s Wanderer Trilogy","Key Reminder","Minty Spire (QoL Compilation)","Permanent Neow","Quick Restart","Random Character Button","Relic Stats","Replay The Spire","Robot Space Explorer","StSLib"],"gold_per_floor":[119,136,156,13,27,27,58,58,58,58,87,102,130,156,156,260,360,376,376,391,408,408,439,439,473,473,506,349,349,389,414,414,527,527,547,576,635,657,523,523,566,566,566,603,625,641,641,654,654,654],"floor_reached":51,"language":"ENG","playtime":2803,"items_purged":["RobotSpaceExplorer:Strike"],"score":1194,"play_id":"1166fa7b-a950-40de-b268-461b2fe48c8b","local_time":"20210114012650","is_ascension_mode":true,"campfire_choices":[{"data":"RobotSpaceExplorer:FrostMissile","floor":6,"key":"SMITH"},{"data":"RobotSpaceExplorer:Discharger","floor":8,"key":"SMITH"},{"data":"RobotSpaceExplorer:Electropulse","floor":10,"key":"SMITH"},{"data":"RobotSpaceExplorer:MiniLasers","floor":15,"key":"SMITH"},{"data":"RobotSpaceExplorer:Electropulse","floor":29,"key":"SMITH"},{"data":"RobotSpaceExplorer:DroneSwarm","floor":32,"key":"SMITH"},{"data":"RobotSpaceExplorer:ShovelStrike","floor":40,"key":"SMITH"},{"data":"RobotSpaceExplorer:ShovelStrike","floor":42,"key":"SMITH"},{"data":"RobotSpaceExplorer:ShockMissile","floor":47,"key":"SMITH"}],"circlet_count":0,"master_deck":["RobotSpaceExplorer:Strike","RobotSpaceExplorer:Defend","RobotSpaceExplorer:Defend","RobotSpaceExplorer:Defend","RobotSpaceExplorer:Defend","RobotSpaceExplorer:Scan","RobotSpaceExplorer:MiniLasers+1","RobotSpaceExplorer:FrostMissile+1","RobotSpaceExplorer:Discharger+1","RobotSpaceExplorer:Electropulse+1","RobotSpaceExplorer:ShovelStrike+1","RobotSpaceExplorer:ShovelStrike+1","RobotSpaceExplorer:StunGrenade","RobotSpaceExplorer:TrailblazerForm","RobotSpaceExplorer:FreezingShield+1","RobotSpaceExplorer:DroneSwarm+1","RobotSpaceExplorer:GlueShot","RobotSpaceExplorer:MiniDrones+1","RobotSpaceExplorer:ShockMissile+1","RobotSpaceExplorer:StunGrenade+1","RobotSpaceExplorer:Electropulse+1","RobotSpaceExplorer:StarLightning","RobotSpaceExplorer:Jetpack+1","RobotSpaceExplorer:Multitool","RobotSpaceExplorer:Reload","RobotSpaceExplorer:TrailblazerForm","RobotSpaceExplorer:GearShield+1","RobotSpaceExplorer:TrailblazerForm","RobotSpaceExplorer:Smokescreen+1","RobotSpaceExplorer:SurgingShield+1","RobotSpaceExplorer:LaserBurst+1"],"relics":["RobotSpaceExplorer:RoboCore","Replay:Baseball","RobotSpaceExplorer:PlasmaHourglass","Chameleon Ring","Mercury Hourglass","Juzu Bracelet","RobotSpaceExplorer:ClockworkSextant","Replay:Wanted Poster","Bag of Marbles","Nunchaku","Thread and Needle","Centennial Puzzle","Chemical X","CeramicFish","Coffee Dripper","Counterbalance","RobotSpaceExplorer:ToughPlating","DollysMirror","HornCleat","Ornamental Fan","Omamori"],"acts_visited":["Exordium","TheCity","TheBeyond"],"potions_floor_usage":[7,11,23,25,27,30,33,37,44,50,50,50],"damage_taken":[{"damage":0,"enemies":"Cultist","floor":1,"turns":4},{"damage":2,"enemies":"Jaw Worm","floor":2,"turns":4},{"damage":0,"enemies":"Small Slimes","floor":3,"turns":2},{"damage":0,"enemies":"Exordium Wildlife","floor":5,"turns":2},{"damage":1,"enemies":"Replay:BlueRogue","floor":7,"turns":4},{"damage":0,"enemies":"Gremlin Nob","floor":11,"turns":2},{"damage":7,"enemies":"Exordium Thugs","floor":12,"turns":2},{"damage":3,"enemies":"Replay:BlueRogue","floor":13,"turns":4},{"damage":2,"enemies":"Slime Boss","floor":16,"turns":5},{"damage":0,"enemies":"Spheric Guardian","floor":18,"turns":3},{"damage":3,"enemies":"Chosen","floor":20,"turns":4},{"damage":0,"enemies":"Snecko","floor":21,"turns":4},{"damage":0,"enemies":"Book of Stabbing","floor":23,"turns":6},{"damage":3,"enemies":"Replay:Snechameleon","floor":25,"turns":6},{"damage":11,"enemies":"Gremlin Leader","floor":27,"turns":6},{"damage":10,"enemies":"Book of Stabbing","floor":30,"turns":3},{"damage":0,"enemies":"Snake Plant","floor":31,"turns":4},{"damage":0,"enemies":"Collector","floor":33,"turns":7},{"damage":0,"enemies":"3 Darklings","floor":35,"turns":3},{"damage":0,"enemies":"Mind Bloom Boss Battle","floor":37,"turns":6},{"damage":0,"enemies":"Orb Walker","floor":38,"turns":4},{"damage":2,"enemies":"Giant Head","floor":41,"turns":8},{"damage":0,"enemies":"Nemesis","floor":44,"turns":6},{"damage":0,"enemies":"Writhing Mass","floor":45,"turns":8},{"damage":0,"enemies":"Jaw Worm Horde","floor":46,"turns":4},{"damage":1,"enemies":"Sphere and 2 Shapes","floor":48,"turns":4},{"damage":0,"enemies":"Awakened One","floor":50,"turns":13}],"seed_played":"500119485973970419","potions_obtained":[{"floor":2,"key":"DistilledChaos"},{"floor":5,"key":"ColorlessPotion"},{"floor":11,"key":"Weak Potion"},{"floor":16,"key":"Death Potion"},{"floor":20,"key":"Regen Potion"},{"floor":23,"key":"PowerPotion"},{"floor":25,"key":"Fire Potion"},{"floor":27,"key":"Energy Potion"},{"floor":30,"key":"Block Potion"},{"floor":35,"key":"DistilledChaos"},{"floor":37,"key":"Explosive Potion"},{"floor":41,"key":"Adrenaline Potion"},{"floor":49,"key":"Weak Potion"},{"floor":49,"key":"DistilledChaos"}],"is_trial":false,"path_per_floor":["M","M","M","$","M","R","E","R","T","R","E","M","E","T","R","B",null,"M","?","M","M","?","E","?","E","T","E","$","R","E","M","R","B",null,"M","?","?","M","$","R","E","R","T","E","M","M","R","M","R","B",null],"character_chosen":"RobotSpaceExplorer","items_purchased":["RobotSpaceExplorer:Electropulse","Chemical X","DollysMirror"],"campfire_rested":0,"item_purchase_floors":[4,28,39],"current_hp_per_floor":[75,73,73,73,73,73,72,72,72,72,72,65,62,62,62,60,75,75,75,72,72,72,72,72,69,69,58,58,58,48,48,48,48,75,75,57,57,57,57,57,55,55,55,55,55,55,55,54,54,54],"gold":654,"neow_bonus":"RANDOM_COMMON_RELIC","is_daily":false,"chose_seed":false,"campfire_upgraded":9,"win_rate":0.0,"timestamp":1610605610,"path_taken":["M","M","M","$","?","R","E","R","T","R","E","M","E","?","R","BOSS","M","?","M","M","?","E","?","E","T","E","?","R","E","M","R","BOSS","M","?","?","M","$","R","E","R","T","E","M","M","R","M","R","BOSS"],"items_purchased_type":["Card","Relic","Relic"],"build_version":"2020-12-22","purchased_purges":1,"victory":true,"max_hp_per_floor":[75,75,75,75,75,75,75,75,75,75,75,75,75,75,75,75,75,75,75,75,75,75,75,75,75,75,75,75,75,75,75,75,75,75,75,75,75,75,75,75,75,75,75,75,75,75,75,75,75,75],"relic_stats":{"Nunchaku":[15],"Centennial Puzzle":[9],"counters":[27,126],"Ornamental Fan":[44],"CeramicFish":90,"Juzu Bracelet":1,"Chemical X":[12],"obtain_stats":[{"RobotSpaceExplorer:ClockworkSextant":14,"RobotSpaceExplorer:PlasmaHourglass":7,"CeramicFish":30,"Counterbalance":36,"RobotSpaceExplorer:RoboCore":0,"Thread and Needle":26,"Juzu Bracelet":13,"Omamori":44,"Mercury Hourglass":11,"Replay:Wanted Poster":17,"Replay:Baseball":0,"Nunchaku":25,"Centennial Puzzle":27,"Chameleon Ring":9,"HornCleat":41,"DollysMirror":39,"Ornamental Fan":43,"RobotSpaceExplorer:ToughPlating":37,"Bag of Marbles":23,"Coffee Dripper":34,"Chemical X":28},{"RobotSpaceExplorer:ClockworkSextant":8,"RobotSpaceExplorer:PlasmaHourglass":5,"CeramicFish":16,"Counterbalance":19,"RobotSpaceExplorer:RoboCore":0,"Thread and Needle":14,"Juzu Bracelet":8,"Omamori":23,"Mercury Hourglass":6,"Replay:Wanted Poster":9,"Replay:Baseball":0,"Nunchaku":14,"Centennial Puzzle":15,"Chameleon Ring":5,"HornCleat":22,"DollysMirror":21,"Ornamental Fan":22,"RobotSpaceExplorer:ToughPlating":20,"Bag of Marbles":13,"Coffee Dripper":18,"Chemical X":15},{"RobotSpaceExplorer:ClockworkSextant":24,"RobotSpaceExplorer:PlasmaHourglass":16,"CeramicFish":59,"Counterbalance":73,"RobotSpaceExplorer:RoboCore":0,"Thread and Needle":51,"Juzu Bracelet":24,"Omamori":97,"Mercury Hourglass":18,"Replay:Wanted Poster":28,"Replay:Baseball":0,"Nunchaku":51,"Centennial Puzzle":56,"Chameleon Ring":16,"HornCleat":91,"DollysMirror":83,"Ornamental Fan":91,"RobotSpaceExplorer:ToughPlating":79,"Bag of Marbles":45,"Coffee Dripper":70,"Chemical X":56}],"Mercury Hourglass":[372]},"card_choices":[{"not_picked":["RobotSpaceExplorer:Smokescreen","RobotSpaceExplorer:Ammunition"],"picked":"RobotSpaceExplorer:FrostMissile","floor":1},{"not_picked":["RobotSpaceExplorer:FrostMissile","RobotSpaceExplorer:ScrapShield"],"picked":"RobotSpaceExplorer:Discharger","floor":2},{"not_picked":["RobotSpaceExplorer:SurgingShield","RobotSpaceExplorer:Discharger","RobotSpaceExplorer:GlueShot"],"picked":"SKIP","floor":3},{"not_picked":["RobotSpaceExplorer:MiniBoosters","RobotSpaceExplorer:FreezingShield","RobotSpaceExplorer:SurgingShield"],"picked":"SKIP","floor":5},{"not_picked":["RobotSpaceExplorer:MetalStrike","RobotSpaceExplorer:PowerGlove"],"picked":"RobotSpaceExplorer:ShovelStrike","floor":7},{"not_picked":["RobotSpaceExplorer:SurgingShield","RobotSpaceExplorer:FrostMissile","RobotSpaceExplorer:BlastShield"],"picked":"SKIP","floor":11},{"not_picked":["RobotSpaceExplorer:LaserBurst","RobotSpaceExplorer:ShockKick"],"picked":"RobotSpaceExplorer:ShovelStrike","floor":12},{"not_picked":["RobotSpaceExplorer:BigMissile","RobotSpaceExplorer:SlimeMissile"],"picked":"RobotSpaceExplorer:StunGrenade","floor":13},{"not_picked":["RobotSpaceExplorer:DroneSwarm","RobotSpaceExplorer:Accelerator"],"picked":"RobotSpaceExplorer:TrailblazerForm","floor":16},{"not_picked":["RobotSpaceExplorer:Discharger+1","RobotSpaceExplorer:SwiftStep+1"],"picked":"RobotSpaceExplorer:FreezingShield+1","floor":18},{"not_picked":["RobotSpaceExplorer:Probe+1","RobotSpaceExplorer:MetalStrike"],"picked":"RobotSpaceExplorer:MiniDrones","floor":20},{"not_picked":["RobotSpaceExplorer:GlueSpray+1","RobotSpaceExplorer:StunGrenade+1"],"picked":"RobotSpaceExplorer:ShockMissile","floor":21},{"not_picked":["RobotSpaceExplorer:Counterblock","RobotSpaceExplorer:FranticSearch"],"picked":"RobotSpaceExplorer:StunGrenade+1","floor":23},{"not_picked":["RobotSpaceExplorer:ShockKick","RobotSpaceExplorer:Scanner","RobotSpaceExplorer:SurgingShield"],"picked":"SKIP","floor":25},{"not_picked":["RobotSpaceExplorer:StunGrenade","RobotSpaceExplorer:Multitool"],"picked":"RobotSpaceExplorer:Electropulse","floor":27},{"not_picked":["RobotSpaceExplorer:MiniBoosters+1","RobotSpaceExplorer:ShovelStrike"],"picked":"RobotSpaceExplorer:StarLightning","floor":30},{"not_picked":["RobotSpaceExplorer:SurgingStrike+1","RobotSpaceExplorer:StunGrenade"],"picked":"RobotSpaceExplorer:Jetpack+1","floor":31},{"not_picked":["RobotSpaceExplorer:Comet","RobotSpaceExplorer:Arsenal"],"picked":"RobotSpaceExplorer:Multitool","floor":33},{"not_picked":["RobotSpaceExplorer:SlimeMissile","RobotSpaceExplorer:StunGrenade+1","RobotSpaceExplorer:Probe+1"],"picked":"SKIP","floor":35},{"not_picked":["RobotSpaceExplorer:Pulsar","RobotSpaceExplorer:Ammunition+1"],"picked":"RobotSpaceExplorer:Reload","floor":36},{"not_picked":["RobotSpaceExplorer:PlasmaMissile","RobotSpaceExplorer:Pulsar"],"picked":"RobotSpaceExplorer:TrailblazerForm","floor":37},{"not_picked":["RobotSpaceExplorer:BigMissile","RobotSpaceExplorer:ImprovisedAttack"],"picked":"RobotSpaceExplorer:GearShield+1","floor":38},{"not_picked":["RobotSpaceExplorer:Reload","RobotSpaceExplorer:Pulsar"],"picked":"RobotSpaceExplorer:Smokescreen+1","floor":41},{"not_picked":["RobotSpaceExplorer:Wormhole","RobotSpaceExplorer:ShockKick"],"picked":"RobotSpaceExplorer:SurgingShield+1","floor":44},{"not_picked":["RobotSpaceExplorer:ScrapMissile","RobotSpaceExplorer:StunGrenade"],"picked":"RobotSpaceExplorer:LaserBurst+1","floor":45},{"not_picked":["RobotSpaceExplorer:SlimeMissile","RobotSpaceExplorer:StunGrenade+1","RobotSpaceExplorer:Calculate"],"picked":"SKIP","floor":46},{"not_picked":["RobotSpaceExplorer:Ammunition+1","RobotSpaceExplorer:GlueShot","RobotSpaceExplorer:Wormhole"],"picked":"SKIP","floor":48}],"player_experience":830115,"relics_obtained":[{"floor":7,"key":"RobotSpaceExplorer:PlasmaHourglass"},{"floor":9,"key":"Chameleon Ring"},{"floor":11,"key":"Mercury Hourglass"},{"floor":13,"key":"Juzu Bracelet"},{"floor":14,"key":"RobotSpaceExplorer:ClockworkSextant"},{"floor":23,"key":"Bag of Marbles"},{"floor":25,"key":"Nunchaku"},{"floor":26,"key":"Thread and Needle"},{"floor":27,"key":"Centennial Puzzle"},{"floor":30,"key":"CeramicFish"},{"floor":36,"key":"Counterbalance"},{"floor":37,"key":"RobotSpaceExplorer:ToughPlating"},{"floor":41,"key":"HornCleat"},{"floor":43,"key":"Ornamental Fan"},{"floor":44,"key":"Omamori"}],"event_choices":[{"damage_healed":0,"gold_gain":0,"cards_transformed":["RobotSpaceExplorer:Strike","RobotSpaceExplorer:Strike"],"player_choice":"Became Test Subject","damage_taken":0,"max_hp_gain":0,"max_hp_loss":0,"event_name":"Drug Dealer","floor":19,"gold_loss":0,"cards_obtained":["RobotSpaceExplorer:DroneSwarm","RobotSpaceExplorer:GlueShot"]},{"damage_healed":0,"gold_gain":0,"player_choice":"Upgraded","damage_taken":0,"max_hp_gain":0,"max_hp_loss":0,"event_name":"Upgrade Shrine","floor":24,"gold_loss":0,"cards_upgraded":["RobotSpaceExplorer:MiniDrones"]},{"damage_healed":0,"gold_gain":0,"player_choice":"Fight","damage_taken":0,"max_hp_gain":0,"max_hp_loss":0,"event_name":"MindBloom","floor":37,"gold_loss":0}],"is_beta":false,"boss_relics":[{"not_picked":["RobotSpaceExplorer:TurboCore","Busted Crown"],"picked":"Replay:Wanted Poster"},{"not_picked":["RobotSpaceExplorer:SearchSpecs","Replay:Grab Bag"],"picked":"Coffee Dripper"}],"items_purged_floors":[4],"is_endless":false,"potions_floor_spawned":[2,5,11,16,20,23,25,27,30,35,37,41],"ascension_level":4}}