{"host":"5qewjvycy34u7aeo","time":1610652249,"event":{"mods":["Act Like it!","Aspiration","BaseMod","Conspire","Downfall","GifTheSpireLib","Hubris","Infinite Spire","Minty Spire (QoL Compilation)","Permanent Neow","Replay The Spire","Shop Mod","StSLib","Stuff the Spire"],"gold_per_floor":[349,363,381,396,408,408,435,465,740,740,751,133,133,18,35,35,35,35],"floor_reached":16,"language":"ENG","playtime":1111,"items_purged":["Regret","hexamod:Strike"],"score":92,"play_id":"b209e74a-4406-4dd2-87c9-d0340cce41ab","local_time":"20210114132409","is_ascension_mode":false,"campfire_choices":[{"floor":1,"key":"DIG"},{"floor":10,"key":"RECALL"}],"circlet_count":0,"master_deck":["hexamod:Strike","hexamod:Strike","hexamod:Defend","hexamod:Defend","hexamod:Defend","hexamod:Defend","hexamod:Sear","hexamod:Float","hexamod:PowerFromBeyond","hexamod:Again","hexamod:ThermalTransfer","hexamod:SoulSteal","hexamod:PhantomCloak","hexamod:SixthSeal"],"relics":["hexamod:SpiritBrand","StuffTheSpire:CocoNut","downfall:BrokenWingStatue","ReplayFunnel","conspire:TopHat","Toolbox","Replay:Towering Pillar of Hats"],"acts_visited":[],"potions_floor_usage":[5,16],"damage_taken":[{"damage":0,"enemies":"2 Louse","floor":2,"turns":2},{"damage":0,"enemies":"Jaw Worm","floor":3,"turns":3},{"damage":0,"enemies":"conspire:RoseBush","floor":4,"turns":3},{"damage":0,"enemies":"Gremlin Gang","floor":5,"turns":4},{"damage":1,"enemies":"conspire:MimicChest","floor":8,"turns":6},{"damage":8,"enemies":"Large Slime","floor":11,"turns":4},{"damage":2,"enemies":"downfall:FleeingMerchant","floor":12,"turns":4},{"damage":0,"enemies":"downfall:FleeingMerchant","floor":14,"turns":4},{"damage":0,"enemies":"2 Fungi Beasts","floor":15,"turns":3},{"damage":61,"enemies":"downfall:Defect","floor":16,"turns":11}],"seed_played":"-5634818038895988767","potions_obtained":[{"floor":2,"key":"ColorlessPotion"},{"floor":5,"key":"infinitespire:BlackPotion"},{"floor":15,"key":"Energy Potion"}],"is_trial":false,"path_per_floor":["R","M","M","M","M","?","T","?","?","R","M","$","?","$","M","B"],"character_chosen":"THE_SPIRIT","items_purchased":["Toolbox","hexamod:PhantomCloak","Replay:Towering Pillar of Hats"],"campfire_rested":0,"item_purchase_floors":[12,12,12],"current_hp_per_floor":[70,70,70,70,70,70,70,69,69,69,61,59,59,59,59,0,0,0],"gold":35,"neow_bonus":"TWO_FIFTY_GOLD","is_daily":false,"chose_seed":false,"campfire_upgraded":0,"win_rate":0.0,"timestamp":1610652249,"path_taken":["R","M","M","M","M","?","T","?","?","R","?","$","?","$","M","BOSS"],"items_purchased_type":["Relic","Card","Relic"],"build_version":"2020-12-22","purchased_purges":2,"victory":false,"max_hp_per_floor":[70,70,70,70,70,70,70,70,70,70,70,70,70,70,70,70,70,70],"card_choices":[{"not_picked":["hexamod:Firestarter","hexamod:SuperheatedStrike","hexamod:HeatCrush"],"picked":"SKIP","floor":2},{"not_picked":["hexamod:GhostShield","hexamod:NightmareStrike"],"picked":"hexamod:PowerFromBeyond","floor":3},{"not_picked":["hexamod:CatchUp","hexamod:GhostShield"],"picked":"hexamod:Again","floor":4},{"not_picked":["hexamod:SpectersWail","hexamod:AdvancingGuard"],"picked":"hexamod:ThermalTransfer","floor":5},{"not_picked":["hexamod:ThermalTransfer","hexamod:RainOfEmbers"],"picked":"hexamod:SoulSteal","floor":11},{"not_picked":["hexamod:GhostOfSpirePresent","hexamod:ThermalTransfer","hexamod:FastForward"],"picked":"SKIP","floor":12},{"not_picked":["hexamod:FourthSeal","hexamod:GhostOfSpirePresent","hexamod:ShieldOfDarkness"],"picked":"SKIP","floor":14},{"not_picked":["hexamod:ShieldOfDarkness","hexamod:Hexaguard"],"picked":"hexamod:SixthSeal","floor":15}],"player_experience":414383,"relics_obtained":[{"floor":1,"key":"StuffTheSpire:CocoNut"},{"floor":7,"key":"ReplayFunnel"},{"floor":8,"key":"conspire:TopHat"}],"event_choices":[],"is_beta":false,"boss_relics":[],"items_purged_floors":[12,14],"is_endless":false,"potions_floor_spawned":[2,5,15],"killed_by":"downfall:Defect","ascension_level":0}}