{"host":"nqsrckqog5ia9mbo","time":1610654823,"event":{"mods":["AchievementEnabler","BaseMod","Colored Map","Minty Spire (QoL Compilation)","StSLib"],"gold_per_floor":[112,112,126,126,149,149,165,165,190,228,248,273,291,35,35,160,160,181,24,39,39,52,72,72,105,156,156,169,188,188,213,213,334,334,352,365,381,381,381,381,444,444,444,460,498,208,232,265,265,265],"floor_reached":51,"language":"ENG","playtime":4069,"items_purged":["Strike_R"],"score":706,"play_id":"a2d6cb82-be6a-46b8-b164-70d4456ab054","local_time":"20210114210703","is_ascension_mode":false,"campfire_choices":[{"data":"Pommel Strike","floor":6.0,"key":"SMITH"},{"data":"Flex","floor":8.0,"key":"SMITH"},{"data":"Body Slam","floor":15.0,"key":"SMITH"},{"floor":24,"key":"REST"},{"data":"Shockwave","floor":27,"key":"SMITH"},{"data":"Double Tap","floor":30,"key":"SMITH"},{"data":"Shrug It Off","floor":32,"key":"SMITH"},{"data":"Demon Form","floor":40,"key":"SMITH"},{"data":"Shrug It Off","floor":42,"key":"SMITH"},{"floor":49,"key":"REST"}],"circlet_count":0,"master_deck":["Strike_R","Strike_R","Strike_R","Strike_R","Defend_R+1","Defend_R","Defend_R","Defend_R+1","Bash","Pommel Strike+1","Flex+1","Ghostly Armor+1","Shrug It Off+1","Body Slam+1","Double Tap+1","Shrug It Off+1","Shockwave+1","Demon Form+1","Dramatic Entrance+1","Shrug It Off+1","Heavy Blade+1"],"relics":["Black Blood","Golden Idol","Anchor","Bag of Preparation","Happy Flower","Molten Egg 2","Lantern","War Paint","Bag of Marbles","Velvet Choker","Incense Burner","Bottled Lightning","Red Skull","Vajra","Oddly Smooth Stone"],"acts_visited":["Exordium","TheCity","TheBeyond"],"potions_floor_usage":[16,16,18,25,31,33,33,47,48,50,50],"damage_taken":[{"damage":0.0,"enemies":"2 Louse","floor":1.0,"turns":4.0},{"damage":1.0,"enemies":"Jaw Worm","floor":3.0,"turns":4.0},{"damage":0.0,"enemies":"Cultist","floor":7.0,"turns":3.0},{"damage":37.0,"enemies":"Lagavulin","floor":10.0,"turns":6.0},{"damage":0.0,"enemies":"Red Slaver","floor":11.0,"turns":3.0},{"damage":0.0,"enemies":"Looter","floor":12.0,"turns":3.0},{"damage":3.0,"enemies":"Gremlin Gang","floor":13.0,"turns":6.0},{"damage":7,"enemies":"Slime Boss","floor":16,"turns":9},{"damage":11,"enemies":"3 Byrds","floor":18,"turns":7},{"damage":17,"enemies":"Spheric Guardian","floor":20,"turns":5},{"damage":41,"enemies":"Cultist and Chosen","floor":22,"turns":8},{"damage":11,"enemies":"Centurion and Healer","floor":23,"turns":6},{"damage":4,"enemies":"Slavers","floor":25,"turns":6},{"damage":0,"enemies":"Shelled Parasite and Fungi","floor":28,"turns":3},{"damage":9,"enemies":"3 Cultists","floor":29,"turns":5},{"damage":22,"enemies":"Cultist and Chosen","floor":31,"turns":7},{"damage":65,"enemies":"Automaton","floor":33,"turns":15},{"damage":0,"enemies":"3 Shapes","floor":35,"turns":2},{"damage":31,"enemies":"3 Darklings","floor":36,"turns":11},{"damage":0,"enemies":"4 Shapes","floor":37,"turns":6},{"damage":0,"enemies":"Mind Bloom Boss Battle","floor":41,"turns":6},{"damage":22,"enemies":"Spire Growth","floor":44,"turns":4},{"damage":1,"enemies":"Reptomancer","floor":45,"turns":5},{"damage":15,"enemies":"Maw","floor":47,"turns":6},{"damage":57,"enemies":"Nemesis","floor":48,"turns":9},{"damage":36,"enemies":"Donu and Deca","floor":50,"turns":8}],"seed_played":"4253246276314011424","potions_obtained":[{"floor":7.0,"key":"Block Potion"},{"floor":10.0,"key":"BlessingOfTheForge"},{"floor":11.0,"key":"LiquidMemories"},{"floor":20,"key":"Dexterity Potion"},{"floor":23,"key":"Fire Potion"},{"floor":28,"key":"Explosive Potion"},{"floor":31,"key":"SteroidPotion"},{"floor":37,"key":"ElixirPotion"},{"floor":45,"key":"AttackPotion"},{"floor":47,"key":"Regen Potion"}],"is_trial":false,"path_per_floor":["M","?","M","?","T","R","M","R","T","E","M","M","M","$","R","B",null,"M","$","M","?","M","M","R","E","T","R","M","M","R","M","R","B",null,"M","M","M","?","?","R","?","R","T","M","E","$","M","E","R","B",null],"character_chosen":"IRONCLAD","items_purchased":["Molten Egg 2","Lantern","Vajra","DuplicationPotion"],"campfire_rested":2,"item_purchase_floors":[14,19,46,46],"current_hp_per_floor":[80,60,65,65,65,65,71,71,71,40,46,52,55,55,55,54,80,80,80,75,75,46,47,71,79,79,79,80,80,80,70,70,17,80,80,61,73,73,73,73,80,80,80,70,80,80,77,32,56,47],"gold":265,"neow_bonus":"THREE_CARDS","is_daily":false,"chose_seed":false,"campfire_upgraded":8,"win_rate":0.0,"timestamp":1610654823,"path_taken":["M","?","M","?","?","R","?","R","T","E","M","M","M","?","R","BOSS","M","$","M","?","M","M","R","E","T","R","M","M","R","M","R","BOSS","M","M","?","?","?","R","?","R","T","M","E","$","M","E","R","BOSS"],"items_purchased_type":["Relic","Relic","Relic","Potion"],"build_version":"2020-12-22","purchased_purges":1,"victory":true,"max_hp_per_floor":[80,80,80,80,80,80,80,80,80,80,80,80,80,80,80,80,80,80,80,80,80,80,80,80,80,80,80,80,80,80,80,80,80,80,80,80,80,80,80,80,80,80,80,80,80,80,80,80,80,80],"card_choices":[{"not_picked":["Clash","Perfected Strike"],"picked":"Pommel Strike","floor":0.0},{"not_picked":["Body Slam","Dual Wield"],"picked":"Flex","floor":1.0},{"not_picked":["Hemokinesis","Blood for Blood"],"picked":"Ghostly Armor","floor":3.0},{"not_picked":["Dropkick","Headbutt","Reckless Charge"],"picked":"SKIP","floor":7.0},{"not_picked":["Cleave","Pummel"],"picked":"Shrug It Off","floor":10.0},{"not_picked":["Flex","Dark Embrace","Dropkick"],"picked":"SKIP","floor":11.0},{"not_picked":["Bloodletting","Headbutt","Searing Blow"],"picked":"SKIP","floor":12.0},{"not_picked":["Warcry","Shockwave"],"picked":"Body Slam","floor":13.0},{"not_picked":["Corruption","Exhume"],"picked":"Double Tap","floor":16},{"not_picked":["Sentinel+1","Warcry","Clash+1"],"picked":"SKIP","floor":18},{"not_picked":["Dual Wield","Spot Weakness","Sentinel"],"picked":"SKIP","floor":20},{"not_picked":["Metallicize","Sever Soul+1"],"picked":"Shrug It Off","floor":22},{"not_picked":["Headbutt+1","Flex","Dual Wield+1"],"picked":"SKIP","floor":23},{"not_picked":["Inflame","Iron Wave+1"],"picked":"Shockwave","floor":25},{"not_picked":["Flex","Anger+1","Inflame+1"],"picked":"SKIP","floor":28},{"not_picked":["Warcry","Shrug It Off"],"picked":"Thunderclap+1","floor":29},{"not_picked":["Thunderclap+1","Body Slam+1","Clothesline+1"],"picked":"SKIP","floor":31},{"not_picked":["Impervious","Corruption"],"picked":"Demon Form","floor":33},{"not_picked":["Armaments","Evolve","Hemokinesis+1"],"picked":"SKIP","floor":35},{"not_picked":["Anger+1","Uppercut+1","Inflame+1"],"picked":"SKIP","floor":36},{"not_picked":["Iron Wave+1","Sword Boomerang+1","Blood for Blood+1"],"picked":"SKIP","floor":37},{"not_picked":["Flash of Steel+1","Purity"],"picked":"Dramatic Entrance+1","floor":38},{"not_picked":["Clash+1","Rage"],"picked":"Shrug It Off+1","floor":41},{"not_picked":["Havoc+1","Warcry+1"],"picked":"Heavy Blade+1","floor":44},{"not_picked":["Clothesline+1","Disarm","Pummel+1"],"picked":"SKIP","floor":45},{"not_picked":["Headbutt+1","Flex+1","Perfected Strike+1"],"picked":"SKIP","floor":47},{"not_picked":["Demon Form","Intimidate","Second Wind+1"],"picked":"SKIP","floor":48}],"player_experience":174606,"relics_obtained":[{"floor":5.0,"key":"Anchor"},{"floor":9.0,"key":"Bag of Preparation"},{"floor":10.0,"key":"Happy Flower"},{"floor":25,"key":"War Paint"},{"floor":26,"key":"Bag of Marbles"},{"floor":41,"key":"Incense Burner"},{"floor":43,"key":"Bottled Lightning"},{"floor":45,"key":"Red Skull"},{"floor":48,"key":"Oddly Smooth Stone"}],"event_choices":[{"damage_healed":0.0,"max_hp_gain":0.0,"max_hp_loss":0.0,"gold_gain":0.0,"event_name":"Golden Idol","player_choice":"Take Damage","floor":2.0,"gold_loss":0.0,"damage_taken":20.0,"relics_obtained":["Golden Idol"]},{"damage_healed":0.0,"max_hp_gain":0.0,"max_hp_loss":0.0,"gold_gain":0.0,"event_name":"Living Wall","player_choice":"Grow","floor":4.0,"gold_loss":0.0,"damage_taken":0.0,"cards_upgraded":["Ghostly Armor"]},{"damage_healed":0,"gold_gain":0,"player_choice":"Ignored","damage_taken":0,"max_hp_gain":0,"max_hp_loss":0,"event_name":"N\u0027loth","floor":21,"gold_loss":0},{"damage_healed":0,"gold_gain":0,"player_choice":"Memory 1","damage_taken":0,"max_hp_gain":0,"max_hp_loss":0,"event_name":"SensoryStone","floor":38,"gold_loss":0},{"cards_removed":["Thunderclap"],"damage_healed":0,"gold_gain":0,"player_choice":"Removed Attack","damage_taken":0,"max_hp_gain":0,"max_hp_loss":0,"event_name":"Falling","floor":39,"gold_loss":0},{"damage_healed":0,"gold_gain":0,"player_choice":"Fight","damage_taken":0,"max_hp_gain":0,"max_hp_loss":0,"event_name":"MindBloom","floor":41,"gold_loss":0}],"is_beta":false,"boss_relics":[{"not_picked":["Snecko Eye","SacredBark"],"picked":"Black Blood"},{"not_picked":["Runic Dome","Empty Cage"],"picked":"Velvet Choker"}],"items_purged_floors":[46],"is_endless":false,"potions_floor_spawned":[7,10,11,13,20,23,28,31,37,45,47],"ascension_level":0}}