{"host":"5padt50u07xd1iby","time":1610618640,"event":{"mods":["AchievementEnabler","Aspiration","BaseMod","Colored Map","Colored Powertips","Conspire","Dark Map","Downfall","Hubris","Minty Spire (QoL Compilation)","Replay The Spire","Retaliation","Shop Mod","StSLib","SuperFastMode","The Blue Laboratory","everything is the same but u backflip on backflip"],"gold_per_floor":[111,136,149,164,178,189,209,226,249,277,277,277,288,313,313,416,416,427,438,448,100,100,100,129,129,129,129,50,50,64,91,91,91,91],"floor_reached":33,"language":"ENG","playtime":3200,"items_purged":[],"score":289,"play_id":"f1168e14-8140-4c64-8e50-befc032a32ce","local_time":"20210114110400","is_ascension_mode":false,"campfire_choices":[{"floor":11,"key":"REST"},{"floor":15,"key":"REST"},{"floor":23,"key":"REST"},{"floor":25,"key":"REST"},{"data":"Buffer","floor":32,"key":"SMITH"}],"circlet_count":0,"master_deck":["Defend_B+1","Defend_B","Defend_B","Defend_B","Zap","Dualcast","expansioncontent:DashGenerateEvil","ReplaySolidLightProjector","Hologram","FIFO Queue","Ball Lightning+1","Go for the Eyes","Steam","Static Discharge","Amplify","Aggregate","Glacier","Aggregate","White Noise","Buffer+1","Conserve Battery","Loop","Rebound","Thinking Ahead","Slimebound:Tackle+1","Slimebound:Tackle+1","Slimebound:Tackle+1","Lockon+1","Biased Cognition","Go for the Eyes+1","Crystallizer","Fusion","Dagger Throw+1","DDmod:EasePowerCard+1"],"relics":["Cracked Core","Pet Ghost","Dream Catcher","Odd Mushroom","hubris:Towel","Juzu Bracelet","Painkiller Herb","Gremlin Food","Gambling Chip","Ice Cream","hubris:Icosahedron","PrismaticShard","Oddly Smooth Stone"],"acts_visited":["Exordium","TheCity"],"potions_floor_usage":[16,16,16,20,20],"damage_taken":[{"damage":0,"enemies":"Cultist","floor":1,"turns":2},{"damage":0,"enemies":"2 Louse","floor":3,"turns":2},{"damage":7,"enemies":"Jaw Worm","floor":4,"turns":4},{"damage":9,"enemies":"Large Slime","floor":5,"turns":6},{"damage":18,"enemies":"3 Louse","floor":6,"turns":3},{"damage":11,"enemies":"2 Fungi Beasts","floor":7,"turns":3},{"damage":0,"enemies":"Exordium Thugs","floor":8,"turns":3},{"damage":17,"enemies":"The Mushroom Lair","floor":10,"turns":4},{"damage":0,"enemies":"Exordium Wildlife","floor":13,"turns":3},{"damage":19,"enemies":"Lagavulin","floor":14,"turns":8},{"damage":25,"enemies":"The Guardian","floor":16,"turns":11},{"damage":7,"enemies":"Shell Parasite","floor":18,"turns":8},{"damage":19,"enemies":"Chosen","floor":19,"turns":8},{"damage":15,"enemies":"Centurion and Healer","floor":20,"turns":11},{"damage":44,"enemies":"Gremlin Leader","floor":24,"turns":7},{"damage":5,"enemies":"conspire:HollyBat","floor":30,"turns":10},{"damage":14,"enemies":"Book of Stabbing","floor":31,"turns":6},{"damage":5,"enemies":"Champ","floor":33,"turns":1}],"seed_played":"-4423976255482863135","potions_obtained":[{"floor":3,"key":"SkillPotion"},{"floor":5,"key":"SkillPotion"},{"floor":7,"key":"Fruit Juice"},{"floor":16,"key":"hexamod:EctoCoolerPotion"},{"floor":18,"key":"Swift Potion"},{"floor":20,"key":"Dexterity Potion"},{"floor":31,"key":"blueLaboratory:BottleOfVodka"}],"is_trial":false,"path_per_floor":["M","T","M","M","M","M","M","M","T","?","R","?","M","E","R_BF","B",null,"?","?","?","T","?","T","E","T","T","?","T","?","?","E","T","B"],"character_chosen":"DEFECT","items_purchased":["Gremlin Food","Thinking Ahead","Crystallizer"],"campfire_rested":4,"item_purchase_floors":[21,21,28],"current_hp_per_floor":[68,68,68,61,52,34,23,23,23,6,26,26,26,7,27,7,73,66,47,32,32,32,53,9,30,30,30,30,22,17,3,3,0,0],"gold":91,"neow_bonus":"RANDOM_COLORLESS_2","is_daily":false,"chose_seed":false,"campfire_upgraded":1,"win_rate":0.0,"timestamp":1610618640,"path_taken":["M","?","?","M","M","M","M","M","T","?","R","?","M","E","R_BF","BOSS","?","?","?","T","?","T","E","T","T","?","T","?","?","E","T","BOSS"],"items_purchased_type":["Relic","Card","Card"],"build_version":"2020-12-22","purchased_purges":0,"victory":false,"max_hp_per_floor":[68,68,68,68,68,68,68,68,68,68,68,68,68,68,68,73,73,73,73,73,73,73,73,73,73,73,73,73,73,73,73,73,73,73],"card_choices":[{"not_picked":["Mayhem","expansioncontent:QuickStudy"],"picked":"expansioncontent:DashGenerateEvil","floor":0},{"not_picked":["Gash","Redo"],"picked":"ReplaySolidLightProjector","floor":1},{"not_picked":["ReplayTheSpireMod:Repulse","Gash"],"picked":"Hologram","floor":3},{"not_picked":["Stack","Go for the Eyes"],"picked":"FIFO Queue","floor":4},{"not_picked":["BasicCrystalCard","hubris:PowerSurge"],"picked":"Ball Lightning","floor":5},{"not_picked":["Panic Button","BasicCrystalCard"],"picked":"Go for the Eyes","floor":6},{"not_picked":["Beam Cell","Tempest"],"picked":"Steam","floor":7},{"not_picked":["Sweeping Beam","Go for the Eyes"],"picked":"Static Discharge","floor":8},{"not_picked":["BasicCrystalCard","Consume"],"picked":"Amplify","floor":10},{"not_picked":["Reinforced Body","Go for the Eyes"],"picked":"Aggregate","floor":11},{"not_picked":["Barrage","Hologram"],"picked":"Glacier","floor":13},{"not_picked":["Glacier","Steam Power"],"picked":"Aggregate","floor":14},{"not_picked":["Cold Snap","Leap"],"picked":"White Noise","floor":15},{"not_picked":["hubris:DoWhile","Multi-Cast"],"picked":"Buffer","floor":16},{"not_picked":["FIFO Queue","Hologram"],"picked":"Conserve Battery","floor":18},{"not_picked":["conspire:SharedLibrary","Go for the Eyes"],"picked":"Loop","floor":19},{"not_picked":["Undo","Steam"],"picked":"Rebound","floor":20},{"not_picked":["Redo","Barrage"],"picked":"Lockon+1","floor":23},{"not_picked":["Blizzard","Chill"],"picked":"Biased Cognition","floor":24},{"not_picked":["Cold Snap","Redo"],"picked":"Go for the Eyes+1","floor":25},{"not_picked":["Go for the Eyes","Steam"],"picked":"Fusion","floor":29},{"not_picked":["Guardian:VentSteam","Slimebound:ViciousTackle+1"],"picked":"Dagger Throw+1","floor":30},{"not_picked":["champ:FalseCounter","Slimebound:Nibble"],"picked":"DDmod:EasePowerCard+1","floor":31}],"player_experience":95324,"relics_obtained":[{"floor":2,"key":"Pet Ghost"},{"floor":9,"key":"Dream Catcher"},{"floor":10,"key":"Odd Mushroom"},{"floor":14,"key":"Juzu Bracelet"},{"floor":24,"key":"Gambling Chip"},{"floor":26,"key":"Ice Cream"},{"floor":29,"key":"PrismaticShard"},{"floor":31,"key":"Oddly Smooth Stone"}],"event_choices":[{"damage_healed":0,"gold_gain":0,"player_choice":"Fought Mushrooms","damage_taken":0,"max_hp_gain":0,"max_hp_loss":0,"event_name":"Mushrooms","floor":10,"gold_loss":0}],"is_beta":false,"boss_relics":[{"not_picked":["Replay:Drink Me","ReplayTheSpireMod:DimensionalGlitch"],"picked":"Painkiller Herb"}],"items_purged_floors":[],"is_endless":false,"potions_floor_spawned":[3,5,7,16,18,20,31],"killed_by":"Champ","ascension_level":0}}