{"host":"anox4050deqdcqoh","time":1610592531,"event":{"mods":["BaseMod","Colored Map","Highlight Path","Minty Spire (QoL Compilation)","Quick Restart","Rare Cards Sparkle","everything is the same but u backflip on backflip"],"gold_per_floor":[118,138,1,12,23,23,55,74,74,74,109,109,109,122,122,227,227,244,263,277,296,309,638,110,122,122,122,139,139,159,177,177,277,277,287,299,314,62,77,77,77,88,88,138,155,155,155,175,175,175,175,175,30,56,56,56],"floor_reached":55,"language":"ENG","playtime":4168,"items_purged":["Thunderclap"],"score":812,"play_id":"10dd9031-f081-4575-a69a-03fe7c035135","local_time":"20210113214851","is_ascension_mode":true,"campfire_choices":[{"data":"Barricade","floor":6.0,"key":"SMITH"},{"data":"Iron Wave","floor":10.0,"key":"SMITH"},{"floor":13.0,"key":"REST"},{"data":"Demon Form","floor":15.0,"key":"SMITH"},{"data":"Berserk","floor":27.0,"key":"SMITH"},{"data":"Exhume","floor":29.0,"key":"SMITH"},{"data":"Clothesline","floor":32.0,"key":"SMITH"},{"data":"Metallicize","floor":40.0,"key":"SMITH"},{"floor":47,"key":"RECALL"},{"floor":49,"key":"REST"},{"data":"Apotheosis","floor":52,"key":"SMITH"}],"circlet_count":0,"master_deck":["Strike_R","Strike_R","Strike_R","Defend_R","Defend_R","Defend_R","Bash+1","Metallicize+1","Reaper","Barricade+1","Shockwave+1","Iron Wave+1","Clothesline+1","Demon Form+1","Berserk+1","Barricade+1","Infernal Blade+1","Demon Form+1","Shrug It Off+1","Metallicize","Fire Breathing","Reaper","Heavy Blade+1","Exhume+1","Iron Wave+1","True Grit+1","Limit Break","Iron Wave+1","Shrug It Off","PanicButton","Apotheosis+1","Shrug It Off","Ghostly Armor"],"relics":["Burning Blood","Sundial","Matryoshka","Art of War","Astrolabe","Old Coin","Oddly Smooth Stone","Pen Nib","Bottled Flame","Bottled Lightning","SlaversCollar","Medical Kit","Bronze Scales","Incense Burner","Orichalcum"],"acts_visited":["Exordium","TheCity","TheBeyond","TheEnding"],"potions_floor_usage":[42,48,54,55],"damage_taken":[{"damage":6.0,"enemies":"Cultist","floor":1.0,"turns":3.0},{"damage":7.0,"enemies":"Jaw Worm","floor":2.0,"turns":3.0},{"damage":0.0,"enemies":"Small Slimes","floor":4.0,"turns":3.0},{"damage":13.0,"enemies":"Blue Slaver","floor":5.0,"turns":4.0},{"damage":30.0,"enemies":"Gremlin Nob","floor":7.0,"turns":5.0},{"damage":6.0,"enemies":"Exordium Wildlife","floor":8.0,"turns":5.0},{"damage":26.0,"enemies":"Lagavulin","floor":11.0,"turns":11.0},{"damage":10.0,"enemies":"3 Louse","floor":14.0,"turns":5.0},{"damage":26.0,"enemies":"Slime Boss","floor":16.0,"turns":6.0},{"damage":30.0,"enemies":"3 Byrds","floor":18.0,"turns":7.0},{"damage":5.0,"enemies":"Chosen","floor":19.0,"turns":9.0},{"damage":37.0,"enemies":"Snake Plant","floor":20.0,"turns":6.0},{"damage":33.0,"enemies":"3 Cultists","floor":21.0,"turns":5.0},{"damage":27.0,"enemies":"Shelled Parasite and Fungi","floor":22.0,"turns":8.0},{"damage":65.0,"enemies":"Book of Stabbing","floor":23.0,"turns":7.0},{"damage":17.0,"enemies":"Snake Plant","floor":25.0,"turns":7.0},{"damage":23.0,"enemies":"Centurion and Healer","floor":28.0,"turns":10.0},{"damage":9.0,"enemies":"Snecko","floor":30.0,"turns":4.0},{"damage":15.0,"enemies":"Snake Plant","floor":31.0,"turns":4.0},{"damage":6.0,"enemies":"Champ","floor":33.0,"turns":10.0},{"damage":30.0,"enemies":"Orb Walker","floor":35.0,"turns":6.0},{"damage":2.0,"enemies":"3 Shapes","floor":36.0,"turns":8.0},{"damage":104.0,"enemies":"Transient","floor":37.0,"turns":5.0},{"damage":44.0,"enemies":"Spire Growth","floor":39.0,"turns":7.0},{"damage":75,"enemies":"4 Shapes","floor":42,"turns":14},{"damage":12,"enemies":"Mind Bloom Boss Battle","floor":44,"turns":12},{"damage":16,"enemies":"Writhing Mass","floor":45,"turns":10},{"damage":31,"enemies":"Transient","floor":48,"turns":5},{"damage":126,"enemies":"Awakened One","floor":50,"turns":13},{"damage":50,"enemies":"Shield and Spear","floor":54,"turns":9},{"damage":78,"enemies":"The Heart","floor":55,"turns":8}],"seed_played":"9171232126661199615","potions_obtained":[{"floor":2.0,"key":"Ancient Potion"},{"floor":4.0,"key":"Strength Potion"},{"floor":5.0,"key":"SpeedPotion"},{"floor":14.0,"key":"DuplicationPotion"},{"floor":16.0,"key":"BlessingOfTheForge"},{"floor":33.0,"key":"AttackPotion"},{"floor":37.0,"key":"Strength Potion"},{"floor":42,"key":"DistilledChaos"},{"floor":54,"key":"SpeedPotion"}],"is_trial":false,"path_per_floor":["M","M","$","M","M","R","E","M","T","R","E","?","R","M","R","B",null,"M","M","M","M","M","E","$","M","T","R","M","R","M","M","R","B",null,"M","M","M","$","M","R","?","M","T","?","M","?","R","M","R","B",null,"R","$","E","B"],"character_chosen":"IRONCLAD","items_purchased":["Reaper","Fire Breathing","Oddly Smooth Stone","Pen Nib","Reaper","Medical Kit","FairyPotion","FairyPotion","FearPotion"],"campfire_rested":2,"item_purchase_floors":[3,24,24,24,24,38,38,53,53],"current_hp_per_floor":[80,79,79,80,73,73,49,53,53,53,33,33,57,61,61,69,80,74,75,72,79,73,32,32,42,42,42,80,80,80,71,71,71,80,62,78,45,45,42,42,42,51,51,80,80,75,75,50,74,63,80,80,80,36,0,0],"gold":56,"neow_bonus":"UPGRADE_CARD","is_daily":false,"chose_seed":false,"campfire_upgraded":8,"win_rate":0.0,"timestamp":1610592531,"path_taken":["M","?","$","M","M","R","E","M","T","R","E","?","R","M","R","BOSS","M","M","M","M","M","E","$","M","T","R","M","R","M","M","R","BOSS","M","M","M","$","M","R","?","M","T","?","M","?","R","M","R","BOSS","R","$","E","BOSS"],"items_purchased_type":["Card","Card","Relic","Relic","Card","Relic","Potion","Potion","Potion"],"build_version":"2020-12-22","purchased_purges":1,"victory":false,"max_hp_per_floor":[80,80,80,80,80,80,80,80,80,80,80,80,80,80,80,80,80,80,80,80,80,80,80,80,80,80,80,80,80,80,80,80,80,80,80,80,80,80,80,80,80,80,80,80,80,80,80,80,80,80,80,80,80,80,80,80],"card_choices":[{"not_picked":["True Grit","Havoc"],"picked":"Thunderclap","floor":1.0},{"not_picked":["Blood for Blood","Clothesline"],"picked":"Metallicize","floor":2.0},{"not_picked":["Headbutt","Iron Wave"],"picked":"Barricade","floor":4.0},{"not_picked":["Armaments","Flex"],"picked":"Shockwave","floor":5.0},{"not_picked":["Clothesline","Dual Wield","Pommel Strike"],"picked":"SKIP","floor":7.0},{"not_picked":["Wild Strike","Perfected Strike"],"picked":"Iron Wave","floor":8.0},{"not_picked":["Thunderclap","Sword Boomerang"],"picked":"Clothesline","floor":11.0},{"not_picked":["Wild Strike","Spot Weakness"],"picked":"Demon Form","floor":14.0},{"not_picked":["Bludgeon","Reaper"],"picked":"Berserk","floor":16.0},{"not_picked":["Carnage","Body Slam"],"picked":"Shrug It Off+1","floor":18.0},{"not_picked":["Clothesline","Sever Soul","Inflame"],"picked":"SKIP","floor":19.0},{"not_picked":["Warcry","Perfected Strike","Sentinel"],"picked":"SKIP","floor":20.0},{"not_picked":["Shockwave","Iron Wave+1"],"picked":"Metallicize","floor":21.0},{"not_picked":["Searing Blow+1","Cleave","Inflame+1"],"picked":"SKIP","floor":22.0},{"not_picked":["Flex","Clothesline","Body Slam"],"picked":"SKIP","floor":23.0},{"not_picked":["Seeing Red","Shrug It Off"],"picked":"Heavy Blade+1","floor":25.0},{"not_picked":["Rampage+1","Wild Strike+1"],"picked":"Exhume","floor":28.0},{"not_picked":["Clothesline+1","Flex"],"picked":"Iron Wave+1","floor":30.0},{"not_picked":["Havoc","Headbutt"],"picked":"True Grit+1","floor":31.0},{"not_picked":["Impervious","Barricade"],"picked":"Limit Break","floor":33.0},{"not_picked":["Clash","Havoc+1"],"picked":"Iron Wave+1","floor":35.0},{"not_picked":["Rage","Infernal Blade"],"picked":"Shrug It Off","floor":36.0},{"not_picked":["Shockwave","Rupture+1","Perfected Strike"],"picked":"SKIP","floor":37.0},{"not_picked":["Blood for Blood+1","Anger+1","Clash+1"],"picked":"SKIP","floor":39.0},{"not_picked":["Havoc+1","Berserk","Infernal Blade+1"],"picked":"SKIP","floor":42},{"not_picked":["Anger","Rage","Shrug It Off"],"picked":"SKIP","floor":45},{"not_picked":["Impatience","Sadistic Nature"],"picked":"PanicButton","floor":46},{"not_picked":["Discovery","Chrysalis"],"picked":"Apotheosis","floor":46},{"not_picked":["Searing Blow","Perfected Strike+1"],"picked":"Shrug It Off","floor":48},{"not_picked":["Body Slam+1","Cleave+1"],"picked":"Ghostly Armor","floor":54}],"player_experience":327009,"relics_obtained":[{"floor":7.0,"key":"Sundial"},{"floor":9.0,"key":"Matryoshka"},{"floor":11.0,"key":"Art of War"},{"floor":23.0,"key":"Old Coin"},{"floor":26.0,"key":"Bottled Flame"},{"floor":26.0,"key":"Bottled Lightning"},{"floor":43,"key":"Bronze Scales"},{"floor":44,"key":"Incense Burner"},{"floor":54,"key":"Orichalcum"}],"event_choices":[{"damage_healed":0.0,"max_hp_gain":0.0,"max_hp_loss":0.0,"gold_gain":0.0,"event_name":"Accursed Blacksmith","player_choice":"Forge","floor":12.0,"gold_loss":0.0,"damage_taken":0.0,"cards_upgraded":["Shockwave"]},{"damage_healed":0.0,"max_hp_gain":0.0,"max_hp_loss":0.0,"gold_gain":0.0,"event_name":"Tomb of Lord Red Mask","player_choice":"Ignored","floor":41.0,"gold_loss":0.0,"damage_taken":0.0},{"damage_healed":0,"gold_gain":0,"player_choice":"Fight","damage_taken":0,"max_hp_gain":0,"max_hp_loss":0,"event_name":"MindBloom","floor":44,"gold_loss":0},{"damage_healed":0,"gold_gain":0,"player_choice":"Memory 2","damage_taken":5,"max_hp_gain":0,"max_hp_loss":0,"event_name":"SensoryStone","floor":46,"gold_loss":0}],"is_beta":false,"boss_relics":[{"not_picked":["Pandora\u0027s Box","Snecko Eye"],"picked":"Astrolabe"},{"not_picked":["Cursed Key","Busted Crown"],"picked":"SlaversCollar"}],"items_purged_floors":[24],"is_endless":false,"potions_floor_spawned":[2,4,5,14,16,20,22,23,25,33,37,42,54],"killed_by":"The Heart","ascension_level":3}}