{"host":"s41rn2jhghpwfrvz","time":1610630577,"event":{"mods":["BaseMod","Minty Spire (QoL Compilation)","Quick Restart","Relic Stats","SuperFastMode"],"gold_per_floor":[116,136,149,164,179,204,204,239,287,287,314,314,10,28,28,119,119,144,162,175,175,200,200,62,103,129,163,187,231,255,280,280,370,397,421,444,331,349,1348,1391,1157,1239,1266,1305,1052,1052,1071,1071,1071,1071,1071,1071,1071,86,129,129],"floor_reached":57,"language":"ENG","playtime":2069,"items_purged":["Backstab","Clash+1","Reckless Charge+1","Intimidate+1"],"score":3713,"play_id":"bffa9653-e45a-444f-8b28-4272181a506f","local_time":"20210114152257","daily_mods":["SealedDeck","Vintage","Diverse"],"is_ascension_mode":true,"campfire_choices":[{"data":"Prepared","floor":7,"key":"SMITH"},{"data":"Eviscerate","floor":10,"key":"SMITH"},{"data":"InnerPeace","floor":15,"key":"SMITH"},{"floor":23,"key":"RECALL"},{"data":"Sweeping Beam","floor":32,"key":"SMITH"},{"data":"ForeignInfluence","floor":49,"key":"SMITH"},{"floor":53,"key":"REST"}],"circlet_count":0,"master_deck":["AscendersBane","Eviscerate+1","Prepared+1","ForeignInfluence+1","Sweeping Beam+1","InnerPeace+1","Reflex+1","Backflip+1"],"relics":["Burning Blood","CeramicFish","Strawberry","White Beast Statue","Centennial Puzzle","The Courier","Art of War","InkBottle","Orichalcum","Pear","Golden Idol","Bag of Preparation","Anchor","Shuriken","Runic Cube","Self Forming Clay","Lantern","MealTicket","Dream Catcher","Potion Belt","Boot","Bag of Marbles","Matryoshka","Charon\u0027s Ashes","Tiny Chest","Ancient Tea Set","Omamori","Astrolabe","Akabeko","Gambling Chip","Paper Frog","Blue Candle","Medical Kit","PreservedInsect","Happy Flower","War Paint","MawBank","TheAbacus","Vajra","Mercury Hourglass","Ornamental Fan","Toy Ornithopter","Nunchaku","Red Skull","Blood Vial","Champion Belt","Toolbox","Gremlin Horn"],"acts_visited":["Exordium","TheCity","TheBeyond","TheEnding"],"potions_floor_usage":[6,29,36,56,56,56,56],"damage_taken":[{"damage":0,"enemies":"Small Slimes","floor":1,"turns":2},{"damage":0,"enemies":"Cultist","floor":2,"turns":2},{"damage":5,"enemies":"Jaw Worm","floor":3,"turns":2},{"damage":4,"enemies":"3 Louse","floor":4,"turns":2},{"damage":11,"enemies":"Looter","floor":5,"turns":2},{"damage":20,"enemies":"Lagavulin","floor":6,"turns":5},{"damage":40,"enemies":"3 Sentries","floor":8,"turns":4},{"damage":0,"enemies":"Lagavulin","floor":11,"turns":3},{"damage":0,"enemies":"Blue Slaver","floor":14,"turns":2},{"damage":0,"enemies":"Hexaghost","floor":16,"turns":2},{"damage":6,"enemies":"2 Thieves","floor":18,"turns":2},{"damage":6,"enemies":"Chosen","floor":19,"turns":3},{"damage":0,"enemies":"3 Cultists","floor":20,"turns":3},{"damage":0,"enemies":"Centurion and Healer","floor":22,"turns":2},{"damage":16,"enemies":"Slavers","floor":25,"turns":3},{"damage":0,"enemies":"Book of Stabbing","floor":27,"turns":2},{"damage":8,"enemies":"Snake Plant","floor":28,"turns":2},{"damage":3,"enemies":"Slavers","floor":29,"turns":2},{"damage":0,"enemies":"Chosen and Byrds","floor":30,"turns":2},{"damage":0,"enemies":"Centurion and Healer","floor":31,"turns":2},{"damage":12,"enemies":"Automaton","floor":33,"turns":4},{"damage":18,"enemies":"3 Shapes","floor":35,"turns":1},{"damage":0,"enemies":"3 Darklings","floor":36,"turns":1},{"damage":0,"enemies":"Sphere and 2 Shapes","floor":38,"turns":1},{"damage":0,"enemies":"Reptomancer","floor":40,"turns":1},{"damage":0,"enemies":"Giant Head","floor":44,"turns":1},{"damage":0,"enemies":"Spire Growth","floor":47,"turns":1},{"damage":0,"enemies":"Donu and Deca","floor":50,"turns":1},{"damage":0,"enemies":"Awakened One","floor":51,"turns":2},{"damage":0,"enemies":"Shield and Spear","floor":55,"turns":1},{"damage":2,"enemies":"The Heart","floor":56,"turns":4}],"seed_played":"2204280227402829235","potions_obtained":[{"floor":1,"key":"Energy Potion"},{"floor":2,"key":"ColorlessPotion"},{"floor":4,"key":"Dexterity Potion"},{"floor":6,"key":"Dexterity Potion"},{"floor":25,"key":"BloodPotion"},{"floor":27,"key":"ColorlessPotion"},{"floor":29,"key":"FearPotion"},{"floor":31,"key":"Dexterity Potion"},{"floor":36,"key":"Fruit Juice"},{"floor":38,"key":"AttackPotion"},{"floor":40,"key":"DistilledChaos"},{"floor":47,"key":"PowerPotion"}],"is_trial":true,"path_per_floor":["M","M","M","M","M","E","R","E","T","R","E","?","$","M","R","B",null,"M","M","M","?","M","R","$","E","T","E","M","E","M","M","R","B",null,"M","M","$","M","?","E","$","T","T","E","$","?","M","T","R","B","B",null,"R","$","E","B",null],"character_chosen":"IRONCLAD","items_purchased":["Bag of Preparation","Anchor","Potion Belt","Backflip","Medical Kit","TheAbacus","Vajra","Toy Ornithopter","Nunchaku","Red Skull","Blood Vial","Champion Belt","Toolbox"],"campfire_rested":1,"item_purchase_floors":[13,13,24,37,41,45,45,54,54,54,54,54,54],"current_hp_per_floor":[74,82,82,82,77,63,63,29,29,29,45,13,13,19,19,25,75,75,75,81,81,87,87,92,82,82,88,86,92,92,92,92,86,91,79,90,97,97,97,97,97,97,97,97,97,97,97,97,97,97,97,97,97,97,97,97],"gold":129,"neow_bonus":"","is_daily":false,"chose_seed":false,"campfire_upgraded":5,"win_rate":0.0,"timestamp":1610630577,"path_taken":["M","M","M","M","M","E","R","E","T","R","E","?","$","M","R","BOSS","M","M","M","?","M","R","$","E","T","E","?","E","M","?","R","BOSS","M","M","?","M","?","E","$","?","T","E","$","?","?","?","R","BOSS","BOSS","R","$","E","BOSS"],"items_purchased_type":["Relic","Relic","Relic","Card","Relic","Relic","Relic","Relic","Relic","Relic","Relic","Relic","Relic"],"build_version":"2020-12-22","purchased_purges":4,"victory":true,"max_hp_per_floor":[75,82,82,82,82,82,82,82,82,82,92,92,92,92,92,92,92,92,92,92,92,92,92,92,92,92,92,92,92,92,92,92,92,92,92,97,97,97,97,97,97,97,97,97,97,97,97,97,97,97,97,97,97,97,97,97],"relic_stats":{"Gremlin Horn":[0,0],"CeramicFish":36,"Bag of Preparation":[46],"Boot":[14],"Burning Blood":120,"Blood Vial":0,"Centennial Puzzle":[30],"Dream Catcher":1,"Nunchaku":[2],"TheAbacus":[1056],"Gambling Chip":[7],"MealTicket":12,"Tiny Chest":1,"InkBottle":[34],"Runic Cube":[11],"Happy Flower":[3],"counters":[31,67],"Golden Idol":198,"Self Forming Clay":[30],"Astrolabe":["Clash","Reckless Charge","Reflex"],"Blue Candle":[0],"Charon\u0027s Ashes":[188],"PreservedInsect":207,"Orichalcum":[30],"War Paint":["Intimidate","Backflip"],"Medical Kit":[4],"MawBank":12,"Mercury Hourglass":[36],"Shuriken":[46],"Ornamental Fan":[80],"Art of War":[1],"Champion Belt":[1],"obtain_stats":[{"Lantern":19,"Gremlin Horn":55,"CeramicFish":1,"Vajra":45,"Bag of Preparation":13,"Boot":25,"Ancient Tea Set":30,"Burning Blood":0,"Blood Vial":54,"Centennial Puzzle":4,"Dream Catcher":22,"Nunchaku":54,"Matryoshka":27,"TheAbacus":45,"Strawberry":2,"Gambling Chip":36,"Toolbox":54,"MealTicket":20,"Tiny Chest":29,"InkBottle":8,"Red Skull":54,"Runic Cube":17,"Paper Frog":38,"Potion Belt":24,"Pear":11,"Happy Flower":43,"Golden Idol":12,"Self Forming Clay":18,"Astrolabe":34,"Blue Candle":40,"The Courier":5,"Charon\u0027s Ashes":28,"PreservedInsect":42,"Omamori":31,"Orichalcum":9,"War Paint":43,"Medical Kit":41,"MawBank":44,"White Beast Statue":3,"Akabeko":35,"Mercury Hourglass":47,"Anchor":13,"Shuriken":14,"Ornamental Fan":48,"Art of War":6,"Bag of Marbles":26,"Champion Belt":54,"Toy Ornithopter":54},{"Lantern":12,"Gremlin Horn":30,"CeramicFish":1,"Vajra":26,"Bag of Preparation":8,"Boot":15,"Ancient Tea Set":19,"Burning Blood":0,"Blood Vial":29,"Centennial Puzzle":4,"Dream Catcher":14,"Nunchaku":29,"Matryoshka":16,"TheAbacus":26,"Strawberry":2,"Gambling Chip":23,"Toolbox":29,"MealTicket":13,"Tiny Chest":18,"InkBottle":7,"Red Skull":29,"Runic Cube":10,"Paper Frog":24,"Potion Belt":14,"Pear":8,"Happy Flower":25,"Golden Idol":8,"Self Forming Clay":11,"Astrolabe":21,"Blue Candle":25,"The Courier":5,"Charon\u0027s Ashes":17,"PreservedInsect":25,"Omamori":20,"Orichalcum":7,"War Paint":25,"Medical Kit":25,"MawBank":26,"White Beast Statue":3,"Akabeko":22,"Mercury Hourglass":27,"Anchor":8,"Shuriken":9,"Ornamental Fan":27,"Art of War":6,"Bag of Marbles":15,"Champion Belt":29,"Toy Ornithopter":29},{"Lantern":31,"Gremlin Horn":63,"CeramicFish":2,"Vajra":58,"Bag of Preparation":22,"Boot":39,"Ancient Tea Set":47,"Burning Blood":0,"Blood Vial":62,"Centennial Puzzle":8,"Dream Catcher":36,"Nunchaku":62,"Matryoshka":41,"TheAbacus":58,"Strawberry":4,"Gambling Chip":55,"Toolbox":62,"MealTicket":34,"Tiny Chest":45,"InkBottle":19,"Red Skull":62,"Runic Cube":26,"Paper Frog":56,"Potion Belt":36,"Pear":22,"Happy Flower":57,"Golden Idol":22,"Self Forming Clay":28,"Astrolabe":53,"Blue Candle":57,"The Courier":10,"Charon\u0027s Ashes":43,"PreservedInsect":57,"Omamori":49,"Orichalcum":19,"War Paint":57,"Medical Kit":57,"MawBank":58,"White Beast Statue":6,"Akabeko":54,"Mercury Hourglass":59,"Anchor":22,"Shuriken":24,"Ornamental Fan":59,"Art of War":15,"Bag of Marbles":39,"Champion Belt":62,"Toy Ornithopter":62}],"Toy Ornithopter":0},"card_choices":[{"not_picked":["Shockwave","Conclude","PathToVictory"],"picked":"SKIP","floor":6},{"not_picked":["ThirdEye","SashWhip","Flex"],"picked":"SKIP","floor":8},{"not_picked":["Poisoned Stab","Prostrate","Gash"],"picked":"SKIP","floor":11},{"not_picked":["Poisoned Stab","Prostrate","Gash"],"picked":"SKIP","floor":11},{"not_picked":["Blade Dance","Hologram+1","Echo Form"],"picked":"SKIP","floor":25},{"not_picked":["ClearTheMind","CarveReality","CutThroughFate+1"],"picked":"SKIP","floor":27},{"not_picked":["Heel Hook","FlyingSleeves","Barrage"],"picked":"SKIP","floor":29},{"not_picked":["Dropkick+1","Setup+1","Coolheaded"],"picked":"SKIP","floor":40},{"not_picked":["Blood for Blood","CutThroughFate","SignatureMove"],"picked":"SKIP","floor":44},{"not_picked":["Conserve Battery","Impervious","Iron Wave"],"picked":"SKIP","floor":55}],"player_experience":1731119,"relics_obtained":[{"floor":1,"key":"CeramicFish"},{"floor":2,"key":"Strawberry"},{"floor":3,"key":"White Beast Statue"},{"floor":4,"key":"Centennial Puzzle"},{"floor":5,"key":"The Courier"},{"floor":6,"key":"Art of War"},{"floor":8,"key":"InkBottle"},{"floor":9,"key":"Orichalcum"},{"floor":11,"key":"Pear"},{"floor":14,"key":"Shuriken"},{"floor":18,"key":"Self Forming Clay"},{"floor":19,"key":"Lantern"},{"floor":20,"key":"MealTicket"},{"floor":22,"key":"Dream Catcher"},{"floor":25,"key":"Boot"},{"floor":26,"key":"Bag of Marbles"},{"floor":27,"key":"Matryoshka"},{"floor":28,"key":"Charon\u0027s Ashes"},{"floor":29,"key":"Tiny Chest"},{"floor":30,"key":"Ancient Tea Set"},{"floor":31,"key":"Omamori"},{"floor":35,"key":"Akabeko"},{"floor":36,"key":"Gambling Chip"},{"floor":38,"key":"Paper Frog"},{"floor":40,"key":"Blue Candle"},{"floor":42,"key":"PreservedInsect"},{"floor":43,"key":"Happy Flower"},{"floor":43,"key":"War Paint"},{"floor":44,"key":"MawBank"},{"floor":47,"key":"Mercury Hourglass"},{"floor":48,"key":"Ornamental Fan"},{"floor":55,"key":"Gremlin Horn"}],"event_choices":[{"damage_healed":0,"gold_gain":0,"player_choice":"Take Damage","damage_taken":32,"relics_obtained":["Golden Idol"],"max_hp_gain":0,"max_hp_loss":0,"event_name":"Golden Idol","floor":12,"gold_loss":0},{"damage_healed":0,"gold_gain":0,"player_choice":"Ignored","damage_taken":0,"max_hp_gain":0,"max_hp_loss":0,"event_name":"N\u0027loth","floor":21,"gold_loss":0},{"damage_healed":0,"gold_gain":999,"player_choice":"Gold","damage_taken":0,"max_hp_gain":0,"max_hp_loss":0,"event_name":"MindBloom","floor":39,"gold_loss":0,"cards_obtained":["Normality","Normality"]},{"damage_healed":0,"gold_gain":0,"player_choice":"Ignored","damage_taken":0,"max_hp_gain":0,"max_hp_loss":0,"event_name":"Tomb of Lord Red Mask","floor":46,"gold_loss":0}],"is_beta":false,"boss_relics":[{"not_picked":["Velvet Choker","Philosopher\u0027s Stone"],"picked":"Runic Cube"},{"not_picked":["Calling Bell","Coffee Dripper"],"picked":"Astrolabe"}],"items_purged_floors":[13,37,41,54],"is_endless":false,"potions_floor_spawned":[1,2,4,5,6,8,11,14,16,18,19,20,22,25,27,28,29,30,31,33,35,36,38,40,44,47,55],"ascension_level":20}}