{"host":"s2ap0bnrs90y0f0j","time":1610584594,"event":{"mods":["BaseMod","Minty Spire (QoL Compilation)","StSLib","TheArtist","TheBandit"],"gold_per_floor":[119,294,244,256,256,284,284,312,312,312,382,382,84,102,102,202,202,212,212,212,140,140,171,183,222,234,259,285,311,323,347,359,371,371,371],"floor_reached":33,"language":"ENG","playtime":2304,"items_purged":["wariomod:Strike"],"score":316,"play_id":"4c96d7f7-c32f-46ae-a44f-bd93989cc308","local_time":"20210113193634","is_ascension_mode":false,"campfire_choices":[{"data":"wariomod:TreasureDig","floor":10.0,"key":"SMITH"},{"data":"wariomod:DoubleDash","floor":12.0,"key":"SMITH"},{"data":"wariomod:Smackflip","floor":15.0,"key":"SMITH"},{"data":"wariomod:TreasureDig","floor":24.0,"key":"SMITH"},{"data":"wariomod:GodlyGift","floor":30,"key":"SMITH"},{"data":"wariomod:ChargeForth","floor":32,"key":"SMITH"}],"circlet_count":0,"master_deck":["wariomod:Strike+1","wariomod:Defend","wariomod:Defend","wariomod:Defend","wariomod:Step","wariomod:Leap","wariomod:Leapslam","wariomod:Boomsmack+1","wariomod:TreasureDig+1","wariomod:DoubleDash+1","wariomod:Smackflip+1","wariomod:SmackSlam","wariomod:Game","wariomod:GodlyGift+1","wariomod:HappyHit+1","wariomod:DoubleDash+1","wariomod:AwfulLook+1","wariomod:ChargeForth+1","wariomod:NullJump","wariomod:EndlessBlast","wariomod:TreasureDig+1","wariomod:SmackSlam","wariomod:WhirlwindBurst","wariomod:SmackSlam+1","wariomod:BodyBlock"],"relics":["wariomod:TheHat","NeowsBlessing","HornCleat","TungstenRod","Juzu Bracelet","Tiny Chest","Bottled Flame","Bag of Preparation","Astrolabe","FossilizedHelix","MawBank","Pen Nib","Eternal Feather"],"acts_visited":["Exordium","TheCity"],"potions_floor_usage":[28,31,33],"damage_taken":[{"damage":0.0,"enemies":"2 Louse","floor":1.0,"turns":1.0},{"damage":0.0,"enemies":"Jaw Worm","floor":4.0,"turns":1.0},{"damage":0.0,"enemies":"3 Sentries","floor":6.0,"turns":1.0},{"damage":4.0,"enemies":"Gremlin Nob","floor":8.0,"turns":4.0},{"damage":0.0,"enemies":"Cultist","floor":14.0,"turns":3.0},{"damage":16.0,"enemies":"Hexaghost","floor":16.0,"turns":12.0},{"damage":10.0,"enemies":"Shell Parasite","floor":18.0,"turns":3.0},{"damage":17.0,"enemies":"Book of Stabbing","floor":23.0,"turns":6.0},{"damage":16.0,"enemies":"Gremlin Leader","floor":25.0,"turns":5.0},{"damage":0.0,"enemies":"3 Byrds","floor":27.0,"turns":3.0},{"damage":0,"enemies":"Snecko","floor":28,"turns":5},{"damage":0,"enemies":"Chosen and Byrds","floor":29,"turns":4},{"damage":9,"enemies":"Sentry and Sphere","floor":31,"turns":4},{"damage":46,"enemies":"Champ","floor":33,"turns":5}],"seed_played":"8140686862208317407","potions_obtained":[{"floor":4.0,"key":"Ancient Potion"},{"floor":16.0,"key":"SteroidPotion"},{"floor":23.0,"key":"Weak Potion"},{"floor":28,"key":"SkillPotion"},{"floor":31,"key":"Fruit Juice"}],"is_trial":false,"path_per_floor":["M","?","?","M","?","E","?","E","T","R","T","R","$","M","R","B",null,"M","?","?","$","T","E","R","E","T","M","M","M","R","M","R","B"],"character_chosen":"THE_BANDIT","items_purchased":["wariomod:Smackflip","wariomod:SmackSlam","Bag of Preparation","wariomod:EndlessBlast"],"campfire_rested":0,"item_purchase_floors":[13,13,13,21],"current_hp_per_floor":[80,80,80,80,64,64,46,42,42,42,42,42,42,42,42,26,80,70,70,56,56,56,39,39,23,23,23,23,23,35,26,41,0,0,0],"gold":371,"neow_bonus":"THREE_ENEMY_KILL","is_daily":false,"chose_seed":false,"campfire_upgraded":6,"win_rate":0.0,"timestamp":1610584594,"path_taken":["M","?","?","M","?","E","?","E","T","R","?","R","$","M","R","BOSS","M","?","?","$","?","E","R","E","T","M","M","M","R","M","R","BOSS"],"items_purchased_type":["Card","Card","Relic","Card"],"build_version":"2020-12-22","purchased_purges":1,"victory":false,"max_hp_per_floor":[80,80,80,80,80,80,80,80,80,80,80,80,80,80,80,80,80,80,80,85,85,85,85,85,85,85,85,85,85,85,85,85,90,90,90],"card_choices":[{"not_picked":["wariomod:ChargeForth","wariomod:BodyBlock"],"picked":"wariomod:Leapslam","floor":1.0},{"not_picked":["wariomod:DiceyMove","wariomod:Goblast"],"picked":"wariomod:Boomsmack","floor":4.0},{"not_picked":["wariomod:Smackflip","wariomod:SimpleShield"],"picked":"wariomod:TreasureDig","floor":6.0},{"not_picked":["wariomod:DropBash","wariomod:DisarmingMoves"],"picked":"wariomod:DoubleDash","floor":8.0},{"not_picked":["wariomod:SimpleShield","wariomod:BoomAndDoom"],"picked":"wariomod:Game","floor":14.0},{"not_picked":["wariomod:MassiveParty","wariomod:EnergizedBombs"],"picked":"wariomod:GodlyGift","floor":16.0},{"not_picked":["wariomod:EmptyMind","wariomod:Smackflip","wariomod:SimpleShield"],"picked":"SKIP","floor":18.0},{"not_picked":["wariomod:OctoJump","wariomod:Purify"],"picked":"wariomod:TreasureDig","floor":23.0},{"not_picked":["wariomod:DanceDash+1","wariomod:DonateDraw+1"],"picked":"wariomod:SmackSlam","floor":25.0},{"not_picked":["wariomod:SimpleShield+1","wariomod:BlastDash"],"picked":"wariomod:WhirlwindBurst","floor":27.0},{"not_picked":["wariomod:Leapslam","wariomod:Smackflip+1","wariomod:DisarmingMoves"],"picked":"SKIP","floor":28},{"not_picked":["wariomod:TrekTime","wariomod:DiceyMove"],"picked":"wariomod:SmackSlam+1","floor":29},{"not_picked":["wariomod:BoomAndDoom","wariomod:BumRush"],"picked":"wariomod:BodyBlock","floor":31}],"player_experience":651575,"relics_obtained":[{"floor":6.0,"key":"HornCleat"},{"floor":8.0,"key":"Juzu Bracelet"},{"floor":9.0,"key":"Tiny Chest"},{"floor":11.0,"key":"Bottled Flame"},{"floor":22.0,"key":"FossilizedHelix"},{"floor":23.0,"key":"MawBank"},{"floor":25.0,"key":"Pen Nib"},{"floor":26.0,"key":"Eternal Feather"}],"event_choices":[{"damage_healed":0.0,"max_hp_gain":0.0,"max_hp_loss":0.0,"gold_gain":175.0,"event_name":"Liars Game","player_choice":"AGREE","floor":2.0,"gold_loss":0.0,"damage_taken":0.0,"cards_obtained":["Doubt"]},{"cards_removed":["Doubt"],"damage_healed":0.0,"max_hp_gain":0.0,"max_hp_loss":0.0,"gold_gain":0.0,"event_name":"The Cleric","player_choice":"Card Removal","floor":3.0,"gold_loss":50.0,"damage_taken":0.0},{"damage_healed":0.0,"max_hp_gain":0.0,"max_hp_loss":0.0,"gold_gain":0.0,"event_name":"Shining Light","player_choice":"Entered Light","floor":5.0,"gold_loss":0.0,"damage_taken":16.0,"cards_upgraded":["wariomod:Boomsmack","wariomod:Strike"]},{"damage_healed":0.0,"max_hp_gain":0.0,"max_hp_loss":0.0,"gold_gain":0.0,"event_name":"Scrap Ooze","player_choice":"Success","floor":7.0,"gold_loss":0.0,"damage_taken":18.0,"relics_obtained":["TungstenRod"]},{"damage_healed":0.0,"max_hp_gain":0.0,"max_hp_loss":0.0,"gold_gain":0.0,"event_name":"Match and Keep!","player_choice":"2 cards matched","floor":19.0,"gold_loss":0.0,"damage_taken":0.0,"cards_obtained":["wariomod:ChargeForth","wariomod:NullJump"]},{"damage_healed":0.0,"max_hp_gain":5.0,"max_hp_loss":0.0,"gold_gain":0.0,"event_name":"Forgotten Altar","player_choice":"Shed Blood","floor":20.0,"gold_loss":0.0,"damage_taken":20.0}],"is_beta":false,"boss_relics":[{"not_picked":["Cursed Key","Velvet Choker"],"picked":"Astrolabe"}],"items_purged_floors":[13],"is_endless":false,"potions_floor_spawned":[4,16,23,28,31],"killed_by":"Champ","ascension_level":0}}