{"host":"4qkvkh7pd9qr2mca","time":1610655169,"event":{"mods":["AchievementEnabler","Act Like it!","BaseMod","Colored Map","Colored Powertips","Highlight Path","Minty Spire (QoL Compilation)","Pale of the Ancients","Permanent Neow","Quick Restart","Relic Stats","StSLib","SuperFastMode"],"gold_per_floor":[115,127,141,159,170,170,170,170],"floor_reached":7,"language":"ENG","playtime":253,"items_purged":[],"score":90,"play_id":"adc93916-c90a-4dba-84e8-8ebf3fe8f2d7","local_time":"20210114211249","is_ascension_mode":true,"campfire_choices":[{"data":"Bouncing Flask","floor":6,"key":"SMITH"}],"circlet_count":0,"master_deck":["AscendersBane","Strike_G","Strike_G","Strike_G","Strike_G","Strike_G","Defend_G","Defend_G","Defend_G","Defend_G","Defend_G","Survivor","Neutralize","Bouncing Flask+1","Backflip","Footwork","Caltrops","Bane"],"relics":["Cursed Key"],"acts_visited":["Exordium"],"potions_floor_usage":[],"damage_taken":[{"damage":6,"enemies":"Cultist","floor":1,"turns":4},{"damage":0,"enemies":"Jaw Worm","floor":2,"turns":3},{"damage":1,"enemies":"Small Slimes","floor":3,"turns":4},{"damage":0,"enemies":"Red Slaver","floor":4,"turns":4},{"damage":9,"enemies":"Exordium Thugs","floor":5,"turns":4},{"damage":55,"enemies":"Gremlin Nob","floor":7,"turns":4}],"seed_played":"8350222419594702832","potions_obtained":[{"floor":1,"key":"Dexterity Potion"}],"is_trial":false,"path_per_floor":["M","M","M","M","M","R","E"],"character_chosen":"THE_SILENT","items_purchased":[],"campfire_rested":0,"item_purchase_floors":[],"current_hp_per_floor":[53,53,52,52,43,43,0,0],"gold":170,"neow_bonus":"BOSS_RELIC","is_daily":false,"chose_seed":false,"campfire_upgraded":1,"win_rate":0.0,"timestamp":1610655169,"path_taken":["M","?","M","M","M","R","E"],"items_purchased_type":[],"build_version":"2020-12-22","purchased_purges":0,"victory":false,"max_hp_per_floor":[66,66,66,66,66,66,66,66],"relic_stats":{"counters":[6,23],"Cursed Key":0,"obtain_stats":[{"Cursed Key":0,"Ring of the Snake":0},{"Cursed Key":0,"Ring of the Snake":0},{"Cursed Key":0,"Ring of the Snake":0}]},"card_choices":[{"not_picked":["Deflect","Sucker Punch"],"picked":"Bouncing Flask","floor":1},{"not_picked":["Cloak And Dagger","Quick Slash"],"picked":"Backflip","floor":2},{"not_picked":["Quick Slash","Bouncing Flask"],"picked":"Footwork","floor":3},{"not_picked":["PiercingWail","Poisoned Stab"],"picked":"Caltrops","floor":4},{"not_picked":["Expertise","Grand Finale"],"picked":"Bane","floor":5}],"player_experience":548419,"relics_obtained":[],"event_choices":[],"is_beta":false,"boss_relics":[],"items_purged_floors":[],"is_endless":false,"potions_floor_spawned":[1],"killed_by":"Gremlin Nob","ascension_level":20}}