{"host":"dbkc9h3etq50r1dq","time":1610588091,"event":{"mods":["AchievementEnabler","BaseMod","Block Reminder","Colored Powertips","Curses Come First","Custom Start","Dark Map","Minty Spire (QoL Compilation)","Permanent Neow","Potion Indicator Mod","Rare Cards Sparkle","StSLib","SuperFastMode"],"gold_per_floor":[360,360,360,310,330,330,48,48,48,63,63,97,112,122,122,226,276,293,310,235,60,71,71,97,134,134,134,233,233,243,268,268,369,369,389,405,207,207,207,207,187,214,214,214,231,231,231,128,128,128],"floor_reached":51,"language":"ZHS","playtime":1846,"items_purged":["Strike_P","Strike_P","Defend_P"],"score":816,"play_id":"ba021a5f-d1da-45f0-94f9-0ec2b214ddfd","local_time":"20210114093451","is_ascension_mode":true,"campfire_choices":[{"data":"Eruption","floor":6.0,"key":"SMITH"},{"data":"Study","floor":8.0,"key":"SMITH"},{"data":"ForeignInfluence","floor":11.0,"key":"SMITH"},{"floor":15.0,"key":"REST"},{"floor":23.0,"key":"REST"},{"floor":29.0,"key":"REST"},{"floor":32.0,"key":"REST"},{"data":"ForeignInfluence","floor":40.0,"key":"SMITH"},{"data":"ConjureBlade","floor":46.0,"key":"SMITH"},{"data":"PathToVictory","floor":49.0,"key":"SMITH"}],"circlet_count":0,"master_deck":["Strike_P+1","Eruption+1","Vigilance","Study+1","ClearTheMind","ForeignInfluence+1","Trip","Adaptation","ForeignInfluence+1","Halt","ClearTheMind","DevaForm","Sanctity","ForeignInfluence+1","Vengeance+1","TalkToTheHand+1","Halt","Consecrate","Prostrate+1","ConjureBlade+1","FlurryOfBlows+1","Master of Strategy","Parasite","Prostrate+1","PathToVictory+1"],"relics":["PureWater","Letter Opener","Pear","Eternal Feather","Tiny House","Yang","Sundial","Juzu Bracelet","Empty Cage","Du-Vu Doll","White Beast Statue"],"acts_visited":["Exordium","TheCity","TheBeyond"],"potions_floor_usage":[50,50,50],"damage_taken":[{"damage":0.0,"enemies":"2 Louse","floor":1.0,"turns":1.0},{"damage":2.0,"enemies":"Small Slimes","floor":5.0,"turns":4.0},{"damage":7.0,"enemies":"Jaw Worm","floor":10.0,"turns":3.0},{"damage":15.0,"enemies":"Lagavulin","floor":12.0,"turns":3.0},{"damage":0.0,"enemies":"Lots of Slimes","floor":13.0,"turns":2.0},{"damage":30.0,"enemies":"Exordium Thugs","floor":14.0,"turns":3.0},{"damage":46.0,"enemies":"The Guardian","floor":16.0,"turns":6.0},{"damage":15.0,"enemies":"Spheric Guardian","floor":18.0,"turns":5.0},{"damage":31.0,"enemies":"2 Thieves","floor":19.0,"turns":3.0},{"damage":30.0,"enemies":"Snake Plant","floor":22.0,"turns":4.0},{"damage":15.0,"enemies":"Gremlin Leader","floor":24.0,"turns":3.0},{"damage":0.0,"enemies":"Shelled Parasite and Fungi","floor":25.0,"turns":2.0},{"damage":22.0,"enemies":"Snecko","floor":30.0,"turns":5.0},{"damage":6.0,"enemies":"Automaton","floor":33.0,"turns":8.0},{"damage":7.0,"enemies":"3 Shapes","floor":35.0,"turns":3.0},{"damage":21.0,"enemies":"Orb Walker","floor":36.0,"turns":5.0},{"damage":12.0,"enemies":"Giant Head","floor":42.0,"turns":5.0},{"damage":3.0,"enemies":"Writhing Mass","floor":45.0,"turns":3.0},{"damage":62,"enemies":"Time Eater","floor":50,"turns":6}],"seed_played":"4239471116099774805","potions_obtained":[{"floor":5.0,"key":"Fire Potion"},{"floor":12.0,"key":"LiquidMemories"},{"floor":16.0,"key":"GamblersBrew"},{"floor":17.0,"key":"LiquidMemories"},{"floor":19.0,"key":"Explosive Potion"},{"floor":22.0,"key":"AttackPotion"},{"floor":25.0,"key":"LiquidBronze"},{"floor":41.0,"key":"StancePotion"},{"floor":42.0,"key":"GamblersBrew"},{"floor":45.0,"key":"SpeedPotion"}],"is_trial":false,"path_per_floor":["M","?","?","?","M","R","$","R","T","M","R","E","M","M","R","B",null,"M","M","?","$","M","R","E","M","T","?","?","R","M","T","R","B",null,"M","M","$","?","?","R","?","E","T","?","M","R","T","$","R","B",null],"character_chosen":"WATCHER","items_purchased":["ClearTheMind","ForeignInfluence","Trip","TalkToTheHand","Prostrate","Dexterity Potion","PathToVictory","Dexterity Potion"],"campfire_rested":4,"item_purchase_floors":[7,7,7,21,37,37,48,48],"current_hp_per_floor":[65,58,63,63,61,61,61,61,71,64,64,49,49,19,52,6,85,70,39,39,39,9,46,31,31,31,31,31,68,46,46,83,77,85,78,57,57,57,57,69,69,57,57,57,54,66,66,66,81,19],"gold":128,"neow_bonus":"TWO_FIFTY_GOLD","is_daily":false,"chose_seed":false,"campfire_upgraded":6,"win_rate":0.0,"timestamp":1610588091,"path_taken":["M","?","?","?","M","R","$","R","T","M","R","E","?","M","R","BOSS","M","?","?","$","M","R","E","M","T","?","?","R","M","?","R","BOSS","M","M","$","?","?","R","?","E","T","?","M","R","?","$","R","BOSS"],"items_purchased_type":["Card","Card","Card","Card","Card","Potion","Card","Potion"],"build_version":"2020-12-22","purchased_purges":3,"victory":true,"max_hp_per_floor":[65,65,70,70,70,70,70,70,80,80,80,80,80,80,80,80,85,85,85,85,85,85,85,85,85,85,85,85,85,85,85,85,85,85,85,85,85,85,85,85,85,85,85,85,85,85,85,85,85,85],"card_choices":[{"not_picked":["Crescendo","SashWhip","Protect"],"picked":"SKIP","floor":1.0},{"not_picked":["Protect","CrushJoints"],"picked":"Study","floor":5.0},{"not_picked":["CrushJoints","EmptyFist"],"picked":"Adaptation","floor":10.0},{"not_picked":["Meditate","Perseverance"],"picked":"ForeignInfluence","floor":12.0},{"not_picked":["Worship","FollowUp"],"picked":"Halt","floor":13.0},{"not_picked":["PathToVictory","CrushJoints"],"picked":"ClearTheMind","floor":14.0},{"not_picked":["Omniscience","DeusExMachina"],"picked":"DevaForm","floor":16.0},{"not_picked":["SignatureMove","CutThroughFate"],"picked":"Sanctity","floor":17.0},{"not_picked":["Prostrate","PathToVictory+1"],"picked":"ForeignInfluence+1","floor":18.0},{"not_picked":["SandsOfTime","Tantrum+1"],"picked":"Vengeance+1","floor":19.0},{"not_picked":["Worship","EmptyFist"],"picked":"Halt","floor":22.0},{"not_picked":["MentalFortress","EmptyMind"],"picked":"Consecrate","floor":24.0},{"not_picked":["CutThroughFate","Pray","Crescendo"],"picked":"SKIP","floor":25.0},{"not_picked":["Adaptation","Halt"],"picked":"Prostrate+1","floor":30.0},{"not_picked":["Establishment","Blasphemy"],"picked":"ConjureBlade","floor":33.0},{"not_picked":["Study+1","PathToVictory+1","WreathOfFlame+1"],"picked":"SKIP","floor":35.0},{"not_picked":["Conclude","BowlingBash+1","CrushJoints+1"],"picked":"SKIP","floor":36.0},{"not_picked":["FollowUp+1","WreathOfFlame"],"picked":"FlurryOfBlows+1","floor":42.0},{"not_picked":["PanicButton","Purity"],"picked":"Master of Strategy","floor":44.0},{"not_picked":["EmptyFist+1","WheelKick+1"],"picked":"Prostrate+1","floor":45.0}],"player_experience":141279,"relics_obtained":[{"floor":9.0,"key":"Pear"},{"floor":12.0,"key":"Eternal Feather"},{"floor":24.0,"key":"Yang"},{"floor":26.0,"key":"Sundial"},{"floor":31.0,"key":"Juzu Bracelet"},{"floor":42.0,"key":"Du-Vu Doll"},{"floor":47.0,"key":"White Beast Statue"}],"event_choices":[{"damage_healed":0.0,"max_hp_gain":0.0,"max_hp_loss":0.0,"gold_gain":0.0,"event_name":"Scrap Ooze","player_choice":"Success","floor":2.0,"gold_loss":0.0,"damage_taken":7.0,"relics_obtained":["Letter Opener"]},{"damage_healed":0.0,"max_hp_gain":5.0,"max_hp_loss":0.0,"gold_gain":0.0,"event_name":"Big Fish","player_choice":"Donut","floor":3.0,"gold_loss":0.0,"damage_taken":0.0},{"cards_removed":["Defend_P"],"damage_healed":0.0,"max_hp_gain":0.0,"max_hp_loss":0.0,"gold_gain":0.0,"event_name":"The Cleric","player_choice":"Card Removal","floor":4.0,"gold_loss":50.0,"damage_taken":0.0},{"cards_removed":["Defend_P"],"damage_healed":0.0,"max_hp_gain":0.0,"max_hp_loss":0.0,"gold_gain":0.0,"event_name":"Beggar","player_choice":"Gave Gold","floor":20.0,"gold_loss":75.0,"damage_taken":0.0},{"damage_healed":0.0,"max_hp_gain":0.0,"max_hp_loss":0.0,"gold_gain":99.0,"event_name":"Nest","player_choice":"Stole From Cult","floor":28.0,"gold_loss":0.0,"damage_taken":0.0},{"damage_healed":0.0,"max_hp_gain":0.0,"max_hp_loss":0.0,"gold_gain":0.0,"event_name":"Upgrade Shrine","player_choice":"Upgraded","floor":38.0,"gold_loss":0.0,"damage_taken":0.0,"cards_upgraded":["TalkToTheHand"]},{"cards_removed":["Prostrate"],"damage_healed":0.0,"max_hp_gain":0.0,"max_hp_loss":0.0,"gold_gain":0.0,"event_name":"Falling","player_choice":"Removed Skill","floor":39.0,"gold_loss":0.0,"damage_taken":0.0},{"damage_healed":0.0,"max_hp_gain":0.0,"max_hp_loss":0.0,"gold_gain":0.0,"event_name":"The Woman in Blue","player_choice":"Bought 1 Potion","floor":41.0,"gold_loss":0.0,"damage_taken":0.0},{"damage_healed":0.0,"max_hp_gain":0.0,"max_hp_loss":0.0,"gold_gain":0.0,"event_name":"SensoryStone","player_choice":"Memory 1","floor":44.0,"gold_loss":0.0,"damage_taken":0.0}],"is_beta":false,"boss_relics":[{"not_picked":["Fusion Hammer","Busted Crown"],"picked":"Tiny House"},{"not_picked":["Snecko Eye","Runic Pyramid"],"picked":"Empty Cage"}],"items_purged_floors":[7,21,37],"is_endless":false,"potions_floor_spawned":[5,12,16,19,22,25,42,45],"ascension_level":3}}