{"host":"58syw52hqfl22t9m","time":1610602126,"event":{"mods":["2.2 Compatiblity","AchievementEnabler","BaseMod","Better Altar","Better Match","Better Note","Better Sensory Stone","Better Skull","Better Third Choice","BetterRewards","Block Reminder","Colored Map","Colored Powertips","Dark Map","GifTheSpireLib","Highlight Path","Hubris","Infinite Spire","Minty Spire (QoL Compilation)","Permanent Neow","Poor People Problems","Random Character Button","Rare Cards Sparkle","Relic Stats","Replay The Spire","Shop Mod","Spicy Shops","StSLib","The Blue Laboratory"],"gold_per_floor":[118,136,148,148,159,159,171,171,198,209,238,238,238,102,102,200,250,268,29,29,47,66,66,80,80,106,116,116,132,161,161,161,258,258,272,147,147,163,179,179,193,209,209,224,224,224],"floor_reached":45,"language":"ENG","playtime":3123,"items_purged":["Strike_R","Defend_R","Strike_R"],"score":737,"play_id":"ffe750f1-fd03-49e0-b33a-9bfa9c97d12e","local_time":"20210113212846","is_ascension_mode":true,"campfire_choices":[{"data":"Infernal Blade","floor":6,"key":"SMITH"},{"data":"Spot Weakness","floor":12,"key":"SMITH"},{"data":"Bash","floor":15,"key":"SMITH"},{"floor":23,"key":"REST"},{"data":"Barricade","floor":25,"key":"SMITH"},{"floor":28,"key":"REST"},{"floor":32,"key":"REST"},{"floor":40,"key":"REST"}],"circlet_count":0,"master_deck":["Strike_R","Strike_R","Strike_R","Defend_R+1","Defend_R","Defend_R","Bash+1","Headbutt","Metallicize","Armaments+1","Infernal Blade+1","Shrug It Off","Spot Weakness+1","Shrug It Off","Pommel Strike","Thunderclap+1","Barricade+1","Twin Strike+1","Iron Wave","Flame Barrier+1","Limit Break","Body Slam+1","Thunderclap+1","Heavy Blade","Parasite"],"relics":["Burning Blood","Nunchaku","Vajra","Blood Vial","Tiny House","hubris:IronBody","Bag of Marbles","Ancient Tea Set","SlaversCollar","Counterbalance"],"acts_visited":["Exordium","TheCity","TheBeyond"],"potions_floor_usage":[16,16,24,44],"damage_taken":[{"damage":0,"enemies":"Cultist","floor":1,"turns":3},{"damage":0,"enemies":"Small Slimes","floor":2,"turns":6},{"damage":0,"enemies":"Jaw Worm","floor":3,"turns":3},{"damage":7,"enemies":"Large Slime","floor":5,"turns":7},{"damage":3,"enemies":"Lots of Slimes","floor":7,"turns":2},{"damage":11,"enemies":"2 Fungi Beasts","floor":10,"turns":4},{"damage":11,"enemies":"3 Sentries","floor":11,"turns":5},{"damage":75,"enemies":"Fading Forest","floor":16,"turns":11},{"damage":26,"enemies":"Spheric Guardian","floor":18,"turns":6},{"damage":23,"enemies":"2 Thieves","floor":21,"turns":4},{"damage":18,"enemies":"Centurion and Healer","floor":22,"turns":8},{"damage":20,"enemies":"3 Cultists","floor":24,"turns":7},{"damage":29,"enemies":"Snecko","floor":27,"turns":5},{"damage":25,"enemies":"Snake Plant","floor":29,"turns":3},{"damage":45,"enemies":"Book of Stabbing","floor":30,"turns":8},{"damage":0,"enemies":"Champ","floor":33,"turns":14},{"damage":1,"enemies":"3 Shapes","floor":35,"turns":7},{"damage":17,"enemies":"Orb Walker","floor":38,"turns":6},{"damage":27,"enemies":"Jaw Worm Horde","floor":39,"turns":4},{"damage":24,"enemies":"4 Shapes","floor":41,"turns":6},{"damage":5,"enemies":"Writhing Mass","floor":42,"turns":5},{"damage":66,"enemies":"Transient","floor":44,"turns":5},{"damage":17,"enemies":"Maw","floor":45,"turns":2}],"seed_played":"8979911267067806234","potions_obtained":[{"floor":2,"key":"blueLaboratory:FruitPunch"},{"floor":11,"key":"blueLaboratory:LouseDecoction"},{"floor":22,"key":"Energy Potion"},{"floor":29,"key":"blueLaboratory:HorrorPotion"},{"floor":38,"key":"blueLaboratory:RememoryPotion"},{"floor":41,"key":"blueLaboratory:LouseDecoction"},{"floor":42,"key":"Strength Potion"}],"is_trial":false,"path_per_floor":["M","M","M","?","M","R","M","?","T","M","E","R","?","$","R","B",null,"M","$","?","M","M","R","M","R","T","M","R","M","E","?","R","B",null,"M","$","?","M","M","R","M","M","T","M","M"],"character_chosen":"IRONCLAD","items_purchased":["Headbutt","Metallicize","Nunchaku","Thunderclap+1","hubris:IronBody"],"campfire_rested":4,"item_purchase_floors":[0,0,0,14,19],"current_hp_per_floor":[80,80,80,80,79,79,80,80,80,75,70,70,70,70,70,13,87,67,67,67,52,42,68,56,56,56,35,61,44,7,7,33,41,87,87,87,87,76,57,83,67,70,70,12,0,0],"gold":224,"neow_bonus":"","is_daily":false,"chose_seed":false,"campfire_upgraded":4,"win_rate":0.0,"timestamp":1610602126,"path_taken":["M","M","M","?","M","R","M","?","T","?","E","R","?","$","R","BOSS","M","$","?","M","M","R","M","R","T","M","R","M","E","?","R","BOSS","M","$","?","M","M","R","M","M","T","M","M"],"items_purchased_type":["Card","Card","Relic","Card","Relic"],"build_version":"2020-12-22","purchased_purges":3,"victory":false,"max_hp_per_floor":[80,80,80,80,80,80,80,80,80,80,80,80,80,80,80,82,87,87,87,87,87,87,87,87,87,87,87,87,87,87,87,87,87,87,87,87,87,87,87,87,87,87,87,87,87,87],"relic_stats":{"Blood Vial":32,"Nunchaku":[19],"counters":[80,383],"obtain_stats":[{"Tiny House":17,"Vajra":0,"Blood Vial":29,"HornCleat":26,"hubris:DeckOfHolding":43,"Iron Hammer":0,"MerchantsRug":46,"Happy Flower":13,"Counterbalance":37,"Velvet Choker":17,"Oddly Smooth Stone":0,"Pen Nib":26,"War Paint":37,"infinitespire:EvilPickle":33,"SlaversCollar":34,"ReplayTheSpireMod:Spearhead":28,"Shuriken":43,"hubris:TenFootPole":0,"infinitespire:PuzzleCube":40,"ReplayFunnel":28,"Magic Flower":9,"Mango":9,"King of Hearts":22,"Juzu Bracelet":0,"hubris:SlimyHat":19,"Ancient Tea Set":30,"Burning Blood":0,"Dream Catcher":0,"Nunchaku":0,"hubris:Icosahedron":22,"hubris:ScarierMask":17,"Tiny Chest":0,"hubris:IronBody":19,"Replay:Bottled Eggs":6,"infinitespire:Eraser":14,"hubris:ChampionShield":45,"Gremlin Food":0,"Lee\u0027s Waffle":0,"Thread and Needle":9,"PreservedInsect":14,"infinitespire:Lucky Rock":0,"Orichalcum":48,"hubris:Towel":3,"White Beast Statue":23,"Cauldron":46,"Snack Pack":26,"Bag of Marbles":29,"Art of War":14,"FossilizedHelix":0},{"Tiny House":65,"Vajra":0,"Blood Vial":52,"HornCleat":51,"hubris:DeckOfHolding":39,"Iron Hammer":41,"MerchantsRug":20,"Happy Flower":28,"Counterbalance":74,"Velvet Choker":9,"Oddly Smooth Stone":23,"Pen Nib":32,"War Paint":56,"infinitespire:EvilPickle":15,"SlaversCollar":54,"ReplayTheSpireMod:Spearhead":13,"Shuriken":19,"hubris:TenFootPole":23,"infinitespire:PuzzleCube":19,"ReplayFunnel":32,"Magic Flower":45,"Mango":5,"King of Hearts":30,"Juzu Bracelet":23,"hubris:SlimyHat":30,"Ancient Tea Set":72,"Burning Blood":0,"Dream Catcher":41,"Nunchaku":57,"hubris:Icosahedron":50,"hubris:ScarierMask":29,"Tiny Chest":23,"hubris:IronBody":66,"Replay:Bottled Eggs":5,"infinitespire:Eraser":8,"hubris:ChampionShield":40,"Gremlin Food":0,"Lee\u0027s Waffle":23,"Thread and Needle":27,"PreservedInsect":47,"infinitespire:Lucky Rock":23,"Orichalcum":40,"hubris:Towel":43,"White Beast Statue":31,"Cauldron":20,"Snack Pack":13,"Bag of Marbles":13,"Art of War":28,"FossilizedHelix":0},{"Tiny House":293,"Vajra":0,"Blood Vial":229,"HornCleat":225,"hubris:DeckOfHolding":168,"Iron Hammer":181,"MerchantsRug":79,"Happy Flower":114,"Counterbalance":355,"Velvet Choker":35,"Oddly Smooth Stone":95,"Pen Nib":135,"War Paint":249,"infinitespire:EvilPickle":61,"SlaversCollar":240,"ReplayTheSpireMod:Spearhead":48,"Shuriken":76,"hubris:TenFootPole":95,"infinitespire:PuzzleCube":76,"ReplayFunnel":135,"Magic Flower":190,"Mango":16,"King of Hearts":124,"Juzu Bracelet":95,"hubris:SlimyHat":124,"Ancient Tea Set":334,"Burning Blood":0,"Dream Catcher":181,"Nunchaku":252,"hubris:Icosahedron":218,"hubris:ScarierMask":121,"Tiny Chest":95,"hubris:IronBody":299,"Replay:Bottled Eggs":16,"infinitespire:Eraser":27,"hubris:ChampionShield":173,"Gremlin Food":0,"Lee\u0027s Waffle":95,"Thread and Needle":110,"PreservedInsect":198,"infinitespire:Lucky Rock":95,"Orichalcum":173,"hubris:Towel":187,"White Beast Statue":131,"Cauldron":79,"Snack Pack":48,"Bag of Marbles":48,"Art of War":114,"FossilizedHelix":0}],"Burning Blood":356},"card_choices":[{"not_picked":["Body Slam","Sword Boomerang"],"picked":"Armaments","floor":1},{"not_picked":["Wild Strike","Blood for Blood"],"picked":"Infernal Blade","floor":2},{"not_picked":["Havoc","Hemogenesis"],"picked":"Shrug It Off","floor":3},{"not_picked":["ReplayTheSpireMod:Stacked","Cleave"],"picked":"Spot Weakness","floor":5},{"not_picked":["Abandon","Spot Weakness"],"picked":"Shrug It Off","floor":7},{"not_picked":["Headbutt","Armaments"],"picked":"Pommel Strike","floor":10},{"not_picked":["ReplayTheSpireMod:Strike From Hell","Clash","Replay:Undeath\u0027s Touch"],"picked":"SKIP","floor":11},{"not_picked":["Demonic Infusion","Juggernaut"],"picked":"Barricade","floor":16},{"not_picked":["Clash+1","Clothesline","Seeing Red"],"picked":"SKIP","floor":18},{"not_picked":["Combust","Shrug It Off+1"],"picked":"Twin Strike+1","floor":21},{"not_picked":["Thunderclap","Pommel Strike+1","hubris:SharpeningStone"],"picked":"SKIP","floor":22},{"not_picked":["Exhume","Flame Barrier","Wild Strike+1"],"picked":"SKIP","floor":24},{"not_picked":["Perfected Strike","Defy Death"],"picked":"Iron Wave","floor":27},{"not_picked":["hubris:ReadiedAction+1","Dual Wield+1"],"picked":"Flame Barrier+1","floor":29},{"not_picked":["ReplayTheSpireMod:Stacked+1","Rampage","Hemogenesis"],"picked":"SKIP","floor":30},{"not_picked":["Demonic Infusion","Exhume"],"picked":"Limit Break","floor":33},{"not_picked":["Wild Strike+1","Searing Blow"],"picked":"Body Slam+1","floor":35},{"not_picked":["Twin Strike","True Grit","Life Link+1"],"picked":"SKIP","floor":38},{"not_picked":["Uppercut","Armaments"],"picked":"Thunderclap+1","floor":39},{"not_picked":["Dropkick","Perfected Strike"],"picked":"Heavy Blade","floor":41},{"not_picked":["Infernal Blade","Anger","Berserk"],"picked":"SKIP","floor":42},{"not_picked":["Intimidate","ReplayTheSpireMod:Muscle Training+1","Sword Boomerang+1"],"picked":"SKIP","floor":44}],"player_experience":426924,"relics_obtained":[{"floor":9,"key":"Vajra"},{"floor":11,"key":"Blood Vial"},{"floor":26,"key":"Bag of Marbles"},{"floor":30,"key":"Ancient Tea Set"}],"event_choices":[{"damage_healed":0,"gold_gain":0,"player_choice":"Ignored","damage_taken":0,"max_hp_gain":0,"max_hp_loss":0,"event_name":"Transmorgrifier","floor":8,"gold_loss":0},{"damage_healed":0,"gold_gain":0,"player_choice":"Ignored","damage_taken":0,"max_hp_gain":0,"max_hp_loss":0,"event_name":"betterNote:BetterNote","floor":20,"gold_loss":0,"cards_obtained":["Bane"]},{"damage_healed":0,"gold_gain":0,"player_choice":"Gave Potion","damage_taken":0,"relics_obtained":["Counterbalance"],"max_hp_gain":0,"max_hp_loss":0,"event_name":"WeMeetAgain","floor":37,"gold_loss":0}],"is_beta":false,"boss_relics":[{"not_picked":["Replay:Ancient Bell","hubris:VirtuousBlindfold"],"picked":"Tiny House"},{"not_picked":["hubris:BlackHole","Replay:Wanted Poster"],"picked":"SlaversCollar"}],"items_purged_floors":[0,14,36],"is_endless":false,"potions_floor_spawned":[2,11,16,22,29,30,38,41,42],"killed_by":"Maw","ascension_level":3}}