{"host":"e8ifhv72wwl3hwcg","time":1610638449,"event":{"mods":["BaseMod","Colored Map","Marisa£¨Ùöéë¡¡Øª×âÞÞ£©","Minty Spire (QoL Compilation)","Replay The Spire","StSLib","The Cursed"],"gold_per_floor":[109,109,109,184,184,184,213,213,239,239,254,264,281,307,307,410,410,430,143,143,143,160,160,194,194,194,219,235,50,61,80,80,183,183,198,198,248,268,268,84,84,174,174,206,206,244,282,342,342,366,366,366,78,130,154],"floor_reached":56,"language":"KOR","playtime":4140,"items_purged":[],"score":1203,"play_id":"956f6a72-7eef-4b6f-b3e3-2226d22b4ec7","local_time":"20210115003409","is_ascension_mode":false,"campfire_choices":[{"floor":6,"key":"RECALL"},{"data":"TheCursedMod:CursedWand","floor":8,"key":"SMITH"},{"data":"TheCursedMod:Hemoplague","floor":23,"key":"SMITH"},{"data":"TheCursedMod:CircleOfFocus","floor":25,"key":"SMITH"},{"floor":32,"key":"REST"},{"data":"Apotheosis","floor":41,"key":"SMITH"},{"data":"TheCursedMod:HellfireBreathing","floor":52,"key":"SMITH"}],"circlet_count":0,"master_deck":["TheCursedMod:Strike_TheCursed","TheCursedMod:Strike_TheCursed","TheCursedMod:Defend_TheCursed","TheCursedMod:Defend_TheCursed","TheCursedMod:CursedWand+1","TheCursedMod:CleanUpWorkshop","TheCursedMod:Dregs","CurseOfTheBell","TheCursedMod:SoulReap","Delirium","TheCursedMod:ReleasedStrength","TheCursedMod:Stigma","TheCursedMod:Evocation","TheCursedMod:CursedStaff+1","TheCursedMod:LuckyCharm","TheCursedMod:DemonSword","TheCursedMod:CircleOfCorruption","TheCursedMod:CircleOfFlame+1","TheCursedMod:Hemoplague+1","Necronomicurse","TheCursedMod:CircleOfFocus+1","TheCursedMod:SoulCrush+1","TheCursedMod:PrepareRite+1","TheCursedMod:SpitefulPray","Apotheosis+1","TheCursedMod:SurpriseAttack","TheCursedMod:StingEye","TheCursedMod:ShockAndAwe","TheCursedMod:TroublousMinions+1","TheCursedMod:SoulReap+1","TheCursedMod:AntiAging+1","TheCursedMod:Torture+1","Wraith","TheCursedMod:EmpowerCircles+1","TheCursedMod:CircleOfAmplification+1","Crow Ritual","TheCursedMod:HellfireBreathing+1","ReplayTheSpireMod:Splinters","TheCursedMod:CursedAmulet+1","TheCursedMod:Grudge","TheCursedMod:FuryStrike","TheCursedMod:CircleOfBlood+1","TheCursedMod:ManaBullet+1","TheCursedMod:VoidForm","TheCursedMod:BloodBarrier"],"relics":["Calling Bell","Strawberry","TheCursedMod:BloodyHarpoon","Durian","Bottled Flame","Ring of Misfortune","Ring of Searing","ReplayTheSpireMod:Lightbulb","Ancient Tea Set","Black Star","PreservedInsect","Necronomicon","Pet Ghost","Replay:Ringing Soul","Lantern","Red Mask","Astrolabe","Torii","Replay:Bandana","ReplayTheSpireMod:TigerMarble","Replay:Baseball","Boot","MealTicket","CaptainsWheel","Replay:PocketPolymizer","Pen Nib"],"acts_visited":["Exordium","TheCity","TheBeyond","TheEnding"],"potions_floor_usage":[7,11,14,16,24,33,33,37,50,50],"damage_taken":[{"damage":0,"enemies":"Cultist","floor":1,"turns":4},{"damage":15,"enemies":"Gremlin Nob","floor":7,"turns":5},{"damage":0,"enemies":"Small Slimes","floor":11,"turns":2},{"damage":3,"enemies":"Jaw Worm","floor":12,"turns":2},{"damage":12,"enemies":"2 Fungi Beasts","floor":13,"turns":3},{"damage":21,"enemies":"Lagavulin","floor":14,"turns":5},{"damage":46,"enemies":"Hexaghost","floor":16,"turns":6},{"damage":9,"enemies":"Chosen","floor":18,"turns":4},{"damage":5,"enemies":"Shell Parasite","floor":22,"turns":2},{"damage":0,"enemies":"Gremlin Leader","floor":24,"turns":2},{"damage":11,"enemies":"Masked Bandits","floor":27,"turns":4},{"damage":19,"enemies":"Snake Plant","floor":28,"turns":3},{"damage":0,"enemies":"3 Cultists","floor":30,"turns":4},{"damage":21,"enemies":"Centurion and Healer","floor":31,"turns":3},{"damage":10,"enemies":"Champ","floor":33,"turns":7},{"damage":11,"enemies":"3 Shapes","floor":35,"turns":4},{"damage":49,"enemies":"Mind Bloom Boss Battle","floor":37,"turns":4},{"damage":0,"enemies":"Orb Walker","floor":38,"turns":3},{"damage":0,"enemies":"Spire Growth","floor":44,"turns":3},{"damage":33,"enemies":"Maw","floor":46,"turns":6},{"damage":6,"enemies":"Sphere and 2 Shapes","floor":47,"turns":5},{"damage":18,"enemies":"R_Hoarder","floor":48,"turns":5},{"damage":48,"enemies":"Replay:Hell Engine","floor":50,"turns":8},{"damage":40,"enemies":"Shield and Spear","floor":54,"turns":4},{"damage":37,"enemies":"The Heart","floor":55,"turns":8}],"seed_played":"1184565676809993617","potions_obtained":[{"floor":1,"key":"DistilledChaos"},{"floor":7,"key":"LiquidMemories"},{"floor":12,"key":"LiquidBronze"},{"floor":14,"key":"Swift Potion"},{"floor":22,"key":"AttackPotion"},{"floor":28,"key":"Languid Potion"},{"floor":31,"key":"Swift Potion"},{"floor":33,"key":"Block Potion"},{"floor":47,"key":"Dexterity Potion"},{"floor":48,"key":"Energy Potion"},{"floor":54,"key":"Venom Potion"}],"is_trial":false,"path_per_floor":["M","T","?","?","?","R","E","R","T","?","M","M","M","E","R_BF","B",null,"M","$","?","?","M","R","E","R","T","?","M","$","M","M","R","B",null,"M","?","?","M","?","$","R","?","T","M","?","M","M","E","R_BF","B",null,"R","$","E","B",null],"character_chosen":"THE_CURSED","items_purchased":["PreservedInsect","TheCursedMod:CircleOfFlame","TheCursedMod:Hemoplague","Apotheosis","Replay:Bandana","TheCursedMod:HellfireBreathing","CaptainsWheel"],"campfire_rested":1,"item_purchase_floors":[19,19,19,29,40,40,53],"current_hp_per_floor":[87,87,87,76,76,76,66,66,66,87,87,87,75,62,87,42,87,84,84,68,68,63,63,66,66,66,58,42,45,58,40,71,67,111,104,107,76,91,94,97,97,100,100,106,106,95,113,112,155,129,158,158,158,123,100],"gold":154,"neow_bonus":"BOSS_RELIC","is_daily":false,"chose_seed":false,"campfire_upgraded":5,"win_rate":0.0,"timestamp":1610638449,"path_taken":["M","?","?","?","?","R","E","R","T","?","M","M","?","E","R_BF","BOSS","M","$","?","?","M","R","E","R","T","?","M","?","M","M","R","BOSS","M","?","?","M","?","?","R","?","T","?","?","?","M","E","R_BF","BOSS","R","$","E","BOSS"],"items_purchased_type":["Relic","Card","Card","Card","Relic","Card","Relic"],"build_version":"2020-12-22","purchased_purges":0,"victory":true,"max_hp_per_floor":[87,87,87,87,87,87,87,87,87,87,87,87,87,87,87,87,87,87,87,87,87,87,87,90,90,90,93,96,99,102,105,105,108,111,114,117,123,126,129,132,132,135,135,141,141,147,150,155,155,158,158,158,158,161,164],"card_choices":[{"not_picked":["TheCursedMod:Stigma","TheCursedMod:WearCloak"],"picked":"TheCursedMod:SoulReap","floor":1},{"not_picked":["TheCursedMod:CursedBoomerang","TheCursedMod:VitalStrike"],"picked":"TheCursedMod:ReleasedStrength","floor":7},{"not_picked":["TheCursedMod:TacticalStrike","TheCursedMod:CursedBoomerang"],"picked":"TheCursedMod:Stigma","floor":11},{"not_picked":["TheCursedMod:SurpriseAttack","TheCursedMod:FuryStrike"],"picked":"TheCursedMod:Evocation","floor":12},{"not_picked":["TheCursedMod:ForbiddenAlchemy","TheCursedMod:WearCloak"],"picked":"TheCursedMod:CursedStaff","floor":13},{"not_picked":["TheCursedMod:Stigma","TheCursedMod:CircleOfWindfury"],"picked":"TheCursedMod:LuckyCharm","floor":14},{"not_picked":["TheCursedMod:NeowsMight","TheCursedMod:ShockAndAwe"],"picked":"TheCursedMod:DemonSword","floor":16},{"not_picked":["TheCursedMod:SurpriseAttack","TheCursedMod:Torture"],"picked":"TheCursedMod:CircleOfCorruption","floor":18},{"not_picked":["TheCursedMod:TacticalStrike+1","TheCursedMod:CursedShiv"],"picked":"TheCursedMod:CircleOfFocus","floor":22},{"not_picked":["TheCursedMod:StingEye","TheCursedMod:CursedBoomerang"],"picked":"TheCursedMod:SoulCrush+1","floor":24},{"not_picked":["TheCursedMod:FleshFromBone","TheCursedMod:Stigma"],"picked":"TheCursedMod:PrepareRite+1","floor":27},{"not_picked":["TheCursedMod:Torture","TheCursedMod:PrepareRite"],"picked":"TheCursedMod:SpitefulPray","floor":28},{"not_picked":["TheCursedMod:CursedAmulet","TheCursedMod:Torture"],"picked":"TheCursedMod:SurpriseAttack","floor":30},{"not_picked":["TheCursedMod:CircleOfCorruption","TheCursedMod:ForbiddenAlchemy"],"picked":"TheCursedMod:StingEye","floor":31},{"not_picked":["TheCursedMod:NeowsMight","TheCursedMod:ForbiddenAlchemy"],"picked":"TheCursedMod:ShockAndAwe","floor":33},{"not_picked":["TheCursedMod:SmokeScreen+1","TheCursedMod:CursedBoomerang"],"picked":"TheCursedMod:Torture+1","floor":35},{"not_picked":["TheCursedMod:Stigma","TheCursedMod:WearCloak"],"picked":"TheCursedMod:EmpowerCircles+1","floor":37},{"not_picked":["TheCursedMod:SoulReap+1","TheCursedMod:WearCloak+1"],"picked":"TheCursedMod:CircleOfAmplification+1","floor":38},{"not_picked":["Purity","Impatience"],"picked":"Crow Ritual","floor":39},{"not_picked":["TheCursedMod:PrepareRite","TheCursedMod:SoulCrush"],"picked":"TheCursedMod:CursedAmulet+1","floor":42},{"not_picked":["TheCursedMod:CursedShiv","TheCursedMod:SpitefulPlan"],"picked":"TheCursedMod:Grudge","floor":42},{"not_picked":["TheCursedMod:TacticalStrike+1","TheCursedMod:SurpriseAttack+1"],"picked":"TheCursedMod:FuryStrike","floor":44},{"not_picked":["TheCursedMod:SpreadPlague+1","TheCursedMod:Hemoplague+1"],"picked":"TheCursedMod:CircleOfBlood+1","floor":46},{"not_picked":["TheCursedMod:TacticalStrike","TheCursedMod:RavingStaff"],"picked":"TheCursedMod:ManaBullet+1","floor":47},{"not_picked":["TheCursedMod:TacticalStrike+1","TheCursedMod:WearCloak+1"],"picked":"TheCursedMod:VoidForm","floor":48},{"not_picked":["TheCursedMod:SpitefulStrike+1","TheCursedMod:SmokeScreen"],"picked":"TheCursedMod:BloodBarrier","floor":54}],"player_experience":287005,"relics_obtained":[{"floor":0,"key":"Strawberry"},{"floor":0,"key":"TheCursedMod:BloodyHarpoon"},{"floor":0,"key":"Durian"},{"floor":2,"key":"Bottled Flame"},{"floor":5,"key":"Ring of Misfortune"},{"floor":5,"key":"Ring of Searing"},{"floor":7,"key":"ReplayTheSpireMod:Lightbulb"},{"floor":14,"key":"Ancient Tea Set"},{"floor":20,"key":"Necronomicon"},{"floor":24,"key":"Pet Ghost"},{"floor":24,"key":"Replay:Ringing Soul"},{"floor":26,"key":"Lantern"},{"floor":27,"key":"Red Mask"},{"floor":37,"key":"Torii"},{"floor":42,"key":"ReplayTheSpireMod:TigerMarble"},{"floor":43,"key":"Replay:Baseball"},{"floor":48,"key":"Boot"},{"floor":48,"key":"MealTicket"},{"floor":54,"key":"Replay:PocketPolymizer"},{"floor":54,"key":"Pen Nib"}],"event_choices":[{"damage_healed":0,"gold_gain":75,"player_choice":"Gather Gold","damage_taken":11,"max_hp_gain":0,"max_hp_loss":0,"event_name":"World of Goop","floor":4,"gold_loss":0},{"damage_healed":29,"gold_gain":0,"player_choice":"Banana","damage_taken":0,"max_hp_gain":0,"max_hp_loss":0,"event_name":"Big Fish","floor":10,"gold_loss":0},{"damage_healed":0,"gold_gain":0,"player_choice":"Obtained Book","damage_taken":16,"max_hp_gain":0,"max_hp_loss":0,"event_name":"Cursed Tome","floor":20,"gold_loss":0},{"damage_healed":0,"gold_gain":0,"player_choice":"Ignored","damage_taken":0,"max_hp_gain":0,"max_hp_loss":0,"event_name":"Vampires","floor":21,"gold_loss":0},{"damage_healed":0,"gold_gain":0,"player_choice":"Fought Bandits","damage_taken":0,"max_hp_gain":0,"max_hp_loss":0,"event_name":"Masked Bandits","floor":27,"gold_loss":0},{"damage_healed":0,"gold_gain":0,"player_choice":"Ignored","damage_taken":0,"max_hp_gain":0,"max_hp_loss":0,"event_name":"OrinTheCat","floor":36,"gold_loss":0},{"damage_healed":0,"gold_gain":0,"player_choice":"Fight","damage_taken":0,"max_hp_gain":0,"max_hp_loss":0,"event_name":"MindBloom","floor":37,"gold_loss":0},{"damage_healed":0,"gold_gain":0,"player_choice":"Memory 1","damage_taken":0,"max_hp_gain":0,"max_hp_loss":0,"event_name":"SensoryStone","floor":39,"gold_loss":0},{"damage_healed":0,"gold_gain":0,"player_choice":"Ignored","damage_taken":0,"max_hp_gain":0,"max_hp_loss":0,"event_name":"SecretPortal","floor":45,"gold_loss":0}],"is_beta":false,"boss_relics":[{"not_picked":["ReplayTheSpireMod:DimensionalGlitch","Replay:Bronze Core"],"picked":"Black Star"},{"not_picked":["Philosopher\u0027s Stone","SacredBark"],"picked":"Astrolabe"}],"items_purged_floors":[],"is_endless":false,"potions_floor_spawned":[1,7,12,14,22,28,31,33,47,48,54],"ascension_level":0}}