{"host":"1x0iiauhsd6tfigj","time":1610604667,"event":{"mods":["AchievementEnabler","BaseMod","Block Reminder","Colored Map","Colored Powertips","DeckTracker","Googly Eyes","Highlight Path","Minty Spire (QoL Compilation)","Permanent Neow","Quick Restart","Relic Sorter","Relic Stats","Slay-I","StSLib"],"gold_per_floor":[114,129,144,159,9,39,54,69,94,94,109,109,37,52,52,152,152,167,182,182,197,47,47,62,62,87,87,102,201,201,231,231,331,331,346,361,376,391,406,406,406,406],"floor_reached":41,"language":"ENG","playtime":2741,"items_purged":[],"score":573,"play_id":"cc6d03b2-e45c-4441-8e12-97f9077d0938","local_time":"20210113231107","daily_mods":["Insanity","Uncertain Future","Binary"],"is_ascension_mode":false,"campfire_choices":[{"floor":12.0,"key":"REST"},{"data":"Terror","floor":15.0,"key":"SMITH"},{"floor":23,"key":"REST"},{"data":"Adrenaline","floor":27,"key":"SMITH"},{"floor":32,"key":"REST"},{"floor":40,"key":"REST"}],"circlet_count":0,"master_deck":["Dash","Sucker Punch","Accuracy","Distraction","Deadly Poison","Terror+1","Poisoned Stab+1","Distraction","Backstab","Blade Dance","Dagger Throw","Dodge and Roll","Concentrate","Crippling Poison","Acrobatics","Distraction","Dash","Skewer","Deflect","Heel Hook","Deadly Poison","Deflect","Acrobatics","PiercingWail","Dodge and Roll","Distraction","Dodge and Roll","Cloak And Dagger","Outmaneuver","Leg Sweep","Bane","Prepared","Catalyst","Blade Dance","Flying Knee","Acrobatics","Prepared","All Out Attack","Backflip","Reflex","Predator","Dagger Spray+1","Catalyst","Slice","Tactician","Eviscerate","PiercingWail","Well Laid Plans","Deadly Poison","Blade Dance","Sucker Punch","Flying Knee","Finisher","Adrenaline+1","Cloak And Dagger","Infinite Blades","Deadly Poison+1","Blade Dance+1","Infinite Blades","Backstab","Cloak And Dagger","Slice","After Image","A Thousand Cuts","CurseOfTheBell","Backstab+1","Cloak And Dagger+1","Caltrops"],"relics":["Ring of the Snake","Happy Flower","Regal Pillow","Oddly Smooth Stone","SacredBark","Orrery","Whetstone","Smiling Mask","Calling Bell","Ancient Tea Set","Letter Opener","Gambling Chip"],"acts_visited":["Exordium","TheCity","TheBeyond"],"potions_floor_usage":[16,16,20,21,24,33,36,36,37,41],"damage_taken":[{"damage":0.0,"enemies":"Cultist","floor":1.0,"turns":2.0},{"damage":0.0,"enemies":"2 Louse","floor":2.0,"turns":1.0},{"damage":5.0,"enemies":"Small Slimes","floor":3.0,"turns":3.0},{"damage":0.0,"enemies":"Blue Slaver","floor":4.0,"turns":4.0},{"damage":8.0,"enemies":"Lagavulin","floor":6.0,"turns":3.0},{"damage":6.0,"enemies":"3 Louse","floor":7.0,"turns":3.0},{"damage":7.0,"enemies":"Gremlin Gang","floor":8.0,"turns":4.0},{"damage":4.0,"enemies":"Red Slaver","floor":11.0,"turns":4.0},{"damage":0.0,"enemies":"Blue Slaver","floor":14.0,"turns":1.0},{"damage":6,"enemies":"Slime Boss","floor":16,"turns":3},{"damage":4,"enemies":"Chosen","floor":18,"turns":5},{"damage":9,"enemies":"2 Thieves","floor":19,"turns":4},{"damage":18,"enemies":"Centurion and Healer","floor":20,"turns":5},{"damage":0,"enemies":"Snake Plant","floor":21,"turns":6},{"damage":6,"enemies":"Sentry and Sphere","floor":24,"turns":4},{"damage":8,"enemies":"Snecko","floor":28,"turns":4},{"damage":33,"enemies":"Slavers","floor":31,"turns":5},{"damage":30,"enemies":"Champ","floor":33,"turns":11},{"damage":50,"enemies":"3 Darklings","floor":35,"turns":5},{"damage":0,"enemies":"3 Shapes","floor":36,"turns":3},{"damage":12,"enemies":"Jaw Worm Horde","floor":37,"turns":5},{"damage":13,"enemies":"Spire Growth","floor":38,"turns":6},{"damage":13,"enemies":"Transient","floor":39,"turns":5},{"damage":58,"enemies":"Reptomancer","floor":41,"turns":4}],"seed_played":"-4891952413640654339","potions_obtained":[{"floor":1.0,"key":"Dexterity Potion"},{"floor":2.0,"key":"SteroidPotion"},{"floor":4.0,"key":"Poison Potion"},{"floor":7.0,"key":"SmokeBomb"},{"floor":11.0,"key":"SkillPotion"},{"floor":16,"key":"SpeedPotion"},{"floor":21,"key":"Weak Potion"},{"floor":31,"key":"Block Potion"},{"floor":33,"key":"Poison Potion"},{"floor":35,"key":"Fire Potion"},{"floor":36,"key":"Regen Potion"},{"floor":39,"key":"Poison Potion"}],"is_trial":false,"path_per_floor":["M","M","M","M","$","E","M","M","T","?","M","R","$","M","R","B",null,"M","M","M","M","$","R","M","?","T","R","M","?","?","E","R","B",null,"M","M","M","M","M","R","E"],"character_chosen":"THE_SILENT","items_purchased":["Happy Flower","Infinite Blades","Orrery"],"campfire_rested":4,"item_purchase_floors":[5,13,22],"current_hp_per_floor":[70,70,65,65,65,57,51,44,44,41,37,70,70,70,70,64,70,66,57,39,39,39,70,64,64,64,64,56,56,56,23,59,29,70,20,20,42,29,16,52,0,0],"gold":406,"neow_bonus":"","is_daily":true,"chose_seed":false,"campfire_upgraded":2,"win_rate":0.0,"timestamp":1610604667,"path_taken":["M","M","M","?","?","E","M","M","T","?","M","R","$","M","R","BOSS","M","M","M","M","$","R","M","?","T","R","M","?","?","E","R","BOSS","M","M","?","M","M","R","E"],"items_purchased_type":["Relic","Card","Relic"],"build_version":"2020-12-22","purchased_purges":0,"victory":false,"max_hp_per_floor":[70,70,70,70,70,70,70,70,70,70,70,70,70,70,70,70,70,70,70,70,70,70,70,70,70,70,70,70,70,70,70,70,70,70,70,70,70,70,70,70,70,70],"relic_stats":{"Regal Pillow":52,"Happy Flower":[30],"counters":[24,100],"Gambling Chip":[3],"Whetstone":["Dagger Spray","Poisoned Stab"],"Letter Opener":[84],"Smiling Mask":0,"obtain_stats":[{"Calling Bell":34,"Regal Pillow":6,"Happy Flower":5,"SacredBark":17,"Gambling Chip":34,"Oddly Smooth Stone":9,"Orrery":22,"Whetstone":26,"Letter Opener":34,"Smiling Mask":31,"Ancient Tea Set":34,"Ring of the Snake":0},{"Calling Bell":18,"Regal Pillow":5,"Happy Flower":4,"SacredBark":10,"Gambling Chip":18,"Oddly Smooth Stone":7,"Orrery":14,"Whetstone":15,"Letter Opener":18,"Smiling Mask":17,"Ancient Tea Set":18,"Ring of the Snake":0},{"Calling Bell":72,"Regal Pillow":13,"Happy Flower":10,"SacredBark":28,"Gambling Chip":72,"Oddly Smooth Stone":20,"Orrery":48,"Whetstone":52,"Letter Opener":72,"Smiling Mask":61,"Ancient Tea Set":72,"Ring of the Snake":0}],"Ring of the Snake":[48]},"card_choices":[{"not_picked":["Dodge and Roll"],"picked":"Blade Dance","floor":1.0},{"not_picked":["PiercingWail"],"picked":"Sucker Punch","floor":2.0},{"not_picked":["Acrobatics","Underhanded Strike"],"picked":"SKIP","floor":3.0},{"not_picked":["Blade Dance"],"picked":"Flying Knee","floor":4.0},{"not_picked":["PiercingWail"],"picked":"Finisher","floor":6.0},{"not_picked":["Dagger Throw","Crippling Poison"],"picked":"SKIP","floor":7.0},{"not_picked":["Prepared"],"picked":"Adrenaline","floor":8.0},{"not_picked":["Calculated Gamble"],"picked":"Cloak And Dagger","floor":11.0},{"not_picked":["Prepared","Calculated Gamble"],"picked":"SKIP","floor":14.0},{"not_picked":["Sucker Punch+1"],"picked":"Deadly Poison+1","floor":18},{"not_picked":["Outmaneuver","Unload"],"picked":"SKIP","floor":19},{"not_picked":["Sucker Punch","Prepared"],"picked":"SKIP","floor":21},{"not_picked":["Flying Knee"],"picked":"Blade Dance+1","floor":22},{"not_picked":["Flying Knee"],"picked":"Infinite Blades","floor":22},{"not_picked":["Dash"],"picked":"Backstab","floor":22},{"not_picked":["PiercingWail+1","Terror"],"picked":"SKIP","floor":24},{"not_picked":["Blade Dance+1"],"picked":"Cloak And Dagger","floor":28},{"not_picked":["Deadly Poison+1"],"picked":"After Image","floor":31},{"not_picked":["Tools of the Trade"],"picked":"A Thousand Cuts","floor":33},{"not_picked":["Quick Slash+1"],"picked":"Backstab+1","floor":35},{"not_picked":["Dodge and Roll","Masterful Stab+1"],"picked":"SKIP","floor":36},{"not_picked":["Calculated Gamble"],"picked":"Cloak And Dagger+1","floor":37},{"not_picked":["Flying Knee"],"picked":"Caltrops","floor":38},{"not_picked":["Quick Slash","Well Laid Plans+1"],"picked":"SKIP","floor":39}],"player_experience":1557899,"relics_obtained":[{"floor":6.0,"key":"Regal Pillow"},{"floor":9.0,"key":"Oddly Smooth Stone"},{"floor":26,"key":"Whetstone"},{"floor":31,"key":"Smiling Mask"},{"floor":34,"key":"Ancient Tea Set"},{"floor":34,"key":"Letter Opener"},{"floor":34,"key":"Gambling Chip"}],"event_choices":[{"damage_healed":0.0,"max_hp_gain":0.0,"max_hp_loss":0.0,"gold_gain":0.0,"event_name":"Scrap Ooze","player_choice":"Fled","floor":10.0,"gold_loss":0.0,"damage_taken":3.0},{"damage_healed":0,"gold_gain":0,"player_choice":"Ignored","damage_taken":0,"max_hp_gain":0,"max_hp_loss":0,"event_name":"Ghosts","floor":25,"gold_loss":0},{"damage_healed":0,"gold_gain":99,"player_choice":"Stole From Cult","damage_taken":0,"max_hp_gain":0,"max_hp_loss":0,"event_name":"Nest","floor":29,"gold_loss":0},{"damage_healed":0,"gold_gain":0,"cards_transformed":["Expertise"],"player_choice":"Transformed","damage_taken":0,"max_hp_gain":0,"max_hp_loss":0,"event_name":"Transmorgrifier","floor":30,"gold_loss":0,"cards_obtained":["Slice"]}],"is_beta":false,"boss_relics":[{"not_picked":["Sozu","Ectoplasm"],"picked":"SacredBark"},{"not_picked":["Empty Cage","SlaversCollar"],"picked":"Calling Bell"}],"items_purged_floors":[],"is_endless":false,"potions_floor_spawned":[1,2,4,7,11,16,20,21,31,33,35,36,39],"killed_by":"Reptomancer","ascension_level":0}}