{"host":"4ag909k4xupnj24b","time":1610611613,"event":{"mods":["BaseMod","Minty Spire (QoL Compilation)","StSLib"],"gold_per_floor":[112,129,17,28,43,43,69,88,88,53,80,80,155,205,205,276,276,290,318,336,6,26,26,26],"floor_reached":23,"language":"ENG","playtime":699,"items_purged":[],"score":377,"play_id":"8f956a82-951d-4457-ac2f-7d315267e0bf","local_time":"20210114000653","is_ascension_mode":true,"campfire_choices":[{"data":"Loop","floor":6,"key":"SMITH"},{"data":"White Noise","floor":12,"key":"SMITH"},{"floor":15,"key":"REST"}],"circlet_count":0,"master_deck":["AscendersBane","Strike_B","Strike_B","Strike_B","Strike_B","Defend_B","Defend_B","Defend_B","Defend_B","Zap","Dualcast","Darkness","Leap","Loop+1","Melter","Coolheaded","Streamline","White Noise+1","Echo Form","Amplify","Ball Lightning+1","White Noise","Chill","White Noise","White Noise"],"relics":["Cracked Core","NeowsBlessing","Unceasing Top","HornCleat","Peace Pipe","Nuclear Battery","Red Mask","Bottled Tornado"],"acts_visited":["Exordium","TheCity"],"potions_floor_usage":[11,23,23],"damage_taken":[{"damage":0,"enemies":"Cultist","floor":1,"turns":1},{"damage":0,"enemies":"Jaw Worm","floor":2,"turns":1},{"damage":0,"enemies":"2 Louse","floor":4,"turns":1},{"damage":8,"enemies":"Exordium Wildlife","floor":5,"turns":6},{"damage":13,"enemies":"Lagavulin","floor":7,"turns":6},{"damage":23,"enemies":"Large Slime","floor":8,"turns":4},{"damage":15,"enemies":"Gremlin Nob","floor":11,"turns":4},{"damage":35,"enemies":"Slime Boss","floor":16,"turns":6},{"damage":0,"enemies":"Spheric Guardian","floor":18,"turns":2},{"damage":29,"enemies":"Masked Bandits","floor":19,"turns":4},{"damage":0,"enemies":"2 Thieves","floor":20,"turns":2},{"damage":24,"enemies":"Cultist and Chosen","floor":22,"turns":6},{"damage":13,"enemies":"Book of Stabbing","floor":23,"turns":2}],"seed_played":"2925846815396717473","potions_obtained":[{"floor":1,"key":"AttackPotion"},{"floor":5,"key":"FairyPotion"},{"floor":16,"key":"Regen Potion"},{"floor":19,"key":"PowerPotion"},{"floor":20,"key":"Fruit Juice"}],"is_trial":false,"path_per_floor":["M","M","$","M","M","R","E","M","T","?","E","R","?","?","R","B",null,"M","?","M","$","M","E"],"character_chosen":"DEFECT","items_purchased":["Loop","Melter","Bottled Tornado","White Noise"],"campfire_rested":1,"item_purchase_floors":[3,3,21,21],"current_hp_per_floor":[64,64,64,64,56,56,43,20,20,37,22,22,11,11,32,21,59,59,30,30,30,6,0,0],"gold":26,"neow_bonus":"THREE_ENEMY_KILL","is_daily":false,"chose_seed":false,"campfire_upgraded":2,"win_rate":0.0,"timestamp":1610611613,"path_taken":["M","M","$","M","M","R","E","M","T","?","E","R","?","?","R","BOSS","M","?","M","$","M","E"],"items_purchased_type":["Card","Card","Relic","Card"],"build_version":"2020-12-22","purchased_purges":0,"victory":false,"max_hp_per_floor":[71,71,71,71,71,71,71,71,71,71,71,71,71,71,71,71,71,71,71,71,71,71,76,76],"card_choices":[{"not_picked":["Conserve Battery","Hologram"],"picked":"Darkness","floor":1},{"not_picked":["Recycle","Turbo"],"picked":"Leap","floor":2},{"not_picked":["Turbo","Steam"],"picked":"Coolheaded","floor":4},{"not_picked":["Gash","Recycle"],"picked":"Streamline","floor":5},{"not_picked":["Steam","Steam Power"],"picked":"White Noise","floor":7},{"not_picked":["Coolheaded","Hello World"],"picked":"Echo Form","floor":8},{"not_picked":["Barrage","Tempest","Steam"],"picked":"SKIP","floor":11},{"not_picked":["Echo Form","Rainbow"],"picked":"Amplify","floor":16},{"not_picked":["Stack+1","Scrape"],"picked":"Ball Lightning+1","floor":18},{"not_picked":["Force Field","Static Discharge"],"picked":"White Noise","floor":19},{"not_picked":["Stack","Gash"],"picked":"Chill","floor":20},{"not_picked":["Auto Shields","FTL"],"picked":"White Noise","floor":22}],"player_experience":830586,"relics_obtained":[{"floor":7,"key":"Unceasing Top"},{"floor":9,"key":"HornCleat"},{"floor":11,"key":"Peace Pipe"},{"floor":19,"key":"Red Mask"}],"event_choices":[{"damage_healed":17,"gold_gain":0,"player_choice":"Healed","damage_taken":0,"max_hp_gain":0,"max_hp_loss":0,"event_name":"The Cleric","floor":10,"gold_loss":35},{"damage_healed":0,"gold_gain":75,"player_choice":"Gather Gold","damage_taken":11,"max_hp_gain":0,"max_hp_loss":0,"event_name":"World of Goop","floor":13,"gold_loss":0},{"damage_healed":0,"gold_gain":50,"player_choice":"Gained Gold","damage_taken":0,"max_hp_gain":0,"max_hp_loss":0,"event_name":"Golden Wing","floor":14,"gold_loss":0},{"damage_healed":0,"gold_gain":0,"player_choice":"Fought Bandits","damage_taken":0,"max_hp_gain":0,"max_hp_loss":0,"event_name":"Masked Bandits","floor":19,"gold_loss":0}],"is_beta":false,"boss_relics":[{"not_picked":["Philosopher\u0027s Stone","Coffee Dripper"],"picked":"Nuclear Battery"}],"items_purged_floors":[],"is_endless":false,"potions_floor_spawned":[1,5,7,16,19,20],"killed_by":"Book of Stabbing","ascension_level":15}}