{"host":"91ruqvp7hiryodqd","time":1610611855,"event":{"mods":["AchievementEnabler","BaseMod","Colored Map","Colored Powertips","Filter the Spire","Minty Spire (QoL Compilation)","Relic Stats","StSLib"],"gold_per_floor":[117,67,67,86,9,9,30,30,30,69,69,69,69,92,92,223,223,244,244,257,257,39,39,75,75,75,93,114,114,133,133,133,133,133],"floor_reached":33,"language":"ENG","playtime":1201,"items_purged":["Fasting2"],"score":276,"play_id":"0dccf605-f6f5-4eda-825f-b6b5a8b902b7","local_time":"20210114151055","is_ascension_mode":true,"campfire_choices":[{"data":"Eruption","floor":6,"key":"SMITH"},{"data":"Vigilance","floor":8,"key":"SMITH"},{"floor":13,"key":"REST"},{"floor":15,"key":"REST"},{"data":"RitualDagger","floor":23,"key":"SMITH"},{"floor":29,"key":"REST"},{"floor":32,"key":"REST"}],"circlet_count":0,"master_deck":["Eruption+1","Vigilance+1","InnerPeace","Halt","Tantrum","EmptyFist","ConjureBlade+1","Crescendo+1","Vengeance+1","SignatureMove","Prostrate+1","Wallop","TalkToTheHand","Fasting2","EmptyBody+1","RitualDagger+1","Consecrate","Vault+1","Prostrate+1","ThirdEye+1"],"relics":["VioletLotus","Golden Idol","Shuriken","Toxic Egg 2","Orichalcum","Mercury Hourglass","Pandora\u0027s Box","TheAbacus","Bottled Tornado","Damaru"],"acts_visited":["Exordium","TheCity"],"potions_floor_usage":[10,16,16,28,33,33],"damage_taken":[{"damage":8,"enemies":"2 Louse","floor":1,"turns":5},{"damage":10,"enemies":"Jaw Worm","floor":4,"turns":6},{"damage":0,"enemies":"Small Slimes","floor":7,"turns":2},{"damage":20,"enemies":"Gremlin Nob","floor":10,"turns":3},{"damage":5,"enemies":"Looter","floor":14,"turns":3},{"damage":12,"enemies":"Hexaghost","floor":16,"turns":6},{"damage":0,"enemies":"Spheric Guardian","floor":18,"turns":1},{"damage":0,"enemies":"Chosen","floor":20,"turns":4},{"damage":52,"enemies":"Book of Stabbing","floor":24,"turns":9},{"damage":8,"enemies":"3 Cultists","floor":27,"turns":3},{"damage":0,"enemies":"Snake Plant","floor":28,"turns":1},{"damage":8,"enemies":"Centurion and Healer","floor":30,"turns":4},{"damage":85,"enemies":"Champ","floor":33,"turns":7}],"seed_played":"7006293031187505173","potions_obtained":[{"floor":4,"key":"ColorlessPotion"},{"floor":10,"key":"Swift Potion"},{"floor":14,"key":"Block Potion"},{"floor":16,"key":"FearPotion"},{"floor":20,"key":"FearPotion"},{"floor":24,"key":"Swift Potion"},{"floor":27,"key":"LiquidMemories"}],"is_trial":false,"path_per_floor":["M","?","?","M","$","R","M","R","T","E","?","T","R","M","R","B",null,"M","?","M","?","$","R","E","?","T","M","M","R","M","?","R","B"],"character_chosen":"WATCHER","items_purchased":["Tantrum","TheAbacus"],"campfire_rested":4,"item_purchase_floors":[5,22],"current_hp_per_floor":[64,64,46,36,36,36,36,36,36,16,9,9,30,25,46,34,72,72,72,72,66,66,66,14,14,14,6,6,27,19,19,40,0,0],"gold":133,"neow_bonus":"BOSS_RELIC","is_daily":false,"chose_seed":false,"campfire_upgraded":3,"win_rate":0.0,"timestamp":1610611855,"path_taken":["M","?","?","M","$","R","?","R","T","E","?","?","R","M","R","BOSS","M","?","M","?","$","R","E","?","T","?","M","R","M","?","R","BOSS"],"items_purchased_type":["Card","Relic"],"build_version":"2020-12-22","purchased_purges":1,"victory":false,"max_hp_per_floor":[72,72,72,72,72,72,72,72,72,72,72,72,72,72,72,72,72,72,72,72,72,72,72,72,72,72,72,72,72,72,72,72,72,72],"relic_stats":{"TheAbacus":[30],"counters":[13,54],"Golden Idol":73,"Shuriken":[9],"Pandora\u0027s Box":["Vengeance","SignatureMove","Prostrate","Wallop","TalkToTheHand","Fasting2","Fasting2"],"VioletLotus":[12],"Orichalcum":[24],"obtain_stats":[{"TheAbacus":22,"Golden Idol":3,"Shuriken":9,"Damaru":26,"Pandora\u0027s Box":17,"VioletLotus":0,"PureWater":0,"Toxic Egg 2":10,"Orichalcum":11,"Bottled Tornado":24,"Mercury Hourglass":12},{"TheAbacus":8,"Golden Idol":1,"Shuriken":3,"Damaru":9,"Pandora\u0027s Box":6,"VioletLotus":0,"PureWater":0,"Toxic Egg 2":4,"Orichalcum":4,"Bottled Tornado":9,"Mercury Hourglass":4},{"TheAbacus":30,"Golden Idol":5,"Shuriken":13,"Damaru":39,"Pandora\u0027s Box":25,"VioletLotus":0,"PureWater":0,"Toxic Egg 2":16,"Orichalcum":16,"Bottled Tornado":39,"Mercury Hourglass":16}],"Mercury Hourglass":[114]},"card_choices":[{"not_picked":["ThirdEye","CutThroughFate"],"picked":"InnerPeace","floor":1},{"not_picked":["Weave","CrushJoints"],"picked":"Halt","floor":4},{"not_picked":["WreathOfFlame","InnerPeace"],"picked":"EmptyFist","floor":7},{"not_picked":["Weave","SignatureMove"],"picked":"ConjureBlade+1","floor":10},{"not_picked":["FlyingSleeves","Wireheading"],"picked":"Crescendo+1","floor":14},{"not_picked":["Collect+1","SashWhip+1","BowlingBash"],"picked":"SKIP","floor":18},{"not_picked":["PathToVictory+1","InnerPeace+1","BowlingBash"],"picked":"SKIP","floor":20},{"not_picked":["WreathOfFlame+1","EmptyFist"],"picked":"Consecrate","floor":24},{"not_picked":["FlyingSleeves","EmptyBody+1"],"picked":"Vault+1","floor":27},{"not_picked":["PathToVictory+1","EmptyBody+1"],"picked":"Prostrate+1","floor":28},{"not_picked":["Evaluate+1","CrushJoints+1"],"picked":"ThirdEye+1","floor":30}],"player_experience":59191,"relics_obtained":[{"floor":9,"key":"Shuriken"},{"floor":10,"key":"Toxic Egg 2"},{"floor":12,"key":"Mercury Hourglass"},{"floor":24,"key":"Bottled Tornado"},{"floor":26,"key":"Damaru"}],"event_choices":[{"cards_removed":["Strike_P"],"damage_healed":0,"gold_gain":0,"player_choice":"Card Removal","damage_taken":0,"max_hp_gain":0,"max_hp_loss":0,"event_name":"The Cleric","floor":2,"gold_loss":50},{"damage_healed":0,"gold_gain":0,"player_choice":"Take Damage","damage_taken":18,"relics_obtained":["Golden Idol"],"max_hp_gain":0,"max_hp_loss":0,"event_name":"Golden Idol","floor":3,"gold_loss":0},{"damage_healed":0,"gold_gain":0,"player_choice":"Success","damage_taken":7,"relics_obtained":["Orichalcum"],"max_hp_gain":0,"max_hp_loss":0,"event_name":"Scrap Ooze","floor":11,"gold_loss":0},{"damage_healed":0,"gold_gain":0,"player_choice":"Read","damage_taken":0,"max_hp_gain":0,"max_hp_loss":0,"event_name":"The Library","floor":19,"gold_loss":0,"cards_obtained":["EmptyBody"]},{"damage_healed":0,"gold_gain":0,"player_choice":"Joined the Cult","damage_taken":6,"max_hp_gain":0,"max_hp_loss":0,"event_name":"Nest","floor":21,"gold_loss":0,"cards_obtained":["RitualDagger"]},{"damage_healed":0,"gold_gain":0,"player_choice":"Ignored","damage_taken":0,"max_hp_gain":0,"max_hp_loss":0,"event_name":"Ghosts","floor":25,"gold_loss":0},{"damage_healed":0,"gold_gain":0,"player_choice":"Leave","damage_taken":0,"max_hp_gain":0,"max_hp_loss":0,"event_name":"FaceTrader","floor":31,"gold_loss":0}],"is_beta":false,"boss_relics":[{"not_picked":["SacredBark","Astrolabe"],"picked":"Pandora\u0027s Box"}],"items_purged_floors":[22],"is_endless":false,"potions_floor_spawned":[4,10,14,16,20,24,27],"killed_by":"Champ","ascension_level":1}}