{"host":"z9grmtg2w0nmz8n1","time":1610598834,"event":{"gold_per_floor":[112,112,40,55,74,74,100,114,140,159,177,194,227,245,245,245,245],"floor_reached":16,"playtime":799,"items_purged":[],"score":122,"play_id":"ee22da79-d50e-4a9c-8eca-3c8fc1ec017e","local_time":"20210114023354","is_ascension_mode":true,"campfire_choices":[{"floor":6,"key":"RECALL"},{"floor":15,"key":"REST"}],"neow_cost":"NONE","seed_source_timestamp":1661518106489300,"circlet_count":0,"master_deck":["Runesmith:Strike_RS","Runesmith:Strike_RS","Runesmith:Strike_RS","Runesmith:Strike_RS","Runesmith:Defend_RS","Runesmith:Defend_RS","Runesmith:Defend_RS+1","Runesmith:Defend_RS+1","Runesmith:CraftFirestone+1","Runesmith:Attraction","Runesmith:LithiumIon","Runesmith:HeatedChisel","Runesmith:Grindstone","Runesmith:Firewall","Runesmith:CraftMagma","Runesmith:RuneHurl","Runesmith:MakeshiftArmor","Runesmith:Fortify","Runesmith:EarthShield"],"relics":["Runesmith:BrokenRuby","War Paint","CCEMRelics:JestersCrown","StuffTheSpire:Mouthbags"],"potions_floor_usage":[12,13],"damage_taken":[{"damage":0,"enemies":"Jaw Worm","floor":1,"turns":4},{"damage":0,"enemies":"Cultist","floor":4,"turns":4},{"damage":0,"enemies":"Small Slimes","floor":5,"turns":3},{"damage":34,"enemies":"Gremlin Nob","floor":7,"turns":5},{"damage":0,"enemies":"Exordium Wildlife","floor":8,"turns":3},{"damage":11,"enemies":"Gremlin Gang","floor":10,"turns":5},{"damage":6,"enemies":"conspire:2 RoseBushes","floor":11,"turns":5},{"damage":0,"enemies":"Looter","floor":12,"turns":3},{"damage":4,"enemies":"3 Sentries","floor":13,"turns":5},{"damage":0,"enemies":"Exordium Wildlife","floor":14,"turns":4},{"damage":36,"enemies":"Hexaghost","floor":16,"turns":9}],"seed_played":"-8642503145393883460","potions_obtained":[{"floor":1,"key":"Energy Potion"},{"floor":10,"key":"jedi:hoardpotion"},{"floor":11,"key":"Strength Potion"},{"floor":12,"key":"BlessingOfTheForge"}],"is_trial":false,"path_per_floor":["M","?","$","M","M","R","E","M","T","M","M","M","E","M","R","B"],"character_chosen":"RUNESMITH_CLASS","items_purchased":["Runesmith:LithiumIon"],"campfire_rested":1,"item_purchase_floors":[3],"current_hp_per_floor":[70,70,70,70,70,70,36,36,36,25,19,19,15,15,36,0,0],"gold":245,"neow_bonus":"RANDOM_COMMON_RELIC","is_prod":false,"is_daily":false,"chose_seed":false,"campfire_upgraded":0,"win_rate":0,"timestamp":1610598834,"path_taken":["M","?","$","M","M","R","E","?","T","M","M","M","E","M","R","BOSS"],"build_version":"2020-12-22","purchased_purges":0,"victory":false,"max_hp_per_floor":[70,70,70,70,70,70,70,70,70,70,70,70,70,70,70,70,70],"card_choices":[{"not_picked":["Runesmith:HammerAndChisel","Runesmith:Repurpose"],"picked":"Runesmith:Attraction","floor":1},{"not_picked":["Runesmith:BackupBattery","Runesmith:Repurpose"],"picked":"Runesmith:HeatedChisel","floor":4},{"not_picked":["Runesmith:Accelerate","Runesmith:EarthShield"],"picked":"Runesmith:Grindstone","floor":5},{"not_picked":["Runesmith:Discharge","Runesmith:CraftObretio","Runesmith:Overpower"],"picked":"SKIP","floor":7},{"not_picked":["Runesmith:ChiselStab","Runesmith:StaticCage","Runesmith:Discharge"],"picked":"SKIP","floor":8},{"not_picked":["Runesmith:Accelerate","Runesmith:Retool","Runesmith:HeatExchange"],"picked":"SKIP","floor":10},{"not_picked":["Runesmith:BackupBattery","Runesmith:Repurpose"],"picked":"Runesmith:Firewall","floor":11},{"not_picked":["Runesmith:BackupBattery","Runesmith:Accelerate"],"picked":"Runesmith:EarthShield","floor":13},{"not_picked":["Runesmith:HeatExchange","Runesmith:RuneHurl","Runesmith:ChiselStab"],"picked":"SKIP","floor":14}],"player_experience":860414,"relics_obtained":[{"floor":7,"key":"CCEMRelics:JestersCrown"},{"floor":13,"key":"StuffTheSpire:Mouthbags"}],"event_choices":[{"damage_healed":0,"gold_gain":0,"player_choice":"Upgraded","damage_taken":0,"max_hp_gain":0,"max_hp_loss":0,"event_name":"Upgrade Shrine","floor":2,"gold_loss":0,"cards_upgraded":["Runesmith:CraftFirestone"]}],"is_beta":false,"boss_relics":[],"items_purged_floors":[],"is_endless":false,"potions_floor_spawned":[1,10,11,12],"killed_by":"Hexaghost","ascension_level":1}}