{"host":"8i4doyxqctgl5qb0","time":1610667120,"event":{"mods":["AchievementEnabler","BaseMod","Block Reminder","Colored Powertips","Downfall","Minty Spire (QoL Compilation)","Permanent Neow","Potion Indicator Mod","Rare Cards Sparkle","StSLib","SuperFastMode","The Jungle"],"gold_per_floor":[109,184,31,47,47,47,82,82,82,82,95,115,115,81,81,81,81],"floor_reached":16,"language":"ZHS","playtime":381,"items_purged":[],"score":145,"play_id":"359ea4a7-9cfc-474b-a7f1-f85526df3765","local_time":"20210115073200","is_ascension_mode":true,"campfire_choices":[{"data":"Zap","floor":6,"key":"SMITH"},{"floor":8,"key":"REST"},{"floor":10,"key":"REST"},{"floor":15,"key":"REST"}],"circlet_count":0,"master_deck":["Strike_B","Strike_B","Strike_B","Defend_B","Defend_B","Defend_B","Defend_B","Zap+1","Dualcast","Seek","Steam","Conserve Battery","Regret","Storm"],"relics":["Cracked Core","Toy Ornithopter","Regal Pillow","White Beast Statue","Darkstone Periapt"],"acts_visited":["Exordium"],"potions_floor_usage":[7,14,16,16],"damage_taken":[{"damage":10.0,"enemies":"Small Slimes","floor":1.0,"turns":4.0},{"damage":5,"enemies":"2 Louse","floor":4,"turns":3},{"damage":40,"enemies":"3 Sentries","floor":7,"turns":10},{"damage":7,"enemies":"Jaw Worm","floor":11,"turns":3},{"damage":23,"enemies":"Large Slime","floor":12,"turns":6},{"damage":16,"enemies":"Exordium Thugs","floor":14,"turns":6},{"damage":101,"enemies":"Hexaghost","floor":16,"turns":14}],"seed_played":"8046306857426257365","potions_obtained":[{"floor":1.0,"key":"GamblersBrew"},{"floor":7,"key":"GamblersBrew"},{"floor":11,"key":"EssenceOfSteel"},{"floor":12,"key":"Dexterity Potion"},{"floor":14,"key":"SmokeBomb"}],"is_trial":false,"path_per_floor":["M","?","$","M","?","R","E","R","T","R","M","M","?","M","R","B"],"character_chosen":"DEFECT","items_purchased":["Toy Ornithopter"],"campfire_rested":3,"item_purchase_floors":[3],"current_hp_per_floor":[65,54,54,49,42,42,7,46,46,82,75,52,58,47,88,0,0],"gold":81,"neow_bonus":"TEN_PERCENT_HP_BONUS","is_daily":false,"chose_seed":false,"campfire_upgraded":1,"win_rate":0.0,"timestamp":1610667120,"path_taken":["M","?","$","M","?","R","E","R","T","R","?","M","?","M","R","BOSS"],"items_purchased_type":["Relic"],"build_version":"2020-12-22","purchased_purges":0,"victory":false,"max_hp_per_floor":[82,82,82,82,82,82,82,82,82,82,82,82,88,88,88,88,88],"card_choices":[{"not_picked":["Skim","Sweeping Beam","Leap"],"picked":"SKIP","floor":1.0},{"not_picked":["Rebound","Compile Driver"],"picked":"Seek","floor":4},{"not_picked":["Compile Driver","Genetic Algorithm","Streamline"],"picked":"SKIP","floor":7},{"not_picked":["Steam Power","Stack"],"picked":"Steam","floor":11},{"not_picked":["Rebound","Hologram"],"picked":"Conserve Battery","floor":12},{"not_picked":["Coolheaded","Compile Driver"],"picked":"Storm","floor":14}],"player_experience":176649,"relics_obtained":[{"floor":7,"key":"Regal Pillow"},{"floor":9,"key":"White Beast Statue"}],"event_choices":[{"damage_healed":0.0,"max_hp_gain":0.0,"max_hp_loss":0.0,"gold_gain":75.0,"event_name":"World of Goop","player_choice":"Gather Gold","floor":2.0,"gold_loss":0.0,"damage_taken":11.0},{"cards_removed":["Strike_B"],"damage_healed":0,"gold_gain":0,"player_choice":"Card Removal","damage_taken":7,"max_hp_gain":0,"max_hp_loss":0,"event_name":"Golden Wing","floor":5,"gold_loss":0},{"damage_healed":0,"gold_gain":0,"player_choice":"Box","damage_taken":0,"relics_obtained":["Darkstone Periapt"],"max_hp_gain":0,"max_hp_loss":0,"event_name":"Big Fish","floor":13,"gold_loss":0,"cards_obtained":["Regret"]}],"is_beta":false,"boss_relics":[],"items_purged_floors":[],"is_endless":false,"potions_floor_spawned":[1,7,11,12,14],"killed_by":"Hexaghost","ascension_level":9}}