{"host":"0tiuc76yumknr6qf","time":1610589808,"event":{"mods":["Act Like it!","BaseMod","Colored Map","DeckTracker","Hallownest","Highlight Path","Minty Spire (QoL Compilation)","StSLib"],"gold_per_floor":[112,112,124,9,9,9,24,24,24,24,56,56,56,71,71,170,170,183,195,209,209,209,209,119,119,171,185,185,215,215,235,235,331,331,350,350,350],"floor_reached":36,"language":"ENG","playtime":2804,"items_purged":[],"score":455,"play_id":"fae9985b-08ed-4131-bd10-dbe62bff52ff","local_time":"20210113200328","is_ascension_mode":false,"campfire_choices":[{"data":"Consume","floor":6,"key":"SMITH"},{"data":"Coolheaded","floor":8,"key":"SMITH"},{"data":"All For One","floor":12,"key":"SMITH"},{"data":"Zap","floor":15,"key":"SMITH"},{"data":"Creative AI","floor":23,"key":"SMITH"},{"data":"Dualcast","floor":25,"key":"SMITH"},{"data":"Cold Snap","floor":28,"key":"SMITH"},{"data":"Ball Lightning","floor":32,"key":"SMITH"}],"circlet_count":0,"master_deck":["Zap+1","Dualcast+1","Consume+1","Hallownest:skillSlugHide","Hallownest:skillSlugHide","Hallownest:skillSlugHide","Hallownest:skillSlugHide","Hallownest:skillSlugHide","Coolheaded+1","Cold Snap+1","All For One+1","Stack+1","Creative AI+1","Conserve Battery+1","White Noise+1","Gash","Ball Lightning+1","Seek+1","Stack+1"],"relics":["Sozu","Odd Mushroom","Pear","TungstenRod","Toxic Egg 2","Empty Cage","Hallownest:StagBellRelic1","Vajra","Ornamental Fan","Black Star"],"acts_visited":["Exordium","Hallownest:Greenpath","Hallownest:CityofTears"],"potions_floor_usage":[],"damage_taken":[{"damage":3,"enemies":"Hallownest:2_MossCreeps","floor":1,"turns":6},{"damage":12,"enemies":"Hallownest:monsterHuskWarrior","floor":3,"turns":5},{"damage":0,"enemies":"Hallownest:2_Baldur","floor":7,"turns":5},{"damage":0,"enemies":"Hallownest:eliteMossKnight","floor":11,"turns":24},{"damage":0,"enemies":"Hallownest:monsterMossCharger","floor":14,"turns":6},{"damage":11,"enemies":"Hallownest:BossFalseKnight","floor":16,"turns":10},{"damage":5,"enemies":"Hallownest:2_Mistakes","floor":18,"turns":11},{"damage":19,"enemies":"Hallownest:Flukemon_and_Top","floor":19,"turns":8},{"damage":18,"enemies":"Hallownest:Master_and_Novice","floor":20,"turns":6},{"damage":0,"enemies":"Hallownest:2_Husk_Sentries","floor":27,"turns":9},{"damage":0,"enemies":"Hallownest:Nosk","floor":29,"turns":9},{"damage":0,"enemies":"Hallownest:monsterShrumalOgre","floor":31,"turns":7},{"damage":15,"enemies":"Hallownest:BossSoulMaster","floor":33,"turns":10},{"damage":24,"enemies":"Hallownest:3_Siblings","floor":35,"turns":7},{"damage":64,"enemies":"Hallownest:2_Primals","floor":36,"turns":3}],"seed_played":"1889406186578793681","potions_obtained":[],"is_trial":false,"path_per_floor":["M","?","M","?","$","R","M","R","T","?","?","R","T","M","R","B",null,"M","M","M","?","?","R","?","R","T","M","R","E","$","M","R","B",null,"M","?"],"character_chosen":"DEFECT","items_purchased":[],"campfire_rested":0,"item_purchase_floors":[],"current_hp_per_floor":[72,72,60,60,60,60,60,60,70,70,70,70,70,70,70,59,85,80,61,43,40,40,40,40,40,40,40,40,40,40,40,40,25,85,61,0,0],"gold":350,"neow_bonus":"BOSS_RELIC","is_daily":false,"chose_seed":false,"campfire_upgraded":8,"win_rate":0.0,"timestamp":1610589808,"path_taken":["M","?","M","?","?","R","M","R","T","?","?","R","?","M","R","BOSS","M","M","M","?","?","R","?","R","T","M","R","E","$","M","R","BOSS","M","?"],"items_purchased_type":[],"build_version":"2020-12-22","purchased_purges":0,"victory":false,"max_hp_per_floor":[75,75,75,75,75,75,75,75,85,85,85,85,85,85,85,85,85,85,85,85,85,85,85,85,85,85,85,85,85,85,85,85,85,85,85,85,85],"card_choices":[{"not_picked":["Streamline","Coolheaded"],"picked":"Consume","floor":1},{"not_picked":["FTL","Darkness"],"picked":"Coolheaded","floor":3},{"not_picked":["Leap","Go for the Eyes"],"picked":"Cold Snap","floor":7},{"not_picked":["Recycle","Rebound"],"picked":"All For One","floor":11},{"not_picked":["Chill+1","Turbo+1"],"picked":"Stack+1","floor":14},{"not_picked":["Rainbow+1","Core Surge"],"picked":"Creative AI","floor":16},{"not_picked":["Hello World+1","Aggregate+1","Doom and Gloom+1"],"picked":"SKIP","floor":18},{"not_picked":["Stack+1","Cold Snap"],"picked":"Conserve Battery+1","floor":19},{"not_picked":["Double Energy+1","Steam+1","Barrage"],"picked":"SKIP","floor":20},{"not_picked":["Leap+1","Compile Driver"],"picked":"White Noise+1","floor":27},{"not_picked":["Hologram+1","Beam Cell"],"picked":"Gash","floor":29},{"not_picked":["Reprogram+1","Self Repair"],"picked":"Ball Lightning","floor":31},{"not_picked":["Machine Learning","Electrodynamics"],"picked":"Seek+1","floor":33},{"not_picked":["Auto Shields+1","Heatsinks"],"picked":"Stack+1","floor":35}],"player_experience":1881623,"relics_obtained":[{"floor":9,"key":"Pear"},{"floor":11,"key":"TungstenRod"},{"floor":13,"key":"Toxic Egg 2"},{"floor":26,"key":"Vajra"},{"floor":29,"key":"Ornamental Fan"}],"event_choices":[],"is_beta":false,"boss_relics":[{"not_picked":["Calling Bell","Tiny House"],"picked":"Empty Cage"},{"not_picked":["Runic Pyramid","Velvet Choker"],"picked":"Black Star"}],"items_purged_floors":[],"is_endless":false,"potions_floor_spawned":[14,19,29,31],"killed_by":"Hallownest:2_Primals","ascension_level":0}}