{"host":"52lujqhsyicpcskq","time":1610607894,"event":{"mods":["BaseMod","Colored Map","DeckTracker","Minty Spire (QoL Compilation)","Permanent Neow","StSLib","SuperFastMode","everything is the same but u backflip on backflip"],"gold_per_floor":[119,130,55,74,84,109,109,64,132,132,147,173,173,189,189,189,189],"floor_reached":16,"language":"KOR","playtime":718,"items_purged":["Defend_G"],"score":179,"play_id":"ba936bd2-564d-4d49-af96-0009ae91cad3","local_time":"20210114160454","is_ascension_mode":true,"campfire_choices":[{"floor":7,"key":"REST"},{"floor":13,"key":"REST"},{"data":"Poisoned Stab","floor":15,"key":"SMITH"}],"circlet_count":0,"master_deck":["AscendersBane","Strike_G","Strike_G","Strike_G","Strike_G","Strike_G","Defend_G","Defend_G","Defend_G","Defend_G","Survivor","Neutralize","Panacea","Dash","Dodge and Roll","Deflect","Malaise","Adrenaline","Dagger Spray","Poisoned Stab+1","Escape Plan","Crippling Poison"],"relics":["Ring of the Snake","Torii","Ornamental Fan","FaceOfCleric","Omamori"],"acts_visited":["Exordium"],"potions_floor_usage":[12],"damage_taken":[{"damage":0,"enemies":"Small Slimes","floor":1,"turns":3},{"damage":0,"enemies":"Cultist","floor":2,"turns":4},{"damage":2,"enemies":"Jaw Worm","floor":4,"turns":5},{"damage":5,"enemies":"Red Slaver","floor":5,"turns":4},{"damage":52,"enemies":"Gremlin Nob","floor":6,"turns":8},{"damage":0,"enemies":"Looter","floor":8,"turns":5},{"damage":0,"enemies":"Gremlin Gang","floor":11,"turns":4},{"damage":14,"enemies":"3 Sentries","floor":12,"turns":11},{"damage":0,"enemies":"Red Slaver","floor":14,"turns":4},{"damage":12,"enemies":"Slime Boss","floor":16,"turns":8}],"seed_played":"-8218992052591949215","potions_obtained":[{"floor":6,"key":"AttackPotion"},{"floor":12,"key":"DuplicationPotion"},{"floor":14,"key":"SpeedPotion"}],"is_trial":false,"path_per_floor":["M","M","$","M","M","E","R","M","T","?","M","E","R","M","R","B"],"character_chosen":"THE_SILENT","items_purchased":[],"campfire_rested":2,"item_purchase_floors":[],"current_hp_per_floor":[63,63,63,61,56,4,25,25,25,25,26,13,34,35,35,23,23],"gold":189,"neow_bonus":"RANDOM_COLORLESS","is_daily":false,"chose_seed":false,"campfire_upgraded":1,"win_rate":0.0,"timestamp":1610607894,"path_taken":["M","M","$","M","M","E","R","M","T","?","M","E","R","M","R","BOSS"],"items_purchased_type":[],"build_version":"2020-12-22","purchased_purges":1,"victory":false,"max_hp_per_floor":[70,70,70,70,70,70,70,70,70,70,71,72,72,73,73,73,73],"card_choices":[{"not_picked":["Trip","Discovery"],"picked":"Panacea","floor":0},{"not_picked":["Flying Knee","Prepared"],"picked":"Dash","floor":1},{"not_picked":["Calculated Gamble","Prepared"],"picked":"Dodge and Roll","floor":2},{"not_picked":["Prepared","Dodge and Roll"],"picked":"Deflect","floor":4},{"not_picked":["Acrobatics","Choke"],"picked":"Malaise","floor":5},{"not_picked":["Catalyst","Skewer"],"picked":"Adrenaline","floor":6},{"not_picked":["Predator","Acrobatics"],"picked":"Dagger Spray","floor":8},{"not_picked":["Cloak And Dagger","Quick Slash"],"picked":"Poisoned Stab","floor":11},{"not_picked":["Skewer","Endless Agony"],"picked":"Escape Plan","floor":12},{"not_picked":["Distraction","Backflip"],"picked":"Crippling Poison","floor":14}],"player_experience":713917,"relics_obtained":[{"floor":6,"key":"Torii"},{"floor":9,"key":"Ornamental Fan"},{"floor":12,"key":"Omamori"}],"event_choices":[{"damage_healed":0,"gold_gain":0,"player_choice":"Trade","damage_taken":0,"relics_obtained":["FaceOfCleric"],"max_hp_gain":0,"max_hp_loss":0,"event_name":"FaceTrader","floor":10,"gold_loss":0}],"is_beta":false,"boss_relics":[],"items_purged_floors":[3],"is_endless":false,"potions_floor_spawned":[6,12,14],"killed_by":"Slime Boss","ascension_level":12}}