{"host":"hrp2gnzf6w2vk8p2","time":1610635368,"event":{"mods":["AchievementEnabler","Act Like it!","Ascension Reborn","BaseMod","Better Third Choice","BetterRewards","Colored Powertips","Conspire","DeckTracker","Downfall","Gensokyo","Hallownest","Hermit","Highlight Path","Hubris","Infinite Spire","Jorbs\u0027s Wanderer Trilogy","Marisa????????","Minty Spire (QoL Compilation)","Replay The Spire","StSLib","The Animator","The Bug Knight","The Construct","The Cursed","The Disciple","The Hierophant","The Jungle","The Mystic","The Necromancer","The Runesmith","The Servant 0.9.4"],"gold_per_floor":[111,127,127,127,127,140,153,153,166,180,207,207,207,54,54,125,125,226,226,243,254,260,260],"floor_reached":22,"language":"ENG","playtime":1866,"items_purged":[],"score":176,"play_id":"0a01177b-50fb-4795-9c7c-91db5284796d","local_time":"20210114154248","is_ascension_mode":true,"campfire_choices":[{"data":"Armaments","floor":8,"key":"SMITH"},{"data":"ReplayTheSpireMod:Stacked","floor":12,"key":"SMITH"},{"data":"ReplayTheSpireMod:Muscle Training","floor":17,"key":"SMITH"}],"circlet_count":0,"master_deck":["Strike_R","Strike_R","Strike_R","Strike_R","Strike_R","Defend_R","Defend_R","Defend_R","Bash","ReplayReversal","Armaments+1","Clash","Thunderclap","ReplayTheSpireMod:Stacked+1","Cleave","Burn","conspire:ExplosiveBarrier","ReplayTheSpireMod:Muscle Training+1","infinitespire:OneForAll","Eclipse","Iron Wave","ReplayTheSpireMod:Limb From Limb","hubris:StunningStrike","Armaments","Whirlwind"],"relics":["Burning Blood","infinitespire:Lucky Rock","Orrery","Replay:Bottled Flurry","hubris:SlimyHat","Black Star"],"acts_visited":["Exordium","TheCity"],"potions_floor_usage":[18,20,22],"damage_taken":[{"damage":2,"enemies":"Small Slimes","floor":1,"turns":4},{"damage":5,"enemies":"2 Louse","floor":2,"turns":4},{"damage":6,"enemies":"Jaw Worm","floor":6,"turns":3},{"damage":14,"enemies":"Blue Slaver","floor":7,"turns":4},{"damage":12,"enemies":"conspire:2 RoseBushes","floor":9,"turns":4},{"damage":0,"enemies":"Red Slaver","floor":10,"turns":2},{"damage":32,"enemies":"Fading Forest","floor":18,"turns":11},{"damage":37,"enemies":"Spheric Guardian","floor":20,"turns":5},{"damage":40,"enemies":"conspire:FuzzyDice","floor":21,"turns":6},{"damage":36,"enemies":"conspire:MimicChest","floor":22,"turns":7}],"seed_played":"3967160727673164923","potions_obtained":[{"floor":2,"key":"SpeedPotion"},{"floor":6,"key":"Strength Potion"},{"floor":7,"key":"DistilledChaos"},{"floor":16,"key":"conspire:TimeTravelPotion"},{"floor":16,"key":"Death Potion"},{"floor":20,"key":"Strength Potion"}],"is_trial":false,"path_per_floor":["M","M","?","PTL","PTL","M","M","R","M","M","T","R","?","$","T","?","R","B",null,"M","M","?"],"character_chosen":"IRONCLAD","items_purchased":["Orrery"],"campfire_rested":0,"item_purchase_floors":[14],"current_hp_per_floor":[80,80,73,73,73,73,65,65,59,65,65,65,65,65,65,65,65,49,80,49,15,0,0],"gold":260,"neow_bonus":"","is_daily":false,"chose_seed":false,"campfire_upgraded":3,"win_rate":0.0,"timestamp":1610635368,"path_taken":["M","M","?","PTL","PTL","M","M","R","M","M","T","R","?","$","?","?","R","BOSS","M","M","?"],"items_purchased_type":["Relic"],"build_version":"2020-12-22","purchased_purges":0,"victory":false,"max_hp_per_floor":[80,80,80,80,80,80,80,80,80,80,80,80,80,80,80,80,80,80,80,80,80,80,80],"card_choices":[{"not_picked":["Dropkick","Entrench"],"picked":"ReplayReversal","floor":1},{"not_picked":["Second Wind","Shrug It Off"],"picked":"Armaments","floor":2},{"not_picked":["Flex","Twin Strike"],"picked":"Clash","floor":6},{"not_picked":["Replay:Undeath\u0027s Touch","Infernal Blade"],"picked":"Thunderclap","floor":7},{"not_picked":["Fiend Fire","Armaments"],"picked":"ReplayTheSpireMod:Stacked","floor":9},{"not_picked":["Flex","Replay:Undeath\u0027s Touch"],"picked":"Cleave","floor":10},{"not_picked":["Clash","Iron Wave"],"picked":"conspire:ExplosiveBarrier","floor":14},{"not_picked":["Uppercut","Second Wind"],"picked":"ReplayTheSpireMod:Muscle Training","floor":14},{"not_picked":["ReplayReversal","Blood for Blood"],"picked":"infinitespire:OneForAll","floor":14},{"not_picked":["Shrug It Off","Anger"],"picked":"Eclipse","floor":14},{"not_picked":["Burning Pact","Pummel"],"picked":"Iron Wave","floor":14},{"not_picked":["Hemokinesis","Run Through"],"picked":"ReplayTheSpireMod:Limb From Limb","floor":16},{"not_picked":["Corruption","Brutality"],"picked":"hubris:StunningStrike","floor":18},{"not_picked":["Thunderclap+1","Pommel Strike"],"picked":"Armaments","floor":20},{"not_picked":["Flex","Run Through"],"picked":"Whirlwind","floor":21}],"player_experience":0,"relics_obtained":[{"floor":11,"key":"infinitespire:Lucky Rock"},{"floor":15,"key":"Replay:Bottled Flurry"},{"floor":16,"key":"hubris:SlimyHat"}],"event_choices":[{"cards_removed":["Defend_R"],"damage_healed":0,"gold_gain":0,"player_choice":"Card Removal","damage_taken":7,"max_hp_gain":0,"max_hp_loss":0,"event_name":"Golden Wing","floor":3,"gold_loss":0},{"damage_healed":65,"gold_gain":0,"player_choice":"Embrace Burn","damage_taken":0,"max_hp_gain":0,"max_hp_loss":80,"event_name":"betterThird:BetterShining","floor":13,"gold_loss":0}],"is_beta":false,"boss_relics":[{"not_picked":["Coffee Dripper","SlaversCollar"],"picked":"Black Star"}],"items_purged_floors":[],"is_endless":false,"potions_floor_spawned":[2,6,7,9,10,20],"killed_by":"conspire:MimicChest","ascension_level":0}}