{"host":"15f3wpiimhe5yrng","time":1610643402,"event":{"mods":["100% Spire Juice","2.2 Compatiblity","BaseMod","Bestiary","Better Altar","Better Match","Better Note","Better Sensory Stone","Better Skull","Better Third Choice","Colored Map","Colored Powertips","Downfall","Good Game Mod","Ironclad Rager","Marisa????????","Minty Spire (QoL Compilation)","Permanent Neow","Relic Filter","SacredBarkPlus","Spicy Shops","StSLib","The Animator","The Cursed","The Forsaken","The Marked","TheSwordswoman"],"gold_per_floor":[117,117,128,147,147,167,198,198,198,68,86,118,143,156,156,254,254,270,370,330,347,366,393,393,393,393,423,71,103,103,28,28,126,126,144,154,58,110,164,191,210,210,210,223,223,249,267,267,267,267],"floor_reached":51,"language":"ENG","playtime":3597,"items_purged":["Strike_G"],"score":797,"play_id":"21bd722b-62a3-4ef3-98e1-246ce907cd28","local_time":"20210114175642","is_ascension_mode":false,"campfire_choices":[{"data":"Adrenaline","floor":8.0,"key":"SMITH"},{"data":"expansioncontent:QuickStudy","floor":15.0,"key":"SMITH"},{"data":"Footwork","floor":24,"key":"SMITH"},{"data":"expansioncontent:Flail","floor":30,"key":"SMITH"},{"data":"Glass Knife","floor":32,"key":"SMITH"},{"data":"After Image","floor":42,"key":"SMITH"},{"data":"Calculated Gamble","floor":49,"key":"SMITH"}],"circlet_count":0,"master_deck":["Strike_G","Strike_G","Strike_G","Strike_G","Defend_G","Defend_G","Defend_G","Defend_G","Defend_G","Survivor","Neutralize","Adrenaline+1","expansioncontent:Flail+1","Footwork+1","expansioncontent:QuickStudy+1","Backflip+1","Acrobatics","PiercingWail","Quick Slash","Reflex+1","Acrobatics","Dash","After Image+1","Glass Knife+1","Backstab+1","Infinite Blades+1","Noxious Fumes+1","Pride","Caltrops+1","Unload","Reflex+1","Dash+1","Underhanded Strike","Prepared+1","Underhanded Strike+1","Dodge and Roll+1","All Out Attack","Offering+1","Calculated Gamble+1","theForsaken:PlagueCurse"],"relics":["Ring of the Snake","REME:ComplimentaryCards","WarpedTongs","MealTicket","Letter Opener","InkBottle","Toy Ornithopter","Runic Dome","Darkstone Periapt","Spirit Poop","Mercury Hourglass","Frozen Egg 2","PreservedInsect","Sling","Matryoshka","Nunchaku","HoveringKite","War Paint","FossilizedHelix","CatCart","Blood Vial","Snake Skull","The Specimen","theForsaken:PlagueMask"],"acts_visited":["Exordium","TheCity","TheBeyond"],"potions_floor_usage":[38,46,50,50,50],"damage_taken":[{"damage":0.0,"enemies":"Jaw Worm","floor":1.0,"turns":5.0},{"damage":0.0,"enemies":"2 Louse","floor":3.0,"turns":3.0},{"damage":0.0,"enemies":"Cultist","floor":4.0,"turns":3.0},{"damage":5.0,"enemies":"Looter","floor":6.0,"turns":3.0},{"damage":9.0,"enemies":"Lagavulin","floor":7.0,"turns":8.0},{"damage":2.0,"enemies":"Exordium Thugs","floor":11.0,"turns":5.0},{"damage":7.0,"enemies":"Gremlin Nob","floor":12.0,"turns":4.0},{"damage":7.0,"enemies":"Exordium Wildlife","floor":14.0,"turns":4.0},{"damage":35.0,"enemies":"Hexaghost","floor":16.0,"turns":15.0},{"damage":5,"enemies":"Spheric Guardian","floor":18,"turns":1},{"damage":1,"enemies":"Shell Parasite","floor":21,"turns":3},{"damage":3,"enemies":"Chosen and Byrds","floor":22,"turns":5},{"damage":5,"enemies":"Slavers","floor":23,"turns":5},{"damage":20,"enemies":"Book of Stabbing","floor":27,"turns":5},{"damage":12,"enemies":"Gremlin Leader","floor":29,"turns":4},{"damage":13,"enemies":"Automaton","floor":33,"turns":8},{"damage":4,"enemies":"Orb Walker","floor":35,"turns":3},{"damage":0,"enemies":"3 Darklings","floor":36,"turns":4},{"damage":8,"enemies":"2 Orb Walkers","floor":38,"turns":5},{"damage":0,"enemies":"Orin","floor":39,"turns":8},{"damage":2,"enemies":"Giant Head","floor":40,"turns":5},{"damage":0,"enemies":"4 Shapes","floor":41,"turns":4},{"damage":0,"enemies":"Sphere and 2 Shapes","floor":44,"turns":4},{"damage":34,"enemies":"Nemesis","floor":46,"turns":5},{"damage":0,"enemies":"3 Darklings","floor":47,"turns":3},{"damage":39,"enemies":"Awakened One","floor":50,"turns":13}],"seed_played":"8363676195788903566","potions_obtained":[{"floor":4.0,"key":"AttackPotion"},{"floor":7.0,"key":"Fire Potion"},{"floor":11.0,"key":"LiquidMemories"},{"floor":20,"key":"EntropicBrew"},{"floor":39,"key":"SkillPotion"},{"floor":46,"key":"Ancient Potion"}],"is_trial":false,"path_per_floor":["M","?","M","M","?","M","E","R","T","$","M","E","T","M","R","B",null,"M","?","?","M","M","E","R","?","T","E","$","E","R","$","R","B",null,"M","M","$","?","?","E","M","R","T","M","?","E","M","?","R","B",null],"character_chosen":"THE_SILENT","items_purchased":["Reflex","Acrobatics","PreservedInsect","Caltrops+1","Sling","Nunchaku","War Paint","Underhanded Strike"],"campfire_rested":0,"item_purchase_floors":[10,10,28,28,28,31,37,37],"current_hp_per_floor":[70,70,70,70,70,65,56,56,56,70,68,61,61,54,54,24,70,65,65,65,64,61,56,56,56,56,36,57,45,45,60,60,47,76,72,72,76,73,73,71,73,73,73,75,75,47,49,55,55,33],"gold":267,"neow_bonus":"RANDOM_COLORLESS","is_daily":false,"chose_seed":false,"campfire_upgraded":7,"win_rate":0.0,"timestamp":1610643402,"path_taken":["M","?","?","M","?","M","E","R","T","?","M","E","?","?","R","BOSS","M","?","?","M","M","E","R","?","T","E","$","E","R","?","R","BOSS","M","M","$","?","?","E","M","R","T","M","?","E","?","?","R","BOSS"],"items_purchased_type":["Card","Card","Relic","Card","Relic","Relic","Relic","Card"],"build_version":"2020-12-22","purchased_purges":1,"victory":true,"max_hp_per_floor":[70,70,70,70,70,70,70,70,70,70,70,70,70,70,70,70,70,70,70,70,70,70,70,70,70,70,70,76,76,76,76,76,76,76,76,76,76,76,76,76,76,76,76,76,76,76,76,82,82,82],"card_choices":[{"not_picked":["Blind","Madness"],"picked":"expansioncontent:Flail","floor":0.0},{"not_picked":["Backflip","Quick Slash"],"picked":"Footwork","floor":1.0},{"not_picked":["Magnetism","The Bomb"],"picked":"expansioncontent:QuickStudy","floor":2.0},{"not_picked":["Deflect","Reflex"],"picked":"Backflip","floor":3.0},{"not_picked":["Deflect","Outmaneuver"],"picked":"Acrobatics","floor":4.0},{"not_picked":["Deflect","Predator"],"picked":"PiercingWail","floor":6.0},{"not_picked":["Deflect","Infinite Blades"],"picked":"Quick Slash","floor":7.0},{"not_picked":["Backstab","Bane"],"picked":"Dash","floor":11.0},{"not_picked":["Flying Knee","Quick Slash","Deadly Poison"],"picked":"SKIP","floor":12.0},{"not_picked":["Acrobatics","Dash"],"picked":"After Image","floor":14.0},{"not_picked":["Die Die Die","Burst"],"picked":"Glass Knife","floor":16.0},{"not_picked":["Outmaneuver+1","Infinite Blades"],"picked":"Backstab+1","floor":18},{"not_picked":["Blade Dance","Leg Sweep"],"picked":"Infinite Blades+1","floor":21},{"not_picked":["Dagger Throw","Blade Dance","Bane"],"picked":"SKIP","floor":22},{"not_picked":["Doppelganger","Bane","Dagger Spray+1"],"picked":"SKIP","floor":23},{"not_picked":["Underhanded Strike","Quick Slash+1"],"picked":"Noxious Fumes+1","floor":27},{"not_picked":["Blade Dance","Quick Slash","Bane"],"picked":"SKIP","floor":29},{"not_picked":["Glass Knife","Night Terror"],"picked":"Unload","floor":33},{"not_picked":["Deflect+1","Riddle With Holes"],"picked":"Reflex+1","floor":35},{"not_picked":["Dagger Spray","Escape Plan"],"picked":"Dash+1","floor":36},{"not_picked":["Blade Dance","Distraction"],"picked":"Prepared+1","floor":38},{"not_picked":["Skewer+1","Deflect"],"picked":"Underhanded Strike+1","floor":40},{"not_picked":["Catalyst+1","Bane+1"],"picked":"Dodge and Roll+1","floor":41},{"not_picked":["Deadly Poison","Prepared"],"picked":"All Out Attack","floor":44},{"not_picked":["Predator+1","Phantasmal Killer"],"picked":"Calculated Gamble","floor":46},{"not_picked":["Dodge and Roll","Sucker Punch+1","Flying Knee+1"],"picked":"SKIP","floor":47}],"player_experience":161594,"relics_obtained":[{"floor":7.0,"key":"MealTicket"},{"floor":9.0,"key":"Letter Opener"},{"floor":12.0,"key":"InkBottle"},{"floor":13.0,"key":"Toy Ornithopter"},{"floor":23,"key":"Darkstone Periapt"},{"floor":26,"key":"Mercury Hourglass"},{"floor":27,"key":"Frozen Egg 2"},{"floor":29,"key":"Matryoshka"},{"floor":38,"key":"FossilizedHelix"},{"floor":39,"key":"CatCart"},{"floor":40,"key":"Blood Vial"},{"floor":43,"key":"Snake Skull"},{"floor":46,"key":"The Specimen"}],"event_choices":[{"damage_healed":0.0,"max_hp_gain":0.0,"max_hp_loss":0.0,"gold_gain":1.0,"event_name":"betterStone:BetterStone","player_choice":"1","floor":2.0,"gold_loss":0.0,"damage_taken":0.0},{"damage_healed":0.0,"max_hp_gain":0.0,"max_hp_loss":0.0,"gold_gain":0.0,"event_name":"Accursed Blacksmith","player_choice":"Rummage","floor":5.0,"gold_loss":0.0,"damage_taken":0.0,"relics_obtained":["WarpedTongs"],"cards_obtained":["Pain"]},{"damage_healed":0,"gold_gain":100,"player_choice":"Pray","damage_taken":0,"max_hp_gain":0,"max_hp_loss":0,"event_name":"Golden Shrine","floor":19,"gold_loss":0},{"damage_healed":0,"gold_gain":0,"player_choice":"Bought 3 Potions","damage_taken":0,"max_hp_gain":0,"max_hp_loss":0,"event_name":"The Woman in Blue","floor":20,"gold_loss":0},{"cards_removed":["Pain"],"damage_healed":0,"gold_gain":0,"player_choice":"Offered Curse","damage_taken":0,"relics_obtained":["Spirit Poop"],"max_hp_gain":0,"max_hp_loss":0,"event_name":"Bonfire Elementals","floor":25,"gold_loss":0},{"damage_healed":0,"gold_gain":0,"player_choice":"Fight","damage_taken":0,"max_hp_gain":0,"max_hp_loss":0,"event_name":"Mysterious Sphere","floor":38,"gold_loss":0},{"damage_healed":0,"gold_gain":0,"player_choice":"Fight","damage_taken":0,"max_hp_gain":0,"max_hp_loss":0,"event_name":"OrinTheCat","floor":39,"gold_loss":0},{"cards_removed":["expansioncontent:QuickStudy"],"damage_healed":0,"gold_gain":0,"player_choice":"Take \u0026 Give","damage_taken":0,"max_hp_gain":0,"max_hp_loss":0,"event_name":"betterNote:BetterNote","floor":45,"gold_loss":0,"cards_obtained":["Offering"]},{"damage_healed":0,"gold_gain":0,"player_choice":"Obtain Plague Curse","damage_taken":0,"max_hp_gain":0,"max_hp_loss":0,"event_name":"Plague Doctor","floor":48,"gold_loss":0,"cards_obtained":["theForsaken:PlagueCurse"]}],"is_beta":false,"boss_relics":[{"not_picked":["Fusion Hammer","Ectoplasm"],"picked":"Runic Dome"},{"not_picked":["Astrolabe","Coffee Dripper"],"picked":"HoveringKite"}],"items_purged_floors":[28],"is_endless":false,"potions_floor_spawned":[4,7,11,14,22,23,33,39,41,44,46],"ascension_level":0}}