{"host":"3y2rtlgteqp2nuo3","time":1610620317,"event":{"mods":["2.2 Compatiblity","AchievementEnabler","BaseMod","Colored Map","DeckTracker","Highlight Path","Keyboard Shortcuts","Minty Spire (QoL Compilation)","Permanent Neow","Quick Restart","StSLib","SuperFastMode","everything is the same but u backflip on backflip"],"gold_per_floor":[118,138,149,167,92,121,121,155,155,155,171,171,182,202,202,301,301,319,319,329,78,78,78,93,103,103,118,118,118],"floor_reached":28,"language":"KOR","playtime":680,"items_purged":["Strike_G","Strike_G"],"score":363,"play_id":"ae852b3a-833b-499b-8ecf-6a7ad404afc8","local_time":"20210114193157","is_ascension_mode":true,"campfire_choices":[{"floor":7.0,"key":"REST"},{"floor":10.0,"key":"REST"},{"data":"Envenom","floor":12.0,"key":"SMITH"},{"data":"Deadly Poison","floor":15.0,"key":"SMITH"},{"floor":23.0,"key":"REST"}],"circlet_count":0,"master_deck":["AscendersBane","Strike_G","Strike_G","Strike_G","Defend_G","Defend_G","Defend_G","Defend_G","Defend_G","Survivor","Neutralize","Underhanded Strike","Dagger Spray","Dash","Cloak And Dagger","Poisoned Stab","Envenom+1","PiercingWail","Poisoned Stab","Deadly Poison+1","Adrenaline","Necronomicurse"],"relics":["Ring of the Snake","Anchor","Oddly Smooth Stone","Art of War","Busted Crown","Necronomicon","Blood Vial","MealTicket"],"acts_visited":["Exordium","TheCity"],"potions_floor_usage":[27],"damage_taken":[{"damage":3.0,"enemies":"Cultist","floor":1.0,"turns":4.0},{"damage":3.0,"enemies":"Jaw Worm","floor":2.0,"turns":5.0},{"damage":1.0,"enemies":"Small Slimes","floor":3.0,"turns":3.0},{"damage":2.0,"enemies":"2 Fungi Beasts","floor":4.0,"turns":3.0},{"damage":39.0,"enemies":"3 Sentries","floor":6.0,"turns":11.0},{"damage":20.0,"enemies":"Lagavulin","floor":8.0,"turns":7.0},{"damage":5.0,"enemies":"Gremlin Gang","floor":11.0,"turns":3.0},{"damage":1.0,"enemies":"Blue Slaver","floor":13.0,"turns":4.0},{"damage":5.0,"enemies":"Looter","floor":14.0,"turns":3.0},{"damage":21.0,"enemies":"Hexaghost","floor":16.0,"turns":8.0},{"damage":11.0,"enemies":"Shell Parasite","floor":18.0,"turns":6.0},{"damage":0.0,"enemies":"3 Byrds","floor":20.0,"turns":4.0},{"damage":13.0,"enemies":"Shelled Parasite and Fungi","floor":24.0,"turns":5.0},{"damage":18.0,"enemies":"Cultist and Chosen","floor":25.0,"turns":6.0},{"damage":0,"enemies":"Snake Plant","floor":27,"turns":3},{"damage":18,"enemies":"Sentry and Sphere","floor":28,"turns":3}],"seed_played":"-8111239717479076718","potions_obtained":[{"floor":3.0,"key":"ColorlessPotion"},{"floor":4.0,"key":"SteroidPotion"},{"floor":14.0,"key":"Ancient Potion"}],"is_trial":false,"path_per_floor":["M","M","M","M","$","E","R","E","T","R","M","R","M","M","R","B",null,"M","?","M","$","?","R","M","M","T","M","M"],"character_chosen":"THE_SILENT","items_purchased":["Blood Vial"],"campfire_rested":3,"item_purchase_floors":[21],"current_hp_per_floor":[60,57,56,54,54,15,36,16,16,37,32,32,31,26,26,5,54,43,27,27,27,14,36,25,9,9,11,0,0],"gold":118,"neow_bonus":"THREE_CARDS","is_daily":false,"chose_seed":false,"campfire_upgraded":2,"win_rate":0.0,"timestamp":1610620317,"path_taken":["M","M","M","M","$","E","R","E","T","R","M","R","?","M","R","BOSS","M","?","M","$","?","R","M","M","T","M","M"],"items_purchased_type":["Relic"],"build_version":"2020-12-22","purchased_purges":2,"victory":false,"max_hp_per_floor":[70,70,70,70,70,70,70,70,70,70,70,70,70,70,70,70,70,70,70,70,70,75,75,75,75,75,75,75,75],"card_choices":[{"not_picked":["Heel Hook","Slice"],"picked":"Underhanded Strike","floor":0.0},{"not_picked":["Distraction","Endless Agony"],"picked":"Dagger Spray","floor":1.0},{"not_picked":["Predator","Flying Knee"],"picked":"Dash","floor":2.0},{"not_picked":["Slice","Endless Agony"],"picked":"Cloak And Dagger","floor":3.0},{"not_picked":["Dodge and Roll","Skewer"],"picked":"Poisoned Stab","floor":4.0},{"not_picked":["Dash","Backstab"],"picked":"Envenom","floor":6.0},{"not_picked":["Dagger Throw","Quick Slash"],"picked":"PiercingWail","floor":8.0},{"not_picked":["Dagger Throw","Backflip","Outmaneuver"],"picked":"SKIP","floor":11.0},{"not_picked":["Catalyst","Grand Finale"],"picked":"Poisoned Stab","floor":13.0},{"not_picked":["Choke","Masterful Stab"],"picked":"Deadly Poison","floor":14.0},{"not_picked":["Die Die Die","Grand Finale"],"picked":"Adrenaline","floor":16.0},{"not_picked":["Flechettes"],"picked":"SKIP","floor":18.0},{"not_picked":["Bane"],"picked":"SKIP","floor":20.0},{"not_picked":["Backflip"],"picked":"SKIP","floor":24.0},{"not_picked":["Endless Agony"],"picked":"SKIP","floor":25.0},{"not_picked":["Poisoned Stab"],"picked":"SKIP","floor":27}],"player_experience":690656,"relics_obtained":[{"floor":6.0,"key":"Anchor"},{"floor":8.0,"key":"Oddly Smooth Stone"},{"floor":9.0,"key":"Art of War"},{"floor":19.0,"key":"Necronomicon"},{"floor":26.0,"key":"MealTicket"}],"event_choices":[{"damage_healed":0.0,"max_hp_gain":0.0,"max_hp_loss":0.0,"gold_gain":0.0,"event_name":"Cursed Tome","player_choice":"Obtained Book","floor":19.0,"gold_loss":0.0,"damage_taken":16.0},{"damage_healed":0.0,"max_hp_gain":5.0,"max_hp_loss":0.0,"gold_gain":0.0,"event_name":"Forgotten Altar","player_choice":"Shed Blood","floor":22.0,"gold_loss":0.0,"damage_taken":18.0}],"is_beta":false,"boss_relics":[{"not_picked":["Runic Pyramid","Coffee Dripper"],"picked":"Busted Crown"}],"items_purged_floors":[5,21],"is_endless":false,"potions_floor_spawned":[3,4,6,14,16,18,25],"killed_by":"Sentry and Sphere","ascension_level":11}}