{"host":"dlqyscxstsnu98l1","time":1610639900,"event":{"mods":["AchievementEnabler","BaseMod","Bestiary","Colored Map","Colored Powertips","Conspire","GifTheSpireLib","Highlight Path","Minty Spire (QoL Compilation)","Random Character Button","Replay The Spire","SacredBarkPlus","StSLib"],"gold_per_floor":[115,115,133,3,22,49,49,49,49,349,167,137,137,166,166,262,262,272,272,147,202,190,190,190],"floor_reached":23,"language":"ENG","playtime":1115,"items_purged":["Strike_R","Strike_R","Corruption"],"score":257,"play_id":"4427a5a8-391c-4395-a655-7a57977e13c6","local_time":"20210114095820","is_ascension_mode":true,"campfire_choices":[{"data":"Power Through","floor":7,"key":"SMITH"},{"floor":13,"key":"REST"},{"floor":15,"key":"REST"}],"circlet_count":0,"master_deck":["Defend_R","Defend_R","Defend_R","Defend_R","Bash","Double Tap","Power Through+1","ReplayReversal+1","Flame Barrier","Rage","Infernal Blade","Ghostly Armor"],"relics":["Burning Blood","Magic Flower","ReplayTheSpireMod:Shallot","Old Coin","Du-Vu Doll","Black Star"],"acts_visited":["Exordium","TheCity"],"potions_floor_usage":[6,6,16,18,22,23,23],"damage_taken":[{"damage":6,"enemies":"Jaw Worm","floor":1,"turns":4},{"damage":10,"enemies":"Cultist","floor":3,"turns":4},{"damage":0,"enemies":"2 Louse","floor":5,"turns":3},{"damage":50,"enemies":"Gremlin Nob","floor":6,"turns":6},{"damage":5,"enemies":"Looter","floor":12,"turns":4},{"damage":32,"enemies":"3 Sentries","floor":14,"turns":14},{"damage":0,"enemies":"Slime Boss","floor":16,"turns":6},{"damage":9,"enemies":"Spheric Guardian","floor":18,"turns":7},{"damage":11,"enemies":"2 Thieves","floor":22,"turns":4},{"damage":72,"enemies":"Slavers","floor":23,"turns":7}],"seed_played":"-557327014292034482","potions_obtained":[{"floor":1,"key":"Reflective Coating"},{"floor":3,"key":"Dexterity Potion"},{"floor":14,"key":"AttackPotion"},{"floor":16,"key":"SkillPotion"},{"floor":18,"key":"Dexterity Potion"},{"floor":21,"key":"Toxic Potion"},{"floor":21,"key":"BloodPotion"}],"is_trial":false,"path_per_floor":["M","?","M","$","M","E","R","$","T","?","$","M","R","E","R","B",null,"M","?","$","?","M","E"],"character_chosen":"IRONCLAD","items_purchased":["ReplayReversal+1","Rage"],"campfire_rested":2,"item_purchase_floors":[4,11],"current_hp_per_floor":[72,72,68,68,72,28,28,28,28,21,21,25,46,23,44,53,72,72,72,72,44,42,0,0],"gold":190,"neow_bonus":"THREE_RARE_CARDS","is_daily":false,"chose_seed":false,"campfire_upgraded":1,"win_rate":0.0,"timestamp":1610639900,"path_taken":["M","?","M","$","M","E","R","?","T","?","$","M","R","E","R","BOSS","M","?","$","?","M","E"],"items_purchased_type":["Card","Card"],"build_version":"2020-12-22","purchased_purges":3,"victory":false,"max_hp_per_floor":[72,72,72,72,72,72,72,72,72,72,72,72,72,72,72,72,72,72,72,72,72,72,72,72],"card_choices":[{"not_picked":["Reaper","Replay:Many Hands"],"picked":"Double Tap","floor":0},{"not_picked":["Ghostly Armor","conspire:Charge"],"picked":"Power Through","floor":1},{"not_picked":["Infernal Blade","Flex","Hemokinesis"],"picked":"SKIP","floor":3},{"not_picked":["Shockwave","Pommel Strike","Iron Wave"],"picked":"SKIP","floor":5},{"not_picked":["Hemokinesis","Replay:Undeath\u0027s Touch"],"picked":"Flame Barrier","floor":6},{"not_picked":["Flex","Dark Embrace","Massacre"],"picked":"SKIP","floor":12},{"not_picked":["Heavy Blade","Seeing Red","Thunderclap"],"picked":"SKIP","floor":14},{"not_picked":["Clash","Armaments","Heavy Blade+1"],"picked":"SKIP","floor":18},{"not_picked":["Heavy Blade","Clash"],"picked":"Ghostly Armor","floor":21},{"not_picked":["Run Through","Twin Strike","ReplayTheSpireMod:LeadingStrike"],"picked":"SKIP","floor":22}],"player_experience":38589,"relics_obtained":[{"floor":6,"key":"Magic Flower"},{"floor":9,"key":"ReplayTheSpireMod:Shallot"},{"floor":14,"key":"Du-Vu Doll"}],"event_choices":[{"cards_removed":["Strike_R"],"damage_healed":0,"gold_gain":0,"player_choice":"Offered Basic","damage_taken":0,"max_hp_gain":0,"max_hp_loss":0,"event_name":"Bonfire Elementals","floor":2,"gold_loss":0},{"damage_healed":0,"gold_gain":0,"player_choice":"Success","damage_taken":7,"relics_obtained":["Old Coin"],"max_hp_gain":0,"max_hp_loss":0,"event_name":"Scrap Ooze","floor":10,"gold_loss":0},{"damage_healed":0,"gold_gain":0,"cards_transformed":["Strike_R","Strike_R"],"player_choice":"Became Test Subject","damage_taken":0,"max_hp_gain":0,"max_hp_loss":0,"event_name":"Drug Dealer","floor":19,"gold_loss":0,"cards_obtained":["Infernal Blade","Corruption"]}],"is_beta":false,"boss_relics":[{"not_picked":["Busted Crown","Snecko Eye"],"picked":"Black Star"}],"items_purged_floors":[4,11,20],"is_endless":false,"potions_floor_spawned":[1,3,14,16,18],"killed_by":"Slavers","ascension_level":1}}