{"host":"se62q65hiqxz7cab","time":1610612301,"event":{"mods":["Act Like it!","BaseMod","Colored Map","KinomotoSakuraMod(Ä¾Ö®±¾Ó£)","Minty Spire (QoL Compilation)","Replay The Spire","Shop Mod","StSLib","The Bug Knight","The Cursed","The Servant 0.9.4"],"gold_per_floor":[217,235,285,297,320,361,373,397,409,437,459,471,36,36,36,159,159,199,124,124,159,198,198,232,265,265,294,294,316,316,316,316,454,454,485,580,138,170,210,210,238,238,238,238,265,285,285],"floor_reached":46,"language":"ZHS","playtime":2892,"items_purged":["Strike_S","ReplayTheSpireMod:Splinters"],"score":584,"play_id":"e7989190-f8f4-44ec-86aa-137f81dd61f9","local_time":"20210114161821","is_ascension_mode":false,"campfire_choices":[{"floor":7,"key":"REST"},{"floor":12,"key":"REST"},{"data":"Potential","floor":15,"key":"SMITH"},{"data":"FlawlessForm","floor":23,"key":"SMITH"},{"floor":28,"key":"REST"},{"data":"ShatteredReality","floor":30,"key":"SMITH"},{"data":"Manipulate","floor":32,"key":"SMITH"},{"floor":40,"key":"REST"},{"floor":42,"key":"REST"},{"data":"Deny","floor":44,"key":"SMITH"}],"circlet_count":0,"master_deck":["Strike_S","Strike_S","Strike_S","Defend_S","Defend_S","Defend_S","Defend_S","KidneyShot","Exchange","FastForward","ShatteredReality+1","MurderousAura+1","ReplayTheSpireMod:IOU","BottledTime","Potential+1","Replace","FlawlessForm+1","WasteNot+1","TimeWarp+1","Replace","Regret","Manipulate+1","TheCursedMod:CircleOfCorruption","Deny+1","Languid","Revamp+1","ShatteredReality","Duplication","Potential","Alleviate","Clumsy","Luminosity+1","Parasite","Sabotage+1","Foresight"],"relics":["Uniform","Ring of Greed","MawBank","Replay:Wax Seal","Replay:Bandana","Vajra","Nunchaku","Omamori","Lantern","Lee\u0027s Waffle","Pantograph","Sozu","Bag of Preparation","Quantum Egg","Gremlin Horn"],"acts_visited":["Exordium","TheCity","TheBeyond"],"potions_floor_usage":[6,33,33,33,39],"damage_taken":[{"damage":0,"enemies":"Cultist","floor":1,"turns":5},{"damage":7,"enemies":"2 Louse","floor":2,"turns":3},{"damage":3,"enemies":"Jaw Worm","floor":5,"turns":3},{"damage":20,"enemies":"Gremlin Nob","floor":6,"turns":4},{"damage":16,"enemies":"Lagavulin","floor":8,"turns":6},{"damage":4,"enemies":"Exordium Wildlife","floor":10,"turns":4},{"damage":17,"enemies":"Red Slaver","floor":11,"turns":4},{"damage":2,"enemies":"Slime Boss","floor":16,"turns":8},{"damage":6,"enemies":"Chosen","floor":18,"turns":4},{"damage":2,"enemies":"Shell Parasite","floor":21,"turns":6},{"damage":11,"enemies":"3 Cultists","floor":22,"turns":5},{"damage":9,"enemies":"Shelled Parasite and Fungi","floor":24,"turns":6},{"damage":8,"enemies":"Cultist and Chosen","floor":25,"turns":5},{"damage":0,"enemies":"Chosen and Byrds","floor":27,"turns":6},{"damage":7,"enemies":"Snecko","floor":29,"turns":7},{"damage":27,"enemies":"Automaton","floor":33,"turns":8},{"damage":6,"enemies":"3 Shapes","floor":35,"turns":2},{"damage":7,"enemies":"Orb Walker","floor":38,"turns":4},{"damage":23,"enemies":"Spire Growth","floor":39,"turns":5},{"damage":34,"enemies":"Writhing Mass","floor":41,"turns":7},{"damage":3,"enemies":"Maw","floor":45,"turns":9},{"damage":71,"enemies":"Transient","floor":46,"turns":5}],"seed_played":"8427089360151269729","potions_obtained":[{"floor":2,"key":"Weak Potion"},{"floor":5,"key":"SteroidPotion"},{"floor":6,"key":"EntropicBrew"},{"floor":10,"key":"SkillPotion"},{"floor":18,"key":"LiquidBronze"}],"is_trial":false,"path_per_floor":["M","M","?","?","M","E","R","E","T","M","M","R","$","?","R","B",null,"M","$","?","M","M","R","M","M","T","M","R","M","R","?","R","B",null,"M","?","$","M","M","R","M","R","T","R","M","M"],"character_chosen":"THE_SERVANT","items_purchased":["Omamori","Lantern","Lee\u0027s Waffle","Potential","Alleviate","Quantum Egg"],"campfire_rested":5,"item_purchase_floors":[13,13,13,37,37,37],"current_hp_per_floor":[65,58,58,63,60,40,61,45,45,41,24,45,77,77,77,75,77,71,71,77,75,64,64,55,47,47,47,70,63,63,63,63,50,77,71,71,71,64,41,64,30,53,53,53,50,0,0],"gold":285,"neow_bonus":"HUNDRED_GOLD","is_daily":false,"chose_seed":false,"campfire_upgraded":5,"win_rate":0.0,"timestamp":1610612301,"path_taken":["M","M","?","?","M","E","R","E","T","M","M","R","$","?","R","BOSS","M","$","?","M","?","R","M","M","T","M","R","M","R","?","R","BOSS","M","?","$","M","M","R","M","R","T","R","?","M"],"items_purchased_type":["Relic","Relic","Relic","Card","Card","Relic"],"build_version":"2020-12-22","purchased_purges":2,"victory":false,"max_hp_per_floor":[65,65,65,70,70,70,70,70,70,70,70,70,77,77,77,77,77,77,77,77,77,77,77,77,77,77,77,77,77,77,77,77,77,77,77,77,77,77,77,77,77,77,77,77,77,77,77],"card_choices":[{"not_picked":["Alleviate","BottledTime"],"picked":"TimeWarp","floor":1},{"not_picked":["SilverBlades","Barrier"],"picked":"FastForward","floor":2},{"not_picked":["StarChef","Revamp"],"picked":"ShatteredReality","floor":5},{"not_picked":["Ricochet","StarChef"],"picked":"MurderousAura","floor":6},{"not_picked":["Deadline","Rearm"],"picked":"BottledTime","floor":8},{"not_picked":["Revamp","Comet"],"picked":"Potential","floor":10},{"not_picked":["Ricochet","Rewind"],"picked":"Replace","floor":11},{"not_picked":["ForgedInTime","Duplication"],"picked":"FlawlessForm","floor":16},{"not_picked":["DoubleEdge","Defy","Rewind"],"picked":"SKIP","floor":18},{"not_picked":["DoubleEdge","Ricochet","Spin+1"],"picked":"SKIP","floor":21},{"not_picked":["Gouge","Rearm+1"],"picked":"WasteNot+1","floor":22},{"not_picked":["DoubleEdge","Shuttle"],"picked":"TimeWarp+1","floor":24},{"not_picked":["Defy","TimeWarp","SilverBlades+1"],"picked":"SKIP","floor":25},{"not_picked":["Spin+1","SilverBlades"],"picked":"Replace","floor":27},{"not_picked":["Spin","Ricochet+1"],"picked":"Manipulate","floor":29},{"not_picked":["Initiator","KillingDoll"],"picked":"Deny","floor":33},{"not_picked":["Hightail+1","Rearm+1"],"picked":"Revamp+1","floor":35},{"not_picked":["Deadline","Replace+1"],"picked":"ShatteredReality","floor":36},{"not_picked":["DoubleEdge+1","Sabotage+1"],"picked":"Duplication","floor":36},{"not_picked":["Reset","Rewind+1","Hightail"],"picked":"SKIP","floor":38},{"not_picked":["WasteNot+1","Revamp"],"picked":"Luminosity+1","floor":39},{"not_picked":["FastForward","Potential"],"picked":"Sabotage+1","floor":41},{"not_picked":["BestPractice","Comet+1"],"picked":"Foresight","floor":45}],"player_experience":200612,"relics_obtained":[{"floor":3,"key":"Ring of Greed"},{"floor":3,"key":"MawBank"},{"floor":3,"key":"Replay:Wax Seal"},{"floor":6,"key":"Replay:Bandana"},{"floor":8,"key":"Vajra"},{"floor":9,"key":"Nunchaku"},{"floor":26,"key":"Pantograph"},{"floor":36,"key":"Bag of Preparation"},{"floor":43,"key":"Gremlin Horn"}],"event_choices":[{"damage_healed":0,"gold_gain":0,"player_choice":"Donut","damage_taken":0,"max_hp_gain":5,"max_hp_loss":0,"event_name":"Big Fish","floor":4,"gold_loss":0},{"damage_healed":0,"gold_gain":0,"player_choice":"Grow","damage_taken":0,"max_hp_gain":0,"max_hp_loss":0,"event_name":"Living Wall","floor":14,"gold_loss":0,"cards_upgraded":["MurderousAura"]},{"damage_healed":6,"gold_gain":0,"player_choice":"Full Heal","damage_taken":0,"max_hp_gain":0,"max_hp_loss":0,"event_name":"Wheel of Change","floor":20,"gold_loss":0},{"cards_removed":["TimeWarp"],"damage_healed":0,"gold_gain":0,"player_choice":"Took Card","damage_taken":0,"max_hp_gain":0,"max_hp_loss":0,"event_name":"NoteForYourself","floor":31,"gold_loss":0,"cards_obtained":["TheCursedMod:CircleOfCorruption"]}],"is_beta":false,"boss_relics":[{"not_picked":["Abe\u0027s Treasure","Replay:Drink Me","Replay:Bronze Core"]},{"not_picked":["Runic Dome","Kintsugi"],"picked":"Sozu"}],"items_purged_floors":[19,37],"is_endless":false,"potions_floor_spawned":[2,5,6,10,18,21,25,45],"killed_by":"Transient","ascension_level":0}}