{"host":"ymw71f7rc9ndansy","time":1610629678,"event":{"mods":["ATMod(阿瑾Mod)","Act Like it!","Aspiration","BaseMod","DeckTracker","Hubris","Library of Ruina","Library of Ruina Extra","Lobotomy","LobotomyExtend","Minty Spire (QoL Compilation)","MostiFishMod","Remove Card Discount Mod","Replay The Spire","StSLib","TestMod","【功能Mod】精心准备","【遗物卡牌】REMEMod"],"gold_per_floor":[10,27,17,32,74,100,100,100,167,167,167,191,191,191,191,262,262,279,290,111,125,125],"floor_reached":21,"language":"ZHS","playtime":4709,"items_purged":["Strike_B","Strike_B","Strike_B","Defend_B","Defend_B","Strike_B+1","Defend_B+1","Defend_B+1","ReplayGash+1"],"score":503,"play_id":"5ade3d84-0ad1-40a2-a33f-6faca83094d9","local_time":"20210114210758","is_ascension_mode":true,"campfire_choices":[{"data":"Coolheaded","floor":8.0,"key":"SMITH"},{"data":"MostiFishMod:LinkProtocol","floor":8.0,"key":"SMITH"},{"data":"Panic Button","floor":11,"key":"SMITH"},{"data":"MostiFishMod:GatherIntelligence","floor":11,"key":"SMITH"},{"data":"Biased Cognition","floor":13,"key":"SMITH"},{"data":"AT_FamilyPortrait","floor":13,"key":"SMITH"},{"floor":15,"key":"RECALL"}],"circlet_count":0,"master_deck":["AscendersBane","Creative AI+1","Zap+1","Dualcast+1","AT_FamilyPortrait+1","Core Surge+1","MostiFishMod:LinkProtocol+1","Panic Button+1","MostiFishMod:GatherIntelligence+1","Coolheaded+1","Biased Cognition+1","AT_RightCognition+1","Coolheaded+1"],"relics":["testmod-TestBox","DaveBox","REME_ComplimentaryCards","AT_ATBox","DSteel32","testmod-Charity","FeatherPendant","Mango","SynthV:TestCard","LetterFromLob","Replay:Arrowhead","testmod-Hope","hubris:SlimyHat","aspiration:Stellarator","hubris:EmptyBottle"],"acts_visited":["Exordium","TheCity"],"potions_floor_usage":[],"damage_taken":[{"damage":0.0,"enemies":"Cultist","floor":1.0,"turns":2.0},{"damage":2.0,"enemies":"Jaw Worm","floor":2.0,"turns":2.0},{"damage":21.0,"enemies":"2 Louse","floor":4.0,"turns":3.0},{"damage":0.0,"enemies":"Gremlin Gang","floor":5.0,"turns":3.0},{"damage":21.0,"enemies":"3 Sentries","floor":6.0,"turns":3.0},{"damage":8,"enemies":"Gremlin Nob","floor":12,"turns":3},{"damage":0,"enemies":"Hexaghost","floor":16,"turns":3},{"damage":12,"enemies":"3 Byrds","floor":18,"turns":3},{"damage":21,"enemies":"Shell Parasite","floor":19,"turns":3},{"damage":0,"enemies":"Snecko","floor":21,"turns":4}],"seed_played":"-2796900657654955907","potions_obtained":[{"floor":2.0,"key":"REME_GoldPotion"},{"floor":4.0,"key":"FocusPotion"},{"floor":6.0,"key":"FearPotion"}],"is_trial":false,"path_per_floor":["M","M","$","M","M","E","?","R","T","?","R","E","R","?","R","B",null,"M","M","$","M"],"character_chosen":"DEFECT","items_purchased":["hubris:EmptyBottle"],"campfire_rested":0,"item_purchase_floors":[20],"current_hp_per_floor":[79,78,78,58,60,40,40,40,41,41,41,34,34,34,34,35,79,68,48,48,49,49],"gold":125,"neow_bonus":"ONE_RARE_RELIC","is_daily":false,"chose_seed":false,"campfire_upgraded":6,"win_rate":0.0,"timestamp":1610629678,"path_taken":["M","M","$","M","M","E","?","R","T","?","R","E","R","?","R","BOSS","M","?","$","M"],"items_purchased_type":["Relic"],"build_version":"2020-12-22","purchased_purges":9,"victory":false,"max_hp_per_floor":[86,87,87,88,90,91,91,91,92,92,92,93,93,93,93,94,94,95,96,96,97,97],"card_choices":[{"not_picked":["Steam","Chaos"],"picked":"ReplayGash","floor":1.0},{"not_picked":["AT_HeatAcrobatics","Ball Lightning","Glacier","Go for the Eyes"],"picked":"MostiFishMod:LinkProtocol","floor":2.0},{"not_picked":["MostiFishMod:PushDownKick","ReplayTheSpireMod:Calculation Training","Go for the Eyes","Aggregate"],"picked":"Panic Button","floor":4.0},{"not_picked":["Rebound","Hologram","Consume","Compile Driver"],"picked":"MostiFishMod:GatherIntelligence","floor":5.0},{"not_picked":["BasicCrystalCard","FIFO Queue","Glacier","Streamline"],"picked":"Coolheaded","floor":6.0},{"not_picked":["Beam Cell","BasicCrystalCard","Streamline","Go for the Eyes"],"picked":"Biased Cognition","floor":12},{"not_picked":["MostiFishMod:InterfaceCompatibility","Echo Form","Fission","hubris:Prefetch"],"picked":"AT_RightCognition","floor":16},{"not_picked":["Compile Driver","Turbo","Barrage+1","BasicCrystalCard"],"picked":"Coolheaded","floor":19}],"player_experience":1112253,"relics_obtained":[{"floor":1.0,"key":"SynthV:TestCard"},{"floor":1.0,"key":"LetterFromLob"},{"floor":6.0,"key":"Replay:Arrowhead"},{"floor":9.0,"key":"testmod-Hope"},{"floor":12,"key":"hubris:SlimyHat"}],"event_choices":[{"damage_healed":0.0,"max_hp_gain":0.0,"max_hp_loss":0.0,"gold_gain":0.0,"event_name":"The Cleric","player_choice":"Leave","floor":7.0,"gold_loss":0.0,"damage_taken":0.0},{"damage_healed":0,"gold_gain":0,"player_choice":"Forge","damage_taken":0,"max_hp_gain":0,"max_hp_loss":0,"event_name":"Accursed Blacksmith","floor":14,"gold_loss":0,"cards_upgraded":["ReplayGash"]}],"is_beta":false,"boss_relics":[{"not_picked":["Ectoplasm","testmod-HarvestTotem"],"picked":"aspiration:Stellarator"}],"items_purged_floors":[3,3,3,3,3,20,20,20,20],"is_endless":false,"potions_floor_spawned":[2,4,6,18,19,21],"killed_by":"Snecko","ascension_level":20}}