{"host":"lcnwkjlokfwcnxxu","time":1610595615,"event":{"mods":["BaseMod","Colored Map","Downfall","GifTheSpireLib","Marisa????????","Minty Spire (QoL Compilation)","Quick Restart","Replay The Spire","StSLib","The Disciple","The Mystic","The Servant 0.9.4"],"gold_per_floor":[119,140,151,168,168,202,202,231,231,249,100,100,100,100,100,225,225,246,171,26,45,45,45,59,82,82,82,82,82],"floor_reached":28,"language":"ENG","playtime":941,"items_purged":["Decay","Strike_R"],"score":226,"play_id":"1e393ad0-ac93-4463-b257-2da5256caf81","local_time":"20210113194015","is_ascension_mode":false,"campfire_choices":[{"data":"Armaments","floor":7,"key":"SMITH"},{"data":"Bash","floor":12,"key":"SMITH"},{"floor":15,"key":"REST"},{"data":"Demonic Infusion","floor":23,"key":"SMITH"},{"data":"Strike_R","floor":27,"key":"PURGE"}],"circlet_count":0,"master_deck":["Strike_R","Strike_R","Defend_R","Defend_R+1","Defend_R","Defend_R","Bash+1","Twin Strike+1","Inflame+1","Armaments+1","Heavy Blade+1","Uppercut+1","Iron Wave+1","Demonic Infusion+1","Whirlwind+1","Cleave+1","True Grit","Reaper+1"],"relics":["Burning Blood","ReplayTheSpireMod:CursedCoin","Molten Egg 2","Garlic","Question Card","Golden Idol","Peace Pipe","SacredBark","Toolbox","Lantern"],"acts_visited":["Exordium","TheCity"],"potions_floor_usage":[8,16,24],"damage_taken":[{"damage":0,"enemies":"2 Louse","floor":1,"turns":3},{"damage":0,"enemies":"Small Slimes","floor":3,"turns":2},{"damage":6,"enemies":"Jaw Worm","floor":4,"turns":3},{"damage":24,"enemies":"Gremlin Nob","floor":6,"turns":4},{"damage":8,"enemies":"Lagavulin","floor":8,"turns":4},{"damage":12,"enemies":"Exordium Wildlife","floor":10,"turns":3},{"damage":12,"enemies":"The Guardian","floor":16,"turns":8},{"damage":1,"enemies":"Spheric Guardian","floor":18,"turns":3},{"damage":0,"enemies":"3 Byrds","floor":21,"turns":5},{"damage":26,"enemies":"Sentry and Sphere","floor":24,"turns":4},{"damage":19,"enemies":"3 Cultists","floor":25,"turns":4},{"damage":17,"enemies":"Cultist and Chosen","floor":28,"turns":5}],"seed_played":"1226883040338851248","potions_obtained":[{"floor":3,"key":"Milkshake"},{"floor":6,"key":"Weak Potion"},{"floor":8,"key":"LifebloodPotion"},{"floor":10,"key":"AttackPotion"}],"is_trial":false,"path_per_floor":["M","$","M","M","?","E","R","E","T","M","$","R","?","?","R","B",null,"M","?","$","M","?","R","M","M","T","R","M"],"character_chosen":"IRONCLAD","items_purchased":["Inflame+1","ReplayTheSpireMod:CursedCoin","Iron Wave+1","Toolbox"],"campfire_rested":1,"item_purchase_floors":[2,2,11,20],"current_hp_per_floor":[88,88,88,88,70,52,52,50,50,44,44,44,44,32,56,50,81,81,81,81,81,81,81,61,48,48,48,31,31],"gold":82,"neow_bonus":"TEN_PERCENT_HP_BONUS","is_daily":false,"chose_seed":false,"campfire_upgraded":3,"win_rate":0.0,"timestamp":1610595615,"path_taken":["M","$","M","M","?","E","R","E","T","M","$","R","?","?","R","BOSS","M","?","$","M","?","R","?","M","T","R","M"],"items_purchased_type":["Card","Relic","Card","Relic"],"build_version":"2020-12-22","purchased_purges":2,"victory":false,"max_hp_per_floor":[88,88,88,88,88,88,88,88,88,88,88,88,81,81,81,81,81,81,81,81,81,81,81,81,81,81,81,81,81],"card_choices":[{"not_picked":["Anger","Pommel Strike"],"picked":"Twin Strike","floor":1},{"not_picked":["Thunderclap","Dual Wield","ReplayTheSpireMod:LeadingStrike"],"picked":"SKIP","floor":3},{"not_picked":["Rampage","Spot Weakness"],"picked":"Armaments","floor":4},{"not_picked":["Armaments","Body Slam+1"],"picked":"Heavy Blade+1","floor":6},{"not_picked":["ReplayTheSpireMod:Strike From Hell+1","Perfected Strike+1","Clothesline+1"],"picked":"SKIP","floor":8},{"not_picked":["Clothesline+1","Heavy Blade+1","Barricade"],"picked":"Uppercut+1","floor":10},{"not_picked":["Barricade","Brutality","Demon Form"],"picked":"Demonic Infusion","floor":16},{"not_picked":["Twin Strike+1","Infernal Blade","Thunderclap+1"],"picked":"Whirlwind+1","floor":18},{"not_picked":["ReplayTheSpireMod:Strike From Hell+1","Warcry","Thunderclap+1"],"picked":"Cleave+1","floor":21},{"not_picked":["ReplayTheSpireMod:Strike From Hell+1","Disarm","Thunderclap+1"],"picked":"True Grit","floor":24},{"not_picked":["True Grit","Clothesline+1","Intimidate+1"],"picked":"Reaper+1","floor":25}],"player_experience":73050,"relics_obtained":[{"floor":6,"key":"Molten Egg 2"},{"floor":8,"key":"Garlic"},{"floor":9,"key":"Question Card"},{"floor":26,"key":"Lantern"}],"event_choices":[{"damage_healed":0,"gold_gain":0,"player_choice":"Entered Light","damage_taken":18,"max_hp_gain":0,"max_hp_loss":0,"event_name":"Shining Light","floor":5,"gold_loss":0,"cards_upgraded":["Defend_R","Twin Strike"]},{"damage_healed":0,"gold_gain":0,"player_choice":"Lose Max HP","damage_taken":0,"relics_obtained":["Golden Idol"],"max_hp_gain":0,"max_hp_loss":7,"event_name":"Golden Idol","floor":13,"gold_loss":0},{"damage_healed":0,"gold_gain":0,"player_choice":"Success","damage_taken":12,"relics_obtained":["Peace Pipe"],"max_hp_gain":0,"max_hp_loss":0,"event_name":"Scrap Ooze","floor":14,"gold_loss":0},{"cards_removed":["Strike_R"],"damage_healed":0,"gold_gain":0,"player_choice":"Gave Gold","damage_taken":0,"max_hp_gain":0,"max_hp_loss":0,"event_name":"Beggar","floor":19,"gold_loss":75}],"is_beta":false,"boss_relics":[{"not_picked":["Runic Dome","ReplayTheSpireMod:DimensionalGlitch"],"picked":"SacredBark"}],"items_purged_floors":[2,11],"is_endless":false,"potions_floor_spawned":[3,6,8,10],"killed_by":"Cultist and Chosen","ascension_level":0}}