{"host":"3a1ypf1irl30q4k8","time":1610662820,"event":{"mods":["AchievementEnabler","BaseMod","Bestiary","Colored Map","Minty Spire (QoL Compilation)","Relic Stats"],"gold_per_floor":[119,129,143,159,173,173,173,173,199,199,215,256,256,283,283,283,283],"floor_reached":16,"language":"ENG","playtime":647,"items_purged":[],"score":114,"play_id":"08a70d83-cdbb-45c5-8538-fb85ad6171f5","local_time":"20210114222020","is_ascension_mode":true,"campfire_choices":[{"data":"Eruption","floor":6,"key":"SMITH"},{"data":"PathToVictory","floor":8,"key":"SMITH"},{"data":"ThirdEye","floor":10,"key":"SMITH"},{"data":"Vigilance","floor":15,"key":"SMITH"}],"circlet_count":0,"master_deck":["Strike_P","Strike_P","Strike_P","Strike_P","Defend_P+1","Defend_P+1","Defend_P","Defend_P","Eruption+1","Vigilance+1","PathToVictory+1","CutThroughFate","CutThroughFate","ThirdEye+1","Pray","Meditate","FlyingSleeves","JustLucky"],"relics":["PureWater","Blood Vial","War Paint","CeramicFish","Golden Idol"],"acts_visited":["Exordium"],"potions_floor_usage":[4,12,16],"damage_taken":[{"damage":7,"enemies":"Cultist","floor":1,"turns":3},{"damage":2,"enemies":"Small Slimes","floor":2,"turns":3},{"damage":2,"enemies":"2 Louse","floor":3,"turns":2},{"damage":10,"enemies":"Lots of Slimes","floor":4,"turns":4},{"damage":1,"enemies":"Looter","floor":5,"turns":4},{"damage":0,"enemies":"2 Fungi Beasts","floor":11,"turns":3},{"damage":27,"enemies":"Lagavulin","floor":12,"turns":3},{"damage":0,"enemies":"Large Slime","floor":14,"turns":2},{"damage":40,"enemies":"Hexaghost","floor":16,"turns":9}],"seed_played":"-5686761013560217069","potions_obtained":[{"floor":1,"key":"LiquidMemories"},{"floor":5,"key":"Weak Potion"},{"floor":12,"key":"EssenceOfSteel"}],"is_trial":false,"path_per_floor":["M","M","M","M","M","R","?","R","T","R","M","E","?","M","R","B"],"character_chosen":"WATCHER","items_purchased":[],"campfire_rested":0,"item_purchase_floors":[],"current_hp_per_floor":[65,65,65,57,58,58,58,58,58,58,60,35,35,37,37,0,0],"gold":283,"neow_bonus":"RANDOM_COMMON_RELIC","is_daily":false,"chose_seed":false,"campfire_upgraded":4,"win_rate":0.0,"timestamp":1610662820,"path_taken":["M","M","?","M","M","R","?","R","T","R","M","E","?","M","R","BOSS"],"items_purchased_type":[],"build_version":"2020-12-22","purchased_purges":0,"victory":false,"max_hp_per_floor":[72,72,72,72,72,72,72,72,72,72,72,72,67,67,67,67,67],"relic_stats":{"Blood Vial":16,"counters":[9,33],"Golden Idol":4,"CeramicFish":18,"War Paint":["Defend_P","Defend_P"],"obtain_stats":[{"Blood Vial":0,"Golden Idol":13,"CeramicFish":12,"PureWater":0,"War Paint":9},{"Blood Vial":0,"Golden Idol":7,"CeramicFish":7,"PureWater":0,"War Paint":5},{"Blood Vial":0,"Golden Idol":22,"CeramicFish":22,"PureWater":0,"War Paint":16}]},"card_choices":[{"not_picked":["CarveReality","CrushJoints"],"picked":"PathToVictory","floor":1},{"not_picked":["Pray","ThirdEye"],"picked":"CutThroughFate","floor":2},{"not_picked":["FollowUp","Collect"],"picked":"CutThroughFate","floor":3},{"not_picked":["Evaluate","EmptyBody"],"picked":"ThirdEye","floor":4},{"not_picked":["WheelKick","ConjureBlade"],"picked":"Pray","floor":5},{"not_picked":["Crescendo","EmptyFist"],"picked":"Meditate","floor":11},{"not_picked":["Consecrate","BowlingBash"],"picked":"FlyingSleeves","floor":12},{"not_picked":["CrushJoints","SashWhip"],"picked":"JustLucky","floor":14}],"player_experience":1066599,"relics_obtained":[{"floor":9,"key":"War Paint"},{"floor":12,"key":"CeramicFish"}],"event_choices":[{"damage_healed":0,"gold_gain":0,"player_choice":"Ignored","damage_taken":0,"max_hp_gain":0,"max_hp_loss":0,"event_name":"Liars Game","floor":7,"gold_loss":0},{"damage_healed":0,"gold_gain":0,"player_choice":"Lose Max HP","damage_taken":0,"relics_obtained":["Golden Idol"],"max_hp_gain":0,"max_hp_loss":5,"event_name":"Golden Idol","floor":13,"gold_loss":0}],"is_beta":false,"boss_relics":[],"items_purged_floors":[],"is_endless":false,"potions_floor_spawned":[1,5,12],"killed_by":"Hexaghost","ascension_level":2}}