{"host":"oiw60b5ins9fyx34","time":1610607833,"event":{"mods":["BaseMod","Colored Map","Colored Powertips","Minty Spire (QoL Compilation)","Permanent Neow","Quick Restart","Rare Cards Sparkle","Relic Stats","StSLib","The Cursed"],"gold_per_floor":[116,39,51,51,70,70,98,98,121,121,140,215,89,89,89,189,189,208,208,93,105,125,153,153,165,165,181,215,215,228,244,244,347,347,363,373,373,373,386,386,401,401,401,401,301,314,348,24,24,24,24],"floor_reached":50,"language":"JPN","playtime":2139,"items_purged":["TheCursedMod:Defend_TheCursed","TheCursedMod:Strike_TheCursed"],"score":687,"play_id":"756713e6-55aa-4e70-80e0-f6e47f5add69","local_time":"20210114160353","is_ascension_mode":false,"campfire_choices":[{"data":"TheCursedMod:CleanUpWorkshop","floor":6,"key":"SMITH"},{"data":"TheCursedMod:CursedBoomerang","floor":8,"key":"SMITH"},{"floor":10,"key":"REST"},{"floor":15,"key":"REST"},{"data":"TheCursedMod:StingEye","floor":24,"key":"SMITH"},{"floor":32,"key":"REST"},{"data":"TheCursedMod:VoidForm","floor":40,"key":"SMITH"},{"data":"TheCursedMod:SmokeScreen","floor":42,"key":"SMITH"},{"data":"TheCursedMod:DarkBarrier","floor":44,"key":"SMITH"},{"data":"TheCursedMod:HellfireBreathing","floor":49,"key":"SMITH"}],"circlet_count":0,"master_deck":["TheCursedMod:Strike_TheCursed","TheCursedMod:Strike_TheCursed","TheCursedMod:Strike_TheCursed+1","TheCursedMod:Defend_TheCursed","TheCursedMod:Defend_TheCursed","TheCursedMod:Defend_TheCursed","TheCursedMod:CursedWand","TheCursedMod:CleanUpWorkshop+1","TheCursedMod:Dregs","TheCursedMod:BlessingInDisguise+1","TheCursedMod:CursedBoomerang+1","TheCursedMod:Stigma","TheCursedMod:SoulReap","TheCursedMod:ShockAndAwe","Shame","TheCursedMod:StingEye+1","TheCursedMod:RapidMovement","TheCursedMod:VoidForm+1","TheCursedMod:CursedArmor","TheCursedMod:LuckyCharm","TheCursedMod:SmokeScreen+1","TheCursedMod:LuckyCharm","TheCursedMod:SoulReap+1","TheCursedMod:CursedStaff","TheCursedMod:AbyssShockwave+1","TheCursedMod:Dregs","TheCursedMod:Obscuration+1","TheCursedMod:DarkBarrier+1","TheCursedMod:LuckyCharm+1","TheCursedMod:CollectTribute","CurseOfTheBell","TheCursedMod:CursedMace+1","Writhe","TheCursedMod:RapidMovement+1","Injury","TheCursedMod:Hemoplague+1","TheCursedMod:HellfireBreathing+1"],"relics":["Cursed Key","TheCursedMod:Tack","Pen Nib","Sozu","Incense Burner","HornCleat","Mango","Nunchaku","Calling Bell","Happy Flower","Pantograph","FossilizedHelix","Blue Candle","InkBottle"],"acts_visited":["Exordium","TheCity","TheBeyond"],"potions_floor_usage":[23],"damage_taken":[{"damage":0,"enemies":"Jaw Worm","floor":1,"turns":4},{"damage":3,"enemies":"2 Louse","floor":3,"turns":2},{"damage":0,"enemies":"Small Slimes","floor":5,"turns":3},{"damage":46,"enemies":"Lagavulin","floor":7,"turns":8},{"damage":1,"enemies":"3 Louse","floor":11,"turns":2},{"damage":9,"enemies":"Hexaghost","floor":16,"turns":8},{"damage":3,"enemies":"Shell Parasite","floor":18,"turns":4},{"damage":20,"enemies":"Spheric Guardian","floor":21,"turns":4},{"damage":9,"enemies":"Snake Plant","floor":22,"turns":4},{"damage":0,"enemies":"Book of Stabbing","floor":23,"turns":4},{"damage":17,"enemies":"3 Cultists","floor":25,"turns":6},{"damage":28,"enemies":"Sentry and Sphere","floor":27,"turns":6},{"damage":15,"enemies":"Slavers","floor":28,"turns":4},{"damage":12,"enemies":"Snake Plant","floor":30,"turns":4},{"damage":15,"enemies":"Centurion and Healer","floor":31,"turns":4},{"damage":8,"enemies":"Champ","floor":33,"turns":12},{"damage":9,"enemies":"3 Darklings","floor":35,"turns":6},{"damage":9,"enemies":"3 Shapes","floor":36,"turns":5},{"damage":36,"enemies":"Spire Growth","floor":39,"turns":5},{"damage":0,"enemies":"Transient","floor":41,"turns":5},{"damage":22,"enemies":"Writhing Mass","floor":46,"turns":8},{"damage":60,"enemies":"Giant Head","floor":47,"turns":9},{"damage":19,"enemies":"Time Eater","floor":50,"turns":5}],"seed_played":"660819127039520958","potions_obtained":[{"floor":1,"key":"BlessingOfTheForge"},{"floor":7,"key":"Swift Potion"}],"is_trial":false,"path_per_floor":["M","$","M","?","M","R","E","R","T","R","M","?","$","?","R","B",null,"M","?","$","M","M","E","R","M","T","M","E","?","M","M","R","B",null,"M","M","?","?","M","R","M","R","T","R","$","M","E","$","R","B"],"character_chosen":"THE_CURSED","items_purchased":["TheCursedMod:CursedBoomerang","TheCursedMod:RapidMovement","TheCursedMod:LuckyCharm","TheCursedMod:SmokeScreen","InkBottle","TheCursedMod:HellfireBreathing"],"campfire_rested":3,"item_purchase_floors":[2,13,20,20,48,48],"current_hp_per_floor":[75,75,72,57,57,57,16,16,16,38,37,26,26,26,48,44,75,72,72,72,52,48,60,60,55,69,41,26,26,21,6,32,34,89,89,80,89,89,53,53,60,60,60,60,60,47,42,42,42,65,65],"gold":24,"neow_bonus":"BOSS_RELIC","is_daily":false,"chose_seed":false,"campfire_upgraded":7,"win_rate":0.0,"timestamp":1610607833,"path_taken":["M","$","M","?","M","R","E","R","T","R","M","?","$","?","R","BOSS","M","?","$","M","M","E","R","M","T","M","E","?","M","?","R","BOSS","M","?","?","?","?","R","?","R","T","R","$","M","E","$","R","BOSS"],"items_purchased_type":["Card","Card","Card","Card","Relic","Card"],"build_version":"2020-12-22","purchased_purges":2,"victory":false,"max_hp_per_floor":[75,75,75,75,75,75,75,75,75,75,75,75,75,75,75,75,75,75,75,75,75,75,75,75,75,89,89,89,89,89,89,89,89,89,89,89,89,89,89,89,89,89,89,89,89,89,89,89,89,89,89],"relic_stats":{"Sozu":8,"Nunchaku":[10],"Happy Flower":[14],"counters":[23,121],"Pantograph":25,"Blue Candle":[0],"Pen Nib":[19],"Cursed Key":3,"obtain_stats":[{"TheCursedMod:BlackMagic101":0,"Happy Flower":34,"TheCursedMod:Tack":7,"Blue Candle":47,"Mango":26,"Pen Nib":9,"Incense Burner":19,"Cursed Key":0,"Sozu":17,"Calling Bell":34,"Nunchaku":28,"HornCleat":23,"Pantograph":34,"FossilizedHelix":34,"InkBottle":48},{"TheCursedMod:BlackMagic101":0,"Happy Flower":16,"TheCursedMod:Tack":4,"Blue Candle":22,"Mango":11,"Pen Nib":4,"Incense Burner":7,"Cursed Key":0,"Sozu":6,"Calling Bell":16,"Nunchaku":13,"HornCleat":10,"Pantograph":16,"FossilizedHelix":16,"InkBottle":22},{"TheCursedMod:BlackMagic101":0,"Happy Flower":79,"TheCursedMod:Tack":17,"Blue Candle":117,"Mango":49,"Pen Nib":17,"Incense Burner":31,"Cursed Key":0,"Sozu":27,"Calling Bell":79,"Nunchaku":59,"HornCleat":43,"Pantograph":79,"FossilizedHelix":79,"InkBottle":117}],"InkBottle":[1]},"card_choices":[{"not_picked":["TheCursedMod:SoulReap","TheCursedMod:FleshFromBone"],"picked":"TheCursedMod:BlessingInDisguise","floor":1},{"not_picked":["TheCursedMod:Grudge","TheCursedMod:Torture"],"picked":"TheCursedMod:Stigma","floor":3},{"not_picked":["TheCursedMod:Grudge","TheCursedMod:VitalStrike"],"picked":"TheCursedMod:SoulReap","floor":5},{"not_picked":["TheCursedMod:Grudge","TheCursedMod:CircleOfWindfury"],"picked":"TheCursedMod:ShockAndAwe","floor":7},{"not_picked":["TheCursedMod:TacticalStrike","TheCursedMod:CursedBoomerang"],"picked":"TheCursedMod:StingEye","floor":11},{"not_picked":["TheCursedMod:NeowsMight","TheCursedMod:ShockAndAwe"],"picked":"TheCursedMod:VoidForm","floor":16},{"not_picked":["TheCursedMod:DoubleShield+1","TheCursedMod:SurpriseAttack"],"picked":"TheCursedMod:CursedArmor","floor":18},{"not_picked":["TheCursedMod:SmokeScreen","TheCursedMod:BlessingInDisguise+1"],"picked":"TheCursedMod:LuckyCharm","floor":21},{"not_picked":["TheCursedMod:CircleOfCorruption","TheCursedMod:CursedShiv"],"picked":"TheCursedMod:SoulReap+1","floor":22},{"not_picked":["TheCursedMod:CircleOfAmplification","TheCursedMod:Obscuration"],"picked":"TheCursedMod:CursedStaff","floor":23},{"not_picked":["TheCursedMod:DoubleShield","TheCursedMod:CursedBlade"],"picked":"TheCursedMod:AbyssShockwave+1","floor":25},{"not_picked":["TheCursedMod:CircleOfCorruption","TheCursedMod:FuryStrike"],"picked":"TheCursedMod:Obscuration+1","floor":27},{"not_picked":["TheCursedMod:TacticalStrike","TheCursedMod:Torture"],"picked":"TheCursedMod:DarkBarrier","floor":28},{"not_picked":["TheCursedMod:SurpriseAttack+1","TheCursedMod:SmokeScreen"],"picked":"TheCursedMod:LuckyCharm+1","floor":30},{"not_picked":["TheCursedMod:SmokeScreen","TheCursedMod:CursedBoomerang","TheCursedMod:Stretching"],"picked":"SKIP","floor":31},{"not_picked":["TheCursedMod:ForbiddenAlchemy","TheCursedMod:CursedRelics"],"picked":"TheCursedMod:CollectTribute","floor":33},{"not_picked":["TheCursedMod:AbyssShockwave+1","TheCursedMod:HellsGateOpen"],"picked":"TheCursedMod:CursedMace+1","floor":35},{"not_picked":["TheCursedMod:SpitefulStrike+1","TheCursedMod:CursedStaff","TheCursedMod:CursedArmor+1"],"picked":"SKIP","floor":36},{"not_picked":["TheCursedMod:BlessingInDisguise","TheCursedMod:CircleOfWindfury+1"],"picked":"TheCursedMod:RapidMovement+1","floor":39},{"not_picked":["TheCursedMod:Obscuration","TheCursedMod:Wield+1","TheCursedMod:SoulCrush+1"],"picked":"SKIP","floor":41},{"not_picked":["TheCursedMod:WearCloak","TheCursedMod:TacticalStrike","TheCursedMod:VitalStrike"],"picked":"SKIP","floor":46},{"not_picked":["TheCursedMod:CursedShiv","TheCursedMod:VitalStrike"],"picked":"TheCursedMod:Hemoplague+1","floor":47}],"player_experience":664063,"relics_obtained":[{"floor":7,"key":"TheCursedMod:Tack"},{"floor":9,"key":"Pen Nib"},{"floor":23,"key":"HornCleat"},{"floor":26,"key":"Mango"},{"floor":28,"key":"Nunchaku"},{"floor":34,"key":"Happy Flower"},{"floor":34,"key":"Pantograph"},{"floor":34,"key":"FossilizedHelix"},{"floor":47,"key":"Blue Candle"}],"event_choices":[{"damage_healed":0,"gold_gain":0,"player_choice":"Entered Light","damage_taken":15,"max_hp_gain":0,"max_hp_loss":0,"event_name":"Shining Light","floor":4,"gold_loss":0,"cards_upgraded":["TheCursedMod:BlessingInDisguise","TheCursedMod:Strike_TheCursed"]},{"damage_healed":0,"gold_gain":75,"player_choice":"Gather Gold","damage_taken":11,"max_hp_gain":0,"max_hp_loss":0,"event_name":"World of Goop","floor":12,"gold_loss":0},{"damage_healed":0,"gold_gain":0,"player_choice":"Ignored","damage_taken":0,"max_hp_gain":0,"max_hp_loss":0,"event_name":"Liars Game","floor":14,"gold_loss":0},{"damage_healed":0,"gold_gain":0,"player_choice":"Opened","damage_taken":0,"relics_obtained":["Incense Burner"],"max_hp_gain":0,"max_hp_loss":0,"event_name":"The Mausoleum","floor":19,"gold_loss":0},{"damage_healed":0,"gold_gain":0,"player_choice":"Ignored","damage_taken":0,"max_hp_gain":0,"max_hp_loss":0,"event_name":"Cursed Tome","floor":29,"gold_loss":0},{"damage_healed":22,"gold_gain":0,"player_choice":"Writhe","damage_taken":0,"max_hp_gain":0,"max_hp_loss":0,"event_name":"Winding Halls","floor":37,"gold_loss":0,"cards_obtained":["Writhe"]},{"damage_healed":0,"gold_gain":0,"player_choice":"Ignored","damage_taken":0,"max_hp_gain":0,"max_hp_loss":0,"event_name":"SecretPortal","floor":38,"gold_loss":0}],"is_beta":false,"boss_relics":[{"not_picked":["Fusion Hammer","Ectoplasm"],"picked":"Sozu"},{"not_picked":["Velvet Choker","Coffee Dripper"],"picked":"Calling Bell"}],"items_purged_floors":[13,45],"is_endless":false,"potions_floor_spawned":[1,7,18,27,28,30,31,33,36,39],"killed_by":"Time Eater","ascension_level":0}}