{"host":"on8rz1ayhhz269sg","time":1610616443,"event":{"mods":["BaseMod","Downfall","Gremlin Mod","Minty Spire (QoL Compilation)","StSLib","The Cursed","≤–¡Ù÷ÆŒÔ"],"gold_per_floor":[99,115,115,115,115,115,115,20,20,54,65,80,5,16,35,136,186,186,196,196,213,224,324,324,13,27,40,56,56,72,72,87,188,188,113,127,137,149,13,13,13,113,126,126,145,145,145,66,78,78],"floor_reached":51,"language":"ZHS","playtime":4645,"items_purged":["Normality"],"score":703,"play_id":"070810c9-445d-449d-a656-8928d86dfdb4","local_time":"20210114172723","is_ascension_mode":false,"campfire_choices":[{"data":"Slimebound:Split","floor":1.0,"key":"SMITH"},{"data":"Slimebound:Equalize","floor":6.0,"key":"SMITH"},{"floor":13.0,"key":"REST"},{"data":"Slimebound:Overexert","floor":18.0,"key":"SMITH"},{"floor":29.0,"key":"RECALL"},{"data":"Slimebound:Overexert","floor":35.0,"key":"SMITH"},{"floor":40.0,"key":"REST"},{"data":"Slimebound:OozeBath","floor":44.0,"key":"SMITH"}],"circlet_count":0,"master_deck":["Slimebound:Tackle","Slimebound:Defend_Slimebound","Slimebound:Defend_Slimebound","Slimebound:Defend_Slimebound","Slimebound:Split+1","Slimebound:CorrosiveSpit+1","Slimebound:MassFeed","Slimebound:Equalize+1","Slimebound:RollThrough","Slimebound:DivideAndConquer","Slimebound:SlimeSpikes","Slimebound:LevelUp","Slimebound:SplitBruiser","Slimebound:GrowthPunch","Slimebound:MegaLick","Slimebound:SplitAcid","Slimebound:Overexert+1","Slimebound:GrowthPunch","Slimebound:SpikyOuterGoop","Slimebound:ComboTackle+1","Slimebound:ComboTackle","Slimebound:SplitLeeching+1","Slimebound:Overexert+1","Slimebound:Repurpose","Slimebound:SplitBruiser","Slimebound:Split","expansioncontent:TimeRipple","Slimebound:Chomp","Slimebound:RollThrough+1","Panache","Slimebound:FinishingTackle","Slimebound:Gluttony","Slimebound:FlameTackle","Slimebound:Tackle+1","Slimebound:Tackle+1","Slimebound:Tackle+1","Slimebound:RainOfGoop","Slimebound:RallyTheTroops","Slimebound:Chomp+1","Slimebound:SamplingLick","Slimebound:SamplingLick","Slimebound:OozeBath+1","Slimebound:Schlurp","expansioncontent:YouAreMine","Slimebound:Prepare","Slimebound:GoopSpray+1","Slimebound:Prepare","Slimebound:FlameTackle+1","Slimebound:Schlurp","Slimebound:MegaLick","Slimebound:LeadByExample","Slimebound:Schlurp+1"],"relics":["Slimebound:AbsorbEndCombat","HornCleat","TungstenRod","downfall:HeartBlessingGreen","Tiny House","downfall:GremlinSack","Sundial","Slimebound:TarBlob","downfall:HeartBlessingRed","Darkstone Periapt","downfall:GremlinWheel","PlaceholderMod:DeVermisMysteriis","Pen Nib"],"acts_visited":["Exordium","TheCity","TheBeyond"],"potions_floor_usage":[49,50,50],"damage_taken":[{"damage":16.0,"enemies":"Small Slimes","floor":2.0,"turns":3.0},{"damage":9.0,"enemies":"downfall:FleeingMerchant","floor":8.0,"turns":4.0},{"damage":47.0,"enemies":"Lagavulin","floor":10.0,"turns":7.0},{"damage":14.0,"enemies":"Jaw Worm","floor":11.0,"turns":5.0},{"damage":0.0,"enemies":"2 Louse","floor":12.0,"turns":2.0},{"damage":27.0,"enemies":"Gremlin Gang","floor":14.0,"turns":4.0},{"damage":17.0,"enemies":"3 Louse","floor":15.0,"turns":4.0},{"damage":31.0,"enemies":"downfall:Silent","floor":16.0,"turns":8.0},{"damage":9.0,"enemies":"3 Byrds","floor":19.0,"turns":3.0},{"damage":0.0,"enemies":"Chosen","floor":20.0,"turns":1.0},{"damage":34.0,"enemies":"Shelled Parasite and Fungi","floor":21.0,"turns":5.0},{"damage":18.0,"enemies":"Chosen and Byrds","floor":22.0,"turns":4.0},{"damage":17.0,"enemies":"Chosen and Byrds","floor":23.0,"turns":4.0},{"damage":18.0,"enemies":"downfall:FleeingMerchant","floor":25.0,"turns":4.0},{"damage":22.0,"enemies":"Sentry and Sphere","floor":26.0,"turns":4.0},{"damage":21.0,"enemies":"Cultist and Chosen","floor":27.0,"turns":3.0},{"damage":16.0,"enemies":"Snake Plant","floor":28.0,"turns":3.0},{"damage":20.0,"enemies":"3 Cultists","floor":30.0,"turns":4.0},{"damage":15.0,"enemies":"Cultist and Chosen","floor":32.0,"turns":4.0},{"damage":58.0,"enemies":"downfall:Ironclad","floor":33.0,"turns":7.0},{"damage":41.0,"enemies":"3 Darklings","floor":36.0,"turns":3.0},{"damage":22.0,"enemies":"Orb Walker","floor":37.0,"turns":3.0},{"damage":41.0,"enemies":"Sphere and 2 Shapes","floor":38.0,"turns":4.0},{"damage":27.0,"enemies":"downfall:FleeingMerchant","floor":39.0,"turns":4.0},{"damage":19.0,"enemies":"downfall:FleeingMerchant","floor":42.0,"turns":4.0},{"damage":37.0,"enemies":"Jaw Worm Horde","floor":43.0,"turns":5.0},{"damage":14.0,"enemies":"3 Darklings","floor":45.0,"turns":4.0},{"damage":5,"enemies":"downfall:FleeingMerchant","floor":48,"turns":3},{"damage":11,"enemies":"4 Shapes","floor":49,"turns":4},{"damage":47,"enemies":"downfall:Defect","floor":50,"turns":6}],"seed_played":"-5723226158880267891","potions_obtained":[{"floor":2.0,"key":"Regen Potion"},{"floor":11.0,"key":"Fire Potion"},{"floor":14.0,"key":"FearPotion"},{"floor":16.0,"key":"DuplicationPotion"},{"floor":17.0,"key":"ColorlessPotion"},{"floor":26.0,"key":"Fire Potion"},{"floor":27.0,"key":"Fire Potion"},{"floor":30.0,"key":"champ:CounterPotion"},{"floor":32.0,"key":"SneckoOil"},{"floor":42.0,"key":"ColorlessPotion"},{"floor":45.0,"key":"Explosive Potion"},{"floor":49,"key":"hexamod:EctoCoolerPotion"}],"is_trial":false,"path_per_floor":["R","M","?","?","?","R","T","$","?","E","M","M","R","M","M","B",null,"R","M","M","M","M","?","T","$","M","M","M","R","M","?","M","B",null,"R","M","M","M","$","R","T","?","M","R","M","?","?","$","M","B",null],"character_chosen":"SLIMEBOUND","items_purchased":["Slimebound:DivideAndConquer","Slimebound:SlimeSpikes","Panache","Block Potion","Slimebound:Schlurp","expansioncontent:YouAreMine","Pen Nib","Slimebound:Schlurp","Slimebound:MegaLick","Slimebound:LeadByExample","hexamod:EctoCoolerPotion"],"campfire_rested":2,"item_purchase_floors":[8,8,25,25,39,39,48,48,48,48,48],"current_hp_per_floor":[60,56,56,61,61,61,61,64,64,45,49,55,74,63,58,71,79,79,79,79,68,72,68,68,80,75,78,72,72,82,82,81,54,82,82,57,61,51,60,85,85,73,62,62,54,54,54,61,62,65],"gold":78,"neow_bonus":"ONE_RANDOM_RARE_CARD","is_daily":false,"chose_seed":false,"campfire_upgraded":5,"win_rate":0.0,"timestamp":1610616443,"path_taken":["R","M","?","?","?","R","T","?","?","E","M","M","R","M","M","BOSS","R","M","M","M","M","?","T","$","M","M","M","R","?","?","M","BOSS","R","M","M","M","$","R","T","?","M","R","?","?","?","$","M","BOSS"],"items_purchased_type":["Card","Card","Card","Potion","Card","Card","Relic","Card","Card","Card","Potion"],"build_version":"2020-12-22","purchased_purges":1,"victory":true,"max_hp_per_floor":[60,60,60,65,65,65,65,65,65,68,68,74,74,74,74,74,79,79,79,79,79,79,82,82,82,82,82,82,82,82,82,82,82,82,82,82,82,85,85,85,85,88,88,88,88,88,88,88,88,88],"card_choices":[{"not_picked":["Slimebound:TongueLash","Slimebound:SplitLeeching"],"picked":"Slimebound:Equalize","floor":2.0},{"not_picked":["Slimebound:SplitAcid","Slimebound:Equalize"],"picked":"Slimebound:RollThrough","floor":8.0},{"not_picked":["Slimebound:Schlurp","Slimebound:GoopSpray"],"picked":"Slimebound:LevelUp","floor":10.0},{"not_picked":["Slimebound:RollThrough","Slimebound:ComboTackle"],"picked":"Slimebound:SplitBruiser","floor":11.0},{"not_picked":["Slimebound:ForwardTackle","Slimebound:RejuvenatingLick"],"picked":"Slimebound:GrowthPunch","floor":12.0},{"not_picked":["Slimebound:ServeAndProtect","Slimebound:Schlurp"],"picked":"Slimebound:MegaLick","floor":14.0},{"not_picked":["Slimebound:RollThrough","Slimebound:PressTheAttack"],"picked":"Slimebound:SplitAcid","floor":15.0},{"not_picked":["Slimebound:WasteNot","Slimebound:SlimeSlap"],"picked":"Slimebound:Overexert","floor":16.0},{"not_picked":["Slimebound:SlimeSpikes","Slimebound:SlimeBrawl"],"picked":"Slimebound:GrowthPunch","floor":17.0},{"not_picked":["Slimebound:FinishingTackle","Slimebound:ViciousTackle"],"picked":"Slimebound:SpikyOuterGoop","floor":19.0},{"not_picked":["Slimebound:DivideAndConquer+1","Slimebound:SlimeBrawl"],"picked":"Slimebound:ComboTackle+1","floor":20.0},{"not_picked":["Slimebound:RejuvenatingLick","Slimebound:LivingWall"],"picked":"Slimebound:ComboTackle","floor":21.0},{"not_picked":["Slimebound:Schlurp","Slimebound:FlameTackle"],"picked":"Slimebound:SplitLeeching+1","floor":22.0},{"not_picked":["Slimebound:SplitLeeching","Slimebound:GrowthPunch"],"picked":"Slimebound:Chomp","floor":23.0},{"not_picked":["Slimebound:WasteNot","Slimebound:RejuvenatingLick"],"picked":"Slimebound:RollThrough+1","floor":25.0},{"not_picked":["Slimebound:SplitLeeching","Slimebound:Equalize"],"picked":"Slimebound:FinishingTackle","floor":26.0},{"not_picked":["Slimebound:SlimeSpikes","Slimebound:DivideAndConquer+1"],"picked":"Slimebound:Gluttony","floor":27.0},{"not_picked":["Slimebound:GrowthPunch","Slimebound:DivideAndConquer"],"picked":"Slimebound:FlameTackle","floor":28.0},{"not_picked":["Slimebound:LivingWall","Slimebound:SplitBruiser"],"picked":"Slimebound:LevelUp","floor":30.0},{"not_picked":["Slimebound:Repurpose+1","Slimebound:ComboTackle"],"picked":"Slimebound:RainOfGoop","floor":32.0},{"not_picked":["Slimebound:DuplicatedForm","Slimebound:CheckThePlaybook"],"picked":"Slimebound:RallyTheTroops","floor":33.0},{"not_picked":["Slimebound:Grow","Slimebound:SlimeSpikes"],"picked":"Slimebound:Chomp+1","floor":36.0},{"not_picked":["Slimebound:RollThrough","Slimebound:Nibble"],"picked":"Slimebound:SamplingLick","floor":37.0},{"not_picked":["Slimebound:FinishingTackle","Slimebound:LeechEnergy"],"picked":"Slimebound:SamplingLick","floor":38.0},{"not_picked":["Slimebound:SplitLeeching+1","Slimebound:FinishingTackle+1"],"picked":"Slimebound:OozeBath","floor":39.0},{"not_picked":["Slimebound:SlimeBrawl","Slimebound:FinishingTackle+1"],"picked":"Slimebound:Prepare","floor":43.0},{"not_picked":["Slimebound:Equalize","Slimebound:Schlurp+1"],"picked":"Slimebound:GoopSpray+1","floor":45.0},{"not_picked":["Slimebound:GoopSpray","Slimebound:GoopTackle"],"picked":"Slimebound:FlameTackle+1","floor":48},{"not_picked":["Slimebound:SplitAcid","Slimebound:ServeAndProtect"],"picked":"Slimebound:Schlurp+1","floor":49}],"player_experience":204463,"relics_obtained":[{"floor":7.0,"key":"HornCleat"},{"floor":10.0,"key":"TungstenRod"},{"floor":23.0,"key":"downfall:GremlinSack"},{"floor":24.0,"key":"Sundial"},{"floor":41.0,"key":"Darkstone Periapt"},{"floor":42.0,"key":"downfall:GremlinWheel"},{"floor":44.0,"key":"PlaceholderMod:DeVermisMysteriis"}],"event_choices":[{"damage_healed":0.0,"max_hp_gain":5.0,"max_hp_loss":0.0,"gold_gain":0.0,"event_name":"Big Fish","player_choice":"Donut","floor":4.0,"gold_loss":0.0,"damage_taken":0.0},{"damage_healed":0.0,"max_hp_gain":0.0,"max_hp_loss":0.0,"gold_gain":0.0,"event_name":"Scrap Ooze","player_choice":"Fled","floor":5.0,"gold_loss":0.0,"damage_taken":0.0},{"damage_healed":0.0,"max_hp_gain":0.0,"max_hp_loss":0.0,"gold_gain":0.0,"event_name":"Wheel of Change","player_choice":"Relic","floor":44.0,"gold_loss":0.0,"damage_taken":0.0},{"cards_removed":["Slimebound:LevelUp"],"damage_healed":0.0,"max_hp_gain":0.0,"max_hp_loss":0.0,"gold_gain":0.0,"event_name":"Falling","player_choice":"Removed Power","floor":46.0,"gold_loss":0.0,"damage_taken":0.0},{"damage_healed":0,"gold_gain":0,"cards_transformed":["Slimebound:Defend_Slimebound"],"player_choice":"Transformed","damage_taken":0,"max_hp_gain":0,"max_hp_loss":0,"event_name":"Transmorgrifier","floor":47,"gold_loss":0,"cards_obtained":["Slimebound:Prepare"]}],"is_beta":false,"boss_relics":[{"not_picked":["Coffee Dripper","Busted Crown"],"picked":"Tiny House"},{"not_picked":["SlaversCollar","Empty Cage"],"picked":"Slimebound:TarBlob"}],"items_purged_floors":[25],"is_endless":false,"potions_floor_spawned":[2,11,14,16,26,27,30,32,42,45,49],"ascension_level":0}}