{"host":"oehe2dxjvdgux73m","time":1610625072,"event":{"mods":["AchievementEnabler","BaseMod","Colored Map","Colored Powertips","DeckTracker","Keyboard Shortcuts","Minty Spire (QoL Compilation)","Permanent Neow","Quick Restart","StSLib","SuperFastMode"],"gold_per_floor":[113,113,123,134,147,147,179,196,222,239,239,239,239,255,255,331,331,347,262,292,330,342,354,376,268,268,90,123,123,133,133,133,212,212,224,27,38,51,12,12,29,41,41,41,66,66,86,97,97,97,97],"floor_reached":50,"language":"KOR","playtime":2764,"items_purged":["Strike_G","Strike_G"],"score":877,"play_id":"d8c40391-f701-4db5-bd70-3e1d302df625","local_time":"20210114205112","is_ascension_mode":true,"campfire_choices":[{"data":"Blade Dance","floor":6.0,"key":"SMITH"},{"floor":15.0,"key":"REST"},{"data":"After Image","floor":23.0,"key":"SMITH"},{"data":"Prepared","floor":29.0,"key":"SMITH"},{"floor":32.0,"key":"REST"},{"data":"Accuracy","floor":40,"key":"SMITH"},{"data":"Adrenaline","floor":44,"key":"SMITH"},{"data":"Blade Dance","floor":46,"key":"SMITH"},{"floor":49,"key":"REST"}],"circlet_count":0,"master_deck":["AscendersBane","Defend_G","Defend_G","Defend_G","Defend_G","Survivor","Neutralize","Slice","Envenom","Backflip","Flash of Steel","Accuracy+1","Prepared+1","Blade Dance+1","Acrobatics","Venomology","Blade Dance+1","After Image+1","Backflip+1","PiercingWail","Blur","Prepared+1","Adrenaline+1","Acrobatics","Calculated Gamble+1","Terror"],"relics":["Ring of the Snake","Pen Nib","Juzu Bracelet","Sozu","MawBank","Red Mask","MutagenicStrength","The Specimen","MealTicket","HoveringKite","Bag of Preparation","Torii","Calipers"],"acts_visited":["Exordium","TheCity","TheBeyond"],"potions_floor_usage":[33],"damage_taken":[{"damage":2.0,"enemies":"Jaw Worm","floor":1.0,"turns":5.0},{"damage":2.0,"enemies":"Cultist","floor":3.0,"turns":5.0},{"damage":2.0,"enemies":"2 Louse","floor":4.0,"turns":4.0},{"damage":14.0,"enemies":"Looter","floor":5.0,"turns":3.0},{"damage":12.0,"enemies":"Lagavulin","floor":7.0,"turns":5.0},{"damage":8.0,"enemies":"Blue Slaver","floor":8.0,"turns":3.0},{"damage":8.0,"enemies":"3 Louse","floor":10.0,"turns":4.0},{"damage":5.0,"enemies":"Gremlin Gang","floor":14.0,"turns":4.0},{"damage":0.0,"enemies":"Slime Boss","floor":16.0,"turns":5.0},{"damage":10.0,"enemies":"2 Thieves","floor":18.0,"turns":4.0},{"damage":4.0,"enemies":"Shell Parasite","floor":20.0,"turns":4.0},{"damage":4.0,"enemies":"Masked Bandits","floor":21.0,"turns":3.0},{"damage":2.0,"enemies":"Chosen and Byrds","floor":24.0,"turns":6.0},{"damage":10.0,"enemies":"Book of Stabbing","floor":28.0,"turns":5.0},{"damage":2.0,"enemies":"Sentry and Sphere","floor":30.0,"turns":6.0},{"damage":17,"enemies":"Champ","floor":33,"turns":11},{"damage":0,"enemies":"3 Shapes","floor":35,"turns":5},{"damage":16,"enemies":"3 Darklings","floor":37,"turns":4},{"damage":13,"enemies":"4 Shapes","floor":38,"turns":6},{"damage":12,"enemies":"Maw","floor":41,"turns":5},{"damage":1,"enemies":"Writhing Mass","floor":42,"turns":4},{"damage":0,"enemies":"Mind Bloom Boss Battle","floor":45,"turns":3},{"damage":0,"enemies":"Jaw Worm Horde","floor":47,"turns":2},{"damage":0,"enemies":"Maw","floor":48,"turns":5},{"damage":53,"enemies":"Time Eater","floor":50,"turns":5}],"seed_played":"-6715397042974731378","potions_obtained":[{"floor":1.0,"key":"AttackPotion"},{"floor":4.0,"key":"Weak Potion"},{"floor":14.0,"key":"CunningPotion"}],"is_trial":false,"path_per_floor":["M","?","M","M","M","R","E","M","T","M","?","?","?","M","R","B",null,"M","?","M","?","?","R","M","$","T","$","E","R","M","?","R","B",null,"M","$","M","M","$","R","M","M","T","R","?","R","M","M","R","B"],"character_chosen":"THE_SILENT","items_purchased":["Prepared","Adrenaline","Acrobatics","Bag of Preparation","Terror"],"campfire_rested":3,"item_purchase_floors":[25,27,36,36,39],"current_hp_per_floor":[57,57,55,53,39,39,27,19,19,11,11,11,11,6,24,24,51,41,41,37,33,33,33,31,31,31,31,21,21,19,19,37,20,50,50,60,44,31,46,46,34,33,33,33,33,33,33,33,51,0,0],"gold":97,"neow_bonus":"TRANSFORM_TWO_CARDS","is_daily":false,"chose_seed":false,"campfire_upgraded":6,"win_rate":0.0,"timestamp":1610625072,"path_taken":["M","?","?","?","M","R","E","?","T","M","?","?","?","M","R","BOSS","M","?","M","?","?","R","M","?","T","$","E","R","M","?","R","BOSS","M","$","M","M","$","R","M","M","T","R","?","R","M","M","R","BOSS"],"items_purchased_type":["Card","Card","Card","Relic","Card"],"build_version":"2020-12-22","purchased_purges":2,"victory":false,"max_hp_per_floor":[60,60,60,60,60,60,60,60,60,60,60,60,60,60,60,60,60,60,60,60,60,60,60,60,60,60,60,60,60,60,60,60,60,60,60,60,60,60,60,60,60,60,60,60,60,60,60,60,60,60,60],"card_choices":[{"not_picked":["Skewer","Footwork"],"picked":"Backflip","floor":1.0},{"not_picked":["Blur","Deflect","Catalyst"],"picked":"SKIP","floor":3.0},{"not_picked":["Deflect","Concentrate"],"picked":"Prepared","floor":4.0},{"not_picked":["Cloak And Dagger","Outmaneuver"],"picked":"Blade Dance","floor":5.0},{"not_picked":["Prepared","Night Terror","Dodge and Roll"],"picked":"SKIP","floor":7.0},{"not_picked":["Footwork","Sucker Punch"],"picked":"Acrobatics","floor":8.0},{"not_picked":["Backflip","Poisoned Stab","Prepared"],"picked":"SKIP","floor":10.0},{"not_picked":["Flying Knee","All Out Attack"],"picked":"Blade Dance","floor":14.0},{"not_picked":["Doppelganger","Bullet Time"],"picked":"After Image","floor":16.0},{"not_picked":["Dagger Throw","Prepared"],"picked":"Backflip+1","floor":18.0},{"not_picked":["Endless Agony","Dagger Spray","Poisoned Stab"],"picked":"SKIP","floor":20.0},{"not_picked":["Underhanded Strike","Backflip"],"picked":"PiercingWail","floor":21.0},{"not_picked":["Night Terror","Deflect"],"picked":"Blur","floor":24.0},{"not_picked":["Noxious Fumes","Crippling Poison","Endless Agony"],"picked":"SKIP","floor":28.0},{"not_picked":["Dagger Spray+1","Outmaneuver","Poisoned Stab"],"picked":"SKIP","floor":30.0},{"not_picked":["Prepared","Dagger Throw+1","Dash"],"picked":"SKIP","floor":35},{"not_picked":["Deflect","Expertise+1","Acrobatics"],"picked":"SKIP","floor":37},{"not_picked":["Deflect","Expertise+1","Acrobatics"],"picked":"SKIP","floor":37},{"not_picked":["Dagger Throw+1","Blur+1"],"picked":"Calculated Gamble+1","floor":38},{"not_picked":["Dodge and Roll","Dash","Cloak And Dagger"],"picked":"SKIP","floor":41},{"not_picked":["Backflip","Prepared","Blade Dance"],"picked":"SKIP","floor":42},{"not_picked":["Distraction+1","Infinite Blades+1","Glass Knife"],"picked":"SKIP","floor":47},{"not_picked":["PiercingWail","Predator+1","Acrobatics"],"picked":"SKIP","floor":48}],"player_experience":188447,"relics_obtained":[{"floor":7.0,"key":"Pen Nib"},{"floor":9.0,"key":"Juzu Bracelet"},{"floor":21.0,"key":"Red Mask"},{"floor":26.0,"key":"The Specimen"},{"floor":28.0,"key":"MealTicket"},{"floor":43,"key":"Torii"},{"floor":45,"key":"Calipers"}],"event_choices":[{"damage_healed":0.0,"max_hp_gain":0.0,"max_hp_loss":0.0,"gold_gain":0.0,"event_name":"Match and Keep!","player_choice":"2 cards matched","floor":2.0,"gold_loss":0.0,"damage_taken":0.0,"cards_obtained":["Flash of Steel","Accuracy"]},{"damage_healed":0.0,"max_hp_gain":0.0,"max_hp_loss":0.0,"gold_gain":0.0,"event_name":"Upgrade Shrine","player_choice":"Upgraded","floor":11.0,"gold_loss":0.0,"damage_taken":0.0,"cards_upgraded":["Prepared"]},{"damage_healed":0.0,"max_hp_gain":0.0,"max_hp_loss":0.0,"gold_gain":0.0,"cards_transformed":["Strike_G"],"event_name":"Transmorgrifier","player_choice":"Transformed","floor":12.0,"gold_loss":0.0,"damage_taken":0.0,"cards_obtained":["Venomology"]},{"damage_healed":0.0,"max_hp_gain":0.0,"max_hp_loss":0.0,"gold_gain":0.0,"event_name":"Scrap Ooze","player_choice":"Fled","floor":13.0,"gold_loss":0.0,"damage_taken":0.0},{"damage_healed":0.0,"max_hp_gain":0.0,"max_hp_loss":0.0,"gold_gain":0.0,"event_name":"Addict","player_choice":"Obtained Relic","floor":19.0,"gold_loss":85.0,"damage_taken":0.0,"relics_obtained":["MawBank"]},{"damage_healed":0.0,"max_hp_gain":0.0,"max_hp_loss":0.0,"gold_gain":0.0,"event_name":"Masked Bandits","player_choice":"Fought Bandits","floor":21.0,"gold_loss":0.0,"damage_taken":0.0},{"damage_healed":0.0,"max_hp_gain":0.0,"max_hp_loss":0.0,"gold_gain":0.0,"event_name":"Drug Dealer","player_choice":"Inject Mutagens","floor":22.0,"gold_loss":0.0,"damage_taken":0.0,"relics_obtained":["MutagenicStrength"]},{"cards_removed":["Strike_G"],"damage_healed":0.0,"max_hp_gain":0.0,"max_hp_loss":0.0,"gold_gain":0.0,"event_name":"Wheel of Change","player_choice":"Card Removal","floor":31.0,"gold_loss":0.0,"damage_taken":0.0},{"damage_healed":0,"gold_gain":0,"player_choice":"Fight","damage_taken":0,"max_hp_gain":0,"max_hp_loss":0,"event_name":"MindBloom","floor":45,"gold_loss":0}],"is_beta":false,"boss_relics":[{"not_picked":["Tiny House","Velvet Choker"],"picked":"Sozu"},{"not_picked":["Cursed Key","Coffee Dripper"],"picked":"HoveringKite"}],"items_purged_floors":[25,27],"is_endless":false,"potions_floor_spawned":[1,4,14,20,24,28,33,37,47,48],"killed_by":"Time Eater","ascension_level":14}}