{"host":"zq4tmp0p98b2vpa9","time":1610624658,"event":{"mods":["AchievementEnabler","BaseMod","Minty Spire (QoL Compilation)","Relic Stats"],"gold_per_floor":[110,110,129,204,204,231,231,249,329,341,441,452,452,478,478,573,573,583,593,593,518,518,518,81,108,133,133,133,152,170,184,184,184,184],"floor_reached":33,"language":"ENG","playtime":2265,"items_purged":["Defend_P"],"score":325,"play_id":"e083a6f4-56f4-4559-9bfd-a9e8894cf3ad","local_time":"20210114124418","is_ascension_mode":false,"campfire_choices":[{"data":"Crescendo","floor":7,"key":"SMITH"},{"data":"Collect","floor":13,"key":"SMITH"},{"floor":15,"key":"REST"},{"data":"Eruption","floor":23,"key":"SMITH"},{"floor":28,"key":"REST"},{"floor":32,"key":"REST"}],"circlet_count":0,"master_deck":["Strike_P","Strike_P","Defend_P","Defend_P","Eruption+1","Vigilance","Collect+1","Crescendo+1","ClearTheMind","CrushJoints","InnerPeace","SashWhip","ReachHeaven","ClearTheMind","ConjureBlade","WindmillStrike","Tantrum","Ghostly","Ghostly","Ghostly","Ghostly","Ghostly","BattleHymn","Swift Strike","Secret Weapon","Ghostly","Consecrate+1","RitualDagger","EmptyMind","Halt+1"],"relics":["PureWater","NeowsBlessing","Bronze Scales","The Courier","Dream Catcher","SlaversCollar","DollysMirror","PreservedInsect","Toy Ornithopter"],"acts_visited":["Exordium","TheCity"],"potions_floor_usage":[12,14,16,31,31,31,33],"damage_taken":[{"damage":0,"enemies":"Small Slimes","floor":1,"turns":1},{"damage":0,"enemies":"2 Louse","floor":3,"turns":1},{"damage":0,"enemies":"3 Sentries","floor":6,"turns":2},{"damage":0,"enemies":"Cultist","floor":8,"turns":3},{"damage":2,"enemies":"Looter","floor":10,"turns":3},{"damage":0,"enemies":"3 Louse","floor":12,"turns":1},{"damage":13,"enemies":"Gremlin Nob","floor":14,"turns":3},{"damage":48,"enemies":"The Guardian","floor":16,"turns":8},{"damage":19,"enemies":"Shell Parasite","floor":18,"turns":4},{"damage":16,"enemies":"3 Byrds","floor":19,"turns":4},{"damage":23,"enemies":"Slavers","floor":25,"turns":5},{"damage":3,"enemies":"Snecko","floor":29,"turns":5},{"damage":5,"enemies":"Sentry and Sphere","floor":30,"turns":5},{"damage":16,"enemies":"Snake Plant","floor":31,"turns":4},{"damage":37,"enemies":"Champ","floor":33,"turns":8}],"seed_played":"-3033172367796785149","potions_obtained":[{"floor":3,"key":"Dexterity Potion"},{"floor":8,"key":"AttackPotion"},{"floor":10,"key":"SteroidPotion"},{"floor":12,"key":"Swift Potion"},{"floor":25,"key":"Energy Potion"},{"floor":30,"key":"PowerPotion"},{"floor":31,"key":"DuplicationPotion"}],"is_trial":false,"path_per_floor":["M","?","M","?","?","E","R","M","T","M","?","M","R","E","R","B",null,"M","M","?","?","?","R","$","E","T","?","R","M","M","M","R","B"],"character_chosen":"WATCHER","items_purchased":["BattleHymn","Swift Strike","Secret Weapon","DollysMirror"],"campfire_rested":3,"item_purchase_floors":[24,24,24,24],"current_hp_per_floor":[72,72,72,61,54,54,54,54,54,52,52,52,52,39,60,12,72,53,37,36,36,36,36,36,13,13,7,17,14,9,8,18,0,0],"gold":184,"neow_bonus":"THREE_ENEMY_KILL","is_daily":false,"chose_seed":false,"campfire_upgraded":3,"win_rate":0.0,"timestamp":1610624658,"path_taken":["M","?","M","?","?","E","R","M","T","M","?","M","R","E","R","BOSS","M","M","?","?","?","R","$","E","T","?","R","M","M","M","R","BOSS"],"items_purchased_type":["Card","Card","Card","Relic"],"build_version":"2020-12-22","purchased_purges":1,"victory":false,"max_hp_per_floor":[72,72,72,72,72,72,72,72,72,72,72,72,72,72,72,72,72,72,72,36,36,36,36,36,36,36,36,36,36,36,36,36,36,36],"relic_stats":{"Dream Catcher":3,"counters":[15,57],"Bronze Scales":[146],"PreservedInsect":0,"obtain_stats":[{"SlaversCollar":17,"Dream Catcher":14,"NeowsBlessing":0,"DollysMirror":24,"Bronze Scales":6,"The Courier":9,"PreservedInsect":25,"PureWater":0,"Toy Ornithopter":26},{"SlaversCollar":8,"Dream Catcher":7,"NeowsBlessing":0,"DollysMirror":10,"Bronze Scales":3,"The Courier":4,"PreservedInsect":11,"PureWater":0,"Toy Ornithopter":11},{"SlaversCollar":22,"Dream Catcher":14,"NeowsBlessing":0,"DollysMirror":30,"Bronze Scales":4,"The Courier":7,"PreservedInsect":35,"PureWater":0,"Toy Ornithopter":35}],"Toy Ornithopter":20},"card_choices":[{"not_picked":["BowlingBash","EmptyBody"],"picked":"Collect","floor":1},{"not_picked":["CrushJoints","MasterReality"],"picked":"Crescendo","floor":3},{"not_picked":["EmptyFist","EmptyBody"],"picked":"ClearTheMind","floor":6},{"not_picked":["Halt","JustLucky"],"picked":"CrushJoints","floor":8},{"not_picked":["Crescendo","Meditate"],"picked":"InnerPeace","floor":10},{"not_picked":["Vengeance","WaveOfTheHand"],"picked":"SashWhip","floor":12},{"not_picked":["Consecrate","Evaluate"],"picked":"ReachHeaven","floor":14},{"not_picked":["Protect","Brilliance"],"picked":"ClearTheMind","floor":15},{"not_picked":["Brilliance","Judgement"],"picked":"ConjureBlade","floor":16},{"not_picked":["Crescendo","EmptyBody+1"],"picked":"WindmillStrike","floor":18},{"not_picked":["Adaptation","Protect"],"picked":"Tantrum","floor":19},{"not_picked":["EmptyBody","Tantrum"],"picked":"Consecrate+1","floor":25},{"not_picked":["Ragnarok","TalkToTheHand","Protect"],"picked":"SKIP","floor":29},{"not_picked":["CarveReality","JustLucky+1","Tantrum"],"picked":"SKIP","floor":30},{"not_picked":["BowlingBash","WindmillStrike+1"],"picked":"EmptyMind","floor":31},{"not_picked":["FollowUp","TalkToTheHand"],"picked":"Halt+1","floor":32}],"player_experience":228660,"relics_obtained":[{"floor":6,"key":"Bronze Scales"},{"floor":9,"key":"The Courier"},{"floor":14,"key":"Dream Catcher"},{"floor":25,"key":"PreservedInsect"},{"floor":26,"key":"Toy Ornithopter"}],"event_choices":[{"damage_healed":0,"gold_gain":0,"player_choice":"Fled","damage_taken":0,"max_hp_gain":0,"max_hp_loss":0,"event_name":"Scrap Ooze","floor":2,"gold_loss":0},{"damage_healed":0,"gold_gain":75,"player_choice":"Gather Gold","damage_taken":11,"max_hp_gain":0,"max_hp_loss":0,"event_name":"World of Goop","floor":4,"gold_loss":0},{"cards_removed":["Strike_P"],"damage_healed":0,"gold_gain":0,"player_choice":"Card Removal","damage_taken":7,"max_hp_gain":0,"max_hp_loss":0,"event_name":"Golden Wing","floor":5,"gold_loss":0},{"damage_healed":0,"gold_gain":100,"player_choice":"Pray","damage_taken":0,"max_hp_gain":0,"max_hp_loss":0,"event_name":"Golden Shrine","floor":11,"gold_loss":0},{"damage_healed":0,"gold_gain":0,"player_choice":"Became a Ghost","damage_taken":0,"max_hp_gain":0,"max_hp_loss":36,"event_name":"Ghosts","floor":20,"gold_loss":0,"cards_obtained":["Ghostly","Ghostly","Ghostly","Ghostly","Ghostly"]},{"cards_removed":["Defend_P"],"damage_healed":0,"gold_gain":0,"player_choice":"Gave Gold","damage_taken":0,"max_hp_gain":0,"max_hp_loss":0,"event_name":"Beggar","floor":21,"gold_loss":75},{"cards_removed":["Strike_P"],"damage_healed":0,"gold_gain":0,"player_choice":"Elegance","damage_taken":0,"max_hp_gain":0,"max_hp_loss":0,"event_name":"Back to Basics","floor":22,"gold_loss":0},{"damage_healed":0,"gold_gain":0,"player_choice":"Joined the Cult","damage_taken":6,"max_hp_gain":0,"max_hp_loss":0,"event_name":"Nest","floor":27,"gold_loss":0,"cards_obtained":["RitualDagger"]}],"is_beta":false,"boss_relics":[{"not_picked":["Tiny House","VioletLotus"],"picked":"SlaversCollar"}],"items_purged_floors":[24],"is_endless":false,"potions_floor_spawned":[3,8,10,12,25,30,31],"killed_by":"Champ","ascension_level":0}}