{"host":"esx1hwjnbftf3eqj","time":1610641689,"event":{"mods":["AchievementEnabler","BaseMod","Colored Map","Minty Spire (QoL Compilation)","StSLib","The Jungle"],"gold_per_floor":[112,37,212,112,112,112,125,125,177,197,215,231,249,124,124,225,225,237,237,87,87,10,10,30,30,53,53,53,84,118,137,137,137,137],"floor_reached":33,"language":"ENG","playtime":723,"items_purged":["Doubt","Doubt","Defend_R","Writhe"],"score":253,"play_id":"7207a0c6-f705-4f6f-a505-88eebfa07419","local_time":"20210114082809","is_ascension_mode":false,"campfire_choices":[{"data":"Strike_R","floor":6.0,"key":"SMITH"},{"data":"Strike_R","floor":8.0,"key":"SMITH"},{"data":"Whirlwind","floor":15.0,"key":"SMITH"},{"data":"Whirlwind","floor":23.0,"key":"SMITH"},{"data":"Offering","floor":25.0,"key":"SMITH"},{"data":"Shockwave","floor":32.0,"key":"SMITH"}],"circlet_count":0,"master_deck":["Strike_R+1","Strike_R+1","Strike_R","Strike_R","Strike_R","Defend_R","Defend_R","Bash+1","Whirlwind+1","Offering+1","Battle Trance+1","Whirlwind+1","Shockwave+1"],"relics":["Black Blood","WingedGreaves","PreservedInsect","Thread and Needle","Oddly Smooth Stone","Calipers","Red Mask"],"acts_visited":["Exordium","TheCity"],"potions_floor_usage":[33,33,33],"damage_taken":[{"damage":6.0,"enemies":"Cultist","floor":1.0,"turns":3.0},{"damage":7.0,"enemies":"Small Slimes","floor":7.0,"turns":3.0},{"damage":6.0,"enemies":"2 Louse","floor":10.0,"turns":3.0},{"damage":15.0,"enemies":"Looter","floor":11.0,"turns":3.0},{"damage":0.0,"enemies":"3 Louse","floor":12.0,"turns":3.0},{"damage":19.0,"enemies":"Blue Slaver","floor":13.0,"turns":3.0},{"damage":65.0,"enemies":"Hexaghost","floor":16.0,"turns":10.0},{"damage":26.0,"enemies":"2 Thieves","floor":18.0,"turns":2.0},{"damage":26.0,"enemies":"Spheric Guardian","floor":24.0,"turns":4.0},{"damage":9.0,"enemies":"Slavers","floor":29.0,"turns":2.0},{"damage":6.0,"enemies":"Masked Bandits","floor":30.0,"turns":1.0},{"damage":13.0,"enemies":"Snecko","floor":31.0,"turns":3.0},{"damage":85,"enemies":"Automaton","floor":33,"turns":10}],"seed_played":"2974752951372210667","potions_obtained":[{"floor":1.0,"key":"SpeedPotion"},{"floor":7.0,"key":"LiquidBronze"},{"floor":11.0,"key":"Fruit Juice"},{"floor":16.0,"key":"LiquidBronze"},{"floor":24.0,"key":"Regen Potion"},{"floor":30.0,"key":"Energy Potion"}],"is_trial":false,"path_per_floor":["M","$","?","$","?","R","M","R","T","M","M","M","M","$","R","B",null,"M","?","$","?","$","R","M","R","T","?","?","E","?","M","R","B"],"character_chosen":"IRONCLAD","items_purchased":["Whirlwind"],"campfire_rested":0,"item_purchase_floors":[22],"current_hp_per_floor":[80,80,80,80,80,80,79,79,79,79,75,81,68,68,68,9,85,71,71,71,71,71,71,57,57,57,57,57,60,66,65,65,0,0],"gold":137,"neow_bonus":"ONE_RARE_RELIC","is_daily":false,"chose_seed":false,"campfire_upgraded":6,"win_rate":0.0,"timestamp":1610641689,"path_taken":["M","$","?","$","?","R","M","R","T","?","M","M","M","?","R","BOSS","M","?","$","?","$","R","M","R","T","?","?","E","?","?","R","BOSS"],"items_purchased_type":["Card"],"build_version":"2020-12-22","purchased_purges":4,"victory":false,"max_hp_per_floor":[80,80,80,80,80,80,80,80,80,80,85,85,85,85,85,85,85,85,85,85,85,85,85,85,85,85,85,85,85,85,85,85,85,85],"card_choices":[{"not_picked":["Rampage","Reckless Charge","True Grit"],"picked":"SKIP","floor":1.0},{"not_picked":["Perfected Strike","Anger","Pommel Strike"],"picked":"SKIP","floor":7.0},{"not_picked":["Havoc","Second Wind","Evolve"],"picked":"SKIP","floor":10.0},{"not_picked":["Perfected Strike","Sword Boomerang","Clothesline"],"picked":"SKIP","floor":11.0},{"not_picked":["Demon Form","Sword Boomerang","Heavy Blade"],"picked":"SKIP","floor":12.0},{"not_picked":["Armaments","Rupture"],"picked":"Whirlwind","floor":13.0},{"not_picked":["Juggernaut","Berserk"],"picked":"Offering","floor":16.0},{"not_picked":["Intimidate+1","Sentinel"],"picked":"Battle Trance+1","floor":18.0},{"not_picked":["Infernal Blade+1","Searing Blow","Headbutt"],"picked":"SKIP","floor":24.0},{"not_picked":["Sword Boomerang+1","Clash"],"picked":"Shockwave","floor":29.0},{"not_picked":["Clothesline","Uppercut","Perfected Strike+1"],"picked":"SKIP","floor":31.0}],"player_experience":736221,"relics_obtained":[{"floor":9.0,"key":"PreservedInsect"},{"floor":26.0,"key":"Oddly Smooth Stone"},{"floor":29.0,"key":"Calipers"},{"floor":30.0,"key":"Red Mask"}],"event_choices":[{"damage_healed":0.0,"max_hp_gain":0.0,"max_hp_loss":0.0,"gold_gain":175.0,"event_name":"Liars Game","player_choice":"AGREE","floor":3.0,"gold_loss":0.0,"damage_taken":0.0,"cards_obtained":["Doubt"]},{"damage_healed":0.0,"max_hp_gain":0.0,"max_hp_loss":0.0,"gold_gain":0.0,"event_name":"Accursed Blacksmith","player_choice":"Forge","floor":5.0,"gold_loss":0.0,"damage_taken":0.0,"cards_upgraded":["Bash"]},{"damage_healed":0.0,"max_hp_gain":0.0,"max_hp_loss":0.0,"gold_gain":0.0,"event_name":"The Mausoleum","player_choice":"Opened","floor":19.0,"gold_loss":0.0,"damage_taken":0.0,"relics_obtained":["Thread and Needle"],"cards_obtained":["Writhe"]},{"damage_healed":0.0,"max_hp_gain":0.0,"max_hp_loss":0.0,"gold_gain":0.0,"event_name":"Ghosts","player_choice":"Ignored","floor":21.0,"gold_loss":0.0,"damage_taken":0.0},{"damage_healed":0.0,"max_hp_gain":0.0,"max_hp_loss":0.0,"gold_gain":0.0,"event_name":"Vampires","player_choice":"Ignored","floor":27.0,"gold_loss":0.0,"damage_taken":0.0},{"cards_removed":["Defend_R"],"damage_healed":0.0,"max_hp_gain":0.0,"max_hp_loss":0.0,"gold_gain":0.0,"event_name":"Back to Basics","player_choice":"Elegance","floor":28.0,"gold_loss":0.0,"damage_taken":0.0},{"damage_healed":0.0,"max_hp_gain":0.0,"max_hp_loss":0.0,"gold_gain":0.0,"event_name":"Masked Bandits","player_choice":"Fought Bandits","floor":30.0,"gold_loss":0.0,"damage_taken":0.0}],"is_beta":false,"boss_relics":[{"not_picked":["Fusion Hammer","Pandora\u0027s Box"],"picked":"Black Blood"}],"items_purged_floors":[2,4,14,20],"is_endless":false,"potions_floor_spawned":[1,7,11,16,24,30,31],"killed_by":"Automaton","ascension_level":0}}