{"host":"9ndbo4kgsfoemf7y","time":1610618901,"event":{"mods":["AchievementEnabler","BaseMod","Colored Map","DeckTracker","Keyboard Shortcuts","Minty Spire (QoL Compilation)","Permanent Neow","Quick Restart","Relic Stats","StSLib","SuperFastMode"],"gold_per_floor":[367,378,143,158,178,178,253,253,278,278,278,293,304,324,324,402,402,419,419,419,434,62,62,81,81,105,17,17,31,31,41,41,118,118,130,180,180,205,205,205,205],"floor_reached":40,"language":"KOR","playtime":1499,"items_purged":["Strike_R","Defend_R"],"score":752,"play_id":"b8eb5199-19ca-4da8-a08e-782e2b0e1a48","local_time":"20210114190821","is_ascension_mode":true,"campfire_choices":[{"data":"Armaments","floor":6.0,"key":"SMITH"},{"data":"Searing Blow","floor":8.0,"key":"SMITH"},{"data":"Searing Blow+1","floor":10.0,"key":"SMITH"},{"data":"Searing Blow+2","floor":15.0,"key":"SMITH"},{"data":"Barricade","floor":23.0,"key":"SMITH"},{"data":"Body Slam","floor":25.0,"key":"SMITH"},{"data":"Dark Embrace","floor":28.0,"key":"SMITH"},{"data":"Flame Barrier","floor":32.0,"key":"SMITH"}],"circlet_count":0,"master_deck":["AscendersBane","Defend_R","Bash","Clumsy","Searing Blow+3","Dark Embrace+1","Armaments+1","Headbutt","Flame Barrier+1","Shockwave","Barricade+1","Body Slam+1","Feel No Pain","Reaper","Rampage+1","Reckless Charge+1","Demon Form+1"],"relics":["Burning Blood","Medical Kit","MealTicket","Busted Crown","Enchiridion","Singing Bowl","Blood Vial","Astrolabe","Magic Flower","Unceasing Top"],"acts_visited":["Exordium","TheCity","TheBeyond"],"potions_floor_usage":[],"damage_taken":[{"damage":11.0,"enemies":"Jaw Worm","floor":1.0,"turns":5.0},{"damage":7.0,"enemies":"2 Louse","floor":2.0,"turns":4.0},{"damage":1.0,"enemies":"Cultist","floor":4.0,"turns":3.0},{"damage":16.0,"enemies":"3 Louse","floor":5.0,"turns":5.0},{"damage":13.0,"enemies":"Red Slaver","floor":12.0,"turns":6.0},{"damage":17.0,"enemies":"Looter","floor":13.0,"turns":3.0},{"damage":6.0,"enemies":"Blue Slaver","floor":14.0,"turns":4.0},{"damage":27.0,"enemies":"The Guardian","floor":16.0,"turns":11.0},{"damage":6.0,"enemies":"2 Thieves","floor":18.0,"turns":3.0},{"damage":0.0,"enemies":"Chosen","floor":21.0,"turns":3.0},{"damage":5.0,"enemies":"Snecko","floor":24.0,"turns":5.0},{"damage":25.0,"enemies":"Shelled Parasite and Fungi","floor":29.0,"turns":4.0},{"damage":16.0,"enemies":"Centurion and Healer","floor":31.0,"turns":5.0},{"damage":45.0,"enemies":"Champ","floor":33.0,"turns":12.0},{"damage":40.0,"enemies":"Orb Walker","floor":35.0,"turns":5.0},{"damage":33.0,"enemies":"2 Orb Walkers","floor":36.0,"turns":4.0},{"damage":17.0,"enemies":"Mind Bloom Boss Battle","floor":38.0,"turns":7.0},{"damage":86,"enemies":"Giant Head","floor":40,"turns":6}],"seed_played":"1636221145127727174","potions_obtained":[{"floor":2.0,"key":"ColorlessPotion"},{"floor":4.0,"key":"Swift Potion"},{"floor":29.0,"key":"Explosive Potion"},{"floor":33.0,"key":"Strength Potion"},{"floor":35.0,"key":"ElixirPotion"}],"is_trial":false,"path_per_floor":["M","M","$","M","M","R","?","R","T","R","?","M","M","M","R","B",null,"M","?","?","M","$","R","M","R","T","$","R","M","?","M","R","B",null,"M","?","?","?","?","E"],"character_chosen":"IRONCLAD","items_purchased":["Medical Kit","Singing Bowl","Feel No Pain"],"campfire_rested":0,"item_purchase_floors":[3,22,27],"current_hp_per_floor":[63,62,62,67,57,57,46,46,46,46,46,39,28,28,28,7,58,58,37,31,37,52,52,53,53,53,68,68,53,53,47,47,10,62,36,43,43,51,53,0,0],"gold":205,"neow_bonus":"TWO_FIFTY_GOLD","is_daily":false,"chose_seed":false,"campfire_upgraded":8,"win_rate":0.0,"timestamp":1610618901,"path_taken":["M","M","$","M","M","R","?","R","T","R","?","M","M","M","R","BOSS","M","?","?","?","?","R","M","R","T","$","R","M","?","M","R","BOSS","M","?","?","?","?","E"],"items_purchased_type":["Relic","Relic","Card"],"build_version":"2020-12-22","purchased_purges":2,"victory":false,"max_hp_per_floor":[75,75,75,75,75,75,75,75,75,75,75,75,75,75,75,75,75,75,75,75,75,75,75,75,75,75,75,75,77,77,79,79,79,79,81,83,83,85,87,87,87],"relic_stats":{"Blood Vial":16,"Busted Crown":20,"Singing Bowl":12,"counters":[18,95],"Astrolabe":["Rampage","Reckless Charge","Demon Form"],"Magic Flower":[13],"MealTicket":30,"Medical Kit":[13],"obtain_stats":[{"Blood Vial":26,"Busted Crown":17,"Singing Bowl":22,"Astrolabe":34,"Enchiridion":19,"Magic Flower":36,"MealTicket":9,"Medical Kit":3,"Burning Blood":0,"Unceasing Top":38},{"Blood Vial":11,"Busted Crown":8,"Singing Bowl":10,"Astrolabe":14,"Enchiridion":9,"Magic Flower":16,"MealTicket":4,"Medical Kit":2,"Burning Blood":0,"Unceasing Top":17},{"Blood Vial":52,"Busted Crown":41,"Singing Bowl":47,"Astrolabe":73,"Enchiridion":44,"Magic Flower":82,"MealTicket":17,"Medical Kit":9,"Burning Blood":0,"Unceasing Top":89}],"Burning Blood":105,"Unceasing Top":[0]},"card_choices":[{"not_picked":["True Grit","Second Wind"],"picked":"Searing Blow","floor":1.0},{"not_picked":["Iron Wave","Warcry"],"picked":"Dark Embrace","floor":2.0},{"not_picked":["Perfected Strike","Intimidate"],"picked":"Armaments","floor":4.0},{"not_picked":["Havoc","Warcry","Clothesline"],"picked":"SKIP","floor":5.0},{"not_picked":["Clash","Iron Wave"],"picked":"Headbutt","floor":12.0},{"not_picked":["Warcry","True Grit"],"picked":"Flame Barrier","floor":13.0},{"not_picked":["Cleave","Headbutt"],"picked":"Shockwave","floor":14.0},{"not_picked":["Brutality","Impervious"],"picked":"Barricade","floor":16.0},{"not_picked":["Iron Wave+1"],"picked":"SKIP","floor":18.0},{"not_picked":["Heavy Blade"],"picked":"SKIP","floor":21.0},{"not_picked":[],"picked":"Body Slam","floor":24.0},{"not_picked":["Dual Wield+1"],"picked":"Singing Bowl","floor":29.0},{"not_picked":["True Grit"],"picked":"Singing Bowl","floor":31.0},{"not_picked":[],"picked":"Reaper","floor":33.0},{"not_picked":["Hemokinesis"],"picked":"Singing Bowl","floor":35.0},{"not_picked":["Thunderclap+1"],"picked":"Singing Bowl","floor":36.0},{"not_picked":["Warcry+1"],"picked":"Singing Bowl","floor":38.0},{"not_picked":["Jack Of All Trades"],"picked":"Singing Bowl","floor":39.0}],"player_experience":817302,"relics_obtained":[{"floor":9.0,"key":"MealTicket"},{"floor":19.0,"key":"Enchiridion"},{"floor":26.0,"key":"Blood Vial"},{"floor":36.0,"key":"Magic Flower"},{"floor":38.0,"key":"Unceasing Top"}],"event_choices":[{"damage_healed":0.0,"max_hp_gain":0.0,"max_hp_loss":0.0,"gold_gain":75.0,"event_name":"World of Goop","player_choice":"Gather Gold","floor":7.0,"gold_loss":0.0,"damage_taken":11.0},{"cards_removed":["Strike_R"],"damage_healed":0.0,"max_hp_gain":0.0,"max_hp_loss":0.0,"gold_gain":0.0,"event_name":"Purifier","player_choice":"Purged","floor":11.0,"gold_loss":0.0,"damage_taken":0.0},{"damage_healed":0.0,"max_hp_gain":0.0,"max_hp_loss":0.0,"gold_gain":0.0,"event_name":"Cursed Tome","player_choice":"Obtained Book","floor":19.0,"gold_loss":0.0,"damage_taken":21.0},{"damage_healed":0.0,"max_hp_gain":0.0,"max_hp_loss":0.0,"gold_gain":0.0,"event_name":"Knowing Skull","player_choice":"","floor":20.0,"potions_obtained":[],"gold_loss":0.0,"damage_taken":6.0,"cards_obtained":[]},{"cards_removed":["Strike_R"],"damage_healed":0.0,"max_hp_gain":0.0,"max_hp_loss":0.0,"gold_gain":0.0,"event_name":"Back to Basics","player_choice":"Elegance","floor":30.0,"gold_loss":0.0,"damage_taken":0.0},{"damage_healed":0.0,"max_hp_gain":0.0,"max_hp_loss":0.0,"gold_gain":0.0,"event_name":"Mysterious Sphere","player_choice":"Fight","floor":36.0,"gold_loss":0.0,"damage_taken":0.0},{"cards_removed":["Defend_R"],"damage_healed":0.0,"max_hp_gain":0.0,"max_hp_loss":0.0,"gold_gain":0.0,"event_name":"Falling","player_choice":"Removed Skill","floor":37.0,"gold_loss":0.0,"damage_taken":0.0},{"damage_healed":0.0,"max_hp_gain":0.0,"max_hp_loss":0.0,"gold_gain":0.0,"event_name":"MindBloom","player_choice":"Fight","floor":38.0,"gold_loss":0.0,"damage_taken":0.0},{"damage_healed":0.0,"max_hp_gain":0.0,"max_hp_loss":0.0,"gold_gain":0.0,"event_name":"SensoryStone","player_choice":"Memory 1","floor":39.0,"gold_loss":0.0,"damage_taken":0.0}],"is_beta":false,"boss_relics":[{"not_picked":["Pandora\u0027s Box","SacredBark"],"picked":"Busted Crown"},{"not_picked":["Tiny House","Sozu"],"picked":"Astrolabe"}],"items_purged_floors":[3,22],"is_endless":false,"potions_floor_spawned":[2,4,12,16,29,33,35],"killed_by":"Giant Head","ascension_level":20}}