{"host":"lxihx0b6awoz2w1j","time":1610641804,"event":{"mods":["Aspiration","BaseMod","Better Third Choice","CapriCore","Colored Powertips","Downfall","Hermit","Hubris","Infinite Spire","JesterMod","Luminous","Marisa????????","Melee Mod","Minty Spire (QoL Compilation)","Prisma Mod","Quick Restart","Relic Stats","Replay The Spire","Shade Mod","Spicy Shops","StSLib","The Alterego","The Blue Laboratory","The Cursed","The Disciple","The Forsaken","The Immortal","The Jungle","The Marked","The Runesmith","The Senshi","The Servant 0.9.4","Waifu the Spire"],"gold_per_floor":[119,135,155,169,17,17,42,42,66,82,82,99,124,144,144,239,239,250,265,284,284,294,294],"floor_reached":22,"language":"ENG","playtime":1374,"items_purged":[],"score":202,"play_id":"14319654-1138-4d85-893b-01274691c475","local_time":"20210114173004","is_ascension_mode":false,"campfire_choices":[{"data":"theSenshi:MoonCrystalPowerMakeUp","floor":6.0,"key":"SMITH"},{"floor":8.0,"key":"REST"},{"data":"theSenshi:SailorStarHealerAssists","floor":11.0,"key":"SMITH"},{"data":"Phantasmal Killer","floor":15.0,"key":"SMITH"}],"circlet_count":0,"master_deck":["theSenshi:SailorKick","theSenshi:SailorKick","theSenshi:SailorKick","theSenshi:SailorKick","theSenshi:SailorBlock","theSenshi:SailorBlock","theSenshi:SailorBlock","theSenshi:SailorBlock","theSenshi:RoseThrow","theSenshi:MoonPrismPowerMakeUp","theSenshi:SailorPlanetAttack","theSenshi:SailorMarsAssists","Blade Dance","theSenshi:MoonPower","theSenshi:MoonCrystalPowerMakeUp+1","theSenshi:MoonPower","theSenshi:SailorStarHealerAssists+1","theSenshi:SailorMarsAssists","Phantasmal Killer+1","Flying Knee","theSenshi:GlimpseOfThePast","theSenshi:LunaWiseMentor","theSenshi:MoonTiaraMagic"],"relics":["theSenshi:TransformationBroochRelic","aspiration:Nostalgia","m_TsuchinokoRing","Toolbox","hubris:Spice","theSenshi:RoseRelic"],"acts_visited":["Exordium","TheCity"],"potions_floor_usage":[],"damage_taken":[{"damage":4.0,"enemies":"Small Slimes","floor":1.0,"turns":4.0},{"damage":2.0,"enemies":"Jaw Worm","floor":2.0,"turns":4.0},{"damage":6.0,"enemies":"infinitespire:Voidling","floor":3.0,"turns":3.0},{"damage":1.0,"enemies":"Looter","floor":4.0,"turns":2.0},{"damage":12.0,"enemies":"3 Sentries","floor":7.0,"turns":4.0},{"damage":0.0,"enemies":"Blue Slaver","floor":10.0,"turns":4.0},{"damage":3.0,"enemies":"Exordium Thugs","floor":12.0,"turns":5.0},{"damage":2.0,"enemies":"Lagavulin","floor":13.0,"turns":5.0},{"damage":0.0,"enemies":"2 Fungi Beasts","floor":14.0,"turns":5.0},{"damage":64.0,"enemies":"Hexaghost","floor":16.0,"turns":6.0},{"damage":20.0,"enemies":"Spheric Guardian","floor":18.0,"turns":4.0},{"damage":4.0,"enemies":"3 Byrds","floor":19.0,"turns":5.0},{"damage":15.0,"enemies":"Sentry and Sphere","floor":20.0,"turns":5.0},{"damage":0,"enemies":"Cultist and Chosen","floor":22,"turns":4}],"seed_played":"-4579731870856621902","potions_obtained":[{"floor":3.0,"key":"sneckomod:MuddlingPotion"},{"floor":4.0,"key":"hexamod:EctoCoolerPotion"},{"floor":10.0,"key":"blueLaboratory:BottledHope"},{"floor":14.0,"key":"Guardian:BlockOnCardUsePotion"},{"floor":16.0,"key":"blueLaboratory:BottleOfRum"}],"is_trial":false,"path_per_floor":["M","M","M","M","$","R","E","R","T","M","R","M","E","M","R","B",null,"M","M","M","?","M"],"character_chosen":"THE_SENSHI","items_purchased":["Toolbox","theSenshi:MoonCrystalPowerMakeUp"],"campfire_rested":1,"item_purchase_floors":[5,5],"current_hp_per_floor":[71,69,63,62,62,62,58,82,90,90,90,88,89,91,91,32,83,63,59,44,44,49,49],"gold":294,"neow_bonus":"NOSTALGIA","is_daily":false,"chose_seed":false,"campfire_upgraded":3,"win_rate":0.0,"timestamp":1610641804,"path_taken":["M","M","M","M","$","R","E","R","T","M","R","M","E","M","R","BOSS","M","M","M","?","M"],"items_purchased_type":["Relic","Card"],"build_version":"2020-12-22","purchased_purges":0,"victory":false,"max_hp_per_floor":[75,75,75,75,75,75,83,83,91,91,91,91,91,91,91,91,83,83,83,75,75,67,67],"relic_stats":{"counters":[14,60],"obtain_stats":[{"theSenshi:TransformationBroochRelic":0,"m_TsuchinokoRing":0,"aspiration:Nostalgia":0,"hubris:Spice":7,"Toolbox":5,"theSenshi:RoseRelic":13},{"theSenshi:TransformationBroochRelic":0,"m_TsuchinokoRing":0,"aspiration:Nostalgia":0,"hubris:Spice":5,"Toolbox":4,"theSenshi:RoseRelic":8},{"theSenshi:TransformationBroochRelic":0,"m_TsuchinokoRing":0,"aspiration:Nostalgia":0,"hubris:Spice":17,"Toolbox":13,"theSenshi:RoseRelic":31}]},"card_choices":[{"not_picked":["theSenshi:Sidestep","Choke"],"picked":"theSenshi:SailorPlanetAttack","floor":1.0},{"not_picked":["theSenshi:EncouragingSpeech","theSenshi:RainbowMoonHeartAche"],"picked":"theSenshi:SailorMarsAssists","floor":2.0},{"not_picked":["Finisher","theSenshi:MoonSpiralHeartAttack"],"picked":"Blade Dance","floor":3.0},{"not_picked":["theSenshi:LunasBite","Prepared"],"picked":"theSenshi:MoonPower","floor":4.0},{"not_picked":["Endless Agony","Setup"],"picked":"theSenshi:MoonPower","floor":7.0},{"not_picked":["theSenshi:Sidestep","theSenshi:SupersonicWaves"],"picked":"theSenshi:SailorStarHealerAssists","floor":10.0},{"not_picked":["hubris:SpiceAddiction","theSenshi:EncouragingSpeech"],"picked":"theSenshi:SailorMarsAssists","floor":12.0},{"not_picked":["Distraction","theSenshi:SailorMercuryAssists"],"picked":"Phantasmal Killer","floor":13.0},{"not_picked":["theSenshi:Sidestep","theSenshi:SailorUranusAssists"],"picked":"Flying Knee","floor":14.0},{"not_picked":["theSenshi:JupitersPower","A Thousand Cuts"],"picked":"theSenshi:GlimpseOfThePast","floor":16.0},{"not_picked":["theSenshi:SailorMarsAssists","theSenshi:MoonCosmicPowerMakeUp"],"picked":"theSenshi:LunaWiseMentor","floor":18.0},{"not_picked":["theSenshi:SupersonicWaves","theSenshi:SailorPlanetAttack"],"picked":"theSenshi:MoonTiaraMagic","floor":19.0},{"not_picked":["theSenshi:LunaWiseMentor","Outmaneuver+1"],"picked":"hubris:SpiceAddiction","floor":20.0},{"not_picked":["Masterful Stab","theSenshi:LateForSchool+1"],"picked":"hubris:SpiceAddiction","floor":22}],"player_experience":601592,"relics_obtained":[{"floor":7.0,"key":"hubris:Spice"},{"floor":9.0,"key":"hubris:Spice"},{"floor":13.0,"key":"theSenshi:RoseRelic"}],"event_choices":[],"is_beta":false,"boss_relics":[{"not_picked":["Runesmith:UraniumAnvil","hubris:GrandSneckoEye"],"picked":"hubris:Spice"}],"items_purged_floors":[],"is_endless":false,"potions_floor_spawned":[3,4,10,14,16,18],"killed_by":"Cultist and Chosen","ascension_level":0}}