{"host":"6h0diz2ap0m56grs","time":1610663819,"event":{"mods":["2.2 Compatiblity","BaseMod","Colored Map","Marisa????????","Minty Spire (QoL Compilation)","Quick Restart","Replay The Spire","Shop Mod","StSLib","The Servant 0.9.4"],"gold_per_floor":[415,427,427,427,50,76,76,109,109,109,144,144,167,191,191,310,310,331,256,256,295,295,328,328,139,192,210,253,286,321,357,357,486,486,486],"floor_reached":34,"language":"ENG","playtime":980,"items_purged":["Cold Snap"],"score":1061,"play_id":"ee05b16d-8581-4ed7-a33f-a1c4bbd86dd2","local_time":"20210114163659","daily_mods":["SealedDeck","Heirloom","Time Dilation","Flight"],"is_ascension_mode":true,"campfire_choices":[{"data":"Defragment","floor":10,"key":"SMITH"},{"data":"Mirror Shield","floor":15,"key":"SMITH"},{"data":"Defragment","floor":24,"key":"SMITH"},{"data":"Sunder","floor":32,"key":"SMITH"}],"circlet_count":0,"master_deck":["Ball Lightning+1","BootSequence","Coolheaded+1","Reinforced Body","Glacier","Doom and Gloom+1","Defragment+1","Doom and Gloom+1","Force Field","Conserve Battery","Mirror Shield+1","Meteor Strike","Sunder+1","Defragment+1","Defragment","Sunder","Electrodynamics"],"relics":["Snecko Eye","Ring of Chaos","replay:Trail_Library","MerchantsRug","Replay:Bottled Eggs","Replay:Bottled Flurry","Replay:Antivirus Software","Golden Idol","Runic Dome","Membership Card","InkBottle","Runic Capacitor","Chameleon Ring","Gremlin Food","Dream Catcher","Darkstone Periapt","Bronze Scales","Ornamental Fan"],"acts_visited":["Exordium","TheCity"],"potions_floor_usage":[],"damage_taken":[{"damage":0,"enemies":"2 Louse","floor":1,"turns":2},{"damage":0,"enemies":"Small Slimes","floor":2,"turns":2},{"damage":0,"enemies":"Gremlin Nob","floor":6,"turns":2},{"damage":0,"enemies":"3 Sentries","floor":8,"turns":3},{"damage":0,"enemies":"Gremlin Nob","floor":11,"turns":4},{"damage":0,"enemies":"Jaw Worm","floor":13,"turns":1},{"damage":0,"enemies":"3 Louse","floor":14,"turns":2},{"damage":0,"enemies":"Hexaghost","floor":16,"turns":6},{"damage":0,"enemies":"2 Thieves","floor":18,"turns":2},{"damage":0,"enemies":"Slavers","floor":23,"turns":2},{"damage":5,"enemies":"3 Byrds","floor":27,"turns":2},{"damage":0,"enemies":"Book of Stabbing","floor":28,"turns":4},{"damage":8,"enemies":"Slavers","floor":29,"turns":2},{"damage":0,"enemies":"Book of Stabbing","floor":30,"turns":4},{"damage":0,"enemies":"Gremlin Leader","floor":31,"turns":3},{"damage":0,"enemies":"Pondfish","floor":33,"turns":6}],"seed_played":"-6253280982803816864","potions_obtained":[{"floor":6,"key":"Elixir"},{"floor":8,"key":"Reflective Coating"},{"floor":16,"key":"ColorlessPotion"},{"floor":23,"key":"PotionOfCapacity"},{"floor":31,"key":"PowerPotion"}],"is_trial":true,"path_per_floor":["M","M","?","?","$","E","?","E","T","R","E","?","M","M","R","B",null,"M","?","?","$","T","E","R","$","T","M","E","E","E","E","R","B",null],"character_chosen":"DEFECT","items_purchased":["MerchantsRug","Replay:Bottled Eggs","Membership Card","Runic Capacitor","Chameleon Ring"],"campfire_rested":0,"item_purchase_floors":[5,5,21,25,25],"current_hp_per_floor":[75,75,60,60,60,60,42,42,42,42,42,24,36,48,48,48,75,75,75,75,75,75,85,85,85,85,80,80,72,72,72,72,72,72,72],"gold":486,"neow_bonus":"","is_daily":false,"chose_seed":false,"campfire_upgraded":4,"win_rate":0.0,"timestamp":1610663819,"path_taken":["M","M","?","?","$","E","?","E","T","R","E","?","?","M","R","BOSS","M","?","?","$","?","E","R","$","T","?","E","E","E","E","R","BOSS"],"items_purchased_type":["Relic","Relic","Relic","Relic","Relic"],"build_version":"2020-12-22","purchased_purges":1,"victory":false,"max_hp_per_floor":[75,75,75,75,75,75,75,75,75,75,75,75,75,75,75,75,75,75,75,75,75,75,85,85,85,85,85,85,85,85,85,85,85,85,85],"card_choices":[{"not_picked":["Barrage","Auto Shields","Sweeping Beam"],"picked":"SKIP","floor":1},{"not_picked":["Self Repair","Rebound","Darkness"],"picked":"SKIP","floor":2},{"not_picked":["Seek","Rebound"],"picked":"Force Field","floor":6},{"not_picked":["Skim","Turbo"],"picked":"Conserve Battery","floor":8},{"not_picked":["Compile Driver","Coolheaded","Rebound"],"picked":"SKIP","floor":11},{"not_picked":["BootSequence","Turbo","Double Energy"],"picked":"SKIP","floor":13},{"not_picked":["Cold Snap","Barrage","Lockon"],"picked":"SKIP","floor":14},{"not_picked":["Electrodynamics","Seek"],"picked":"Meteor Strike","floor":16},{"not_picked":["Gash+1","Crystallizer+1","BasicCrystalCard"],"picked":"SKIP","floor":18},{"not_picked":["Rebound","Multi-Cast","Panic Button+1"],"picked":"SKIP","floor":23},{"not_picked":["Redo","BootSequence","Go for the Eyes"],"picked":"SKIP","floor":27},{"not_picked":["Static Discharge","Reinforced Body","Chaos"],"picked":"SKIP","floor":28},{"not_picked":["Sweeping Beam","Barrage","Redo"],"picked":"SKIP","floor":29},{"not_picked":["Skim+1","Coolheaded"],"picked":"Defragment","floor":30},{"not_picked":["Turbo","Blizzard","ReplayTheSpireMod:Omega Cannon"],"picked":"SKIP","floor":31},{"not_picked":["Buffer","Mirror Shield"],"picked":"Electrodynamics","floor":33}],"player_experience":177408,"relics_obtained":[{"floor":6,"key":"Emotion Chip"},{"floor":8,"key":"Replay:Towering Pillar of Hats"},{"floor":9,"key":"Meat on the Bone"},{"floor":11,"key":"Replay:Antivirus Software"},{"floor":22,"key":"InkBottle"},{"floor":23,"key":"Pear"},{"floor":26,"key":"Gremlin Food"},{"floor":28,"key":"Dream Catcher"},{"floor":29,"key":"Darkstone Periapt"},{"floor":30,"key":"Bronze Scales"},{"floor":31,"key":"Ornamental Fan"}],"event_choices":[{"damage_healed":0,"gold_gain":0,"player_choice":"Entered Light","damage_taken":15,"max_hp_gain":0,"max_hp_loss":0,"event_name":"Shining Light","floor":3,"gold_loss":0,"cards_upgraded":["Coolheaded","Ball Lightning"]},{"damage_healed":0,"gold_gain":0,"player_choice":"Success","damage_taken":18,"relics_obtained":["Replay:Bottled Flurry"],"max_hp_gain":0,"max_hp_loss":0,"event_name":"Scrap Ooze","floor":7,"gold_loss":0},{"damage_healed":0,"gold_gain":0,"player_choice":"Take Damage","damage_taken":18,"relics_obtained":["Golden Idol"],"max_hp_gain":0,"max_hp_loss":0,"event_name":"Golden Idol","floor":12,"gold_loss":0},{"cards_removed":["Streamline"],"damage_healed":0,"gold_gain":0,"player_choice":"Gave Gold","damage_taken":0,"max_hp_gain":0,"max_hp_loss":0,"event_name":"Beggar","floor":19,"gold_loss":75},{"damage_healed":0,"gold_gain":0,"player_choice":"Read","damage_taken":0,"max_hp_gain":0,"max_hp_loss":0,"event_name":"The Library","floor":20,"gold_loss":0,"cards_obtained":["Sunder"]}],"is_beta":false,"boss_relics":[{"not_picked":["SacredBark","Replay:Wanted Poster"],"picked":"Runic Dome"}],"items_purged_floors":[21],"is_endless":false,"potions_floor_spawned":[6,8,16,18,23,31,33],"ascension_level":1}}