{"host":"b7j598ve05halrwk","time":1610597448,"event":{"mods":["2.2 Compatiblity","BaseMod","Block Reminder","DeckTracker","Minty Spire (QoL Compilation)","Relic Stats","Slay the Relics Exporter","StSLib","ojb\u0027s Better Paths Mod","ojb\u0027s Info Mod"],"gold_per_floor":[112,112,125,145,27,56,72,72,72,72,99,24,24,42,42,118,118,129,145,70,70,87,87,87],"floor_reached":23,"language":"ENG","playtime":1530,"items_purged":["Strike_B"],"score":402,"play_id":"1d769971-9cca-4f8f-bf61-711cd7bd755d","local_time":"20210113231048","is_ascension_mode":true,"campfire_choices":[{"data":"Loop","floor":8.0,"key":"SMITH"},{"data":"Zap","floor":10.0,"key":"SMITH"},{"floor":15,"key":"REST"}],"circlet_count":0,"master_deck":["AscendersBane","Strike_B","Defend_B","Defend_B","Defend_B","Defend_B","Zap+1","Dualcast","Compile Driver","Conserve Battery","Conserve Battery","Melter","Loop+1","Core Surge","FTL","White Noise","Reinforced Body","Echo Form","Go for the Eyes+1","Stack+1","Conserve Battery+1"],"relics":["Cracked Core","Tiny Chest","Bag of Marbles","Bottled Lightning","Bottled Flame","Runic Pyramid","Toxic Egg 2"],"acts_visited":["Exordium","TheCity"],"potions_floor_usage":[19,23,23],"damage_taken":[{"damage":7.0,"enemies":"Jaw Worm","floor":1.0,"turns":4.0},{"damage":1.0,"enemies":"Cultist","floor":3.0,"turns":3.0},{"damage":4.0,"enemies":"2 Louse","floor":4.0,"turns":3.0},{"damage":23.0,"enemies":"3 Sentries","floor":6.0,"turns":8.0},{"damage":6.0,"enemies":"Looter","floor":7.0,"turns":3.0},{"damage":7,"enemies":"Gremlin Nob","floor":11,"turns":3},{"damage":18,"enemies":"Exordium Thugs","floor":14,"turns":4},{"damage":7,"enemies":"Hexaghost","floor":16,"turns":8},{"damage":7,"enemies":"3 Byrds","floor":18,"turns":5},{"damage":6,"enemies":"Chosen","floor":19,"turns":5},{"damage":3,"enemies":"Snecko","floor":22,"turns":6},{"damage":51,"enemies":"Book of Stabbing","floor":23,"turns":5}],"seed_played":"6022031228337628453","potions_obtained":[{"floor":3.0,"key":"Ancient Potion"},{"floor":4.0,"key":"Strength Potion"},{"floor":11,"key":"FearPotion"},{"floor":14,"key":"LiquidMemories"},{"floor":19,"key":"PotionOfCapacity"},{"floor":22,"key":"Explosive Potion"}],"is_trial":false,"path_per_floor":["M","?","M","M","$","E","M","R","T","R","E","$","T","M","R","B",null,"M","M","?","T","M","E"],"character_chosen":"DEFECT","items_purchased":["Melter","Loop"],"campfire_rested":1,"item_purchase_floors":[5,5],"current_hp_per_floor":[64,64,63,59,59,36,30,30,30,30,23,23,23,5,28,21,64,57,51,51,51,48,0,0],"gold":87,"neow_bonus":"TEN_PERCENT_HP_BONUS","is_daily":false,"chose_seed":false,"campfire_upgraded":2,"win_rate":0.0,"timestamp":1610597448,"path_taken":["M","?","M","M","$","E","M","R","T","R","E","?","?","M","R","BOSS","M","M","?","?","M","E"],"items_purchased_type":["Card","Card"],"build_version":"2020-12-22","purchased_purges":1,"victory":false,"max_hp_per_floor":[78,78,78,78,78,78,78,78,78,78,78,78,78,78,78,78,78,78,78,78,78,78,78,78],"relic_stats":{"counters":[12,57],"Tiny Chest":1,"obtain_stats":[{"Bottled Flame":13,"Tiny Chest":6,"Bag of Marbles":9,"Bottled Lightning":11,"Toxic Egg 2":21,"Cracked Core":0,"Runic Pyramid":17},{"Bottled Flame":6,"Tiny Chest":4,"Bag of Marbles":5,"Bottled Lightning":6,"Toxic Egg 2":10,"Cracked Core":0,"Runic Pyramid":8},{"Bottled Flame":24,"Tiny Chest":18,"Bag of Marbles":21,"Bottled Lightning":24,"Toxic Egg 2":46,"Cracked Core":0,"Runic Pyramid":36}]},"card_choices":[{"not_picked":["Hologram","Chill"],"picked":"Compile Driver","floor":1.0},{"not_picked":["Steam","Steam Power"],"picked":"Conserve Battery","floor":3.0},{"not_picked":["Steam","Reprogram"],"picked":"Conserve Battery","floor":4.0},{"not_picked":["Ball Lightning","Creative AI"],"picked":"Core Surge","floor":6.0},{"not_picked":["Melter","Static Discharge"],"picked":"FTL","floor":7.0},{"not_picked":["Leap","Storm"],"picked":"White Noise","floor":11},{"not_picked":["Blizzard","Auto Shields"],"picked":"Reinforced Body","floor":14},{"not_picked":["Rainbow","Electrodynamics"],"picked":"Echo Form","floor":16},{"not_picked":["Undo","Lockon"],"picked":"Go for the Eyes+1","floor":18},{"not_picked":["Gash","Sunder"],"picked":"Stack+1","floor":19},{"not_picked":["Hello World","Leap+1"],"picked":"Conserve Battery+1","floor":22}],"player_experience":955395,"relics_obtained":[{"floor":6.0,"key":"Tiny Chest"},{"floor":9.0,"key":"Bag of Marbles"},{"floor":11,"key":"Bottled Lightning"},{"floor":13,"key":"Bottled Flame"},{"floor":21,"key":"Toxic Egg 2"}],"event_choices":[{"cards_removed":["Strike_B"],"damage_healed":0.0,"max_hp_gain":0.0,"max_hp_loss":0.0,"gold_gain":0.0,"event_name":"Bonfire Elementals","player_choice":"Offered Basic","floor":2.0,"gold_loss":0.0,"damage_taken":0.0},{"cards_removed":["Strike_B"],"damage_healed":0,"gold_gain":0,"player_choice":"Gave Gold","damage_taken":0,"max_hp_gain":0,"max_hp_loss":0,"event_name":"Beggar","floor":20,"gold_loss":75}],"is_beta":false,"boss_relics":[{"not_picked":["Cursed Key","Astrolabe"],"picked":"Runic Pyramid"}],"items_purged_floors":[12],"is_endless":false,"potions_floor_spawned":[3,4,11,14,19,22],"killed_by":"Book of Stabbing","ascension_level":20}}