{"host":"jggt5i9rbuoqvque","time":1610587550,"event":{"mods":["BaseMod","Colored Map","Minty Spire (QoL Compilation)","StSLib"],"gold_per_floor":[109,184,35,47,66,96,96,129,129,162,175,175,75,99,99,99,99],"floor_reached":16,"language":"KOR","playtime":405,"items_purged":["Strike_R","Strike_R"],"score":162,"play_id":"710e9ebb-6c94-4178-8984-16185f4533b7","local_time":"20210114102550","is_ascension_mode":true,"campfire_choices":[{"floor":7,"key":"REST"},{"data":"Heavy Blade","floor":15,"key":"SMITH"}],"circlet_count":0,"master_deck":["Strike_R","Strike_R","Defend_R","Defend_R","Defend_R","Defend_R","Bash","Heavy Blade+1","Spot Weakness","Inflame","Injury","Clothesline"],"relics":["Burning Blood","Tiny Chest","Bottled Lightning","Strawberry","Blue Candle","Golden Idol"],"acts_visited":["Exordium"],"potions_floor_usage":[10,11,14],"damage_taken":[{"damage":12,"enemies":"Jaw Worm","floor":1,"turns":3},{"damage":10,"enemies":"Small Slimes","floor":4,"turns":4},{"damage":0,"enemies":"2 Louse","floor":5,"turns":2},{"damage":25,"enemies":"3 Sentries","floor":6,"turns":7},{"damage":28,"enemies":"Gremlin Nob","floor":8,"turns":4},{"damage":30,"enemies":"3 Sentries","floor":10,"turns":7},{"damage":8,"enemies":"Large Slime","floor":11,"turns":4},{"damage":0,"enemies":"Looter","floor":14,"turns":2},{"damage":32,"enemies":"Hexaghost","floor":16,"turns":7}],"seed_played":"3460412537630987704","potions_obtained":[{"floor":1,"key":"SmokeBomb"},{"floor":6,"key":"Explosive Potion"},{"floor":10,"key":"Energy Potion"},{"floor":11,"key":"Block Potion"}],"is_trial":false,"path_per_floor":["M","?","$","M","M","E","R","E","T","E","M","?","$","M","R","B"],"character_chosen":"IRONCLAD","items_purchased":["Spot Weakness"],"campfire_rested":1,"item_purchase_floors":[3],"current_hp_per_floor":[66,55,55,51,57,38,62,40,47,23,21,21,21,27,27,0,0],"gold":99,"neow_bonus":"REMOVE_CARD","is_daily":false,"chose_seed":false,"campfire_upgraded":1,"win_rate":0.0,"timestamp":1610587550,"path_taken":["M","?","$","M","M","E","R","E","T","E","M","?","$","M","R","BOSS"],"items_purchased_type":["Card"],"build_version":"2020-12-22","purchased_purges":2,"victory":false,"max_hp_per_floor":[80,80,80,80,80,80,80,80,87,87,87,87,87,87,87,87,87],"card_choices":[{"not_picked":["Armaments","Flex"],"picked":"Heavy Blade","floor":1},{"not_picked":["Reckless Charge","Wild Strike"],"picked":"Inflame","floor":4},{"not_picked":["Havoc","True Grit","Anger"],"picked":"SKIP","floor":5},{"not_picked":["Entrench","Havoc","Sever Soul"],"picked":"SKIP","floor":6},{"not_picked":["Havoc","Fire Breathing","Barricade"],"picked":"SKIP","floor":8},{"not_picked":["Pommel Strike","Wild Strike","Offering"],"picked":"SKIP","floor":10},{"not_picked":["Clash","Warcry","Dropkick"],"picked":"SKIP","floor":11},{"not_picked":["Clash","Cleave"],"picked":"Clothesline","floor":14}],"player_experience":336510,"relics_obtained":[{"floor":6,"key":"Tiny Chest"},{"floor":8,"key":"Bottled Lightning"},{"floor":9,"key":"Strawberry"},{"floor":10,"key":"Blue Candle"}],"event_choices":[{"damage_healed":0,"gold_gain":75,"player_choice":"Gather Gold","damage_taken":11,"max_hp_gain":0,"max_hp_loss":0,"event_name":"World of Goop","floor":2,"gold_loss":0},{"damage_healed":0,"gold_gain":0,"player_choice":"Take Wound","damage_taken":0,"relics_obtained":["Golden Idol"],"max_hp_gain":0,"max_hp_loss":0,"event_name":"Golden Idol","floor":12,"gold_loss":0,"cards_obtained":["Injury"]}],"is_beta":false,"boss_relics":[],"items_purged_floors":[3,13],"is_endless":false,"potions_floor_spawned":[1,6,10,11],"killed_by":"Hexaghost","ascension_level":7}}