{"host":"xm0tf1maiknh0fp9","time":1610609759,"event":{"mods":["BaseMod","Colored Map","Colored Powertips","Googly Eyes","Minty Spire (QoL Compilation)","Replay The Spire","StSLib"],"gold_per_floor":[367,378,5,5,16,45,45,65,119,119,139,163,188,222,222,352,352,377,154,154,142,160,195,195,222,245,261,272,307,307,335,335,431,431,347,358,91,91,91,123,123,142,166,176,176,176,22,50,50,50],"floor_reached":51,"language":"ENG","playtime":2240,"items_purged":["Strike_G","Doubt"],"score":1002,"play_id":"c51e3ecb-38fb-45c0-9a37-8660de7e7fc3","local_time":"20210114023559","is_ascension_mode":true,"campfire_choices":[{"floor":15.0,"key":"REST"},{"floor":30.0,"key":"REST"},{"data":"Blade Dance","floor":32.0,"key":"SMITH"},{"floor":41,"key":"REST"},{"data":"Cloak And Dagger","floor":46,"key":"SMITH"},{"data":"Poison Darts","floor":49,"key":"SMITH"}],"circlet_count":0,"master_deck":["Strike_G+1","Defend_G+1","Defend_G+1","Defend_G+1","Survivor","Neutralize","Hidden Blade","Blade Dance+1","ReplayTheSpireMod:Scrap Shanks","Cloak And Dagger+1","After Image","Finisher","Poison Darts+1","After Image","Dagger Throw+1","ReplayTheSpireMod:Brewmster+1","Accuracy+1"],"relics":["PreservedInsect","HandDrill","Sizzling Blood","Eternal Feather","ReplayTheSpireMod:Ring of Addiction","ReplayTheSpireMod:Ring of Collecting","SacredBark","Chameleon Ring","Ring of Panic","Happy Flower","Bloody Idol","War Paint","Replay:Drink Me","ClockworkSouvenir","Pondfish Scales","Simple Rune","Boot","Oddly Smooth Stone","Centennial Puzzle","Kintsugi","White Beast Statue","ReplayTheSpireMod:Ring of Exchange","Pen Nib","Snake Skull","Pantograph"],"acts_visited":["Exordium","TheCity","TheBeyond"],"potions_floor_usage":[40,40,40,42,44,44,44,48,48,50,50,50,50,50,50],"damage_taken":[{"damage":0.0,"enemies":"Jaw Worm","floor":1.0,"turns":8.0},{"damage":1.0,"enemies":"Small Slimes","floor":2.0,"turns":4.0},{"damage":7.0,"enemies":"2 Louse","floor":5.0,"turns":3.0},{"damage":11.0,"enemies":"3 Sentries","floor":6.0,"turns":9.0},{"damage":1.0,"enemies":"Blue Slaver","floor":8.0,"turns":5.0},{"damage":4.0,"enemies":"3 Louse","floor":11.0,"turns":4.0},{"damage":13.0,"enemies":"Exordium Thugs","floor":12.0,"turns":4.0},{"damage":7.0,"enemies":"2 Fungi Beasts","floor":13.0,"turns":3.0},{"damage":42.0,"enemies":"Gremlin Nob","floor":14.0,"turns":5.0},{"damage":26.0,"enemies":"Hexaghost","floor":16.0,"turns":7.0},{"damage":0.0,"enemies":"Spheric Guardian","floor":18.0,"turns":3.0},{"damage":5.0,"enemies":"2 Thieves","floor":21.0,"turns":4.0},{"damage":0.0,"enemies":"Cultist and Chosen","floor":22.0,"turns":4.0},{"damage":24.0,"enemies":"Slavers","floor":23.0,"turns":4.0},{"damage":34.0,"enemies":"Book of Stabbing","floor":25.0,"turns":6.0},{"damage":0.0,"enemies":"3 Cultists","floor":27.0,"turns":5.0},{"damage":1.0,"enemies":"Snecko","floor":28.0,"turns":4.0},{"damage":23.0,"enemies":"Gremlin Leader","floor":29.0,"turns":5.0},{"damage":13.0,"enemies":"Book of Stabbing","floor":31.0,"turns":3.0},{"damage":20.0,"enemies":"Champ","floor":33.0,"turns":10.0},{"damage":0.0,"enemies":"3 Shapes","floor":35.0,"turns":4.0},{"damage":46.0,"enemies":"3 Darklings","floor":36.0,"turns":5.0},{"damage":11,"enemies":"Giant Head","floor":40,"turns":6},{"damage":31,"enemies":"4 Shapes","floor":42,"turns":5},{"damage":6,"enemies":"Transient","floor":44,"turns":5},{"damage":0,"enemies":"R_Hoarder","floor":48,"turns":4},{"damage":56,"enemies":"Donu and Deca","floor":50,"turns":7}],"seed_played":"3242962646574991937","potions_obtained":[{"floor":6.0,"key":"PowerPotion"},{"floor":7.0,"key":"ColorlessPotion"},{"floor":7.0,"key":"Weak Potion"},{"floor":11.0,"key":"CunningPotion"},{"floor":13.0,"key":"Fruit Juice"},{"floor":16.0,"key":"Strength Potion"},{"floor":23.0,"key":"Ancient Potion"},{"floor":25.0,"key":"Death Potion"},{"floor":27.0,"key":"ColorlessPotion"},{"floor":29.0,"key":"Fire Potion"},{"floor":31.0,"key":"PowerPotion"},{"floor":35.0,"key":"FearPotion"},{"floor":36.0,"key":"Fruit Juice"},{"floor":44,"key":"SneckoOil"}],"is_trial":false,"path_per_floor":["M","M","$","?","M","E","?","M","T","?","M","M","M","E","R","B",null,"M","$","?","M","M","E","?","E","T","M","M","E","R","E","R","B",null,"M","M","$","?","?","E","R","M","T","M","?","R","$","E","R","B",null],"character_chosen":"THE_SILENT","items_purchased":["ReplayTheSpireMod:Scrap Shanks","PreservedInsect","HandDrill","ClockworkSouvenir","ReplayTheSpireMod:Brewmster","Snake Skull"],"campfire_rested":3,"item_purchase_floors":[3,3,3,19,37,47],"current_hp_per_floor":[70,69,69,73,70,63,63,66,66,48,48,39,36,13,51,29,67,67,67,65,65,65,48,48,23,28,37,45,31,58,54,61,50,61,61,24,24,24,24,37,68,46,51,74,74,74,74,72,72,20],"gold":50,"neow_bonus":"TWO_FIFTY_GOLD","is_daily":false,"chose_seed":false,"campfire_upgraded":3,"win_rate":0.0,"timestamp":1610609759,"path_taken":["M","M","$","?","M","E","?","M","T","?","M","M","M","E","R","BOSS","M","$","?","M","M","E","?","E","T","?","M","E","R","E","R","BOSS","M","M","$","?","?","E","R","?","T","M","?","R","$","E","R","BOSS"],"items_purchased_type":["Card","Relic","Relic","Relic","Card","Relic"],"build_version":"2020-12-22","purchased_purges":2,"victory":true,"max_hp_per_floor":[70,70,70,74,74,74,74,74,74,74,74,74,74,89,89,89,67,67,67,65,65,65,63,63,63,63,61,61,61,61,61,61,61,61,61,61,61,61,61,74,74,74,74,74,74,74,74,72,72,72],"card_choices":[{"not_picked":["Sucker Punch","Deadly Poison"],"picked":"Hidden Blade","floor":1.0},{"not_picked":["Flechettes","Dagger Throw"],"picked":"Blade Dance","floor":2.0},{"not_picked":["Outmaneuver","Distraction"],"picked":"Cloak And Dagger","floor":5.0},{"not_picked":["Prepared","Leg Sweep"],"picked":"After Image","floor":6.0},{"not_picked":["PiercingWail","Blur","Outmaneuver"],"picked":"SKIP","floor":8.0},{"not_picked":["Well Laid Plans","Poisoned Stab"],"picked":"Finisher","floor":11.0},{"not_picked":["Poisoned Stab","Bane","Expertise"],"picked":"SKIP","floor":12.0},{"not_picked":["Hidden Blade","Outmaneuver"],"picked":"Poison Darts","floor":13.0},{"not_picked":["Underhanded Strike","Phantasmal Killer","ReplayTheSpireMod:Exploit Weakness"],"picked":"SKIP","floor":14.0},{"not_picked":["Burst","Phantasmal Killer"],"picked":"After Image","floor":16.0},{"not_picked":["Expertise+1","Flechettes","ReplayTheSpireMod:Exploit Weakness+1"],"picked":"SKIP","floor":18.0},{"not_picked":["Bane+1","Underhanded Strike","PiercingWail"],"picked":"SKIP","floor":21.0},{"not_picked":["ReplayTheSpireMod:Exploit Weakness","Deadly Poison","Reflex"],"picked":"SKIP","floor":22.0},{"not_picked":["Riddle With Holes+1","ReplayTheSpireMod:Scrap Shanks+1","Flying Knee"],"picked":"SKIP","floor":23.0},{"not_picked":["Replay:Poison Smokescreen","Skewer","Leg Sweep"],"picked":"SKIP","floor":25.0},{"not_picked":["Caltrops","Distraction","Dagger Spray"],"picked":"SKIP","floor":27.0},{"not_picked":["Dagger Throw","PiercingWail+1","Replay:Poison Smokescreen"],"picked":"SKIP","floor":28.0},{"not_picked":["Die Die Die","Draining Mist","Outmaneuver"],"picked":"SKIP","floor":29.0},{"not_picked":["Skewer","Infinite Blades","Choke"],"picked":"SKIP","floor":31.0},{"not_picked":["Poisoned Stab","Eviscerate","Backflip+1"],"picked":"SKIP","floor":35.0},{"not_picked":["Reflex","Poisoned Stab"],"picked":"Dagger Throw+1","floor":36.0},{"not_picked":["Corpse Explosion","Bouncing Flask+1"],"picked":"Accuracy+1","floor":40},{"not_picked":["Outmaneuver+1","Skewer","Noxious Fumes"],"picked":"SKIP","floor":42},{"not_picked":["Noxious Fumes+1","Deadly Poison+1","Riddle With Holes+1"],"picked":"SKIP","floor":44},{"not_picked":["Corpse Explosion","Flying Knee+1","Tactician+1"],"picked":"SKIP","floor":48}],"player_experience":115924,"relics_obtained":[{"floor":6.0,"key":"Eternal Feather"},{"floor":7.0,"key":"ReplayTheSpireMod:Ring of Addiction"},{"floor":7.0,"key":"ReplayTheSpireMod:Ring of Collecting"},{"floor":7.0,"key":"SacredBark"},{"floor":7.0,"key":"Chameleon Ring"},{"floor":9.0,"key":"Ring of Panic"},{"floor":9.0,"key":"Happy Flower"},{"floor":14.0,"key":"War Paint"},{"floor":23.0,"key":"Pondfish Scales"},{"floor":25.0,"key":"Simple Rune"},{"floor":26.0,"key":"Boot"},{"floor":29.0,"key":"Oddly Smooth Stone"},{"floor":31.0,"key":"Centennial Puzzle"},{"floor":40,"key":"White Beast Statue"},{"floor":43,"key":"ReplayTheSpireMod:Ring of Exchange"},{"floor":43,"key":"Pen Nib"},{"floor":48,"key":"Pantograph"}],"event_choices":[{"damage_healed":0.0,"max_hp_gain":0.0,"max_hp_loss":0.0,"gold_gain":0.0,"event_name":"Golden Idol","player_choice":"Take Damage","floor":10.0,"gold_loss":0.0,"damage_taken":18.0,"relics_obtained":["Golden Idol"]},{"damage_healed":0.0,"max_hp_gain":0.0,"max_hp_loss":0.0,"gold_gain":0.0,"event_name":"Forgotten Altar","player_choice":"Gave Idol","floor":20.0,"relics_lost":["Golden Idol"],"gold_loss":0.0,"damage_taken":0.0,"relics_obtained":["Bloody Idol"]},{"damage_healed":0.0,"max_hp_gain":0.0,"max_hp_loss":0.0,"gold_gain":0.0,"event_name":"Wheel of Change","player_choice":"Cursed","floor":24.0,"gold_loss":0.0,"damage_taken":0.0,"cards_obtained":["Decay"]},{"damage_healed":0,"gold_gain":0,"player_choice":"Ignored","damage_taken":0,"max_hp_gain":0,"max_hp_loss":0,"event_name":"Mysterious Sphere","floor":38,"gold_loss":0},{"damage_healed":0,"gold_gain":0,"player_choice":"Upgraded","damage_taken":0,"max_hp_gain":0,"max_hp_loss":0,"event_name":"Upgrade Shrine","floor":39,"gold_loss":0,"cards_upgraded":["ReplayTheSpireMod:Brewmster"]},{"cards_removed":["Decay"],"damage_healed":0,"gold_gain":0,"player_choice":"Purged","damage_taken":0,"max_hp_gain":0,"max_hp_loss":0,"event_name":"Purifier","floor":45,"gold_loss":0}],"is_beta":false,"boss_relics":[{"not_picked":["Philosopher\u0027s Stone","Painkiller Herb"],"picked":"Replay:Drink Me"},{"not_picked":["Velvet Choker","ChewingGum"],"picked":"Kintsugi"}],"items_purged_floors":[19,37],"is_endless":false,"potions_floor_spawned":[6,11,13,16,23,25,27,29,31,35,36,42,44,48],"ascension_level":2}}