{"host":"r53pw7z744tg3fxg","time":1610663993,"event":{"mods":["AchievementEnabler","BaseMod","Colored Map","Colored Powertips","Highlight Path","Minty Spire (QoL Compilation)","Quick Restart","Transform Curses"],"gold_per_floor":[111,88,108,10,29,63,63,95,168,168,199,274,26,57,57,129,129,143,5,5,25,45,45,45],"floor_reached":23,"language":"ENG","playtime":1187,"items_purged":[],"score":399,"play_id":"0201e2c2-f9c8-4ae5-83d5-1498a5a0095e","local_time":"20210114153953","is_ascension_mode":true,"campfire_choices":[{"floor":7.0,"key":"REST"},{"data":"Eruption","floor":10.0,"key":"SMITH"},{"floor":15,"key":"REST"}],"circlet_count":0,"master_deck":["AscendersBane","Strike_P+1","Strike_P","Strike_P","Strike_P","Defend_P","Defend_P+1","Defend_P+1","Defend_P","Eruption+1","Vigilance","Blasphemy","FollowUp","Evaluate+1","InnerPeace","Dramatic Entrance","CarveReality","EmptyBody","PathToVictory","SpiritShield","Crescendo","LessonLearned","Fasting2","BowlingBash","Enlightenment"],"relics":["PureWater","CloakClasp","Smiling Mask","StrikeDummy","War Paint","Meat on the Bone","Gambling Chip","Busted Crown"],"acts_visited":["Exordium","TheCity"],"potions_floor_usage":[16,22,23],"damage_taken":[{"damage":2.0,"enemies":"Cultist","floor":1.0,"turns":3.0},{"damage":1.0,"enemies":"Jaw Worm","floor":3.0,"turns":5.0},{"damage":0.0,"enemies":"Small Slimes","floor":5.0,"turns":1.0},{"damage":2.0,"enemies":"Lagavulin","floor":6.0,"turns":5.0},{"damage":6.0,"enemies":"3 Sentries","floor":8.0,"turns":6.0},{"damage":0.0,"enemies":"Lagavulin","floor":11.0,"turns":3.0},{"damage":26,"enemies":"Gremlin Nob","floor":14,"turns":4},{"damage":2,"enemies":"The Guardian","floor":16,"turns":13},{"damage":14,"enemies":"Chosen","floor":18,"turns":6},{"damage":7,"enemies":"Spheric Guardian","floor":21,"turns":6},{"damage":22,"enemies":"3 Cultists","floor":22,"turns":6},{"damage":45,"enemies":"Gremlin Leader","floor":23,"turns":7}],"seed_played":"-5880676497638083721","potions_obtained":[{"floor":3.0,"key":"BlessingOfTheForge"},{"floor":5.0,"key":"Block Potion"},{"floor":6.0,"key":"Fruit Juice"},{"floor":8.0,"key":"Weak Potion"},{"floor":14,"key":"Strength Potion"},{"floor":18,"key":"BottledMiracle"}],"is_trial":false,"path_per_floor":["M","$","M","$","M","E","R","E","T","R","E","?","$","E","R","B",null,"M","$","$","M","M","E"],"character_chosen":"WATCHER","items_purchased":["Evaluate","Dramatic Entrance","Meat on the Bone","BowlingBash","Enlightenment"],"campfire_rested":2,"item_purchase_floors":[2,4,13,19,19],"current_hp_per_floor":[45,45,44,44,44,47,70,64,64,64,64,57,57,43,66,64,74,60,60,60,53,43,0,0],"gold":45,"neow_bonus":"THREE_RARE_CARDS","is_daily":false,"chose_seed":false,"campfire_upgraded":1,"win_rate":0.0,"timestamp":1610663993,"path_taken":["M","$","M","?","M","E","R","E","T","R","E","?","$","E","R","BOSS","M","?","$","?","M","E"],"items_purchased_type":["Card","Card","Relic","Card","Card"],"build_version":"2020-12-22","purchased_purges":0,"victory":false,"max_hp_per_floor":[72,72,72,72,72,77,77,77,77,77,77,77,77,77,77,77,77,77,77,77,77,77,77,77],"card_choices":[{"not_picked":["Vault","Alpha"],"picked":"Blasphemy","floor":0.0},{"not_picked":["Halt","SashWhip"],"picked":"FollowUp","floor":1.0},{"not_picked":["FollowUp","SashWhip"],"picked":"InnerPeace","floor":3.0},{"not_picked":["SandsOfTime","FollowUp"],"picked":"CarveReality","floor":5.0},{"not_picked":["Worship","Alpha"],"picked":"EmptyBody","floor":6.0},{"not_picked":["ClearTheMind","EmptyBody"],"picked":"PathToVictory","floor":8.0},{"not_picked":["Vengeance","Consecrate"],"picked":"SpiritShield","floor":11.0},{"not_picked":["Consecrate","SignatureMove"],"picked":"Crescendo","floor":14},{"not_picked":["Establishment","Ragnarok"],"picked":"LessonLearned","floor":16},{"not_picked":[],"picked":"Fasting2","floor":18},{"not_picked":["CarveReality"],"picked":"SKIP","floor":21},{"not_picked":["CrushJoints"],"picked":"SKIP","floor":22}],"player_experience":1260131,"relics_obtained":[{"floor":6.0,"key":"CloakClasp"},{"floor":8.0,"key":"Smiling Mask"},{"floor":9.0,"key":"StrikeDummy"},{"floor":11.0,"key":"War Paint"},{"floor":14,"key":"Gambling Chip"}],"event_choices":[{"damage_healed":0,"gold_gain":75,"player_choice":"Touch","damage_taken":7,"max_hp_gain":0,"max_hp_loss":0,"event_name":"FaceTrader","floor":12,"gold_loss":0}],"is_beta":false,"boss_relics":[{"not_picked":["Astrolabe","Pandora\u0027s Box"],"picked":"Busted Crown"}],"items_purged_floors":[],"is_endless":false,"potions_floor_spawned":[3,5,6,8,14,18],"killed_by":"Gremlin Leader","ascension_level":13}}