{"host":"ELF","time":1610644737,"event":{"mods":["BaseMod","Minty Spire (QoL Compilation)"],"gold_per_floor":[111,111,111,111,54,54,88,88,88,88,128,151,226,239,239,239,239],"floor_reached":16,"language":"ENG","playtime":340,"items_purged":[],"score":296,"play_id":"1058a20e-1b75-49b4-a8ba-54d0705644b0","local_time":"20210114111857","is_ascension_mode":true,"campfire_choices":[{"data":"Perfected Strike","floor":6,"key":"SMITH"},{"data":"Combust","floor":8,"key":"SMITH"},{"data":"Perfected Strike","floor":10,"key":"SMITH"},{"data":"Burning Pact","floor":15,"key":"SMITH"}],"circlet_count":0,"master_deck":["AscendersBane","Strike_R","Strike_R+1","Strike_R","Strike_R","Defend_R","Defend_R","Defend_R+1","Defend_R","Bash","Perfected Strike+1","Warcry","Perfected Strike+1","Combust+1","Cleave","Burning Pact+1"],"relics":["Burning Blood","NeowsBlessing","Golden Idol","Ancient Tea Set","White Beast Statue","Bottled Tornado"],"acts_visited":["Exordium"],"potions_floor_usage":[16,16],"damage_taken":[{"damage":0,"enemies":"2 Louse","floor":1,"turns":1},{"damage":0,"enemies":"Gremlin Nob","floor":7,"turns":1},{"damage":1,"enemies":"3 Sentries","floor":11,"turns":1},{"damage":8,"enemies":"Small Slimes","floor":12,"turns":2},{"damage":1,"enemies":"Cultist","floor":14,"turns":2},{"damage":70,"enemies":"Hexaghost","floor":16,"turns":9}],"seed_played":"-6287444598787540203","potions_obtained":[{"floor":7,"key":"Strength Potion"},{"floor":11,"key":"Dexterity Potion"},{"floor":12,"key":"BloodPotion"}],"is_trial":false,"path_per_floor":["M","?","?","?","$","R","E","R","T","R","E","M","?","M","R","B"],"character_chosen":"IRONCLAD","items_purchased":["Perfected Strike"],"campfire_rested":0,"item_purchase_floors":[5],"current_hp_per_floor":[74,51,51,51,51,51,57,57,57,57,62,60,49,54,54,0,0],"gold":239,"neow_bonus":"THREE_ENEMY_KILL","is_daily":false,"chose_seed":false,"campfire_upgraded":4,"win_rate":0.0,"timestamp":1610644737,"path_taken":["M","?","?","?","$","R","E","R","T","R","E","?","?","M","R","BOSS"],"items_purchased_type":["Card"],"build_version":"2020-12-18","purchased_purges":0,"victory":false,"max_hp_per_floor":[75,75,68,68,68,68,68,68,68,68,68,68,68,68,68,68,68],"card_choices":[{"not_picked":["Havoc","Flame Barrier"],"picked":"Perfected Strike","floor":1},{"not_picked":["Brutality","Heavy Blade"],"picked":"Combust","floor":7},{"not_picked":["Searing Blow","Warcry"],"picked":"Cleave","floor":11},{"not_picked":["Headbutt","Heavy Blade","Pummel"],"picked":"SKIP","floor":12},{"not_picked":["Clash","Intimidate"],"picked":"Burning Pact","floor":14}],"player_experience":3202600,"relics_obtained":[{"floor":7,"key":"Ancient Tea Set"},{"floor":9,"key":"White Beast Statue"},{"floor":11,"key":"Bottled Tornado"}],"event_choices":[{"damage_healed":0,"gold_gain":0,"player_choice":"Entered Light","damage_taken":23,"max_hp_gain":0,"max_hp_loss":0,"event_name":"Shining Light","floor":2,"gold_loss":0,"cards_upgraded":["Strike_R","Defend_R"]},{"damage_healed":0,"gold_gain":0,"player_choice":"Lose Max HP","damage_taken":0,"relics_obtained":["Golden Idol"],"max_hp_gain":0,"max_hp_loss":7,"event_name":"Golden Idol","floor":3,"gold_loss":0},{"damage_healed":0,"gold_gain":0,"cards_transformed":["Strike_R"],"player_choice":"Transformed","damage_taken":0,"max_hp_gain":0,"max_hp_loss":0,"event_name":"Transmorgrifier","floor":4,"gold_loss":0,"cards_obtained":["Warcry"]},{"damage_healed":0,"gold_gain":75,"player_choice":"Gather Gold","damage_taken":11,"max_hp_gain":0,"max_hp_loss":0,"event_name":"World of Goop","floor":13,"gold_loss":0}],"is_beta":true,"boss_relics":[],"items_purged_floors":[],"is_endless":false,"potions_floor_spawned":[7,11,12,14],"killed_by":"Hexaghost","ascension_level":18}}