{"host":"6jtzbi9kl8x9w6dt","time":1610666764,"event":{"mods":["Act Like it!","Aspiration","BaseMod","BetterRewards","Colored Powertips","Defuse TimeMaze Blight","Downfall","Friendly Minions","Halation","Hallownest","Hermit","Hubris","Marisa????????","Mimic Mod","Minty Spire (QoL Compilation)","Prisma Mod","READ ME - Guardian Mod","StSLib","SuperFastMode","Td1madao Mod","The Animator","The Bladedancer","The Construct","The Cursed","The Disciple","The Hierophant","The Mystic","The Necromancer","The Senshi","The Servant 0.9.4"],"gold_per_floor":[99,112,128,148,164,183,210,210,210,210,210],"floor_reached":9,"language":"ENG","playtime":356,"items_purged":[],"score":55,"play_id":"842f8a80-4794-45e3-9ce3-2c6c62041916","local_time":"20210114152604","is_ascension_mode":false,"campfire_choices":[{"floor":1,"key":"RECALL"}],"circlet_count":0,"master_deck":["Guardian:Strike_Guardian","Guardian:Strike_Guardian","Guardian:Strike_Guardian","Guardian:Strike_Guardian","Guardian:Defend_Guardian","Guardian:Defend_Guardian","Guardian:Defend_Guardian","Guardian:Defend_Guardian","Guardian:CurlUp","Guardian:TwinSlam","Guardian:Gem_White","Guardian:RevengeProtocol","Guardian:VentSteam","Guardian:ShieldSpikes","Guardian:PiercingHide"],"relics":["Guardian:ModeShifter","Bag of Preparation","downfall:BrokenWingStatue"],"acts_visited":["Exordium"],"potions_floor_usage":[9,9],"damage_taken":[{"damage":0,"enemies":"Cultist","floor":2,"turns":4},{"damage":1,"enemies":"Jaw Worm","floor":3,"turns":6},{"damage":1,"enemies":"Small Slimes","floor":4,"turns":4},{"damage":16,"enemies":"2 Fungi Beasts","floor":5,"turns":4},{"damage":5,"enemies":"Red Slaver","floor":6,"turns":4},{"damage":90,"enemies":"Gremlin Nob","floor":9,"turns":7}],"seed_played":"-6251597278679628327","potions_obtained":[{"floor":3,"key":"hexamod:EctoCoolerPotion"},{"floor":4,"key":"SpeedPotion"},{"floor":5,"key":"Block Potion"}],"is_trial":false,"path_per_floor":["R","M","M","M","M","M","T","?","E"],"character_chosen":"GUARDIAN","items_purchased":[],"campfire_rested":0,"item_purchase_floors":[],"current_hp_per_floor":[80,80,79,78,62,57,57,57,0,0,0],"gold":210,"neow_bonus":"RANDOM_COMMON_RELIC","is_daily":false,"chose_seed":false,"campfire_upgraded":0,"win_rate":0.0,"timestamp":1610666764,"path_taken":["R","M","M","M","M","M","T","?","E"],"items_purchased_type":[],"build_version":"2020-12-22","purchased_purges":0,"victory":false,"max_hp_per_floor":[80,80,80,80,80,80,80,80,80,80,80],"card_choices":[{"not_picked":["Guardian:Planning","Guardian:VentSteam"],"picked":"Guardian:Gem_White","floor":2},{"not_picked":["Guardian:ChargeCore","Guardian:RollAttack"],"picked":"Guardian:RevengeProtocol","floor":3},{"not_picked":["Guardian:Preprogram","Guardian:CrystalBeam"],"picked":"Guardian:VentSteam","floor":4},{"not_picked":["Guardian:PiercingHide","Guardian:CrystalBeam"],"picked":"Guardian:ShieldSpikes","floor":5},{"not_picked":["Guardian:VentSteam","Guardian:Planning"],"picked":"Guardian:PiercingHide","floor":6}],"player_experience":76365,"relics_obtained":[],"event_choices":[],"is_beta":false,"boss_relics":[],"items_purged_floors":[],"is_endless":false,"potions_floor_spawned":[3,4,5],"killed_by":"Gremlin Nob","ascension_level":0}}