{"host":"rz8ryyppw1rffr47","time":1610634253,"event":{"mods":["BaseMod","BetterRewards","Downfall","Googly Eyes","Minty Spire (QoL Compilation)","Quick Restart","Replay The Spire","StSLib","slay the spire mod where everything is the same but ironclad has a cowboy hat"],"gold_per_floor":[119,135,151,226,246,246,257,287,367,161,161,161,179,189,189,294,294,310,330,30,30,30,59,59,79,79,2,2,2,16,35,35,140,140,157,172,381,142,155,187,187,221,275,329,356,356,396,143,143,149],"floor_reached":51,"language":"ENG","playtime":2187,"items_purged":["Amnesia","Strike_R","Strike_R"],"score":1326,"play_id":"244ed688-8fed-47f2-a9f6-951fc62c54b2","local_time":"20210114142413","is_ascension_mode":false,"campfire_choices":[{"data":"Clash","floor":6.0,"key":"SMITH"},{"data":"Offering","floor":12.0,"key":"SMITH"},{"data":"Shrug It Off","floor":15.0,"key":"SMITH"},{"data":"Limit Break","floor":24.0,"key":"SMITH"},{"data":"Disarm","floor":28.0,"key":"SMITH"},{"data":"Spot Weakness","floor":32.0,"key":"SMITH"},{"data":"Heavy Blade","floor":41,"key":"SMITH"},{"data":"Bloodletting","floor":46,"key":"SMITH"},{"data":"Seeing Red","floor":49,"key":"SMITH"}],"circlet_count":0,"master_deck":["Strike_R","Strike_R","Strike_R","Defend_R","Defend_R","Defend_R","Defend_R","Bash","Thunderclap+1","Clash+1","Heavy Blade+1","Offering+1","Reaper","Intimidate","Shrug It Off+1","Limit Break+1","Cleave","Spot Weakness+1","Disarm+1","Sword Boomerang","Demon Form","Flex","Bloodletting+1","Seeing Red+1"],"relics":["Burning Blood","Snack Pack","CaptainsWheel","ReplayTheSpireMod:CursedCoin","King of Hearts","Replay:Bottled Flurry","BargainBundle","HornCleat","Coffee Dripper","Sling","Bronze Scales","Mango","Replay:Wax Seal","Ring of Chaos","Replay:Bottled Steam","Replay:Bandana","ReplayTheSpireMod:Spearhead","Orichalcum"],"acts_visited":["Exordium","TheCity","TheBeyond"],"potions_floor_usage":[33,33,35,40,45,50,50,50],"damage_taken":[{"damage":6.0,"enemies":"Cultist","floor":1.0,"turns":3.0},{"damage":6.0,"enemies":"Jaw Worm","floor":2.0,"turns":2.0},{"damage":0.0,"enemies":"2 Louse","floor":3.0,"turns":2.0},{"damage":8.0,"enemies":"2 Fungi Beasts","floor":5.0,"turns":3.0},{"damage":16.0,"enemies":"Exordium Thugs","floor":7.0,"turns":4.0},{"damage":14.0,"enemies":"Gremlin Nob","floor":8.0,"turns":3.0},{"damage":6.0,"enemies":"3 Louse","floor":13.0,"turns":2.0},{"damage":6.0,"enemies":"Gremlin Gang","floor":14.0,"turns":3.0},{"damage":61.0,"enemies":"Fading Forest","floor":16.0,"turns":11.0},{"damage":6.0,"enemies":"Shell Parasite","floor":18.0,"turns":4.0},{"damage":6.0,"enemies":"Spheric Guardian","floor":19.0,"turns":3.0},{"damage":14.0,"enemies":"Slavers","floor":23.0,"turns":2.0},{"damage":6.0,"enemies":"Centurion and Healer","floor":25.0,"turns":3.0},{"damage":6.0,"enemies":"3 Cultists","floor":30.0,"turns":4.0},{"damage":6.0,"enemies":"Snake Plant","floor":31.0,"turns":3.0},{"damage":15,"enemies":"Pondfish","floor":33,"turns":8},{"damage":17,"enemies":"3 Darklings","floor":35,"turns":3},{"damage":10,"enemies":"3 Shapes","floor":36,"turns":3},{"damage":19,"enemies":"Spire Growth","floor":39,"turns":5},{"damage":21,"enemies":"Reptomancer","floor":40,"turns":3},{"damage":19,"enemies":"3 Darklings","floor":42,"turns":4},{"damage":19,"enemies":"Transient","floor":45,"turns":5},{"damage":10,"enemies":"Jaw Worm Horde","floor":47,"turns":3},{"damage":21,"enemies":"Time Eater","floor":50,"turns":5}],"seed_played":"2238937343945447869","potions_obtained":[{"floor":1.0,"key":"Toxic Potion"},{"floor":7.0,"key":"LifebloodPotion"},{"floor":13.0,"key":"Regen Potion"},{"floor":16.0,"key":"Milkshake"},{"floor":18.0,"key":"PowerPotion"},{"floor":23.0,"key":"Explosive Potion"},{"floor":33,"key":"DuplicationPotion"},{"floor":35,"key":"FearPotion"},{"floor":36,"key":"Death Potion"},{"floor":42,"key":"Ancient Potion"},{"floor":47,"key":"Swift Potion"}],"is_trial":false,"path_per_floor":["M","M","M","$","M","R","M","E","T","$","T","R","M","M","R","B",null,"M","M","$","?","?","E","R","M","T","$","R","?","M","M","R","B",null,"M","M","?","$","M","E","R","M","T","T","M","R","M","$","R","B",null],"character_chosen":"IRONCLAD","items_purchased":["Snack Pack","Thunderclap+1","ReplayTheSpireMod:CursedCoin","BargainBundle","EntropicBrew","Sling","Bronze Scales","Disarm","Replay:Bottled Steam","Seeing Red","SkillPotion"],"campfire_rested":0,"item_purchase_floors":[0,0,4,10,10,20,20,27,38,48,48],"current_hp_per_floor":[57,59,65,65,65,65,57,51,51,51,51,51,55,80,80,59,80,80,80,80,80,65,97,97,99,99,99,99,99,99,99,99,92,99,99,95,71,71,58,92,92,81,81,81,72,72,70,70,70,57],"gold":149,"neow_bonus":"","is_daily":false,"chose_seed":false,"campfire_upgraded":9,"win_rate":0.0,"timestamp":1610634253,"path_taken":["M","M","M","$","M","R","M","E","T","$","?","R","M","M","R","BOSS","M","M","$","?","?","E","R","M","T","?","R","?","M","M","R","BOSS","M","M","?","$","M","E","R","M","T","?","M","R","M","$","R","BOSS"],"items_purchased_type":["Relic","Card","Relic","Relic","Potion","Relic","Relic","Card","Relic","Card","Potion"],"build_version":"2020-12-22","purchased_purges":3,"victory":true,"max_hp_per_floor":[80,80,80,80,80,80,80,80,80,80,80,80,80,80,80,80,80,80,80,80,80,85,99,99,99,99,99,99,99,99,99,99,99,99,99,99,99,99,99,99,99,99,99,99,99,99,99,99,99,99],"card_choices":[{"not_picked":["Body Slam","Clothesline"],"picked":"Clash","floor":1.0},{"not_picked":["ReplayTheSpireMod:Corrosion Curse","Clothesline"],"picked":"Heavy Blade","floor":2.0},{"not_picked":["Uppercut","Evolve","Carnage"],"picked":"SKIP","floor":3.0},{"not_picked":["Rage","Heavy Blade","Wild Strike"],"picked":"SKIP","floor":5.0},{"not_picked":["Anger","Burning Pact"],"picked":"Offering","floor":7.0},{"not_picked":["Twin Strike","True Grit"],"picked":"Reaper","floor":8.0},{"not_picked":["Armaments","Run Through"],"picked":"Intimidate","floor":13.0},{"not_picked":["Warcry","Entrench"],"picked":"Shrug It Off","floor":14.0},{"not_picked":["Hemogenesis","Impervious"],"picked":"Limit Break","floor":16.0},{"not_picked":["Entrench","Dual Wield+1","Iron Wave"],"picked":"SKIP","floor":18.0},{"not_picked":["Clash","Anger+1"],"picked":"Cleave","floor":19.0},{"not_picked":["Clothesline","Dropkick","Demonic Infusion"],"picked":"SKIP","floor":23.0},{"not_picked":["Perfected Strike","Blood for Blood+1","Abandon"],"picked":"SKIP","floor":25.0},{"not_picked":["Combust","Uppercut","True Grit"],"picked":"SKIP","floor":30.0},{"not_picked":["Anger","Perfected Strike"],"picked":"Sword Boomerang","floor":31.0},{"not_picked":["Eclipse","Juggernaut"],"picked":"Demon Form","floor":33},{"not_picked":["Metallicize+1","Cleave+1","Flame Barrier+1"],"picked":"SKIP","floor":35},{"not_picked":["Blood for Blood","Body Slam+1","Pommel Strike"],"picked":"SKIP","floor":36},{"not_picked":["Wild Strike","Dropkick+1"],"picked":"Flex","floor":39},{"not_picked":["Clash+1","Metallicize+1","ReplayTheSpireMod:LeadingStrike"],"picked":"SKIP","floor":40},{"not_picked":["ReplayTheSpireMod:Muscle Training","Flex+1","Body Slam"],"picked":"SKIP","floor":42},{"not_picked":["ReplayTheSpireMod:LeadingStrike","Barricade"],"picked":"Bloodletting","floor":45},{"not_picked":["Pummel","Wild Strike","ReplayTheSpireMod:Strike From Hell"],"picked":"SKIP","floor":47}],"player_experience":368647,"relics_obtained":[{"floor":8.0,"key":"King of Hearts"},{"floor":9.0,"key":"Replay:Bottled Flurry"},{"floor":11.0,"key":"HornCleat"},{"floor":23.0,"key":"Mango"},{"floor":26.0,"key":"Replay:Wax Seal"},{"floor":40,"key":"Replay:Bandana"},{"floor":43,"key":"ReplayTheSpireMod:Spearhead"},{"floor":44,"key":"Orichalcum"}],"event_choices":[{"damage_healed":0.0,"max_hp_gain":0.0,"max_hp_loss":0.0,"gold_gain":0.0,"event_name":"The Library","player_choice":"Read","floor":21.0,"gold_loss":0.0,"damage_taken":0.0,"cards_obtained":["Spot Weakness"]},{"damage_healed":0.0,"max_hp_gain":5.0,"max_hp_loss":0.0,"gold_gain":0.0,"event_name":"Forgotten Altar","player_choice":"Shed Blood","floor":22.0,"gold_loss":0.0,"damage_taken":20.0},{"damage_healed":0.0,"max_hp_gain":0.0,"max_hp_loss":0.0,"gold_gain":0.0,"event_name":"Ghosts","player_choice":"Ignored","floor":29.0,"gold_loss":0.0,"damage_taken":0.0}],"is_beta":false,"boss_relics":[{"not_picked":["Snecko Eye","Ectoplasm"],"picked":"Coffee Dripper"},{"not_picked":["Electric Blood","Astrolabe"],"picked":"Ring of Chaos"}],"items_purged_floors":[4,10,48],"is_endless":false,"potions_floor_spawned":[1,7,13,14,16,18,23,33,35,36,42,47],"ascension_level":0}}