{"host":"4kqumtn9vzgpomuw","time":1610666270,"event":{"mods":["AchievementEnabler","BaseMod","Colored Map","Minty Spire (QoL Compilation)","StSLib"],"gold_per_floor":[116,191,204,217,34,34,52,52,52,52,52,2,2,19,19,120,120,136,16,16,34,54,54,54],"floor_reached":23,"language":"KOR","playtime":1821,"items_purged":[],"score":181,"play_id":"56161013-92c9-47f8-89ab-2d6462d38f78","local_time":"20210115081750","is_ascension_mode":false,"campfire_choices":[{"data":"Well Laid Plans","floor":6,"key":"SMITH"},{"data":"Poisoned Stab","floor":8,"key":"SMITH"},{"data":"Neutralize","floor":10,"key":"SMITH"},{"data":"Dodge and Roll","floor":13,"key":"SMITH"},{"data":"Sucker Punch","floor":15,"key":"SMITH"}],"circlet_count":0,"master_deck":["Strike_G","Strike_G","Strike_G","Strike_G","Strike_G","Defend_G","Defend_G","Defend_G","Defend_G","Defend_G","Survivor","Neutralize+1","Poisoned Stab+1","Sucker Punch+1","Well Laid Plans+1","Backflip","Sucker Punch","Dodge and Roll+1","Sucker Punch","A Thousand Cuts","Prepared","Caltrops","Deadly Poison","Backflip","Expertise+1"],"relics":["Ring of the Snake","NeowsBlessing","TwistedFunnel","White Beast Statue","Black Star"],"acts_visited":["Exordium","TheCity"],"potions_floor_usage":[16,16,23,23,23],"damage_taken":[{"damage":0,"enemies":"Jaw Worm","floor":1,"turns":1},{"damage":0,"enemies":"Cultist","floor":3,"turns":1},{"damage":0,"enemies":"2 Louse","floor":4,"turns":1},{"damage":0,"enemies":"Exordium Wildlife","floor":7,"turns":2},{"damage":20,"enemies":"Gremlin Gang","floor":14,"turns":5},{"damage":19,"enemies":"The Guardian","floor":16,"turns":11},{"damage":10,"enemies":"Shell Parasite","floor":18,"turns":11},{"damage":8,"enemies":"3 Byrds","floor":21,"turns":4},{"damage":34,"enemies":"3 Cultists","floor":22,"turns":5},{"damage":10,"enemies":"Gremlin Leader","floor":23,"turns":1}],"seed_played":"-6967686293051409187","potions_obtained":[{"floor":1,"key":"DistilledChaos"},{"floor":14,"key":"Strength Potion"},{"floor":16,"key":"GamblersBrew"},{"floor":18,"key":"SteroidPotion"},{"floor":21,"key":"Strength Potion"},{"floor":22,"key":"PowerPotion"}],"is_trial":false,"path_per_floor":["M","?","M","M","$","R","M","R","T","R","?","$","R","M","R","B",null,"M","$","?","M","M","E"],"character_chosen":"THE_SILENT","items_purchased":["TwistedFunnel","Well Laid Plans","Dodge and Roll","Caltrops","Deadly Poison"],"campfire_rested":0,"item_purchase_floors":[5,5,12,19,19],"current_hp_per_floor":[70,59,59,59,59,59,59,59,59,59,59,59,59,39,39,20,70,60,60,47,39,5,0,0],"gold":54,"neow_bonus":"THREE_ENEMY_KILL","is_daily":false,"chose_seed":false,"campfire_upgraded":5,"win_rate":0.0,"timestamp":1610666270,"path_taken":["M","?","M","M","$","R","M","R","T","R","?","$","R","?","R","BOSS","M","$","?","M","M","E"],"items_purchased_type":["Relic","Card","Card","Card","Card"],"build_version":"2020-12-22","purchased_purges":0,"victory":false,"max_hp_per_floor":[70,70,70,70,70,70,70,70,70,70,70,70,70,70,70,70,70,70,70,75,75,75,75,75],"card_choices":[{"not_picked":["Acrobatics","Outmaneuver"],"picked":"Poisoned Stab","floor":1},{"not_picked":["Riddle With Holes","All Out Attack"],"picked":"Sucker Punch","floor":3},{"not_picked":["Eviscerate","Reflex"],"picked":"Outmaneuver","floor":4},{"not_picked":["Blade Dance","Poisoned Stab"],"picked":"Backflip","floor":7},{"not_picked":["Flechettes","Leg Sweep"],"picked":"Sucker Punch","floor":14},{"not_picked":["Burst","Wraith Form v2"],"picked":"A Thousand Cuts","floor":16},{"not_picked":["Underhanded Strike","Choke"],"picked":"Prepared","floor":18},{"not_picked":["Dagger Spray","Prepared"],"picked":"Backflip","floor":21},{"not_picked":["Flying Knee","PiercingWail"],"picked":"Expertise+1","floor":22}],"player_experience":586,"relics_obtained":[{"floor":9,"key":"White Beast Statue"}],"event_choices":[{"damage_healed":0,"gold_gain":75,"player_choice":"Gather Gold","damage_taken":11,"max_hp_gain":0,"max_hp_loss":0,"event_name":"World of Goop","floor":2,"gold_loss":0},{"damage_healed":0,"gold_gain":0,"cards_transformed":["Outmaneuver"],"player_choice":"Transformed","damage_taken":0,"max_hp_gain":0,"max_hp_loss":0,"event_name":"Transmorgrifier","floor":11,"gold_loss":0,"cards_obtained":["Sucker Punch"]},{"damage_healed":0,"gold_gain":0,"player_choice":"Shed Blood","damage_taken":18,"max_hp_gain":5,"max_hp_loss":0,"event_name":"Forgotten Altar","floor":20,"gold_loss":0}],"is_beta":false,"boss_relics":[{"not_picked":["Velvet Choker","Empty Cage"],"picked":"Black Star"}],"items_purged_floors":[],"is_endless":false,"potions_floor_spawned":[1,14,16,18,21,22],"killed_by":"Gremlin Leader","ascension_level":0}}