{"host":"g5k24uqcth2ihc11","time":1610652417,"event":{"mods":["BaseMod","Jorbs\u0027s Wanderer Trilogy","Marisa????????","Minty Spire (QoL Compilation)","StSLib","The Cursed","The Marked","The Servant 0.9.4"],"gold_per_floor":[131,141,153,178,195,237,237,262,262,262,232,259,259,312,312,438,438,448,316,343,370,370,370,408,433,433,447,447,480,514,530,530,664,664,674,610,610,621,653,653,688,688,688,721,721,721,735,750,750,750],"floor_reached":51,"language":"ENG","playtime":6030,"items_purged":[],"score":764,"play_id":"9ed6f069-08d2-4fc0-af22-316a2336ae11","local_time":"20210114112657","daily_mods":["SealedDeck","Vintage"],"is_ascension_mode":false,"campfire_choices":[{"data":"MilkyWay","floor":7,"key":"SMITH"},{"data":"WitchLeyline","floor":13,"key":"SMITH"},{"data":"OortCloud","floor":15,"key":"SMITH"},{"data":"OortCloud","floor":23,"key":"SMITH"},{"data":"Blind","floor":32,"key":"SMITH"},{"data":"Singularity","floor":40,"key":"SMITH"},{"data":"PowerUp","floor":46,"key":"SMITH"},{"data":"UltimateShortwave","floor":49,"key":"SMITH"}],"circlet_count":0,"master_deck":["PowerUp","WitchOfGreed","WitchLeyline","AsteroidBelt","ChargeUpSpray+1","NonDirectionalLaser+1","MilkyWay+1","ShootingEcho","WitchLeyline+1","MagicAbsorber","OortCloud+1","OortCloud+1","BlazingStar","PowerUp+1","Blind+1","UltimateShortwave+1","Singularity+1"],"relics":["MiniHakkero","Pear","Blue Candle","Dream Catcher","Question Card","Shuriken","Pen Nib","Tiny Chest","CeramicFish","Eternal Feather","Juzu Bracelet","Runic Pyramid","Bird Faced Urn","PreservedInsect","Bottled Flame","Bag of Marbles","Whetstone","Mercury Hourglass","Orichalcum","InkBottle","Anchor","Ice Cream","ExperimentalFamiliar","Lizard Tail","Darkstone Periapt","HandmadeGrimoire","Letter Opener","Smiling Mask","Mummified Hand","MealTicket","The Courier","Frozen Egg 2"],"acts_visited":["Exordium","TheCity","TheBeyond"],"potions_floor_usage":[6,16,16,30,33,50,50,50],"damage_taken":[{"damage":0,"enemies":"Cultist","floor":1,"turns":2},{"damage":0,"enemies":"Small Slimes","floor":2,"turns":2},{"damage":0,"enemies":"2 Louse","floor":3,"turns":1},{"damage":12,"enemies":"Looter","floor":4,"turns":2},{"damage":5,"enemies":"Lots of Slimes","floor":5,"turns":2},{"damage":2,"enemies":"Gremlin Nob","floor":6,"turns":2},{"damage":0,"enemies":"2 Fungi Beasts","floor":8,"turns":2},{"damage":0,"enemies":"Exordium Thugs","floor":12,"turns":3},{"damage":0,"enemies":"3 Sentries","floor":14,"turns":4},{"damage":11,"enemies":"Hexaghost","floor":16,"turns":6},{"damage":4,"enemies":"Chosen","floor":18,"turns":3},{"damage":10,"enemies":"Shell Parasite","floor":20,"turns":3},{"damage":7,"enemies":"Chosen and Byrds","floor":21,"turns":4},{"damage":3,"enemies":"Gremlin Leader","floor":24,"turns":4},{"damage":11,"enemies":"Centurion and Healer","floor":25,"turns":5},{"damage":18,"enemies":"Shelled Parasite and Fungi","floor":27,"turns":2},{"damage":0,"enemies":"Sentry and Sphere","floor":29,"turns":3},{"damage":0,"enemies":"Centurion and Healer","floor":30,"turns":4},{"damage":0,"enemies":"Snake Plant","floor":31,"turns":1},{"damage":1,"enemies":"Automaton","floor":33,"turns":7},{"damage":0,"enemies":"Orb Walker","floor":35,"turns":1},{"damage":0,"enemies":"3 Darklings","floor":38,"turns":2},{"damage":0,"enemies":"Jaw Worm Horde","floor":39,"turns":2},{"damage":0,"enemies":"Maw","floor":41,"turns":5},{"damage":0,"enemies":"Transient","floor":44,"turns":5},{"damage":0,"enemies":"3 Darklings","floor":47,"turns":1},{"damage":0,"enemies":"4 Shapes","floor":48,"turns":1},{"damage":14,"enemies":"Awakened One","floor":50,"turns":6}],"seed_played":"1163770030760031962","potions_obtained":[{"floor":1,"key":"SteroidPotion"},{"floor":4,"key":"Block Potion"},{"floor":4,"key":"Energy Potion"},{"floor":6,"key":"Fruit Juice"},{"floor":8,"key":"BlessingOfTheForge"},{"floor":16,"key":"ShroomBrew"},{"floor":20,"key":"BlessingOfTheForge"},{"floor":30,"key":"Fruit Juice"},{"floor":33,"key":"Fire Potion"},{"floor":39,"key":"EntropicBrew"},{"floor":41,"key":"Block Potion"},{"floor":48,"key":"EssenceOfSteel"}],"is_trial":true,"path_per_floor":["M","M","M","M","M","E","R","M","T","?","$","M","R","E","R","B",null,"M","$","M","M","?","R","E","M","T","M","?","M","M","M","R","B",null,"M","$","T","M","M","R","M","?","T","M","?","R","M","M","R","B",null],"character_chosen":"MARISA","items_purchased":["OortCloud","PowerUp","Blind","Singularity"],"campfire_rested":0,"item_purchase_floors":[11,19,19,36],"current_hp_per_floor":[85,85,85,73,68,71,71,71,71,71,71,71,77,77,83,72,90,86,86,80,77,77,86,87,82,82,64,64,68,79,79,88,93,95,95,95,95,95,95,95,95,95,95,95,95,95,95,95,95,83],"gold":750,"neow_bonus":"","is_daily":false,"chose_seed":false,"campfire_upgraded":8,"win_rate":0.0,"timestamp":1610652417,"path_taken":["M","M","M","M","M","E","R","M","T","?","$","M","R","E","R","BOSS","M","$","M","M","?","R","E","M","T","M","?","M","M","M","R","BOSS","M","$","?","M","M","R","M","?","T","M","?","R","M","M","R","BOSS"],"items_purchased_type":["Card","Card","Card","Card"],"build_version":"2020-12-22","purchased_purges":0,"victory":true,"max_hp_per_floor":[85,85,85,85,85,90,90,90,90,90,90,90,90,90,90,90,90,90,90,90,90,90,90,90,90,90,90,90,90,95,95,95,95,95,95,95,95,95,95,95,95,95,95,95,95,95,95,95,95,95],"card_choices":[{"not_picked":["MachineGunSpark","NonDirectionalLaser","UnstableBomb"],"picked":"MagicAbsorber","floor":6},{"not_picked":["UnstableBomb","IllusionStar","6A"],"picked":"OortCloud","floor":14},{"not_picked":["MillisecondPulsars","MaximisePower","SatelliteIllusion"],"picked":"BlazingStar","floor":16},{"not_picked":["ManaConvection","SporeBomb","UnstableBomb"],"picked":"JA","floor":24},{"not_picked":["MaximisePower","BigCrunch","SatelliteIllusion"],"picked":"UltimateShortwave","floor":33}],"player_experience":7144,"relics_obtained":[{"floor":1,"key":"Pear"},{"floor":2,"key":"Blue Candle"},{"floor":3,"key":"Dream Catcher"},{"floor":4,"key":"Question Card"},{"floor":5,"key":"Shuriken"},{"floor":6,"key":"Pen Nib"},{"floor":8,"key":"Tiny Chest"},{"floor":9,"key":"CeramicFish"},{"floor":12,"key":"Eternal Feather"},{"floor":14,"key":"Juzu Bracelet"},{"floor":18,"key":"Bird Faced Urn"},{"floor":20,"key":"PreservedInsect"},{"floor":21,"key":"Bottled Flame"},{"floor":24,"key":"Bag of Marbles"},{"floor":25,"key":"Whetstone"},{"floor":26,"key":"Mercury Hourglass"},{"floor":27,"key":"Orichalcum"},{"floor":29,"key":"InkBottle"},{"floor":30,"key":"Anchor"},{"floor":31,"key":"Ice Cream"},{"floor":35,"key":"Lizard Tail"},{"floor":37,"key":"Darkstone Periapt"},{"floor":38,"key":"HandmadeGrimoire"},{"floor":39,"key":"Letter Opener"},{"floor":41,"key":"Smiling Mask"},{"floor":43,"key":"Mummified Hand"},{"floor":44,"key":"MealTicket"},{"floor":47,"key":"The Courier"},{"floor":48,"key":"Frozen Egg 2"}],"event_choices":[{"damage_healed":0,"gold_gain":0,"player_choice":"Ignored","damage_taken":0,"max_hp_gain":0,"max_hp_loss":0,"event_name":"Transmorgrifier","floor":10,"gold_loss":0},{"damage_healed":0,"gold_gain":0,"player_choice":"Ignored","damage_taken":0,"max_hp_gain":0,"max_hp_loss":0,"event_name":"Vampires","floor":22,"gold_loss":0},{"damage_healed":0,"gold_gain":0,"player_choice":"Simplicity","damage_taken":0,"max_hp_gain":0,"max_hp_loss":0,"event_name":"Back to Basics","floor":28,"gold_loss":0,"cards_upgraded":[]},{"cards_removed":["JA"],"damage_healed":0,"gold_gain":0,"player_choice":"Removed Attack","damage_taken":0,"max_hp_gain":0,"max_hp_loss":0,"event_name":"Falling","floor":42,"gold_loss":0},{"cards_removed":["DC"],"damage_healed":0,"gold_gain":0,"player_choice":"Purged","damage_taken":0,"max_hp_gain":0,"max_hp_loss":0,"event_name":"Purifier","floor":45,"gold_loss":0}],"is_beta":false,"boss_relics":[{"not_picked":["Fusion Hammer","Calling Bell"],"picked":"Runic Pyramid"},{"not_picked":["Philosopher\u0027s Stone","Coffee Dripper"],"picked":"ExperimentalFamiliar"}],"items_purged_floors":[],"is_endless":false,"potions_floor_spawned":[1,4,5,6,20,21,27,30,39,47,48],"ascension_level":0}}