{"host":"7sni158j623xchr2","time":1610650854,"event":{"mods":["BaseMod","Colored Map","Highlight Path","Minty Spire (QoL Compilation)","Permanent Neow","Potion Indicator Mod","Rare Cards Sparkle","Relic Sorter","Relic Stats","StSLib","everything is the same but u backflip on backflip"],"gold_per_floor":[117,117,131,142,155,155,172,201,226,226,239,272,272,14,14,117,117,133,133,143,68,68,99,99,119,119,148,148,5,39,50,50,150,150,170,221,236,23,43,43,71,0,0,0,41,54,54,98,98,98,98,98,21,58,58],"floor_reached":56,"language":"ENG","playtime":1713,"items_purged":[],"score":1406,"play_id":"0f002563-d701-4511-8fcc-75e0e03e9738","local_time":"20210114130054","is_ascension_mode":true,"campfire_choices":[{"data":"Sunder","floor":6.0,"key":"SMITH"},{"data":"Self Repair","floor":10.0,"key":"SMITH"},{"data":"Zap","floor":15.0,"key":"SMITH"},{"data":"Storm","floor":24.0,"key":"SMITH"},{"data":"Amplify","floor":28,"key":"SMITH"},{"data":"Consume","floor":32,"key":"SMITH"},{"data":"Fission","floor":40,"key":"SMITH"},{"floor":44,"key":"RECALL"},{"data":"Storm","floor":49,"key":"SMITH"},{"data":"Loop","floor":52,"key":"SMITH"}],"circlet_count":0,"master_deck":["Zap+1","Dualcast","CurseOfTheBell","Capacitor","Sunder+1","Heatsinks","Self Repair+1","Conserve Battery","Sweeping Beam+1","Sweeping Beam+1","Echo Form","Master of Strategy","Creative AI","Force Field","Loop+1","Gash+1","Glacier","Thunder Strike+1","Gash+1","Amplify+1","Storm+1","Consume+1","Gash+1","Coolheaded","Seek","Reinforced Body+1","Compile Driver+1","Storm+1","Fission+1","Static Discharge+1","Echo Form","Defragment+1"],"relics":["Calling Bell","Omamori","Mummified Hand","Pocketwatch","WarpedTongs","Molten Egg 2","Vajra","Art of War","Pandora\u0027s Box","Blood Vial","Calipers","Membership Card","PreservedInsect","SacredBark","Bird Faced Urn","Bag of Marbles","Red Mask","Shuriken","CeramicFish","Cables","Runic Capacitor","Ornamental Fan"],"acts_visited":["Exordium","TheCity","TheBeyond","TheEnding"],"potions_floor_usage":[31,33,36,55,55,55,55,55],"damage_taken":[{"damage":1.0,"enemies":"Cultist","floor":1.0,"turns":4.0},{"damage":0.0,"enemies":"Jaw Worm","floor":3.0,"turns":4.0},{"damage":0.0,"enemies":"2 Louse","floor":4.0,"turns":2.0},{"damage":0.0,"enemies":"2 Fungi Beasts","floor":5.0,"turns":3.0},{"damage":4.0,"enemies":"Blue Slaver","floor":7.0,"turns":3.0},{"damage":28.0,"enemies":"Gremlin Nob","floor":8.0,"turns":4.0},{"damage":7.0,"enemies":"3 Louse","floor":11.0,"turns":3.0},{"damage":5.0,"enemies":"3 Sentries","floor":12.0,"turns":4.0},{"damage":30.0,"enemies":"Slime Boss","floor":16.0,"turns":7.0},{"damage":10.0,"enemies":"Chosen","floor":18.0,"turns":3.0},{"damage":10.0,"enemies":"Spheric Guardian","floor":20.0,"turns":3.0},{"damage":22.0,"enemies":"Book of Stabbing","floor":23.0,"turns":6.0},{"damage":11.0,"enemies":"Snake Plant","floor":25.0,"turns":2.0},{"damage":16,"enemies":"Gremlin Leader","floor":27,"turns":4},{"damage":12,"enemies":"Book of Stabbing","floor":30,"turns":4},{"damage":22,"enemies":"Centurion and Healer","floor":31,"turns":3},{"damage":31,"enemies":"Collector","floor":33,"turns":6},{"damage":0,"enemies":"3 Shapes","floor":35,"turns":2},{"damage":64,"enemies":"2 Orb Walkers","floor":36,"turns":4},{"damage":26,"enemies":"Orb Walker","floor":37,"turns":3},{"damage":25,"enemies":"Spire Growth","floor":39,"turns":3},{"damage":0,"enemies":"Giant Head","floor":41,"turns":4},{"damage":25,"enemies":"Reptomancer","floor":45,"turns":5},{"damage":0,"enemies":"Jaw Worm Horde","floor":46,"turns":2},{"damage":0,"enemies":"Giant Head","floor":48,"turns":3},{"damage":37,"enemies":"Time Eater","floor":50,"turns":5},{"damage":32,"enemies":"Shield and Spear","floor":54,"turns":3},{"damage":46,"enemies":"The Heart","floor":55,"turns":4}],"seed_played":"3185915220179573040","potions_obtained":[{"floor":3.0,"key":"GamblersBrew"},{"floor":5.0,"key":"FocusPotion"},{"floor":11.0,"key":"ColorlessPotion"},{"floor":39,"key":"AttackPotion"},{"floor":41,"key":"FocusPotion"}],"is_trial":false,"path_per_floor":["M","?","M","M","M","R","M","E","T","R","M","E","$","$","R","B",null,"M","?","M","?","?","E","R","M","T","E","R","$","E","M","R","B",null,"M","?","M","$","M","R","E","?","T","R","E","M","$","E","R","B",null,"R","$","E","B",null],"character_chosen":"DEFECT","items_purchased":["Echo Form","Master of Strategy","Membership Card","EntropicBrew","Compile Driver+1","Storm","Fission","GamblersBrew","Runic Capacitor"],"campfire_rested":0,"item_purchase_floors":[14,14,29,38,38,38,38,38,53],"current_hp_per_floor":[74,74,74,74,74,74,70,49,49,49,52,57,57,57,57,37,75,75,75,65,65,51,49,49,50,50,46,46,46,56,46,46,27,80,80,26,30,30,45,45,80,80,80,80,77,80,80,80,80,67,80,80,80,74,60],"gold":58,"neow_bonus":"BOSS_RELIC","is_daily":false,"chose_seed":false,"campfire_upgraded":9,"win_rate":0.0,"timestamp":1610650854,"path_taken":["M","?","M","?","M","R","M","E","T","R","M","E","?","$","R","BOSS","M","?","M","?","?","E","R","?","T","E","R","$","E","M","R","BOSS","M","?","M","$","M","R","E","?","T","R","E","M","?","E","R","BOSS","R","$","E","BOSS"],"items_purchased_type":["Card","Card","Relic","Potion","Card","Card","Card","Potion","Relic"],"build_version":"2020-12-22","purchased_purges":0,"victory":true,"max_hp_per_floor":[75,75,75,75,75,75,75,75,75,75,75,75,75,75,75,75,75,75,75,75,75,80,80,80,80,80,80,80,80,80,80,80,80,80,80,80,80,80,80,80,80,80,80,80,80,80,80,80,80,80,80,80,80,80,80],"relic_stats":{"counters":[28,103],"CeramicFish":27,"PreservedInsect":377,"WarpedTongs":[96],"Cables":[10,9,1,0,0],"Blood Vial":20,"Mummified Hand":[246],"Shuriken":[10],"Ornamental Fan":[8],"Bird Faced Urn":[123],"Pandora\u0027s Box":["Force Field","Loop","Gash","Glacier","Thunder Strike","Glacier","Gash","Amplify"],"Art of War":[6],"obtain_stats":[{"Calipers":27,"SacredBark":34,"CeramicFish":45,"Vajra":9,"PreservedInsect":30,"Omamori":0,"Runic Capacitor":53,"WarpedTongs":2,"Cables":48,"Calling Bell":0,"Blood Vial":23,"Mummified Hand":0,"Shuriken":43,"Ornamental Fan":54,"Bird Faced Urn":36,"Molten Egg 2":8,"Pandora\u0027s Box":17,"Art of War":12,"Bag of Marbles":41,"Red Mask":42,"Membership Card":29,"Cracked Core":0,"Pocketwatch":0},{"Calipers":14,"SacredBark":17,"CeramicFish":23,"Vajra":6,"PreservedInsect":15,"Omamori":0,"Runic Capacitor":26,"WarpedTongs":1,"Cables":25,"Calling Bell":0,"Blood Vial":12,"Mummified Hand":0,"Shuriken":22,"Ornamental Fan":27,"Bird Faced Urn":19,"Molten Egg 2":6,"Pandora\u0027s Box":9,"Art of War":8,"Bag of Marbles":22,"Red Mask":22,"Membership Card":14,"Cracked Core":0,"Pocketwatch":0},{"Calipers":52,"SacredBark":65,"CeramicFish":86,"Vajra":20,"PreservedInsect":56,"Omamori":0,"Runic Capacitor":96,"WarpedTongs":4,"Cables":91,"Calling Bell":0,"Blood Vial":46,"Mummified Hand":0,"Shuriken":81,"Ornamental Fan":99,"Bird Faced Urn":71,"Molten Egg 2":20,"Pandora\u0027s Box":34,"Art of War":27,"Bag of Marbles":81,"Red Mask":81,"Membership Card":52,"Cracked Core":0,"Pocketwatch":0}],"Pocketwatch":[66]},"card_choices":[{"not_picked":["Heatsinks","Go for the Eyes"],"picked":"Capacitor","floor":1.0},{"not_picked":["Beam Cell","Cold Snap"],"picked":"Sunder","floor":3.0},{"not_picked":["Double Energy","Hello World","Go for the Eyes"],"picked":"SKIP","floor":4.0},{"not_picked":["Undo","Fusion"],"picked":"Heatsinks","floor":5.0},{"not_picked":["Recycle","Steam"],"picked":"Self Repair","floor":7.0},{"not_picked":["Stack","Capacitor"],"picked":"Conserve Battery","floor":8.0},{"not_picked":["Beam Cell+1","Storm"],"picked":"Sweeping Beam+1","floor":11.0},{"not_picked":["Reprogram","Steam"],"picked":"Sweeping Beam+1","floor":12.0},{"not_picked":["Multi-Cast","Hyperbeam+1"],"picked":"Creative AI","floor":16.0},{"not_picked":["Self Repair","BootSequence"],"picked":"Storm","floor":18.0},{"not_picked":["Sweeping Beam+1","Loop"],"picked":"Gash+1","floor":20.0},{"not_picked":["Loop","Steam","Sunder+1"],"picked":"SKIP","floor":23.0},{"not_picked":["Darkness","Sweeping Beam+1","Steam"],"picked":"SKIP","floor":25.0},{"not_picked":["Machine Learning","Chaos","Capacitor+1"],"picked":"SKIP","floor":27},{"not_picked":["Turbo+1","Loop"],"picked":"Coolheaded","floor":30},{"not_picked":["Streamline+1","Glacier","Steam Power"],"picked":"SKIP","floor":31},{"not_picked":["Multi-Cast","Machine Learning"],"picked":"Seek","floor":33},{"not_picked":["Scrape+1","Ball Lightning+1","White Noise"],"picked":"SKIP","floor":35},{"not_picked":["Sweeping Beam+1","Ball Lightning+1"],"picked":"Reinforced Body+1","floor":37},{"not_picked":["Cold Snap+1","Stack","Beam Cell+1"],"picked":"SKIP","floor":39},{"not_picked":["Machine Learning","Stack","Compile Driver+1"],"picked":"SKIP","floor":41},{"not_picked":["Doom and Gloom+1","Tempest"],"picked":"Static Discharge+1","floor":45},{"not_picked":["Reinforced Body","Melter+1","Steam+1"],"picked":"SKIP","floor":46},{"not_picked":["Cold Snap+1","Stack"],"picked":"Echo Form","floor":48},{"not_picked":["Cold Snap+1","Redo"],"picked":"Defragment+1","floor":54}],"player_experience":1616752,"relics_obtained":[{"floor":0.0,"key":"Omamori"},{"floor":0.0,"key":"Mummified Hand"},{"floor":0.0,"key":"Pocketwatch"},{"floor":8.0,"key":"Molten Egg 2"},{"floor":9.0,"key":"Vajra"},{"floor":12.0,"key":"Art of War"},{"floor":23.0,"key":"Blood Vial"},{"floor":27,"key":"Calipers"},{"floor":30,"key":"PreservedInsect"},{"floor":36,"key":"Bird Faced Urn"},{"floor":41,"key":"Bag of Marbles"},{"floor":43,"key":"Shuriken"},{"floor":45,"key":"CeramicFish"},{"floor":48,"key":"Cables"},{"floor":54,"key":"Ornamental Fan"}],"event_choices":[{"damage_healed":0.0,"max_hp_gain":0.0,"max_hp_loss":0.0,"gold_gain":0.0,"event_name":"Accursed Blacksmith","player_choice":"Rummage","floor":2.0,"gold_loss":0.0,"damage_taken":0.0,"relics_obtained":["WarpedTongs"],"cards_obtained":["Pain"]},{"damage_healed":0.0,"max_hp_gain":0.0,"max_hp_loss":0.0,"gold_gain":0.0,"event_name":"The Library","player_choice":"Read","floor":19.0,"gold_loss":0.0,"damage_taken":0.0,"cards_obtained":["Consume"]},{"cards_removed":["Glacier"],"damage_healed":0.0,"max_hp_gain":0.0,"max_hp_loss":0.0,"gold_gain":0.0,"event_name":"Beggar","player_choice":"Gave Gold","floor":21.0,"gold_loss":75.0,"damage_taken":0.0},{"damage_healed":0.0,"max_hp_gain":5.0,"max_hp_loss":0.0,"gold_gain":0.0,"event_name":"Forgotten Altar","player_choice":"Shed Blood","floor":22.0,"gold_loss":0.0,"damage_taken":19.0},{"damage_healed":0,"gold_gain":0,"player_choice":"Fight","damage_taken":0,"max_hp_gain":0,"max_hp_loss":0,"event_name":"Mysterious Sphere","floor":36,"gold_loss":0},{"damage_healed":0,"gold_gain":0,"player_choice":"Paid","damage_taken":0,"relics_obtained":["Red Mask"],"max_hp_gain":0,"max_hp_loss":0,"event_name":"Tomb of Lord Red Mask","floor":42,"gold_loss":71}],"is_beta":false,"boss_relics":[{"not_picked":["Velvet Choker","Black Star"],"picked":"Pandora\u0027s Box"},{"not_picked":["Astrolabe","Tiny House"],"picked":"SacredBark"}],"items_purged_floors":[],"is_endless":false,"potions_floor_spawned":[3,5,11,20,30,39,41],"ascension_level":1}}