{"host":"qhn6g0owdgjb77rz","time":1610603797,"event":{"mods":["BaseMod","BetterRewards","Colored Map","Infinite Spire","Minty Spire (QoL Compilation)","Relic Sorter","Replay The Spire","StSLib"],"gold_per_floor":[110,110,110,120,120,120,152,152,152,152,187,187,99,126,126,197,197,209,209,227,251,251,277,277,303,356,356,356],"floor_reached":27,"language":"ENG","playtime":1518,"items_purged":[],"score":768,"play_id":"e515c1f5-9a27-4dca-b95b-e684e14f4f4c","local_time":"20210114145637","is_ascension_mode":true,"campfire_choices":[{"data":"Rampage","floor":6.0,"key":"SMITH"},{"data":"Abandon","floor":8.0,"key":"SMITH"},{"data":"True Grit","floor":10.0,"key":"SMITH"},{"floor":15.0,"key":"REST"},{"data":"True Grit","floor":15.0,"key":"SMITH"}],"circlet_count":0,"master_deck":["AscendersBane","Strike_R","Strike_R+1","Strike_R","Strike_R","Strike_R","Defend_R+1","Defend_R+1","Defend_R","Pommel Strike+1","True Grit+1","Feel No Pain","True Grit+1","Headbutt","Rampage+1","infinitespire:NeuralNetwork+1","Abandon+1","Sentinel","infinitespire:OneForAll+1","Uppercut+1","Dark Embrace","ReplayTheSpireMod:Strike From Hell+1","ReplayTheSpireMod:Strike From Hell+1","Pot Of Greed","Pot Of Greed","Seeing Red+1","Pot Of Greed"],"relics":["Burning Blood","Replay:Ringing Soul","Tiny Chest","Thread and Needle","ReplayTheSpireMod:Lightbulb","infinitespire:Magic Flask","Bottled Tornado","StrikeDummy","Nunchaku","Molten Egg 2","Gremlin Food","Empty Cage","Blood Vial","Pantograph","Simple Rune","Grinning Jar","War Paint"],"acts_visited":["Exordium","TheCity"],"potions_floor_usage":[],"damage_taken":[{"damage":2.0,"enemies":"2 Louse","floor":1.0,"turns":3.0},{"damage":1.0,"enemies":"Jaw Worm","floor":4.0,"turns":2.0},{"damage":0.0,"enemies":"Replay:BlueRogue","floor":7.0,"turns":8.0},{"damage":8.0,"enemies":"Lagavulin","floor":11.0,"turns":6.0},{"damage":9.0,"enemies":"Gremlin Nob","floor":14.0,"turns":3.0},{"damage":8.0,"enemies":"Slime Boss","floor":16.0,"turns":6.0},{"damage":0.0,"enemies":"Chosen","floor":18.0,"turns":4.0},{"damage":17.0,"enemies":"Shell Parasite","floor":20.0,"turns":5.0},{"damage":35.0,"enemies":"Book of Stabbing","floor":23.0,"turns":6.0},{"damage":59.0,"enemies":"Slavers","floor":25.0,"turns":6.0},{"damage":32,"enemies":"Book of Stabbing","floor":27,"turns":5}],"seed_played":"521992817677990018","potions_obtained":[{"floor":1.0,"key":"ColorlessPotion"},{"floor":7.0,"key":"PowerPotion"},{"floor":18.0,"key":"SkillPotion"},{"floor":20.0,"key":"Strength Potion"}],"is_trial":false,"path_per_floor":["M","?","?","M","?","R","E","R","T","R","E","T","$","E","R","B",null,"M","?","M","T","T","E","?","E","T","E"],"character_chosen":"IRONCLAD","items_purchased":["Replay:Ringing Soul","Tiny Chest","Pommel Strike+1","True Grit","Feel No Pain","EntropicBrew","True Grit","Power Through","Thread and Needle","ReplayTheSpireMod:Lightbulb","infinitespire:OneForAll+1"],"campfire_rested":1,"item_purchase_floors":[0,0,0,0,0,0,0,0,0,0,13],"current_hp_per_floor":[78,78,61,69,72,72,81,81,81,81,82,82,85,82,99,97,99,102,102,94,94,94,70,73,25,25,0,0],"gold":356,"neow_bonus":"","is_daily":false,"chose_seed":false,"campfire_upgraded":4,"win_rate":0.0,"timestamp":1610603797,"path_taken":["M","?","?","M","?","R","E","R","T","R","E","?","$","E","R","BOSS","M","?","?","?","?","E","?","E","T","E"],"items_purchased_type":["Relic","Relic","Card","Card","Card","Potion","Card","Card","Relic","Relic","Card"],"build_version":"2020-12-22","purchased_purges":0,"victory":false,"max_hp_per_floor":[81,81,84,87,90,90,93,93,93,93,96,96,99,99,99,99,99,102,102,105,105,105,108,111,114,114,114,114],"card_choices":[{"not_picked":["Havoc","Perfected Strike"],"picked":"Headbutt","floor":1.0},{"not_picked":["infinitespire:SealOfDarkness+","infinitespire:FutureSight"],"picked":"infinitespire:Oblivion","floor":3.0},{"not_picked":["Perfected Strike","Warcry"],"picked":"Rampage","floor":4.0},{"not_picked":["ReplayTheSpireMod:Corrosion Curse","Life Link"],"picked":"Abandon","floor":7.0},{"not_picked":["Clash","True Grit"],"picked":"Sentinel","floor":11.0},{"not_picked":["Thunderclap+1","Brutality","Clash+1"],"picked":"SKIP","floor":14.0},{"not_picked":["Perfected Strike+1","Thunderclap+1"],"picked":"Uppercut+1","floor":18.0},{"not_picked":["Pommel Strike+1","Body Slam+1"],"picked":"Dark Embrace","floor":20.0},{"not_picked":["Infernal Blade","Demon Form"],"picked":"ReplayTheSpireMod:Strike From Hell+1","floor":23.0},{"not_picked":["Evolve","Run Through+1"],"picked":"Seeing Red","floor":25}],"player_experience":468258,"relics_obtained":[{"floor":2.0,"key":"infinitespire:Magic Flask"},{"floor":7.0,"key":"Bottled Tornado"},{"floor":9.0,"key":"StrikeDummy"},{"floor":11.0,"key":"Nunchaku"},{"floor":12.0,"key":"Molten Egg 2"},{"floor":14.0,"key":"Gremlin Food"},{"floor":21.0,"key":"Blood Vial"},{"floor":22.0,"key":"Pantograph"},{"floor":23.0,"key":"Simple Rune"},{"floor":25,"key":"Grinning Jar"},{"floor":26,"key":"War Paint"}],"event_choices":[{"cards_removed":["Power Through"],"damage_healed":0.0,"max_hp_gain":0.0,"max_hp_loss":0.0,"gold_gain":0.0,"event_name":"Bonfire Elementals","player_choice":"Offered Uncommon","floor":19.0,"gold_loss":0.0,"damage_taken":0.0},{"damage_healed":0.0,"max_hp_gain":0.0,"max_hp_loss":0.0,"gold_gain":0.0,"event_name":"The Library","player_choice":"Read","floor":24.0,"gold_loss":0.0,"damage_taken":0.0,"cards_obtained":["ReplayTheSpireMod:Strike From Hell"]}],"is_beta":false,"boss_relics":[{"not_picked":["infinitespire:Cupcake","Electric Blood"],"picked":"Empty Cage"}],"items_purged_floors":[],"is_endless":false,"potions_floor_spawned":[1,7,18,20,23],"killed_by":"Book of Stabbing","ascension_level":17}}