{"host":"2i0myh7fqij2ti1z","time":1610634965,"event":{"mods":["Aspiration","BaseMod","Better Third Choice","Colored Powertips","FoggyMod","GifTheSpireLib","Highlight Path","Minty Spire (QoL Compilation)","Permanent Neow","Quick Restart","Random Character Button","Random Character Mod","Relic Sorter","Replay The Spire","Shop Mod","Spicy Shops","StSLib","Stuff the Spire","Transform Curses","Wandering Minibosses","vexMod","óô»ðÖ¸ÄÏ"],"gold_per_floor":[112,124,124,124,124,150,213,239,265,265,265,293,313,313,118,215,215,235,77,77,257,268,268,268],"floor_reached":23,"language":"ENG","playtime":1118,"items_purged":["Regret"],"score":256,"play_id":"f1f3cefb-4fb8-43ff-b6e3-831f1bdb1991","local_time":"20210114223605","is_ascension_mode":true,"campfire_choices":[{"floor":10,"key":"RECALL"}],"circlet_count":0,"master_deck":["Strike_R","Strike_R","Strike_R+1","Strike_R","Strike_R","Defend_R","Defend_R+1","Defend_R","Bash","StuffTheSpire:Slingshot","Infernal Blade+1","Sentinel","Thunderclap","Intimidate","Offering","Dark Embrace","Juggernaut","Rupture"],"relics":["StuffTheSpire:OccultApparatus","aspiration:DSix","Eternal Feather","Charon\u0027s Ashes","StuffTheSpire:DarkSteelAnvil","Replay:Rubber Ducky","aspiration:HummingbirdHeart","Torii","Pet Ghost","StuffTheSpire:Kangaroo"],"acts_visited":["Exordium","TheCity"],"potions_floor_usage":[8,12,18,23],"damage_taken":[{"damage":6,"enemies":"Cultist","floor":1,"turns":3},{"damage":7,"enemies":"Jaw Worm","floor":2,"turns":3},{"damage":4,"enemies":"Replay:BlueRogue","floor":6,"turns":3},{"damage":20,"enemies":"Lagavulin","floor":8,"turns":5},{"damage":6,"enemies":"Replay:BlueRogue","floor":12,"turns":3},{"damage":0,"enemies":"Small Slimes","floor":13,"turns":2},{"damage":7,"enemies":"Hexaghost","floor":16,"turns":7},{"damage":1,"enemies":"3 Byrds","floor":18,"turns":2},{"damage":7,"enemies":"2 Thieves","floor":22,"turns":3},{"damage":32,"enemies":"Book of Stabbing","floor":23,"turns":3}],"seed_played":"-4650984036464653057","potions_obtained":[{"floor":7,"key":"DuplicationPotion"},{"floor":8,"key":"Strength Potion"},{"floor":13,"key":"Explosive Potion"}],"is_trial":false,"path_per_floor":["M","M","?","?","?","E","?","E","T","R","T","E","M","?","R","B",null,"M","$","?","?","M","E"],"character_chosen":"IRONCLAD","items_purchased":["Dark Embrace","Rupture"],"campfire_rested":0,"item_purchase_floors":[15,19],"current_hp_per_floor":[56,55,55,55,39,41,41,27,27,36,36,36,42,42,51,44,71,70,70,70,38,31,0,0],"gold":268,"neow_bonus":"ONE_RARE_RELIC","is_daily":false,"chose_seed":false,"campfire_upgraded":0,"win_rate":0.0,"timestamp":1610634965,"path_taken":["M","?","?","?","?","E","?","E","T","R","?","E","?","?","R","BOSS","M","$","?","?","?","E"],"items_purchased_type":["Card","Card"],"build_version":"2020-12-22","purchased_purges":1,"victory":false,"max_hp_per_floor":[80,80,80,80,80,80,80,80,80,80,80,80,80,80,80,80,80,80,80,80,80,80,80,80],"card_choices":[{"not_picked":["Iron Wave","Clothesline","Power Through"],"picked":"SKIP","floor":1},{"not_picked":["Armaments","Massacre"],"picked":"StuffTheSpire:Slingshot","floor":2},{"not_picked":["Demonic Infusion","True Grit"],"picked":"Sentinel","floor":6},{"not_picked":["StuffTheSpire:RockThrow","Battle Trance"],"picked":"Thunderclap","floor":7},{"not_picked":["Warcry","Inflame"],"picked":"Intimidate","floor":8},{"not_picked":["Replay:Undeath\u0027s Touch","Flex"],"picked":"Offering","floor":12},{"not_picked":["Havoc","Flex","Heavy Blade"],"picked":"SKIP","floor":13},{"not_picked":["Impervious","Limit Break"],"picked":"Juggernaut","floor":16},{"not_picked":["ReplayTheSpireMod:Strike From Hell","Armaments+1","Run Through+1"],"picked":"SKIP","floor":18},{"not_picked":["Headbutt","StuffTheSpire:Slingshot","Pommel Strike"],"picked":"SKIP","floor":22}],"player_experience":250154,"relics_obtained":[{"floor":6,"key":"Eternal Feather"},{"floor":7,"key":"Replay:Rubber Ducky"},{"floor":8,"key":"aspiration:HummingbirdHeart"},{"floor":11,"key":"Torii"},{"floor":12,"key":"Pet Ghost"}],"event_choices":[{"damage_healed":0,"gold_gain":0,"player_choice":"Box","damage_taken":0,"relics_obtained":["aspiration:DSix"],"max_hp_gain":0,"max_hp_loss":0,"event_name":"Big Fish","floor":4,"gold_loss":0,"cards_obtained":["Regret"]},{"damage_healed":55,"gold_gain":0,"player_choice":"Upgrade","damage_taken":16,"max_hp_gain":0,"max_hp_loss":80,"event_name":"betterThird:BetterShining","floor":5,"gold_loss":0,"cards_upgraded":["Strike_R","Defend_R"]},{"damage_healed":0,"gold_gain":0,"player_choice":"Ignored","damage_taken":0,"max_hp_gain":0,"max_hp_loss":0,"event_name":"Vampires","floor":20,"gold_loss":0},{"damage_healed":0,"gold_gain":180,"player_choice":"GOLD GOLD POTION POTION ","damage_taken":32,"max_hp_gain":0,"max_hp_loss":0,"event_name":"Knowing Skull","floor":21,"potions_obtained":["Venom Potion","ElixirPotion"],"gold_loss":0,"cards_obtained":[]}],"is_beta":false,"boss_relics":[{"not_picked":["Philosopher\u0027s Stone","Snecko Eye"],"picked":"StuffTheSpire:Kangaroo"}],"items_purged_floors":[15],"is_endless":false,"potions_floor_spawned":[8,13],"killed_by":"Book of Stabbing","ascension_level":5}}