{"host":"6bsan6hkua32tfq7","time":1610594165,"event":{"mods":["BaseMod","Better Third Choice","Colored Map","Highlight Path","Minty Spire (QoL Compilation)","StSLib"],"gold_per_floor":[117,117,2,2,15,15,28,55,127,127,155,169,169,184,184,260,260,275,62,62,75,75,75,103,103,103,24,59,59,89,39,39,112,112,125,125,171,181,194,213,213,245,245,265,265,294,73,73,73,73,73,73],"floor_reached":51,"language":"ENG","playtime":1771,"items_purged":["Strike_P","Strike_P","Writhe","Defend_P","ReachHeaven"],"score":1463,"play_id":"31a6e123-d7e1-4a80-bc25-00e17f6aff9b","local_time":"20210114041605","is_ascension_mode":true,"campfire_choices":[{"data":"Eruption","floor":6,"key":"SMITH"},{"data":"JustLucky","floor":13,"key":"SMITH"},{"data":"PathToVictory","floor":15,"key":"SMITH"},{"data":"Blasphemy","floor":23,"key":"SMITH"},{"floor":25,"key":"REST"},{"data":"PathToVictory","floor":29,"key":"SMITH"},{"data":"Evaluate","floor":32,"key":"SMITH"},{"floor":41,"key":"RECALL"},{"floor":45,"key":"REST"},{"data":"Discovery","floor":49,"key":"SMITH"}],"circlet_count":0,"master_deck":["AscendersBane","Strike_P+1","Defend_P+1","Defend_P+1","Eruption+1","Vigilance+1","FlurryOfBlows+1","Brilliance+1","JustLucky+1","Wallop+1","CutThroughFate","Evaluate","JustLucky","PathToVictory+1","Blasphemy+1","Evaluate+1","LessonLearned","PathToVictory+1","Prostrate","Nirvana","Devotion+1","PathToVictory","Discovery+1","Discovery+1","Nirvana","PathToVictory","ThirdEye+1","Decay","WaveOfTheHand","CrushJoints+1"],"relics":["PureWater","Damaru","Smiling Mask","White Beast Statue","Mercury Hourglass","SlaversCollar","PreservedInsect","Meat on the Bone","Akabeko","InkBottle","Pear","Whetstone","Cursed Key","Incense Burner","HornCleat","Bottled Flame","War Paint","Orrery"],"acts_visited":["Exordium","TheCity","TheBeyond"],"potions_floor_usage":[10,16,21,24,30,37,42,44,50,50],"damage_taken":[{"damage":7,"enemies":"Jaw Worm","floor":1,"turns":3},{"damage":3,"enemies":"2 Louse","floor":5,"turns":2},{"damage":0,"enemies":"Cultist","floor":7,"turns":2},{"damage":20,"enemies":"Gremlin Nob","floor":8,"turns":3},{"damage":0,"enemies":"Lagavulin Event","floor":10,"turns":1},{"damage":4,"enemies":"3 Sentries","floor":11,"turns":5},{"damage":3,"enemies":"Blue Slaver","floor":12,"turns":2},{"damage":0,"enemies":"Exordium Wildlife","floor":14,"turns":2},{"damage":17,"enemies":"Hexaghost","floor":16,"turns":6},{"damage":0,"enemies":"Chosen","floor":18,"turns":2},{"damage":13,"enemies":"Shell Parasite","floor":21,"turns":3},{"damage":36,"enemies":"Slavers","floor":24,"turns":4},{"damage":11,"enemies":"Book of Stabbing","floor":28,"turns":3},{"damage":9,"enemies":"Slavers","floor":30,"turns":3},{"damage":27,"enemies":"Collector","floor":33,"turns":6},{"damage":0,"enemies":"3 Shapes","floor":35,"turns":3},{"damage":19,"enemies":"2 Orb Walkers","floor":37,"turns":4},{"damage":0,"enemies":"Orb Walker","floor":38,"turns":2},{"damage":11,"enemies":"Transient","floor":39,"turns":6},{"damage":14,"enemies":"3 Darklings","floor":40,"turns":4},{"damage":36,"enemies":"Reptomancer","floor":42,"turns":4},{"damage":0,"enemies":"Sphere and 2 Shapes","floor":44,"turns":5},{"damage":25,"enemies":"Nemesis","floor":46,"turns":5},{"damage":39,"enemies":"Time Eater","floor":50,"turns":13},{"damage":27,"enemies":"Donu and Deca","floor":51,"turns":4}],"seed_played":"5235907107712446728","potions_obtained":[{"floor":1,"key":"SmokeBomb"},{"floor":11,"key":"Fire Potion"},{"floor":12,"key":"LiquidBronze"},{"floor":14,"key":"AttackPotion"},{"floor":16,"key":"Swift Potion"},{"floor":18,"key":"StancePotion"},{"floor":21,"key":"Swift Potion"},{"floor":24,"key":"SneckoOil"},{"floor":30,"key":"SkillPotion"},{"floor":33,"key":"DuplicationPotion"},{"floor":37,"key":"LiquidBronze"},{"floor":38,"key":"PowerPotion"},{"floor":42,"key":"Explosive Potion"},{"floor":44,"key":"FearPotion"},{"floor":46,"key":"Weak Potion"}],"is_trial":false,"path_per_floor":["M","?","$","?","M","R","M","E","T","?","E","M","R","M","R","B",null,"M","$","?","M","T","R","E","R","T","$","E","R","E","$","R","B",null,"M","?","?","M","M","M","R","E","T","M","R","E","$","?","R","B","B"],"character_chosen":"WATCHER","items_purchased":["ReachHeaven","PreservedInsect","PathToVictory","Orrery"],"campfire_rested":2,"item_purchase_floors":[3,19,27,47],"current_hp_per_floor":[54,54,54,54,51,51,51,31,31,31,27,24,24,24,24,7,53,53,53,53,40,40,40,16,36,36,36,47,47,50,50,50,35,67,67,57,50,50,51,49,49,25,25,37,60,47,47,47,47,20,0,0],"gold":73,"neow_bonus":"RANDOM_COMMON_RELIC","is_daily":false,"chose_seed":false,"campfire_upgraded":7,"win_rate":0.0,"timestamp":1610594165,"path_taken":["M","?","$","?","M","R","?","E","T","?","E","M","R","M","R","BOSS","M","$","?","M","?","R","E","R","T","?","E","R","E","?","R","BOSS","M","?","?","M","M","M","R","E","T","M","R","E","$","?","R","BOSS","BOSS"],"items_purchased_type":["Card","Relic","Card","Relic"],"build_version":"2020-12-22","purchased_purges":5,"victory":false,"max_hp_per_floor":[68,68,68,68,68,68,68,68,68,68,68,68,68,68,68,68,68,68,68,68,68,68,68,68,68,68,68,78,78,78,78,78,78,78,78,78,78,78,78,78,78,78,78,78,78,78,78,74,74,74,74,74],"card_choices":[{"not_picked":["Indignation","SashWhip"],"picked":"FlurryOfBlows","floor":1},{"not_picked":["WheelKick","CutThroughFate"],"picked":"JustLucky","floor":5},{"not_picked":["Protect","ForeignInfluence"],"picked":"Wallop","floor":7},{"not_picked":["EmptyMind","ConjureBlade"],"picked":"CutThroughFate","floor":8},{"not_picked":["Crescendo","FlyingSleeves"],"picked":"Evaluate","floor":11},{"not_picked":["BowlingBash","FlurryOfBlows"],"picked":"JustLucky","floor":12},{"not_picked":["ThirdEye","SashWhip"],"picked":"PathToVictory","floor":14},{"not_picked":["Ragnarok","ConjureBlade"],"picked":"Blasphemy","floor":16},{"not_picked":["Consecrate","FlyingSleeves+1"],"picked":"Evaluate","floor":18},{"not_picked":["BattleHymn","SandsOfTime","FollowUp"],"picked":"SKIP","floor":21},{"not_picked":["Meditate","FlyingSleeves"],"picked":"LessonLearned","floor":24},{"not_picked":["FollowUp","Protect"],"picked":"Prostrate","floor":28},{"not_picked":["FlurryOfBlows","FlyingSleeves"],"picked":"Nirvana","floor":30},{"not_picked":["DeusExMachina","Blasphemy"],"picked":"Devotion","floor":33},{"not_picked":["Halt","Study"],"picked":"PathToVictory","floor":35},{"not_picked":["Panache","Magnetism"],"picked":"Discovery","floor":36},{"not_picked":["Finesse","Forethought"],"picked":"Discovery","floor":36},{"not_picked":["CrushJoints+1","Consecrate"],"picked":"Nirvana","floor":38},{"not_picked":["SashWhip+1","Consecrate"],"picked":"PathToVictory","floor":39},{"not_picked":["FollowUp","SashWhip","CrushJoints"],"picked":"SKIP","floor":40},{"not_picked":["JustLucky+1","Judgement"],"picked":"ThirdEye+1","floor":42},{"not_picked":["WindmillStrike+1","FlurryOfBlows","Swivel+1"],"picked":"SKIP","floor":44},{"not_picked":["Prostrate","MentalFortress+1","SandsOfTime"],"picked":"SKIP","floor":46},{"not_picked":["Consecrate+1","SashWhip"],"picked":"WaveOfTheHand","floor":47},{"not_picked":["FlurryOfBlows+1","EmptyBody"],"picked":"CrushJoints+1","floor":47}],"player_experience":5271252,"relics_obtained":[{"floor":8,"key":"Smiling Mask"},{"floor":9,"key":"White Beast Statue"},{"floor":11,"key":"Mercury Hourglass"},{"floor":24,"key":"Akabeko"},{"floor":26,"key":"InkBottle"},{"floor":28,"key":"Pear"},{"floor":30,"key":"Whetstone"},{"floor":37,"key":"Incense Burner"},{"floor":42,"key":"HornCleat"},{"floor":43,"key":"Bottled Flame"},{"floor":46,"key":"War Paint"}],"event_choices":[{"cards_removed":["Defend_P"],"damage_healed":0,"gold_gain":0,"player_choice":"Forget","damage_taken":0,"max_hp_gain":0,"max_hp_loss":0,"event_name":"Living Wall","floor":2,"gold_loss":0},{"damage_healed":0,"gold_gain":0,"cards_transformed":["Strike_P"],"player_choice":"Transformed","damage_taken":0,"max_hp_gain":0,"max_hp_loss":0,"event_name":"Transmorgrifier","floor":4,"gold_loss":0,"cards_obtained":["Brilliance"]},{"damage_healed":0,"gold_gain":0,"player_choice":"Searched \u00271\u0027 times","damage_taken":0,"max_hp_gain":0,"max_hp_loss":0,"event_name":"Dead Adventurer","floor":10,"gold_loss":0},{"damage_healed":0,"gold_gain":0,"player_choice":"Opened","damage_taken":0,"relics_obtained":["Meat on the Bone"],"max_hp_gain":0,"max_hp_loss":0,"event_name":"The Mausoleum","floor":20,"gold_loss":0,"cards_obtained":["Writhe"]},{"damage_healed":0,"gold_gain":0,"player_choice":"Memory 3","damage_taken":10,"max_hp_gain":0,"max_hp_loss":0,"event_name":"SensoryStone","floor":36,"gold_loss":0},{"damage_healed":0,"gold_gain":0,"player_choice":"Fight","damage_taken":0,"max_hp_gain":0,"max_hp_loss":0,"event_name":"Mysterious Sphere","floor":37,"gold_loss":0},{"damage_healed":0,"gold_gain":0,"player_choice":"Max HP","damage_taken":0,"max_hp_gain":0,"max_hp_loss":4,"event_name":"Winding Halls","floor":48,"gold_loss":0}],"is_beta":false,"boss_relics":[{"not_picked":["SacredBark","Astrolabe"],"picked":"SlaversCollar"},{"not_picked":["Busted Crown","VioletLotus"],"picked":"Cursed Key"}],"items_purged_floors":[3,19,27,31,47],"is_endless":false,"potions_floor_spawned":[1,10,11,12,14,16,18,21,24,28,30,33,35,37,38,39,40,42,44,46],"killed_by":"Donu and Deca","ascension_level":20}}