{"host":"ibonnlq6s1c814xj","time":1610628940,"event":{"mods":["BaseMod","BetterRewards","Good Game Mod","Minty Spire (QoL Compilation)","Shop Mod","【功能Mod】聪明的最终Boss"],"gold_per_floor":[112,112,112,130,149,149,149],"floor_reached":6,"language":"ZHS","playtime":187,"items_purged":["Magnetism"],"score":38,"play_id":"403d50af-6696-4c2f-862a-485a1eb42b1d","local_time":"20210114205540","is_ascension_mode":true,"campfire_choices":[],"circlet_count":0,"master_deck":["Strike_B+1","Strike_B+1","Strike_B","Strike_B","Defend_B","Defend_B","Defend_B","Defend_B","Zap","Dualcast","Electrodynamics","Static Discharge","Ball Lightning","Regret"],"relics":["Cracked Core","REME:ComplimentaryCards","Lantern","Question Card","Pocketwatch","Turnip"],"acts_visited":["Exordium"],"potions_floor_usage":[6],"damage_taken":[{"damage":6,"enemies":"Jaw Worm","floor":1,"turns":2},{"damage":6,"enemies":"2 Louse","floor":4,"turns":2},{"damage":2,"enemies":"Small Slimes","floor":5,"turns":3},{"damage":18,"enemies":"Lagavulin","floor":6,"turns":2}],"seed_played":"7212322471895390886","potions_obtained":[{"floor":4,"key":"FearPotion"}],"is_trial":false,"path_per_floor":["M","?","?","M","M","E"],"character_chosen":"DEFECT","items_purchased":["Lantern","Question Card","Static Discharge"],"campfire_rested":0,"item_purchase_floors":[0,0,0],"current_hp_per_floor":[34,34,19,13,11,0,0],"gold":149,"neow_bonus":"","is_daily":false,"chose_seed":false,"campfire_upgraded":0,"win_rate":0.0,"timestamp":1610628940,"path_taken":["M","?","?","M","M","E"],"items_purchased_type":["Relic","Relic","Card"],"build_version":"2020-12-22","purchased_purges":1,"victory":false,"max_hp_per_floor":[75,75,75,75,75,75,75],"card_choices":[{"not_picked":["Melter","FTL","Reprogram"],"picked":"Ball Lightning","floor":1},{"not_picked":["Tempest","Ball Lightning","Gash","Coolheaded"],"picked":"SKIP","floor":4},{"not_picked":["Gash","Compile Driver","Amplify","Turbo"],"picked":"SKIP","floor":5}],"player_experience":209603,"relics_obtained":[],"event_choices":[{"damage_healed":0,"gold_gain":0,"player_choice":"Box","damage_taken":0,"relics_obtained":["Turnip"],"max_hp_gain":0,"max_hp_loss":0,"event_name":"Big Fish","floor":2,"gold_loss":0,"cards_obtained":["Regret"]},{"damage_healed":0,"gold_gain":0,"player_choice":"Entered Light","damage_taken":15,"max_hp_gain":0,"max_hp_loss":0,"event_name":"Shining Light","floor":3,"gold_loss":0,"cards_upgraded":["Strike_B","Strike_B"]}],"is_beta":false,"boss_relics":[],"items_purged_floors":[0],"is_endless":false,"potions_floor_spawned":[4],"killed_by":"Lagavulin","ascension_level":1}}