{"host":"bzg9y3flbaqjj1j7","time":1610584376,"event":{"mods":["AchievementEnabler","Act Like it!","Aspiration","BaseMod","Challenge The Spire","Dark Map","Gensokyo","Hallownest","Hubris","Infinite Spire","Lobotomy","LobotomyExtend","Marisa????????","Marked Mod","Minty Spire (QoL Compilation)","Permanent Neow","Poor People Problems","Prisma Mod","Quick Restart","Rare Cards Sparkle","Reimu??????","Remilia??????","Replay The Spire","Shop Mod","Spicy Shops","StSLib","The Animator","The Blue Laboratory","The Bug Knight","Waifu the Spire","vexMod"],"gold_per_floor":[275,275,295,9,27,54,54,54,81,81,81,81,98,32,32,131,131,144,10,77,77,122,151,151,3,3,3,3,36,52,115,115,212,212,232,232,232,277,372,401,401,401,401,434,493,567,623,531,531,350],"floor_reached":51,"language":"ENG","playtime":4444,"items_purged":["Regret","infinitespire:Pacifist"],"score":949,"play_id":"9f236282-b768-4933-bc35-0895b1e5c1ce","local_time":"20210113210256","is_ascension_mode":false,"campfire_choices":[{"floor":42,"key":"RECALL"}],"circlet_count":0,"master_deck":["SpecialBullet","SpecialBullet","SpecialBullet","SpecialBullet","SpecialBullet","SpecialBullet","SpecialBullet","ControlCode","SecurityCode","UniverseFragment","PunishingBird","Recycle","CrumblingArmor","Regret_ego","hubris:Fate","MHz","SolemnVow+1","CentralCode","SpiderBud","TheSmile","BloodyDesire+1","WallGazer","LifeForTheDareDevil","Hypocrisy+1","DreamingCurrent","ExtractionCode","SilentOrchestra","Heaven+1","GreenStem","Finesse","RecordCode","CUTE","FourthMatchFlame+1","DisciplinaryCode","Mercenary","CherryBlossom","Mimicry","CENSORED_ego","Rudolta","Lantern+1","SolemnVow+1","Prepared","Dodge and Roll","Crippling Poison","CUTE+1","OSAHOGD","ScreamingWedge","LaLuna","TT2Protocol","Pinks","LongBird","Justitia+1","Freischutz","CUTE+1","Spore","QueenOfHatred","Penitence+1","SummonCall","RedShoes","Noise"],"relics":["CogitoBucket","aspiration:Nostalgia","m_SpellCore","LetterFromLob","MerchantsRug","aspiration:ArtOfWarUpgrade","aspiration:Lifesprig","Molten Egg 2","vexMod:NewClearReactor","BackwardClock","Thread and Needle","ReplayTheSpireMod:Shallot","Ring of Misfortune","ReplayTheSpireMod:Ring of Challenge","BargainBundle","MealTicket","Dream Catcher","Eternal Feather","HellTrain","SlaversCollar","aspiration:SneckoTail","Ancient Tea Set","vexMod:BarristanHead","Bronze Scales","vexMod:MemoryStick","SkinProphecy","hubris:FunFungus","Incense Burner"],"acts_visited":["Exordium","TheCity","TheBeyond"],"potions_floor_usage":[3,16,18,29,29,30,33,35,44,44,44,47,48],"damage_taken":[{"damage":10,"enemies":"Small Slimes","floor":1,"turns":3},{"damage":1,"enemies":"Cultist","floor":3,"turns":3},{"damage":13,"enemies":"Jaw Worm","floor":5,"turns":2},{"damage":20,"enemies":"HollowMod:MossKnight","floor":6,"turns":12},{"damage":18,"enemies":"Large Slime","floor":13,"turns":3},{"damage":10,"enemies":"Fading Forest","floor":16,"turns":4},{"damage":50,"enemies":"Chosen","floor":18,"turns":7},{"damage":0,"enemies":"3 Byrds","floor":22,"turns":1},{"damage":0,"enemies":"Gremlin Leader","floor":23,"turns":2},{"damage":2,"enemies":"HollowMod:Nosk","floor":29,"turns":2},{"damage":9,"enemies":"Snake Plant","floor":30,"turns":3},{"damage":0,"enemies":"Shelled Parasite and Fungi","floor":31,"turns":1},{"damage":0,"enemies":"Automaton","floor":33,"turns":2},{"damage":3,"enemies":"3 Darklings","floor":35,"turns":4},{"damage":33,"enemies":"Orb Walker","floor":38,"turns":3},{"damage":0,"enemies":"Mind Bloom Boss Battle","floor":39,"turns":1},{"damage":4,"enemies":"Giant Head","floor":40,"turns":4},{"damage":35,"enemies":"Nemesis","floor":44,"turns":3},{"damage":0,"enemies":"Maw","floor":45,"turns":1},{"damage":2,"enemies":"Giant Head","floor":46,"turns":2},{"damage":0,"enemies":"Spire Growth","floor":47,"turns":1},{"damage":26,"enemies":"Nightmare","floor":48,"turns":3},{"damage":81,"enemies":"FixerMidnight","floor":50,"turns":3},{"damage":23,"enemies":"Malkuth","floor":51,"turns":3},{"damage":36,"enemies":"Hod","floor":51,"turns":3}],"seed_played":"-2576446889744451524","potions_obtained":[{"floor":1,"key":"blueLaboratory:BubblePotion"},{"floor":13,"key":"blueLaboratory:HummingbirdPotion"},{"floor":16,"key":"LiquidBronze"},{"floor":20,"key":"Elixir"},{"floor":29,"key":"blueLaboratory:BottleOfVodka"},{"floor":30,"key":"Weak Potion"},{"floor":38,"key":"EntropicBrew"},{"floor":44,"key":"DistilledChaos"},{"floor":47,"key":"blueLaboratory:Moonshine"}],"is_trial":false,"path_per_floor":["M","?","M","$","M","E","R","?","T","R","?","?","M","$","R","B",null,"M","$","?","?","M","E","?","$","T","R","?","E","M","M","R","B",null,"M","?","?","M","?","E","T","R","T","E","M","E","M","NM","R","B",null],"character_chosen":"Angela","items_purchased":["MerchantsRug","Whetstone","Art of War","Thread and Needle","LifeForTheDareDevil","BargainBundle","Adrenaline Potion","Ancient Potion","Finesse"],"campfire_rested":0,"item_purchase_floors":[4,4,4,19,19,25,25,25,25],"current_hp_per_floor":[68,68,70,70,65,62,62,46,46,46,46,46,39,39,39,40,70,33,33,33,33,33,45,45,45,45,45,45,55,66,70,70,74,74,77,77,77,59,69,86,86,86,86,61,65,67,73,97,108,41],"gold":350,"neow_bonus":"NOSTALGIA","is_daily":false,"chose_seed":false,"campfire_upgraded":0,"win_rate":0.0,"timestamp":1610584376,"path_taken":["M","?","?","$","M","E","R","?","T","R","?","?","M","$","R","BOSS","M","$","?","?","M","E","?","$","T","R","?","E","M","M","R","BOSS","M","?","?","M","?","E","?","R","T","E","M","E","M","NM","R","BOSS"],"items_purchased_type":["Relic","Relic","Relic","Relic","Card","Relic","Potion","Potion","Card"],"build_version":"2020-12-22","purchased_purges":2,"victory":true,"max_hp_per_floor":[70,70,70,70,70,70,70,70,70,70,70,70,70,70,70,70,70,70,70,70,70,70,70,70,70,70,70,70,70,70,70,70,74,74,78,78,78,78,82,86,86,86,86,90,94,96,102,108,108,110],"card_choices":[{"not_picked":["SingingMachine","BeautyBeast"],"picked":"UniverseFragment","floor":1},{"not_picked":["Logging","Beam Cell"],"picked":"SKIP","floor":1},{"not_picked":["Logging","Beam Cell"],"picked":"SKIP","floor":1},{"not_picked":["CrumblingArmor","DespairKnight"],"picked":"PunishingBird","floor":3},{"not_picked":["Diffraction","Gaze"],"picked":"SKIP","floor":3},{"not_picked":["LongBird","BeautyBeast"],"picked":"Wellcheers","floor":5},{"not_picked":["Streamline"],"picked":"Recycle","floor":5},{"not_picked":["CherryBlossoms","BigBadWolf"],"picked":"CrumblingArmor","floor":6},{"not_picked":["Wingbeat"],"picked":"Regret_ego","floor":6},{"not_picked":["infinitespire:Collect","infinitespire:Gouge"],"picked":"hubris:Fate","floor":8},{"not_picked":["Funeral","BeautyBeast"],"picked":"MHz","floor":13},{"not_picked":["Soda"],"picked":"SolemnVow+1","floor":13},{"not_picked":["HappyTeddy","Murderer"],"picked":"SpiderBud","floor":16},{"not_picked":["Multi-Cast"],"picked":"TheSmile","floor":16},{"not_picked":["Regret_ego"],"picked":"BloodyDesire+1","floor":18},{"not_picked":["BeautyBeast","Rudolta"],"picked":"WallGazer","floor":18},{"not_picked":["CUTE+1"],"picked":"Hypocrisy+1","floor":20},{"not_picked":["ShyLook","Rudolta"],"picked":"DreamingCurrent","floor":22},{"not_picked":["CUTE","Horn+1"],"picked":"SKIP","floor":22},{"not_picked":["OldLady","SnowQueen"],"picked":"SilentOrchestra","floor":23},{"not_picked":["Wingbeat+1"],"picked":"Heaven+1","floor":23},{"not_picked":["Tough+1"],"picked":"CUTE","floor":29},{"not_picked":["RapturousDream"],"picked":"FourthMatchFlame+1","floor":30},{"not_picked":["OldLady","RedShoes"],"picked":"Mercenary","floor":31},{"not_picked":["WristCuter+1"],"picked":"CherryBlossom","floor":31},{"not_picked":["Alriune","BigBadWolf"],"picked":"Laetitia","floor":33},{"not_picked":["Adoration"],"picked":"Mimicry","floor":33},{"not_picked":["Mimicry"],"picked":"CENSORED_ego","floor":33},{"not_picked":["LongBird","HappyTeddy"],"picked":"Rudolta","floor":35},{"not_picked":["Loneliness+1"],"picked":"Lantern+1","floor":35},{"not_picked":["FourthMatchFlame+1","Tough+1"],"picked":"CUTE+1","floor":38},{"not_picked":["Laetitia","FairyFestival"],"picked":"OSAHOGD","floor":39},{"not_picked":["Spore","Loneliness"],"picked":"ScreamingWedge","floor":39},{"not_picked":["SingingMachine","BeautyBeast"],"picked":"LaLuna","floor":40},{"not_picked":["GrinderMk4+1","Beak+1"],"picked":"Pinks","floor":40},{"not_picked":["Scarecrow","BigBird"],"picked":"LongBird","floor":44},{"not_picked":["CUTE+1","Tough+1"],"picked":"Justitia+1","floor":44},{"not_picked":["Variant","LittleHelper"],"picked":"Freischutz","floor":45},{"not_picked":["RedEyes","MagicBullet+1"],"picked":"CUTE+1","floor":45},{"not_picked":["Soda","Lantern+1"],"picked":"Spore","floor":46},{"not_picked":["Funeral","FieryBird"],"picked":"QueenOfHatred","floor":47},{"not_picked":["TodaysExpression","Noise"],"picked":"Penitence+1","floor":47},{"not_picked":["BlackSwan","QueenBee"],"picked":"RedShoes","floor":48},{"not_picked":["ScreamingWedge","Christmas+1"],"picked":"Noise","floor":48}],"player_experience":186700,"relics_obtained":[{"floor":1,"key":"LetterFromLob"},{"floor":6,"key":"aspiration:Lifesprig"},{"floor":9,"key":"Omamori"},{"floor":20,"key":"ReplayTheSpireMod:Shallot"},{"floor":21,"key":"Ring of Misfortune"},{"floor":21,"key":"ReplayTheSpireMod:Ring of Challenge"},{"floor":23,"key":"Letter Opener"},{"floor":26,"key":"MealTicket"},{"floor":29,"key":"Eternal Feather"},{"floor":39,"key":"aspiration:SneckoTail"},{"floor":40,"key":"Ancient Tea Set"},{"floor":43,"key":"vexMod:BarristanHead"},{"floor":44,"key":"Bronze Scales"},{"floor":45,"key":"vexMod:MemoryStick"},{"floor":46,"key":"hubris:FunFungus"},{"floor":48,"key":"Incense Burner"}],"event_choices":[{"cards_removed":["SpecialBullet"],"damage_healed":0,"gold_gain":0,"player_choice":"Purged","damage_taken":0,"max_hp_gain":0,"max_hp_loss":0,"event_name":"Purifier","floor":2,"gold_loss":0},{"damage_healed":0,"gold_gain":0,"player_choice":"Read","damage_taken":0,"max_hp_gain":0,"max_hp_loss":0,"event_name":"The Library","floor":24,"gold_loss":0,"cards_obtained":["GreenStem"]},{"damage_healed":0,"gold_gain":0,"player_choice":"Fight","damage_taken":0,"max_hp_gain":0,"max_hp_loss":0,"event_name":"MindBloom","floor":39,"gold_loss":0}],"is_beta":false,"boss_relics":[{"not_picked":["ReplayTheSpireMod:SealedPack","Snecko Eye"],"picked":"vexMod:NewClearReactor"},{"not_picked":["Replay:Wanted Poster","hubris:GrandSneckoEye"],"picked":"SlaversCollar"}],"items_purged_floors":[14,25],"is_endless":true,"potions_floor_spawned":[1,13,16,29,30,31,38,44,47],"ascension_level":0}}