{"host":"y76clbnovzmw9ubx","time":1610667530,"event":{"mods":["AchievementEnabler","BaseMod","Minty Spire (QoL Compilation)","Permanent Neow","Relic Stats"],"gold_per_floor":[109,124,144,155,172,204,204,237,237,13,24,24,42,72,72,72,72],"floor_reached":16,"language":"ENG","playtime":889,"items_purged":[],"score":248,"play_id":"5d017a7f-7788-491e-b009-a2007415949a","local_time":"20210114183850","is_ascension_mode":true,"campfire_choices":[{"floor":7.0,"key":"REST"},{"floor":12.0,"key":"REST"},{"data":"1","floor":15,"key":"LIFT"}],"circlet_count":0,"master_deck":["AscendersBane","Strike_R","Strike_R","Strike_R","Strike_R","Strike_R","Defend_R","Defend_R","Defend_R","Defend_R","Bash","Burning Pact","Limit Break","Twin Strike","Cleave","Demon Form","Offering","Armaments","Shrug It Off"],"relics":["Fusion Hammer","Calipers","Sundial","Girya","Lantern","Singing Bowl"],"acts_visited":["Exordium"],"potions_floor_usage":[],"damage_taken":[{"damage":6.0,"enemies":"Small Slimes","floor":1.0,"turns":4.0},{"damage":7.0,"enemies":"Jaw Worm","floor":2.0,"turns":3.0},{"damage":1.0,"enemies":"Cultist","floor":3.0,"turns":4.0},{"damage":4.0,"enemies":"3 Louse","floor":4.0,"turns":4.0},{"damage":5.0,"enemies":"2 Fungi Beasts","floor":5.0,"turns":3.0},{"damage":32.0,"enemies":"Gremlin Nob","floor":6.0,"turns":4.0},{"damage":40.0,"enemies":"Lagavulin","floor":8.0,"turns":6.0},{"damage":14.0,"enemies":"Exordium Wildlife","floor":11.0,"turns":3.0},{"damage":6.0,"enemies":"Large Slime","floor":13.0,"turns":6.0},{"damage":25.0,"enemies":"3 Sentries","floor":14.0,"turns":5.0},{"damage":33,"enemies":"Hexaghost","floor":16,"turns":8}],"seed_played":"1645466976619657275","potions_obtained":[{"floor":2.0,"key":"BlessingOfTheForge"},{"floor":5.0,"key":"FairyPotion"},{"floor":11.0,"key":"Regen Potion"},{"floor":13.0,"key":"Regen Potion"}],"is_trial":false,"path_per_floor":["M","M","M","M","M","E","R","E","T","$","M","R","M","E","R","B"],"character_chosen":"IRONCLAD","items_purchased":["Lantern","Block Potion"],"campfire_rested":2,"item_purchase_floors":[10,10],"current_hp_per_floor":[62,55,54,50,45,13,35,22,22,22,8,30,38,29,29,0,0],"gold":72,"neow_bonus":"BOSS_RELIC","is_daily":false,"chose_seed":false,"campfire_upgraded":0,"win_rate":0.0,"timestamp":1610667530,"path_taken":["M","M","M","M","M","E","R","E","T","$","M","R","M","E","R","BOSS"],"items_purchased_type":["Relic","Potion"],"build_version":"2020-12-22","purchased_purges":0,"victory":false,"max_hp_per_floor":[75,75,75,75,75,75,75,75,75,75,75,75,75,77,77,77,77],"relic_stats":{"Singing Bowl":2,"counters":[11,50],"Sundial":[2],"obtain_stats":[{"Girya":9,"Lantern":10,"Calipers":6,"Singing Bowl":14,"Sundial":8,"Fusion Hammer":0,"Burning Blood":0},{"Girya":7,"Lantern":7,"Calipers":6,"Singing Bowl":10,"Sundial":7,"Fusion Hammer":0,"Burning Blood":0},{"Girya":28,"Lantern":28,"Calipers":22,"Singing Bowl":42,"Sundial":28,"Fusion Hammer":0,"Burning Blood":0}]},"card_choices":[{"not_picked":["Clash","Thunderclap"],"picked":"Burning Pact","floor":1.0},{"not_picked":["Iron Wave","Warcry"],"picked":"Limit Break","floor":2.0},{"not_picked":["Body Slam","Warcry","Clash"],"picked":"SKIP","floor":3.0},{"not_picked":["Clash","True Grit"],"picked":"Twin Strike","floor":4.0},{"not_picked":["Blood for Blood","Reckless Charge"],"picked":"Cleave","floor":5.0},{"not_picked":["Hemokinesis","Havoc"],"picked":"Demon Form","floor":6.0},{"not_picked":["Heavy Blade","Havoc"],"picked":"Offering","floor":8.0},{"not_picked":["Evolve","Seeing Red"],"picked":"Armaments","floor":11.0},{"not_picked":["Havoc","Headbutt"],"picked":"Shrug It Off","floor":13.0},{"not_picked":["Demon Form","Perfected Strike","Havoc"],"picked":"Singing Bowl","floor":14.0}],"player_experience":3054612,"relics_obtained":[{"floor":6.0,"key":"Calipers"},{"floor":8.0,"key":"Sundial"},{"floor":9.0,"key":"Girya"},{"floor":14.0,"key":"Singing Bowl"}],"event_choices":[],"is_beta":false,"boss_relics":[],"items_purged_floors":[],"is_endless":false,"potions_floor_spawned":[2,5,11,13],"killed_by":"Hexaghost","ascension_level":20}}