{"host":"vlqejv0notyktumz","time":1610644850,"event":{"mods":["AchievementEnabler","BaseMod","Googly Eyes","Minty Spire (QoL Compilation)"],"gold_per_floor":[111,126,126,139,160,160,179,179,203,54,54,54,54,79,79,207,207,225,125,138,138,153,153,172,196,219,219,219],"floor_reached":27,"language":"ENG","playtime":825,"items_purged":["Strike_G","Strike_G"],"score":300,"play_id":"2cddcb4c-e077-43cf-83f2-4baa86bb7f23","local_time":"20210114112050","is_ascension_mode":true,"campfire_choices":[{"floor":6,"key":"REST"},{"data":"Survivor","floor":8,"key":"SMITH"},{"data":"Noxious Fumes","floor":13,"key":"SMITH"},{"data":"Noxious Fumes","floor":15,"key":"SMITH"},{"floor":23,"key":"REST"}],"circlet_count":0,"master_deck":["Strike_G","Strike_G","Strike_G","Defend_G","Defend_G","Defend_G","Defend_G","Defend_G","Survivor+1","Neutralize","Backflip","Deadly Poison","Noxious Fumes+1","Poisoned Stab","Noxious Fumes+1","Noxious Fumes","Parasite","Deflect","Malaise","CurseOfTheBell","Bane","Catalyst"],"relics":["Ring of the Snake","Bag of Preparation","Golden Idol","Ancient Tea Set","Calling Bell","Toy Ornithopter","Ninja Scroll","Gambling Chip","Art of War"],"acts_visited":["Exordium","TheCity"],"potions_floor_usage":[5,22,22],"damage_taken":[{"damage":0,"enemies":"Jaw Worm","floor":1,"turns":7},{"damage":0,"enemies":"2 Louse","floor":2,"turns":4},{"damage":0,"enemies":"Small Slimes","floor":4,"turns":5},{"damage":51,"enemies":"Gremlin Gang","floor":5,"turns":6},{"damage":3,"enemies":"Blue Slaver","floor":7,"turns":6},{"damage":11,"enemies":"Lots of Slimes","floor":14,"turns":3},{"damage":11,"enemies":"Hexaghost","floor":16,"turns":8},{"damage":5,"enemies":"3 Byrds","floor":18,"turns":5},{"damage":10,"enemies":"Chosen","floor":20,"turns":6},{"damage":17,"enemies":"Shelled Parasite and Fungi","floor":22,"turns":5},{"damage":17,"enemies":"Sentry and Sphere","floor":24,"turns":5},{"damage":27,"enemies":"Snake Plant","floor":25,"turns":5},{"damage":10,"enemies":"Chosen and Byrds","floor":27,"turns":4}],"seed_played":"-2284429471439529683","potions_obtained":[{"floor":1,"key":"FearPotion"},{"floor":2,"key":"Regen Potion"},{"floor":7,"key":"SteroidPotion"},{"floor":18,"key":"Block Potion"},{"floor":25,"key":"Energy Potion"}],"is_trial":false,"path_per_floor":["M","M","?","M","M","R","M","R","T","$","?","$","R","M","R","B",null,"M","$","M","?","M","R","M","M","T","M"],"character_chosen":"THE_SILENT","items_purchased":["Noxious Fumes"],"campfire_rested":2,"item_purchase_floors":[10],"current_hp_per_floor":[63,63,63,63,26,45,42,42,42,42,58,58,58,47,47,36,58,53,53,43,37,30,49,32,5,5,0,0],"gold":219,"neow_bonus":"RANDOM_COMMON_RELIC","is_daily":false,"chose_seed":false,"campfire_upgraded":3,"win_rate":0.0,"timestamp":1610644850,"path_taken":["M","M","?","M","M","R","M","R","T","$","?","$","R","M","R","BOSS","M","$","M","?","M","R","M","M","T","M"],"items_purchased_type":["Card"],"build_version":"2020-12-22","purchased_purges":2,"victory":false,"max_hp_per_floor":[70,70,65,65,65,65,65,65,65,65,65,65,65,65,65,65,65,65,65,65,65,65,65,65,65,65,65,65],"card_choices":[{"not_picked":["Masterful Stab","Outmaneuver"],"picked":"Backflip","floor":1},{"not_picked":["Skewer","Poisoned Stab"],"picked":"Deadly Poison","floor":2},{"not_picked":["Underhanded Strike","Deadly Poison"],"picked":"Noxious Fumes","floor":4},{"not_picked":["Bouncing Flask","Caltrops"],"picked":"Poisoned Stab","floor":5},{"not_picked":["Blade Dance","Dodge and Roll"],"picked":"Noxious Fumes","floor":7},{"not_picked":["Caltrops","Quick Slash"],"picked":"Deflect","floor":14},{"not_picked":["Grand Finale","Venomology"],"picked":"Malaise","floor":16},{"not_picked":["Masterful Stab","Flechettes","Cloak And Dagger"],"picked":"SKIP","floor":18},{"not_picked":["Deadly Poison","Accuracy"],"picked":"Bane","floor":20},{"not_picked":["Acrobatics","Deadly Poison"],"picked":"Catalyst","floor":22},{"not_picked":["Poisoned Stab","Choke+1","Dodge and Roll"],"picked":"SKIP","floor":24},{"not_picked":["Deflect","Accuracy+1","Dagger Throw"],"picked":"SKIP","floor":25}],"player_experience":342357,"relics_obtained":[{"floor":9,"key":"Ancient Tea Set"},{"floor":17,"key":"Toy Ornithopter"},{"floor":17,"key":"Ninja Scroll"},{"floor":17,"key":"Gambling Chip"},{"floor":26,"key":"Art of War"}],"event_choices":[{"damage_healed":0,"gold_gain":0,"player_choice":"Lose Max HP","damage_taken":0,"relics_obtained":["Golden Idol"],"max_hp_gain":0,"max_hp_loss":5,"event_name":"Golden Idol","floor":3,"gold_loss":0},{"damage_healed":16,"gold_gain":0,"player_choice":"Healed and dodged fight","damage_taken":0,"max_hp_gain":0,"max_hp_loss":0,"event_name":"Mushrooms","floor":11,"gold_loss":0,"cards_obtained":["Parasite"]},{"damage_healed":0,"gold_gain":0,"player_choice":"","damage_taken":6,"max_hp_gain":0,"max_hp_loss":0,"event_name":"Knowing Skull","floor":21,"potions_obtained":[],"gold_loss":0,"cards_obtained":[]}],"is_beta":false,"boss_relics":[{"not_picked":["Philosopher\u0027s Stone","Pandora\u0027s Box"],"picked":"Calling Bell"}],"items_purged_floors":[10,19],"is_endless":false,"potions_floor_spawned":[1,2,7,18,20,25],"killed_by":"Chosen and Byrds","ascension_level":9}}