{"host":"wls4juz2eplm44ig","time":1610584240,"event":{"mods":["AchievementEnabler","Act Like it!","AlwaysNeverKeys","Aspiration","BaseMod","Better Match","BetterRewards","Colored Map","Dark Map","Downfall","Elementarium","Evolution","GifTheSpireLib","Hubris","Infinite Spire","Marked Mod","Menagerie","Mimic Mod","Minty Spire (QoL Compilation)","Replay The Spire","Retaliation","Shade Mod","Shop Mod","Spikes Relics","StSLib","Stuff the Spire","Uncapped","vexMod","??????REMEMod"],"gold_per_floor":[109,121,27,27,45,45,120,120,167,167,137,164,22,38,38,38,38],"floor_reached":16,"language":"ENG","playtime":769,"items_purged":["Replay:UnknownCurse"],"score":142,"play_id":"ffe86bce-e176-4691-821a-17dd279bb922","local_time":"20210113173040","is_ascension_mode":true,"campfire_choices":[{"data":"A Thousand Cuts","floor":6,"key":"SMITH"},{"floor":8,"key":"REST"},{"data":"Enlightenment","floor":10,"key":"SMITH"},{"data":"StuffTheSpire:Incantation","floor":15,"key":"SMITH"}],"circlet_count":0,"master_deck":["Quick Slash","Strike_G","Strike_G","Strike_G","Strike_G","Defend_G","Defend_G","Defend_G","Survivor","Neutralize","StuffTheSpire:Incantation+1","A Thousand Cuts+1","REME_Shoggoth","Slice","hubris:SlightOfHand","Enlightenment+1","Injury","REME_GreenPollution+1","Dagger Throw","StuffTheSpire:BrimstoneBlast","Noxious Fumes+1"],"relics":["Ring of the Snake","EVO:Axolotl","REME_ComplimentaryCards","Frozen Egg 2","aspiration:HiddenCompartment","InkBottle","ReplayTheSpireMod:CursedCoin","SpikesRelics:DaevaFist"],"acts_visited":["Exordium"],"potions_floor_usage":[12,16,16,16],"damage_taken":[{"damage":0,"enemies":"Small Slimes","floor":1,"turns":3},{"damage":0,"enemies":"Cultist","floor":2,"turns":2},{"damage":7,"enemies":"Jaw Worm","floor":5,"turns":4},{"damage":17,"enemies":"3 Sentries","floor":12,"turns":3},{"damage":7,"enemies":"Exordium Thugs","floor":14,"turns":3},{"damage":30,"enemies":"Slime Boss","floor":16,"turns":4}],"seed_played":"2258436007205074870","potions_obtained":[{"floor":5,"key":"Toxic Potion"},{"floor":11,"key":"Languid Potion"},{"floor":11,"key":"Guardian:BlockOnCardUsePotion"},{"floor":12,"key":"hexamod:EctoCoolerPotion"},{"floor":14,"key":"Toxic Potion"}],"is_trial":false,"path_per_floor":["M","M","$","?","M","R","?","R","T","R","?","E","$","M","R_BF","B"],"character_chosen":"THE_SILENT","items_purchased":["Enlightenment","StuffTheSpire:BrimstoneBlast","ReplayTheSpireMod:CursedCoin","SpikesRelics:DaevaFist"],"campfire_rested":1,"item_purchase_floors":[3,13,13,13],"current_hp_per_floor":[45,45,45,45,38,38,27,48,48,48,48,31,31,24,24,0,0],"gold":38,"neow_bonus":"TRANSFORM_TWO_CARDS","is_daily":false,"chose_seed":false,"campfire_upgraded":3,"win_rate":0.0,"timestamp":1610584240,"path_taken":["M","M","$","?","M","R","?","R","T","R","?","E","$","?","R_BF","BOSS"],"items_purchased_type":["Card","Card","Relic","Relic"],"build_version":"2020-12-22","purchased_purges":1,"victory":false,"max_hp_per_floor":[70,70,70,70,70,70,70,70,70,70,70,70,70,70,70,70,70],"card_choices":[{"not_picked":["Flying Knee","Eviscerate"],"picked":"Slice","floor":1},{"not_picked":["Replay:Poison Smokescreen","Bane"],"picked":"hubris:SlightOfHand","floor":2},{"not_picked":["Masterful Stab","Infinite Blades+1"],"picked":"REME_GreenPollution+1","floor":5},{"not_picked":["Terror","Replay:Bag of Tricks"],"picked":"Dagger Throw","floor":12},{"not_picked":["Setup","Prepared"],"picked":"Noxious Fumes+1","floor":14}],"player_experience":650072,"relics_obtained":[{"floor":9,"key":"aspiration:HiddenCompartment"},{"floor":12,"key":"InkBottle"}],"event_choices":[{"damage_healed":0,"gold_gain":75,"player_choice":"Gather Gold","damage_taken":11,"max_hp_gain":0,"max_hp_loss":0,"event_name":"World of Goop","floor":7,"gold_loss":0},{"damage_healed":0,"gold_gain":0,"player_choice":"Bought 2 Potions","damage_taken":0,"max_hp_gain":0,"max_hp_loss":0,"event_name":"The Woman in Blue","floor":11,"gold_loss":0}],"is_beta":false,"boss_relics":[],"items_purged_floors":[13],"is_endless":false,"potions_floor_spawned":[5,12,14],"killed_by":"Slime Boss","ascension_level":9}}