{"host":"hc0b6jw6qdhg5ry9","time":1610607195,"event":{"mods":["BaseMod","Colored Map","Friendly Minions","Hermit","Marisa£¨Ùöéë¡¡Øª×âÞÞ£©","Minty Spire (QoL Compilation)","StSLib","SuperFastMode","The Bug Knight"],"gold_per_floor":[112,136,136,147,147,147,147,147,147,172,188,222,397,58,58,161,161,142,160,180,180,180,180],"floor_reached":22,"language":"KOR","playtime":727,"items_purged":[],"score":217,"play_id":"000856d3-984a-4e29-a3dd-a30195688c1e","local_time":"20210114155315","is_ascension_mode":false,"campfire_choices":[{"data":"Catalyst","floor":6,"key":"SMITH"},{"data":"Footwork","floor":8,"key":"SMITH"},{"floor":15,"key":"REST"}],"circlet_count":0,"master_deck":["Strike_G","Strike_G","Strike_G","Strike_G","Strike_G","Defend_G","Defend_G","Defend_G","Defend_G","Defend_G","Survivor","Neutralize","Catalyst+1","Footwork+1","Doppelganger","PiercingWail","Footwork+1","Doubt","Deadly Poison","Envenom+1","Dagger Spray","Deflect","Prepared+1"],"relics":["Ring of the Snake","NeowsBlessing","Ancient Tea Set","Juzu Bracelet","Pen Nib","Frozen Egg 2","Shovel","Incense Burner","Busted Crown","Nilry\u0027s Codex"],"acts_visited":["Exordium","TheCity"],"potions_floor_usage":[12,16],"damage_taken":[{"damage":0,"enemies":"Cultist","floor":1,"turns":1},{"damage":0,"enemies":"Small Slimes","floor":4,"turns":1},{"damage":0,"enemies":"Lagavulin","floor":10,"turns":1},{"damage":3,"enemies":"Jaw Worm","floor":11,"turns":5},{"damage":60,"enemies":"3 Sentries","floor":12,"turns":18},{"damage":20,"enemies":"The Guardian","floor":16,"turns":11},{"damage":4,"enemies":"2 Thieves","floor":18,"turns":4},{"damage":24,"enemies":"Spheric Guardian","floor":19,"turns":8},{"damage":25,"enemies":"Shelled Parasite and Fungi","floor":20,"turns":8},{"damage":0,"enemies":"Centurion and Healer","floor":22,"turns":1}],"seed_played":"7553146061019034168","potions_obtained":[{"floor":1,"key":"FearPotion"},{"floor":11,"key":"Regen Potion"},{"floor":12,"key":"SkillPotion"},{"floor":19,"key":"CunningPotion"}],"is_trial":false,"path_per_floor":["M","T","?","M","?","R","?","R","T","E","M","E","?","$","R","B",null,"M","M","M","?","M"],"character_chosen":"THE_SILENT","items_purchased":["Incense Burner","Deadly Poison"],"campfire_rested":1,"item_purchase_floors":[14,14],"current_hp_per_floor":[70,70,70,70,63,63,63,63,63,63,60,15,15,15,36,16,70,66,42,17,1,1,1],"gold":180,"neow_bonus":"THREE_ENEMY_KILL","is_daily":false,"chose_seed":false,"campfire_upgraded":2,"win_rate":0.0,"timestamp":1610607195,"path_taken":["M","?","?","M","?","R","?","R","T","E","M","E","?","$","R","BOSS","M","M","M","?","M"],"items_purchased_type":["Relic","Card"],"build_version":"2020-12-22","purchased_purges":0,"victory":false,"max_hp_per_floor":[70,70,70,70,70,70,70,70,70,70,70,70,70,70,70,70,70,70,70,70,70,70,70],"card_choices":[{"not_picked":["Backstab","Outmaneuver"],"picked":"Catalyst","floor":1},{"not_picked":["Prepared","Masterful Stab"],"picked":"Footwork","floor":4},{"not_picked":["Prepared","Cloak And Dagger"],"picked":"Doppelganger","floor":10},{"not_picked":["Riddle With Holes","Sucker Punch"],"picked":"PiercingWail","floor":11},{"not_picked":["Flying Knee","Night Terror"],"picked":"Footwork+1","floor":12},{"not_picked":["Bullet Time","Venomology"],"picked":"Envenom+1","floor":16},{"not_picked":[],"picked":"Dagger Spray","floor":18},{"not_picked":[],"picked":"Deflect","floor":19},{"not_picked":[],"picked":"Prepared+1","floor":20}],"player_experience":177834,"relics_obtained":[{"floor":2,"key":"Ancient Tea Set"},{"floor":9,"key":"Pen Nib"},{"floor":10,"key":"Frozen Egg 2"},{"floor":12,"key":"Shovel"},{"floor":21,"key":"Nilry\u0027s Codex"}],"event_choices":[{"damage_healed":0,"gold_gain":0,"player_choice":"Box","damage_taken":0,"relics_obtained":["Juzu Bracelet"],"max_hp_gain":0,"max_hp_loss":0,"event_name":"Big Fish","floor":3,"gold_loss":0,"cards_obtained":["Regret"]},{"cards_removed":["Regret"],"damage_healed":0,"gold_gain":0,"player_choice":"Card Removal","damage_taken":7,"max_hp_gain":0,"max_hp_loss":0,"event_name":"Golden Wing","floor":5,"gold_loss":0},{"damage_healed":0,"gold_gain":0,"player_choice":"Leave","damage_taken":0,"max_hp_gain":0,"max_hp_loss":0,"event_name":"The Cleric","floor":7,"gold_loss":0},{"damage_healed":0,"gold_gain":175,"player_choice":"AGREE","damage_taken":0,"max_hp_gain":0,"max_hp_loss":0,"event_name":"Liars Game","floor":13,"gold_loss":0,"cards_obtained":["Doubt"]},{"damage_healed":0,"gold_gain":0,"player_choice":"Obtained Book","damage_taken":16,"max_hp_gain":0,"max_hp_loss":0,"event_name":"Cursed Tome","floor":21,"gold_loss":0}],"is_beta":false,"boss_relics":[{"not_picked":["Philosopher\u0027s Stone","Velvet Choker"],"picked":"Busted Crown"}],"items_purged_floors":[],"is_endless":false,"potions_floor_spawned":[1,11,12,19],"killed_by":"Centurion and Healer","ascension_level":0}}