{"host":"709gjpjg43u3i5a8","time":1610632080,"event":{"mods":["Act Like it!","BaseMod","Colored Map","Colored Powertips","Downfall","Duelist Mod","Gensokyo","GifTheSpireLib","Hallownest","Hermit","Hubris","Infinite Spire","Koishi","Marisa????????","Minty Spire (QoL Compilation)","Remilia??????","Shop Mod","StSLib","Td1madao Mod","The Administrix","The Animator","The Bug Knight","The Construct","The Cursed","The Disciple","The Hierophant","The Jungle","The Necromancer","The Poker Player","The Runesmith","The Servant 0.9.4"],"gold_per_floor":[117,131,131,143,157,190,190,203,203,237,237,252,269,286,286,388,388,403,403,422,422,435,464,464,475,502,527,527,527],"floor_reached":28,"language":"ENG","playtime":2978,"items_purged":[],"score":254,"play_id":"ac28ffc8-4ced-4208-81bf-0be94fbb3ac5","local_time":"20210114064800","is_ascension_mode":false,"campfire_choices":[{"floor":7,"key":"REST"},{"floor":15,"key":"REST"},{"data":"Runesmith:Fortify","floor":24,"key":"SMITH"}],"circlet_count":0,"master_deck":["Runesmith:Strike_RS","Runesmith:Strike_RS","Runesmith:Strike_RS","Runesmith:Strike_RS","Runesmith:Defend_RS","Runesmith:Defend_RS","Runesmith:Defend_RS","Runesmith:Defend_RS","Runesmith:CraftFirestone","Runesmith:Fortify","Runesmith:BackupBattery","Runesmith:HammerThrow","Runesmith:Terraform","Runesmith:PoweredAnvil","Runesmith:Fortify+1","Runesmith:BackupBattery","Runesmith:PoweredAnvil","Runesmith:ElementalConversion","Runesmith:PoweredAnvil","Runesmith:CreatorForm","Runesmith:Terraform","Runesmith:Refine","Runesmith:Accelerate","Runesmith:CreatorForm","Runesmith:DoubleUp","hubris:Fate","Runesmith:CraftIncendium","Runesmith:Grindstone","Runesmith:HammerThrow+1"],"relics":["Runesmith:BrokenRuby","hubris:FunFungus","infinitespire:EmpoweringShard","MealTicket","Philosopher\u0027s Stone","hubris:Backtick","Mummified Hand","Nunchaku","hubris:Towel","Nunchaku","Anchor","Lantern"],"acts_visited":["Exordium","TheCity"],"potions_floor_usage":[6,8,12,14,25],"damage_taken":[{"damage":5,"enemies":"Cultist","floor":1,"turns":4},{"damage":4,"enemies":"2 Louse","floor":2,"turns":2},{"damage":0,"enemies":"Small Slimes","floor":4,"turns":3},{"damage":7,"enemies":"Blue Slaver","floor":5,"turns":5},{"damage":33,"enemies":"Gremlin Nob","floor":6,"turns":5},{"damage":0,"enemies":"3 Louse","floor":8,"turns":5},{"damage":18,"enemies":"Lagavulin","floor":10,"turns":7},{"damage":14,"enemies":"Exordium Wildlife","floor":12,"turns":7},{"damage":3,"enemies":"Looter","floor":13,"turns":4},{"damage":0,"enemies":"Large Slime","floor":14,"turns":7},{"damage":13,"enemies":"Hexaghost","floor":16,"turns":14},{"damage":1,"enemies":"Chosen","floor":18,"turns":12},{"damage":13,"enemies":"Snake Plant","floor":20,"turns":7},{"damage":27,"enemies":"Shelled Parasite and Fungi","floor":22,"turns":9},{"damage":2,"enemies":"Book of Stabbing","floor":23,"turns":4},{"damage":36,"enemies":"Cultist and Chosen","floor":25,"turns":8},{"damage":9,"enemies":"Slavers","floor":28,"turns":2}],"seed_played":"8220964968082964735","potions_obtained":[{"floor":2,"key":"PowerPotion"},{"floor":4,"key":"Block Potion"},{"floor":6,"key":"hexamod:EctoCoolerPotion"},{"floor":13,"key":"Explosive Potion"},{"floor":16,"key":"sneckomod:MuddlingPotion"},{"floor":22,"key":"Fruit Juice"}],"is_trial":false,"path_per_floor":["M","M","?","M","M","E","R","M","T","E","$","M","M","M","R","B",null,"M","AVR","M","?","M","E","R","M","T","T","E"],"character_chosen":"RUNESMITH_CLASS","items_purchased":[],"campfire_rested":2,"item_purchase_floors":[],"current_hp_per_floor":[65,61,61,61,54,21,42,42,42,24,24,10,7,7,28,15,70,70,70,57,57,38,36,36,6,6,6,0,0],"gold":527,"neow_bonus":"THREE_CARDS","is_daily":false,"chose_seed":false,"campfire_upgraded":1,"win_rate":0.0,"timestamp":1610632080,"path_taken":["M","M","?","M","M","E","R","M","T","E","?","M","M","M","R","BOSS","M","AVR","M","?","M","E","R","M","T","?","E"],"items_purchased_type":[],"build_version":"2020-12-22","purchased_purges":0,"victory":false,"max_hp_per_floor":[70,70,70,70,70,70,70,70,70,70,70,70,70,70,70,70,70,70,70,70,70,70,70,70,75,75,75,75,75],"card_choices":[{"not_picked":["Runesmith:FrozenChisel","Runesmith:EarthShield"],"picked":"Runesmith:BackupBattery","floor":0},{"not_picked":["Runesmith:HeatedChisel","Runesmith:MakeshiftArmor"],"picked":"Runesmith:HammerThrow","floor":1},{"not_picked":["Runesmith:Overpower","Runesmith:Attraction"],"picked":"Runesmith:Terraform","floor":2},{"not_picked":["Runesmith:ShiftingStrike","Runesmith:HeatedChisel"],"picked":"Runesmith:BackupBattery","floor":4},{"not_picked":["Runesmith:HeatExchange","Runesmith:HammerTime"],"picked":"Runesmith:PoweredAnvil","floor":5},{"not_picked":["Runesmith:HammerThrow","Runesmith:Repurpose"],"picked":"Runesmith:ElementalConversion","floor":6},{"not_picked":["Runesmith:CraftMedicinae","Runesmith:MakeshiftArmor"],"picked":"Runesmith:PoweredAnvil","floor":8},{"not_picked":["Runesmith:HammerAndChisel","Runesmith:RuneHurl"],"picked":"Runesmith:CreatorForm","floor":10},{"not_picked":["Runesmith:EnergizedChisel","Runesmith:HeatExchange"],"picked":"Runesmith:Terraform","floor":12},{"not_picked":["Runesmith:UnstableHammer","Runesmith:BackupBattery"],"picked":"Runesmith:Refine","floor":13},{"not_picked":["Runesmith:MakeshiftArmor","Runesmith:Repurpose"],"picked":"Runesmith:Accelerate","floor":14},{"not_picked":["Runesmith:ReplicatingBarrier","Runesmith:Duplicate"],"picked":"Runesmith:CreatorForm","floor":16},{"not_picked":["Runesmith:Repurpose","Runesmith:GoWithTheFlow"],"picked":"Runesmith:DoubleUp","floor":18},{"not_picked":["Runesmith:EarthShield","Runesmith:Overpower","Runesmith:HeatedChisel"],"picked":"SKIP","floor":20},{"not_picked":["Runesmith:ChaoticBlast","Runesmith:Superposition+1"],"picked":"Runesmith:CraftIncendium","floor":22},{"not_picked":["Runesmith:CraftIncendium","Runesmith:BackupBattery"],"picked":"Runesmith:Grindstone","floor":23},{"not_picked":["Runesmith:FissionHammer","Runesmith:CraftReservo"],"picked":"Runesmith:HammerThrow+1","floor":25}],"player_experience":499413,"relics_obtained":[{"floor":6,"key":"hubris:FunFungus"},{"floor":9,"key":"infinitespire:EmpoweringShard"},{"floor":10,"key":"MealTicket"},{"floor":23,"key":"Nunchaku"},{"floor":26,"key":"Anchor"},{"floor":27,"key":"Lantern"}],"event_choices":[{"damage_healed":0,"gold_gain":0,"player_choice":"2 cards matched","damage_taken":0,"max_hp_gain":0,"max_hp_loss":0,"event_name":"Match and Keep!","floor":3,"gold_loss":0,"cards_obtained":["Runesmith:PoweredAnvil","Runesmith:Fortify"]}],"is_beta":false,"boss_relics":[{"not_picked":["Sozu","Pandora\u0027s Box"],"picked":"Philosopher\u0027s Stone"}],"items_purged_floors":[],"is_endless":false,"potions_floor_spawned":[2,4,6,13,16,22],"killed_by":"Slavers","ascension_level":0}}