{"host":"v4pe0ixo3k7iwzp0","time":1610654372,"event":{"mods":["BaseMod","Bestiary","Custom Start","Highlight Path","Minty Spire (QoL Compilation)","StSLib","The Marked"],"gold_per_floor":[112,130,183,34,52,52,52,82,82,82,97,97,116,143,143,243,243,255,16,16,26,26,26,45,45,118,118,135,152,168,185,185,185,185],"floor_reached":33,"language":"ENG","playtime":3448,"items_purged":[],"score":284,"play_id":"57fb1951-1ecc-4706-a48c-196cad20e2c6","local_time":"20210114115932","is_ascension_mode":false,"campfire_choices":[{"data":"Establishment","floor":6.0,"key":"SMITH"},{"data":"WindmillStrike","floor":10.0,"key":"SMITH"},{"data":"Eruption","floor":12.0,"key":"SMITH"},{"floor":15.0,"key":"REST"},{"floor":23,"key":"DIG"},{"floor":32,"key":"REST"}],"circlet_count":0,"master_deck":["Perseverance","Establishment+1","SpiritShield","Scrawl","Protect","ThirdEye","Crescendo","ClearTheMind","Vigilance","Defend_P","Defend_P","Defend_P","Defend_P","SandsOfTime","WindmillStrike+1","FlyingSleeves","FlyingSleeves","CutThroughFate","JustLucky","Eruption+1","Strike_P","Strike_P","Strike_P","Strike_P","FlyingSleeves","DeceiveReality","Decay","Protect","SandsOfTime"],"relics":["PureWater","Happy Flower","Singing Bowl","Meat on the Bone","Shovel","Philosopher\u0027s Stone","Ornamental Fan","MutagenicStrength","Art of War","Eternal Feather"],"acts_visited":["Exordium","TheCity"],"potions_floor_usage":[16,28,33,33,33],"damage_taken":[{"damage":1.0,"enemies":"2 Louse","floor":1.0,"turns":4.0},{"damage":4.0,"enemies":"Small Slimes","floor":2.0,"turns":4.0},{"damage":6.0,"enemies":"Jaw Worm","floor":5.0,"turns":3.0},{"damage":9.0,"enemies":"Lagavulin","floor":8.0,"turns":6.0},{"damage":1.0,"enemies":"Exordium Wildlife","floor":11.0,"turns":4.0},{"damage":19.0,"enemies":"Blue Slaver","floor":13.0,"turns":5.0},{"damage":16.0,"enemies":"Gremlin Nob","floor":14.0,"turns":4.0},{"damage":17,"enemies":"Hexaghost","floor":16,"turns":7},{"damage":0,"enemies":"2 Thieves","floor":18,"turns":4},{"damage":0,"enemies":"Chosen","floor":21,"turns":3},{"damage":17,"enemies":"Snake Plant","floor":24,"turns":3},{"damage":7,"enemies":"Chosen and Byrds","floor":28,"turns":6},{"damage":2,"enemies":"Snecko","floor":29,"turns":6},{"damage":34,"enemies":"3 Cultists","floor":30,"turns":5},{"damage":39,"enemies":"Centurion and Healer","floor":31,"turns":5},{"damage":60,"enemies":"Automaton","floor":33,"turns":6}],"seed_played":"7403326418053282295","potions_obtained":[{"floor":5.0,"key":"Fire Potion"},{"floor":8.0,"key":"Ambrosia"},{"floor":13.0,"key":"LiquidMemories"},{"floor":14.0,"key":"BlessingOfTheForge"},{"floor":21,"key":"Swift Potion"},{"floor":24,"key":"Dexterity Potion"},{"floor":28,"key":"Energy Potion"}],"is_trial":true,"path_per_floor":["M","M","?","$","M","R","?","E","T","R","M","R","M","E","R","B",null,"M","$","?","M","?","R","M","$","T","?","M","M","M","M","R","B"],"character_chosen":"WATCHER","items_purchased":["Happy Flower","Ornamental Fan"],"campfire_rested":2,"item_purchase_floors":[4,19],"current_hp_per_floor":[71,67,67,67,61,61,72,65,65,65,64,64,47,45,68,53,80,82,82,82,84,84,84,69,69,69,69,62,62,40,13,54,0,0],"gold":185,"neow_bonus":"","is_daily":false,"chose_seed":false,"campfire_upgraded":3,"win_rate":0.0,"timestamp":1610654372,"path_taken":["M","M","?","$","M","R","?","E","T","R","M","R","M","E","R","BOSS","M","$","?","M","?","R","M","$","T","?","M","?","M","M","R","BOSS"],"items_purchased_type":["Relic","Relic"],"build_version":"2020-12-22","purchased_purges":0,"victory":false,"max_hp_per_floor":[72,72,72,72,72,72,72,74,74,74,74,74,76,78,78,80,80,82,82,82,84,84,84,86,86,86,86,86,88,88,88,88,88,88],"card_choices":[{"not_picked":["WreathOfFlame","Crescendo"],"picked":"FlyingSleeves","floor":1.0},{"not_picked":["Perseverance","PathToVictory","Conclude"],"picked":"SKIP","floor":2.0},{"not_picked":["ThirdEye","Halt","BowlingBash"],"picked":"SKIP","floor":5.0},{"not_picked":["InnerPeace","Crescendo","Vengeance"],"picked":"Singing Bowl","floor":8.0},{"not_picked":["Adaptation","Study"],"picked":"DeceiveReality","floor":11.0},{"not_picked":["ReachHeaven","Halt","FearNoEvil"],"picked":"Singing Bowl","floor":13.0},{"not_picked":["CarveReality","MentalFortress","SignatureMove"],"picked":"Singing Bowl","floor":14.0},{"not_picked":["Establishment","Wish","SpiritShield"],"picked":"Singing Bowl","floor":16},{"not_picked":["MentalFortress","ThirdEye","SashWhip+1"],"picked":"Singing Bowl","floor":18},{"not_picked":["Sanctity","CutThroughFate","SashWhip"],"picked":"Singing Bowl","floor":21},{"not_picked":["SashWhip+1","EmptyBody+1","Adaptation"],"picked":"Singing Bowl","floor":24},{"not_picked":["SashWhip","ReachHeaven"],"picked":"Protect","floor":28},{"not_picked":["Evaluate","Swivel","FlyingSleeves"],"picked":"Singing Bowl","floor":29},{"not_picked":["Perseverance+1","Halt+1"],"picked":"SandsOfTime","floor":30},{"not_picked":["Conclude","Halt","ClearTheMind"],"picked":"SKIP","floor":31}],"player_experience":137573,"relics_obtained":[{"floor":8.0,"key":"Singing Bowl"},{"floor":9.0,"key":"Meat on the Bone"},{"floor":14.0,"key":"Shovel"},{"floor":23,"key":"Art of War"},{"floor":26,"key":"Eternal Feather"}],"event_choices":[{"damage_healed":0.0,"max_hp_gain":0.0,"max_hp_loss":0.0,"gold_gain":53.0,"event_name":"Golden Wing","player_choice":"Gained Gold","floor":3.0,"gold_loss":0.0,"damage_taken":0.0},{"damage_healed":24.0,"max_hp_gain":0.0,"max_hp_loss":0.0,"gold_gain":0.0,"event_name":"Big Fish","player_choice":"Banana","floor":7.0,"gold_loss":0.0,"damage_taken":0.0},{"damage_healed":0,"gold_gain":0,"player_choice":"Inject Mutagens","damage_taken":0,"relics_obtained":["MutagenicStrength"],"max_hp_gain":0,"max_hp_loss":0,"event_name":"Drug Dealer","floor":20,"gold_loss":0},{"damage_healed":0,"gold_gain":0,"player_choice":"Ignored","damage_taken":0,"max_hp_gain":0,"max_hp_loss":0,"event_name":"Vampires","floor":22,"gold_loss":0},{"damage_healed":0,"gold_gain":0,"player_choice":"Smashed Altar","damage_taken":0,"max_hp_gain":0,"max_hp_loss":0,"event_name":"Forgotten Altar","floor":27,"gold_loss":0,"cards_obtained":["Decay"]}],"is_beta":false,"boss_relics":[{"not_picked":["HolyWater","Black Star"],"picked":"Philosopher\u0027s Stone"}],"items_purged_floors":[],"is_endless":true,"potions_floor_spawned":[5,8,13,14,21,24,28],"killed_by":"Automaton","ascension_level":0}}