{"host":"og6lam4kt3nibbw0","time":1610646473,"event":{"mods":["AchievementEnabler","BaseMod","Colored Map","DeckTracker","Highlight Path","Keyboard Shortcuts","Minty Spire (QoL Compilation)","Permanent Neow","Quick Restart","StSLib","SuperFastMode"],"gold_per_floor":[111,111,126,141,155,155,155,189,189,221,221,241,5,5,5,76,76,92,92,142,174,17,43,43,43,43,69,69,103,103,116,116,193,193,207,217,217,228,243,243,254,287,310,343,368,395,395,424,424,424,424,424],"floor_reached":51,"language":"KOR","playtime":2532,"items_purged":["Defend_P","Strike_P"],"score":1658,"play_id":"9e7b464b-3977-42fa-acf0-117112438499","local_time":"20210115024753","is_ascension_mode":true,"campfire_choices":[{"data":"Sanctity","floor":6.0,"key":"SMITH"},{"data":"1","floor":11.0,"key":"LIFT"},{"floor":15.0,"key":"REST"},{"data":"2","floor":25.0,"key":"LIFT"},{"data":"3","floor":28.0,"key":"LIFT"},{"data":"ConjureBlade","floor":30.0,"key":"SMITH"},{"data":"TalkToTheHand","floor":32.0,"key":"SMITH"},{"floor":40.0,"key":"REST"},{"data":"TalkToTheHand","floor":49.0,"key":"SMITH"}],"circlet_count":0,"master_deck":["AscendersBane","Strike_P","Defend_P+1","Eruption+1","Vigilance","ConjureBlade+1","FlyingSleeves+1","Sanctity+1","EmptyMind+1","Vengeance+1","InnerPeace+1","Vault+1","Brilliance+1","Ragnarok+1","LessonLearned+1","TalkToTheHand+1","Writhe","Crescendo+1","Vault+1","Collect+1","TalkToTheHand+1","Adaptation+1"],"relics":["PureWater","Ginger","Mummified Hand","Mercury Hourglass","Girya","TheAbacus","Astrolabe","Red Mask","Smiling Mask","Pear","TungstenRod","Nunchaku","StoneCalendar","Runic Pyramid","Pantograph","Bag of Preparation","Turnip","Darkstone Periapt","Dream Catcher"],"acts_visited":["Exordium","TheCity","TheBeyond"],"potions_floor_usage":[],"damage_taken":[{"damage":1.0,"enemies":"Cultist","floor":1.0,"turns":4.0},{"damage":0.0,"enemies":"Small Slimes","floor":3.0,"turns":2.0},{"damage":1.0,"enemies":"2 Louse","floor":4.0,"turns":3.0},{"damage":8.0,"enemies":"Looter","floor":5.0,"turns":2.0},{"damage":0.0,"enemies":"Lagavulin","floor":8.0,"turns":4.0},{"damage":14.0,"enemies":"3 Sentries","floor":10.0,"turns":6.0},{"damage":4.0,"enemies":"Large Slime","floor":12.0,"turns":3.0},{"damage":14.0,"enemies":"The Guardian","floor":16.0,"turns":8.0},{"damage":0.0,"enemies":"3 Byrds","floor":18.0,"turns":2.0},{"damage":0.0,"enemies":"Masked Bandits","floor":21.0,"turns":1.0},{"damage":2.0,"enemies":"Book of Stabbing","floor":23.0,"turns":4.0},{"damage":11.0,"enemies":"Slavers","floor":27.0,"turns":2.0},{"damage":10.0,"enemies":"Book of Stabbing","floor":29.0,"turns":4.0},{"damage":0.0,"enemies":"Spheric Guardian","floor":31.0,"turns":2.0},{"damage":12.0,"enemies":"Champ","floor":33.0,"turns":5.0},{"damage":11.0,"enemies":"Orb Walker","floor":35.0,"turns":3.0},{"damage":14.0,"enemies":"3 Shapes","floor":36.0,"turns":6.0},{"damage":23.0,"enemies":"Maw","floor":38.0,"turns":5.0},{"damage":0.0,"enemies":"Spire Growth","floor":39.0,"turns":2.0},{"damage":0.0,"enemies":"4 Shapes","floor":41.0,"turns":3.0},{"damage":2.0,"enemies":"Nemesis","floor":42.0,"turns":5.0},{"damage":0.0,"enemies":"Giant Head","floor":44.0,"turns":6.0},{"damage":3.0,"enemies":"Mind Bloom Boss Battle","floor":45.0,"turns":5.0},{"damage":14.0,"enemies":"Nemesis","floor":46.0,"turns":5.0},{"damage":7.0,"enemies":"Reptomancer","floor":48.0,"turns":4.0},{"damage":40.0,"enemies":"Donu and Deca","floor":50.0,"turns":8.0},{"damage":65,"enemies":"Awakened One","floor":51,"turns":8}],"seed_played":"8367677647606897846","potions_obtained":[{"floor":1.0,"key":"SteroidPotion"},{"floor":3.0,"key":"LiquidBronze"},{"floor":8.0,"key":"DistilledChaos"},{"floor":12.0,"key":"Ambrosia"},{"floor":18.0,"key":"Fire Potion"},{"floor":23.0,"key":"Energy Potion"},{"floor":31.0,"key":"CultistPotion"},{"floor":38.0,"key":"AttackPotion"},{"floor":44.0,"key":"GamblersBrew"},{"floor":46.0,"key":"Regen Potion"}],"is_trial":false,"path_per_floor":["M","?","M","M","M","R","?","E","T","E","R","M","$","?","R","B",null,"M","?","?","?","$","E","?","R","T","E","R","E","R","M","R","B",null,"M","M","?","M","M","R","M","E","T","E","?","E","?","E","R","B","B"],"character_chosen":"WATCHER","items_purchased":["TheAbacus","PowerPotion"],"campfire_rested":2,"item_purchase_floors":[13,22],"current_hp_per_floor":[60,60,60,59,51,51,46,46,46,32,32,28,28,21,39,25,53,53,53,53,53,53,51,61,61,61,50,50,40,40,40,40,28,61,50,36,36,13,13,34,34,32,32,32,54,40,40,33,33,33,0,0],"gold":424,"neow_bonus":"THREE_RARE_CARDS","is_daily":false,"chose_seed":false,"campfire_upgraded":4,"win_rate":0.0,"timestamp":1610646473,"path_taken":["M","?","M","?","M","R","?","E","T","E","R","M","$","?","R","BOSS","M","?","?","?","$","E","?","R","T","E","R","E","R","M","R","BOSS","M","M","?","M","?","R","M","E","T","E","?","E","?","E","R","BOSS","BOSS"],"items_purchased_type":["Relic","Potion"],"build_version":"2020-12-22","purchased_purges":2,"victory":false,"max_hp_per_floor":[62,62,62,62,62,62,62,62,62,62,62,62,62,62,62,62,62,62,62,62,62,62,62,72,72,72,72,72,72,72,72,72,72,72,72,72,72,72,72,72,72,72,72,72,72,72,72,72,72,72,72,72],"card_choices":[{"not_picked":["MasterReality","Devotion"],"picked":"ConjureBlade","floor":0.0},{"not_picked":["WaveOfTheHand","JustLucky"],"picked":"FlyingSleeves","floor":1.0},{"not_picked":["Prostrate","CutThroughFate"],"picked":"Sanctity","floor":3.0},{"not_picked":["FlurryOfBlows","Fasting2"],"picked":"EmptyMind","floor":4.0},{"not_picked":["FollowUp","ThirdEye"],"picked":"Vengeance","floor":5.0},{"not_picked":["ThirdEye","Brilliance","WreathOfFlame"],"picked":"SKIP","floor":8.0},{"not_picked":["CrushJoints","Wallop"],"picked":"InnerPeace","floor":10.0},{"not_picked":["Evaluate","Halt","Crescendo"],"picked":"SKIP","floor":12.0},{"not_picked":["Brilliance","Blasphemy"],"picked":"Vault","floor":16.0},{"not_picked":["JustLucky+1","WaveOfTheHand"],"picked":"TalkToTheHand","floor":18.0},{"not_picked":["Wallop","EmptyBody"],"picked":"FlurryOfBlows","floor":21.0},{"not_picked":["WheelKick","Nirvana","DeceiveReality"],"picked":"SKIP","floor":23.0},{"not_picked":["PathToVictory","WaveOfTheHand"],"picked":"Crescendo+1","floor":27.0},{"not_picked":["CutThroughFate","Prostrate","Evaluate+1"],"picked":"SKIP","floor":29.0},{"not_picked":["Alpha","CrushJoints","Fasting2"],"picked":"SKIP","floor":31.0},{"not_picked":["WheelKick","SashWhip","BowlingBash"],"picked":"SKIP","floor":35.0},{"not_picked":["Crescendo","Protect","JustLucky"],"picked":"SKIP","floor":36.0},{"not_picked":["PathToVictory+1","Protect","Wireheading"],"picked":"SKIP","floor":38.0},{"not_picked":["CarveReality+1","Vengeance+1"],"picked":"Collect+1","floor":39.0},{"not_picked":["BowlingBash","JustLucky","Protect+1"],"picked":"SKIP","floor":41.0},{"not_picked":["FlyingSleeves+1","Fasting2","DeceiveReality"],"picked":"SKIP","floor":42.0},{"not_picked":["ForeignInfluence+1","Consecrate"],"picked":"TalkToTheHand","floor":44.0},{"not_picked":["Judgement","Evaluate+1"],"picked":"Adaptation+1","floor":46.0},{"not_picked":["Prostrate","PathToVictory","Swivel"],"picked":"SKIP","floor":48.0}],"player_experience":910653,"relics_obtained":[{"floor":8.0,"key":"Mummified Hand"},{"floor":9.0,"key":"Mercury Hourglass"},{"floor":10.0,"key":"Girya"},{"floor":21.0,"key":"Red Mask"},{"floor":23.0,"key":"Smiling Mask"},{"floor":26.0,"key":"TungstenRod"},{"floor":27.0,"key":"Nunchaku"},{"floor":29.0,"key":"StoneCalendar"},{"floor":42.0,"key":"Pantograph"},{"floor":44.0,"key":"Bag of Preparation"},{"floor":45.0,"key":"Turnip"},{"floor":46.0,"key":"Dead Branch"},{"floor":48.0,"key":"Dream Catcher"}],"event_choices":[{"damage_healed":0.0,"max_hp_gain":0.0,"max_hp_loss":0.0,"gold_gain":0.0,"event_name":"Upgrade Shrine","player_choice":"Upgraded","floor":2.0,"gold_loss":0.0,"damage_taken":0.0,"cards_upgraded":["Eruption"]},{"damage_healed":0.0,"max_hp_gain":0.0,"max_hp_loss":0.0,"gold_gain":0.0,"event_name":"Scrap Ooze","player_choice":"Success","floor":7.0,"gold_loss":0.0,"damage_taken":5.0,"relics_obtained":["Ginger"]},{"cards_removed":["Strike_P"],"damage_healed":0.0,"max_hp_gain":0.0,"max_hp_loss":0.0,"gold_gain":0.0,"event_name":"Golden Wing","player_choice":"Card Removal","floor":14.0,"gold_loss":0.0,"damage_taken":7.0},{"damage_healed":0.0,"max_hp_gain":0.0,"max_hp_loss":0.0,"gold_gain":0.0,"event_name":"Ghosts","player_choice":"Ignored","floor":19.0,"gold_loss":0.0,"damage_taken":0.0},{"damage_healed":0.0,"max_hp_gain":0.0,"max_hp_loss":0.0,"gold_gain":50.0,"event_name":"Nest","player_choice":"Stole From Cult","floor":20.0,"gold_loss":0.0,"damage_taken":0.0},{"damage_healed":0.0,"max_hp_gain":0.0,"max_hp_loss":0.0,"gold_gain":0.0,"event_name":"Masked Bandits","player_choice":"Fought Bandits","floor":21.0,"gold_loss":0.0,"damage_taken":0.0},{"damage_healed":0.0,"max_hp_gain":0.0,"max_hp_loss":0.0,"gold_gain":0.0,"event_name":"The Mausoleum","player_choice":"Opened","floor":24.0,"gold_loss":0.0,"damage_taken":0.0,"relics_obtained":["Pear"],"cards_obtained":["Writhe"]},{"damage_healed":0.0,"max_hp_gain":0.0,"max_hp_loss":0.0,"gold_gain":0.0,"event_name":"Duplicator","player_choice":"Copied","floor":37.0,"gold_loss":0.0,"damage_taken":0.0,"cards_obtained":["Vault"]},{"damage_healed":0.0,"max_hp_gain":0.0,"max_hp_loss":0.0,"gold_gain":0.0,"event_name":"MindBloom","player_choice":"Fight","floor":45.0,"gold_loss":0.0,"damage_taken":0.0},{"cards_removed":["FlurryOfBlows"],"damage_healed":0.0,"max_hp_gain":0.0,"max_hp_loss":0.0,"gold_gain":0.0,"event_name":"WeMeetAgain","player_choice":"Gave Card","floor":47.0,"gold_loss":0.0,"damage_taken":0.0,"relics_obtained":["Darkstone Periapt"]}],"is_beta":false,"boss_relics":[{"not_picked":["HolyWater","SlaversCollar"],"picked":"Astrolabe"},{"not_picked":["VioletLotus","Calling Bell"],"picked":"Runic Pyramid"}],"items_purged_floors":[13,22],"is_endless":false,"potions_floor_spawned":[1,3,8,12,18,23,31,38,44,46],"killed_by":"Awakened One","ascension_level":20}}