{"host":"blqtz7f1wyqlnbm9","time":1610636070,"event":{"mods":["BaseMod","Minty Spire (QoL Compilation)","Replay The Spire","StSLib"],"gold_per_floor":[117,128,53,53,124,157,157,157,157,191,207,222,222,237,237,362,362,385,385,401,426,386,430,450,450,474,474,169,169,199,199,199,342,378,401,401],"floor_reached":35,"language":"ZHS","playtime":1210,"items_purged":["Defend_G","Strike_G"],"score":388,"play_id":"b77a6f1e-2408-43f0-ab5c-0d8c5bf089b9","local_time":"20210114225430","is_ascension_mode":true,"campfire_choices":[{"data":"Hidden Blade","floor":7.0,"key":"SMITH"},{"data":"Blade Dance","floor":13.0,"key":"SMITH"},{"data":"Setup","floor":15.0,"key":"SMITH"},{"data":"Glass Knife","floor":25,"key":"SMITH"},{"data":"Storm of Steel","floor":27,"key":"SMITH"},{"data":"Footwork","floor":29,"key":"SMITH"},{"data":"Sneak Up","floor":32,"key":"SMITH"}],"circlet_count":0,"master_deck":["Survivor","Neutralize","Hidden Blade+1","Masterful Stab+1","Footwork+1","Setup+1","Blade Dance+1","Backstab","Storm of Steel+1","Flechettes+1","Flechettes+1","Die Die Die+1","Terror","Cloak And Dagger","Flying Knee+1","Glass Knife+1","ReplayTheSpireMod:Speed Training","Sneak Up+1","AbeCurse","Venomology","Draining Mist","ReplayTheSpireMod:Tripwire","Underhanded Strike","Poisoned Stab","Footwork+1"],"relics":["Ring of the Snake","NeowsBlessing","Golden Idol","Potion Belt","HornCleat","Garlic","Astrolabe","ReplayTheSpireMod:TigerMarble","CeramicFish","ClockworkSouvenir","Art of War","Pandora\u0027s Box"],"acts_visited":["Exordium","TheCity","TheBeyond"],"potions_floor_usage":[23,33,33,33],"damage_taken":[{"damage":0.0,"enemies":"Jaw Worm","floor":1.0,"turns":1.0},{"damage":0.0,"enemies":"2 Louse","floor":2.0,"turns":1.0},{"damage":0.0,"enemies":"Lagavulin","floor":6.0,"turns":1.0},{"damage":14.0,"enemies":"Gremlin Nob","floor":10.0,"turns":4.0},{"damage":0.0,"enemies":"Small Slimes","floor":11.0,"turns":2.0},{"damage":0.0,"enemies":"Exordium Wildlife","floor":12.0,"turns":3.0},{"damage":1.0,"enemies":"Red Slaver","floor":14.0,"turns":3.0},{"damage":20.0,"enemies":"Hexaghost","floor":16.0,"turns":11.0},{"damage":0.0,"enemies":"Chosen","floor":18.0,"turns":3.0},{"damage":0.0,"enemies":"3 Byrds","floor":20.0,"turns":4.0},{"damage":0.0,"enemies":"Snake Plant","floor":21.0,"turns":4.0},{"damage":0,"enemies":"Gremlin Leader","floor":23,"turns":3},{"damage":0,"enemies":"Centurion and Healer","floor":24,"turns":5},{"damage":0,"enemies":"Cultist and Chosen","floor":30,"turns":4},{"damage":61,"enemies":"Pondfish","floor":33,"turns":14},{"damage":15,"enemies":"Orb Walker","floor":35,"turns":4}],"seed_played":"1734402657980600705","potions_obtained":[{"floor":1.0,"key":"ColorlessPotion"},{"floor":10.0,"key":"PowerPotion"},{"floor":11.0,"key":"Energy Potion"},{"floor":12.0,"key":"Adrenaline Potion"},{"floor":14.0,"key":"PowerPotion"},{"floor":21.0,"key":"Milkshake"},{"floor":22.0,"key":"Cursed Concoction"},{"floor":22.0,"key":"DuplicationPotion"},{"floor":22.0,"key":"ColorlessPotion"},{"floor":23,"key":"Poison Potion"},{"floor":24,"key":"GamblersBrew"},{"floor":35,"key":"Doom Potion"}],"is_trial":false,"path_per_floor":["M","M","$","?","?","E","R","?","T","E","M","M","R","M","R","B",null,"M","?","M","M","?","E","M","R","T","R","$","R","M","?","R","B",null,"M"],"character_chosen":"THE_SILENT","items_purchased":["ClockworkSouvenir","ReplayTheSpireMod:Speed Training"],"campfire_rested":0,"item_purchase_floors":[28,28],"current_hp_per_floor":[70,70,70,53,53,53,53,53,53,39,39,39,39,38,38,18,70,70,70,70,70,70,70,70,70,70,70,70,70,70,70,70,9,70,55,55],"gold":401,"neow_bonus":"THREE_ENEMY_KILL","is_daily":false,"chose_seed":false,"campfire_upgraded":7,"win_rate":0.0,"timestamp":1610636070,"path_taken":["M","M","$","?","?","E","R","?","T","E","M","M","R","M","R","BOSS","M","?","M","M","?","E","?","R","T","R","$","R","M","?","R","BOSS","M"],"items_purchased_type":["Relic","Card"],"build_version":"2020-12-22","purchased_purges":2,"victory":false,"max_hp_per_floor":[70,70,70,70,70,70,70,70,70,70,70,70,70,70,70,70,70,70,70,70,70,70,70,70,70,70,70,70,70,70,70,70,70,70,70,70],"card_choices":[{"not_picked":["Fluid Movement","Prepared"],"picked":"Hidden Blade","floor":1.0},{"not_picked":["Eviscerate","Acrobatics"],"picked":"Masterful Stab","floor":2.0},{"not_picked":["Flechettes","Riddle With Holes","Underhanded Strike"],"picked":"SKIP","floor":6.0},{"not_picked":["Deflect","Skewer"],"picked":"Footwork","floor":10.0},{"not_picked":["Underhanded Strike","Quick Slash"],"picked":"Setup","floor":11.0},{"not_picked":["Masterful Stab","Finisher"],"picked":"Blade Dance","floor":12.0},{"not_picked":["Deflect","Blade Dance"],"picked":"Backstab","floor":14.0},{"not_picked":["Doppelganger","Burst"],"picked":"Storm of Steel","floor":16.0},{"not_picked":["PiercingWail+1","Sucker Punch"],"picked":"Terror","floor":18.0},{"not_picked":["Deadly Poison","Heel Hook+1"],"picked":"Cloak And Dagger","floor":20.0},{"not_picked":["Tactician","Eviscerate"],"picked":"Flying Knee+1","floor":21.0},{"not_picked":["Wraith Form v2","Noxious Fumes"],"picked":"Glass Knife","floor":23},{"not_picked":["Underhanded Strike+1","Cloak And Dagger","Quick Slash"],"picked":"SKIP","floor":24},{"not_picked":["Choke","Predator"],"picked":"Sneak Up","floor":30},{"not_picked":["A Thousand Cuts","Poison Darts"],"picked":"Venomology","floor":33},{"not_picked":["Dodge and Roll","Backflip+1"],"picked":"Footwork+1","floor":35}],"player_experience":202076,"relics_obtained":[{"floor":6.0,"key":"Potion Belt"},{"floor":9.0,"key":"HornCleat"},{"floor":10.0,"key":"Garlic"},{"floor":23,"key":"ReplayTheSpireMod:TigerMarble"},{"floor":26,"key":"CeramicFish"}],"event_choices":[{"damage_healed":0.0,"max_hp_gain":0.0,"max_hp_loss":0.0,"gold_gain":0.0,"event_name":"Golden Idol","player_choice":"Take Damage","floor":4.0,"gold_loss":0.0,"damage_taken":17.0,"relics_obtained":["Golden Idol"]},{"damage_healed":0.0,"max_hp_gain":0.0,"max_hp_loss":0.0,"gold_gain":71.0,"event_name":"Golden Wing","player_choice":"Gained Gold","floor":5.0,"gold_loss":0.0,"damage_taken":0.0},{"damage_healed":0.0,"max_hp_gain":0.0,"max_hp_loss":0.0,"gold_gain":0.0,"event_name":"Living Wall","player_choice":"Grow","floor":8.0,"gold_loss":0.0,"damage_taken":0.0,"cards_upgraded":["Masterful Stab"]},{"cards_removed":["Defend_G"],"damage_healed":0.0,"max_hp_gain":0.0,"max_hp_loss":0.0,"gold_gain":0.0,"event_name":"Back to Basics","player_choice":"Elegance","floor":19.0,"gold_loss":0.0,"damage_taken":0.0},{"damage_healed":0.0,"max_hp_gain":0.0,"max_hp_loss":0.0,"gold_gain":0.0,"event_name":"The Woman in Blue","player_choice":"Bought 3 Potions","floor":22.0,"gold_loss":0.0,"damage_taken":0.0},{"damage_healed":0,"gold_gain":0,"player_choice":"Gave Potion","damage_taken":0,"relics_obtained":["Art of War"],"max_hp_gain":0,"max_hp_loss":0,"event_name":"WeMeetAgain","floor":31,"gold_loss":0}],"is_beta":false,"boss_relics":[{"not_picked":["HoveringKite","Runic Dome"],"picked":"Astrolabe"},{"not_picked":["Ring of the Serpent","SacredBark"],"picked":"Pandora\u0027s Box"}],"items_purged_floors":[3,28],"is_endless":false,"potions_floor_spawned":[1,10,11,12,14,21,23,24,35],"killed_by":"Orb Walker","ascension_level":3}}