{"host":"lck2g1j0kcwr02ez","time":1610633150,"event":{"mods":["BaseMod","CapriCore","Hermit","Jorbs\u0027s Wanderer Trilogy","Marisa£®ÏF”Í°°ƒß¿Ì…≥£©","Minty Spire (QoL Compilation)","Rare Cards Sparkle","StSLib","The Alterego","The Hierophant"],"gold_per_floor":[11,11,23,36,9176,9176,9195,9195,9263,9263,9263,9276,9301,9311,9311,9413,9413,9431,8662,8662,8678,8704,8732,8732,8758,8832,8832,8843,8793,8808,8043,8043,8043,8043],"floor_reached":33,"language":"ZHS","playtime":1832,"items_purged":["Defend_MRS","Strike_MRS","Defend_MRS"],"score":396,"play_id":"7df3142c-029f-4c43-a50d-071de38020ca","local_time":"20210114220550","is_ascension_mode":true,"campfire_choices":[{"floor":6,"key":"RECALL"},{"data":"DarkMatter","floor":8,"key":"SMITH"},{"data":"MilkyWay","floor":10,"key":"SMITH"},{"data":"MysteriousBeam","floor":15,"key":"SMITH"},{"data":"Dramatic Entrance","floor":24,"key":"SMITH"},{"data":"Acceleration","floor":27,"key":"SMITH"},{"data":"AbsoluteMagnitude","floor":32,"key":"SMITH"}],"circlet_count":0,"master_deck":["Strike_MRS","MasterSpark","UpSweep","UnstableBomb","SporeBomb","DarkMatter+1","SporeBomb","Dramatic Entrance+1","MilkyWay+1","MysteriousBeam+1","EventHorizon","SuperPerseids","AbsoluteMagnitude+1","CurseOfTheBell","DoubleSpark+1","EnergyFlow","PowerUp","Acceleration+1","AlicesGift+1","Acceleration+1","GrandCross+1","ShootTheMoon+1","Acceleration","SuperPerseids","Orbital","AsteroidBelt"],"relics":["MiniHakkero","PreservedInsect","Mercury Hourglass","HandDrill","HandmadeGrimoire","Lantern","Calling Bell","Potion Belt","Molten Egg 2","Torii","Dream Catcher","Juzu Bracelet","Frozen Eye","Enchiridion","Red Mask","White Beast Statue","Bronze Scales","OrangePellets","Akabeko","BreadOfAWashokuLover"],"acts_visited":["Exordium","TheCity"],"potions_floor_usage":[7,13,13,22,33,33],"damage_taken":[{"damage":2,"enemies":"Jaw Worm","floor":1,"turns":3},{"damage":7,"enemies":"2 Louse","floor":3,"turns":2},{"damage":0,"enemies":"Small Slimes","floor":4,"turns":2},{"damage":0,"enemies":"Blue Slaver","floor":7,"turns":1},{"damage":0,"enemies":"3 Louse","floor":12,"turns":1},{"damage":0,"enemies":"3 Sentries","floor":13,"turns":1},{"damage":0,"enemies":"Gremlin Gang","floor":14,"turns":1},{"damage":21,"enemies":"The Guardian","floor":16,"turns":5},{"damage":6,"enemies":"Spheric Guardian","floor":18,"turns":3},{"damage":0,"enemies":"3 Byrds","floor":21,"turns":2},{"damage":0,"enemies":"Masked Bandits","floor":22,"turns":1},{"damage":2,"enemies":"Book of Stabbing","floor":23,"turns":2},{"damage":0,"enemies":"Gremlin Leader","floor":25,"turns":2},{"damage":10,"enemies":"Centurion and Healer","floor":28,"turns":2},{"damage":2,"enemies":"Cultist and Chosen","floor":30,"turns":2},{"damage":47,"enemies":"Automaton","floor":33,"turns":6}],"seed_played":"-6629884670746159042","potions_obtained":[{"floor":3,"key":"ShroomBrew"},{"floor":7,"key":"StarNLove"},{"floor":14,"key":"Ancient Potion"},{"floor":16,"key":"BlessingOfTheForge"},{"floor":18,"key":"Dexterity Potion"},{"floor":23,"key":"BlessingOfTheForge"},{"floor":25,"key":"SteroidPotion"},{"floor":30,"key":"Swift Potion"}],"is_trial":false,"path_per_floor":["M","?","M","M","$","R","M","R","T","R","?","M","E","M","R","B",null,"M","$","?","M","?","E","R","E","T","R","M","?","M","$","R","B"],"character_chosen":"MARISA","items_purchased":["SporeBomb","PreservedInsect","Mercury Hourglass","HandDrill","Dramatic Entrance","BlessingOfTheForge","Explosive Potion","Dream Catcher","Juzu Bracelet","Frozen Eye","EnergyFlow","PowerUp","Acceleration","AlicesGift+1","OrangePellets","Akabeko","BreadOfAWashokuLover","Orbital","AsteroidBelt"],"campfire_rested":0,"item_purchase_floors":[5,5,5,5,5,5,5,19,19,19,19,19,19,19,31,31,31,31,31],"current_hp_per_floor":[73,73,66,66,66,66,66,66,66,66,59,59,59,59,59,38,75,69,69,53,53,53,51,51,51,51,51,41,41,39,39,39,0,0],"gold":8043,"neow_bonus":"REMOVE_TWO","is_daily":false,"chose_seed":false,"campfire_upgraded":6,"win_rate":0.0,"timestamp":1610633150,"path_taken":["M","?","M","M","$","R","M","R","T","R","?","M","E","M","R","BOSS","M","$","?","M","?","E","R","E","T","R","M","?","M","$","R","BOSS"],"items_purchased_type":["Card","Relic","Relic","Relic","Card","Potion","Potion","Relic","Relic","Relic","Card","Card","Card","Card","Relic","Relic","Relic","Card","Card"],"build_version":"2020-12-22","purchased_purges":3,"victory":false,"max_hp_per_floor":[75,75,75,75,75,75,75,75,75,75,75,75,75,75,75,75,75,75,75,75,75,75,75,75,75,75,75,75,75,75,75,75,75,75],"card_choices":[{"not_picked":["WitchOfGreed","GrandCross"],"picked":"UnstableBomb","floor":1},{"not_picked":["ChargingUp","6A"],"picked":"DarkMatter","floor":3},{"not_picked":["ShootingEcho","OrrerysSun","WitchOfGreed"],"picked":"SKIP","floor":4},{"not_picked":["IllusionStar","EarthLightRay"],"picked":"MilkyWay","floor":7},{"not_picked":["DoubleSpark","SporeBomb"],"picked":"MysteriousBeam","floor":12},{"not_picked":["EarthLightRay","AbsoluteMagnitude"],"picked":"EventHorizon","floor":13},{"not_picked":["GrandCross","DC"],"picked":"SuperPerseids","floor":14},{"not_picked":["SuperNova","MaximisePower"],"picked":"AbsoluteMagnitude","floor":16},{"not_picked":["GalacticHalo","ShootingEcho+1"],"picked":"DoubleSpark+1","floor":18},{"not_picked":["DC+1","SporeBomb"],"picked":"Acceleration+1","floor":21},{"not_picked":["ChargingUp+1","ShootingEcho+1"],"picked":"GrandCross+1","floor":22},{"not_picked":["PulseMagic","OneTimeOff+1"],"picked":"ShootTheMoon+1","floor":23},{"not_picked":["GalacticHalo","UnstableBomb+1","WitchLeyline+1"],"picked":"SKIP","floor":25},{"not_picked":["SuperNova","6A+1"],"picked":"Acceleration","floor":28},{"not_picked":["OpenUniverse+1","Acceleration"],"picked":"SuperPerseids","floor":30}],"player_experience":283587,"relics_obtained":[{"floor":9,"key":"HandmadeGrimoire"},{"floor":13,"key":"Lantern"},{"floor":17,"key":"Potion Belt"},{"floor":17,"key":"Molten Egg 2"},{"floor":17,"key":"Torii"},{"floor":20,"key":"Enchiridion"},{"floor":22,"key":"Red Mask"},{"floor":23,"key":"White Beast Statue"},{"floor":25,"key":"Bronze Scales"}],"event_choices":[{"damage_healed":0,"gold_gain":0,"cards_transformed":["Strike_MRS"],"player_choice":"Change","damage_taken":0,"max_hp_gain":0,"max_hp_loss":0,"event_name":"Living Wall","floor":2,"gold_loss":0,"cards_obtained":["SporeBomb"]},{"cards_removed":["Defend_MRS"],"damage_healed":0,"gold_gain":0,"player_choice":"Card Removal","damage_taken":7,"max_hp_gain":0,"max_hp_loss":0,"event_name":"Golden Wing","floor":11,"gold_loss":0},{"damage_healed":0,"gold_gain":0,"player_choice":"Obtained Book","damage_taken":16,"max_hp_gain":0,"max_hp_loss":0,"event_name":"Cursed Tome","floor":20,"gold_loss":0},{"damage_healed":0,"gold_gain":0,"player_choice":"Fought Bandits","damage_taken":0,"max_hp_gain":0,"max_hp_loss":0,"event_name":"Masked Bandits","floor":22,"gold_loss":0},{"damage_healed":0,"gold_gain":0,"player_choice":"Bet on Murderer","damage_taken":0,"max_hp_gain":0,"max_hp_loss":0,"event_name":"The Joust","floor":29,"gold_loss":50}],"is_beta":false,"boss_relics":[{"not_picked":["Tiny House","SacredBark"],"picked":"Calling Bell"}],"items_purged_floors":[5,19,31],"is_endless":false,"potions_floor_spawned":[3,7,12,14,16,18,23,25,28,30],"killed_by":"Automaton","ascension_level":2}}