{"host":"jf9sa0j18a3cnoxw","time":1610588172,"event":{"mods":["Act Like it!","BaseMod","Duelist Mod","Minty Spire (QoL Compilation)","Relic Stats","Replay The Spire","StSLib","The Bug Knight"],"gold_per_floor":[109,120,130,130,148,177,177,188,242,317,328,69,119,161,161],"floor_reached":14,"language":"ENG","playtime":1175,"items_purged":[],"score":117,"play_id":"3eba3709-f5af-4ff4-be05-14f08334d5e1","local_time":"20210113203612","is_ascension_mode":false,"campfire_choices":[{"data":"HollowMod:BrokenVessel","floor":7,"key":"SMITH"}],"circlet_count":0,"master_deck":["HollowMod:QuickDashStart","HollowMod:QuickDashStart","HollowMod:QuickDashStart","HollowMod:QuickDashStart","HollowMod:FocusHealStart","HollowMod:PogoStrike","HollowMod:HornetsHelp","HollowMod:SoulSplash","HollowMod:VengefulSpirit","HollowMod:BrokenVessel+1","HollowMod:InfectedAttack","HollowMod:InfectedAttack","HollowMod:InfectedAttack","HollowMod:InfectedAttack","HollowMod:HowlingWraiths","HollowMod:DoubleDash","HollowMod:CloakDash","HollowMod:BaldurShell","HollowMod:InfectedAttack+1","Spreading Infection"],"relics":["HollowMod:VesselMask","HollowMod:LumaflyLanternRelic","Blue Doll","Molten Egg 2","Ring of Greed","ReplayTheSpireMod:Ring of Challenge","Membership Card","MawBank"],"acts_visited":["Exordium"],"potions_floor_usage":[6,11],"damage_taken":[{"damage":0,"enemies":"Small Slimes","floor":1,"turns":4},{"damage":2,"enemies":"2 Louse","floor":2,"turns":5},{"damage":0,"enemies":"Jaw Worm","floor":3,"turns":2},{"damage":7,"enemies":"Red Slaver","floor":5,"turns":3},{"damage":41,"enemies":"Lagavulin","floor":6,"turns":5},{"damage":9,"enemies":"2 Fungi Beasts","floor":8,"turns":2},{"damage":12,"enemies":"3 Louse","floor":11,"turns":3},{"damage":24,"enemies":"3 Sentries","floor":14,"turns":3}],"seed_played":"-8183366339946029319","potions_obtained":[{"floor":1,"key":"Flashbang"},{"floor":8,"key":"Regen Potion"}],"is_trial":false,"path_per_floor":["M","M","M","?","M","E","R","M","T","?","M","$","?","E"],"character_chosen":"THE_BUGKNIGHT","items_purchased":["Molten Egg 2","HollowMod:InfectedAttack+1"],"campfire_rested":0,"item_purchase_floors":[12,12],"current_hp_per_floor":[75,73,73,73,66,31,31,22,22,11,17,17,17,0,0],"gold":161,"neow_bonus":"ONE_RANDOM_RARE_CARD","is_daily":false,"chose_seed":false,"campfire_upgraded":1,"win_rate":0.0,"timestamp":1610588172,"path_taken":["M","M","M","?","M","E","R","M","T","?","M","$","?","E"],"items_purchased_type":["Relic","Card"],"build_version":"2020-12-22","purchased_purges":0,"victory":false,"max_hp_per_floor":[75,75,75,75,75,75,75,75,75,75,75,75,75,75,75],"relic_stats":{"counters":[8,27],"MawBank":12,"obtain_stats":[{"HollowMod:LumaflyLanternRelic":6,"HollowMod:VesselMask":0,"Blue Doll":9,"Molten Egg 2":12,"Ring of Greed":13,"Membership Card":13,"ReplayTheSpireMod:Ring of Challenge":13,"MawBank":13},{"HollowMod:LumaflyLanternRelic":5,"HollowMod:VesselMask":0,"Blue Doll":6,"Molten Egg 2":7,"Ring of Greed":7,"Membership Card":7,"ReplayTheSpireMod:Ring of Challenge":7,"MawBank":7},{"HollowMod:LumaflyLanternRelic":19,"HollowMod:VesselMask":0,"Blue Doll":21,"Molten Egg 2":24,"Ring of Greed":24,"Membership Card":24,"ReplayTheSpireMod:Ring of Challenge":24,"MawBank":24}]},"card_choices":[{"not_picked":["HollowMod:WraithStrike","HollowMod:LifebloodCocoon"],"picked":"HollowMod:SoulSplash","floor":1},{"not_picked":["HollowMod:NewJinnsSoul","HollowMod:GrimmsGift"],"picked":"HollowMod:VengefulSpirit","floor":2},{"not_picked":["HollowMod:FallenFury","HollowMod:CycloneSlash"],"picked":"HollowMod:BrokenVessel","floor":3},{"not_picked":["HollowMod:DescendingDark","HollowMod:FallenFury"],"picked":"HollowMod:HowlingWraiths","floor":5},{"not_picked":["HollowMod:SoulMaster","HollowMod:SoulSplash"],"picked":"HollowMod:DoubleDash","floor":6},{"not_picked":["HollowMod:SoulSplash","HollowMod:DescendingDark"],"picked":"HollowMod:CloakDash","floor":8},{"not_picked":["HollowMod:InfectedAttack","HollowMod:VengefulVoid"],"picked":"HollowMod:BaldurShell","floor":11}],"player_experience":106759,"relics_obtained":[{"floor":6,"key":"HollowMod:LumaflyLanternRelic"},{"floor":9,"key":"Blue Doll"},{"floor":13,"key":"Ring of Greed"},{"floor":13,"key":"ReplayTheSpireMod:Ring of Challenge"},{"floor":13,"key":"Membership Card"},{"floor":13,"key":"MawBank"}],"event_choices":[{"damage_healed":0,"gold_gain":75,"player_choice":"Gather Gold","damage_taken":11,"max_hp_gain":0,"max_hp_loss":0,"event_name":"World of Goop","floor":10,"gold_loss":0}],"is_beta":false,"boss_relics":[],"items_purged_floors":[],"is_endless":false,"potions_floor_spawned":[1,8],"killed_by":"3 Sentries","ascension_level":0}}