{"host":"bq4pt811tk9yrmjl","time":1610657829,"event":{"mods":["AchievementEnabler","BaseMod","Colored Map","Colored Powertips","Defuse TimeMaze Blight","Hermit","Minty Spire (QoL Compilation)","StSLib","SuperFastMode"],"gold_per_floor":[111,111,111,131,131,163,163,198,198,50,69,69,69,99,99,201,201,218,229,229,107,107,107,124,124,124,156,78,111,111,111,111,281,281,315,341,341,374,385,418,418,429,429,441,441,265,265,280,280,280,280,280,0,31,31,31],"floor_reached":55,"language":"ENG","playtime":1291,"items_purged":["Writhe","Clumsy"],"score":853,"play_id":"167b4229-f91a-44de-a72e-93aaefa941c3","local_time":"20210114185709","is_ascension_mode":true,"campfire_choices":[{"data":"hermit:FlashPowder","floor":7,"key":"SMITH"},{"data":"hermit:Shortfuse","floor":12,"key":"SMITH"},{"data":"hermit:Snapshot","floor":15,"key":"SMITH"},{"floor":23,"key":"RECALL"},{"data":"hermit:Maintenance","floor":25,"key":"SMITH"},{"data":"hermit:DeadOrAlive","floor":30,"key":"SMITH"},{"floor":32,"key":"REST"},{"floor":41,"key":"REST"},{"data":"hermit:Dive","floor":45,"key":"SMITH"},{"data":"hermit:RoundhouseKick","floor":49,"key":"SMITH"},{"floor":52,"key":"REST"}],"circlet_count":0,"master_deck":["hermit:Strike_Hermit+1","hermit:Strike_Hermit+1","hermit:Strike_Hermit+1","hermit:Strike_Hermit+1","hermit:Defend_Hermit+1","hermit:Defend_Hermit+1","hermit:Defend_Hermit+1","hermit:Defend_Hermit+1","hermit:Snapshot+1","hermit:Covet+1","hermit:Shortfuse+1","hermit:FlashPowder+1","hermit:DeadOrAlive+1","hermit:CalledShot+1","hermit:Maintenance+1","hermit:EyeOfTheStorm+1","hermit:RoundhouseKick+1","hermit:Virtue+1","hermit:Dive+1"],"relics":["hermit:Momento","NeowsBlessing","StrikeDummy","Pear","Ornamental Fan","Sundial","Membership Card","Odd Mushroom","Cursed Key","Eternal Feather","Mercury Hourglass","Gremlin Horn","Orichalcum","Potion Belt","Busted Crown","Bronze Scales","Mango","Letter Opener","ClockworkSouvenir","hermit:Horseshoe","Lee\u0027s Waffle","Mummified Hand"],"acts_visited":["Exordium","TheCity","TheBeyond","TheEnding"],"potions_floor_usage":[14,18,33,33,40,42,50,50,54,54,55],"damage_taken":[{"damage":0,"enemies":"Small Slimes","floor":1,"turns":1},{"damage":0,"enemies":"Jaw Worm","floor":4,"turns":1},{"damage":0,"enemies":"3 Sentries","floor":6,"turns":1},{"damage":22,"enemies":"Lagavulin","floor":8,"turns":6},{"damage":1,"enemies":"Cultist","floor":11,"turns":3},{"damage":5,"enemies":"The Mushroom Lair","floor":14,"turns":5},{"damage":40,"enemies":"Slime Boss","floor":16,"turns":13},{"damage":0,"enemies":"Chosen","floor":18,"turns":3},{"damage":10,"enemies":"2 Thieves","floor":19,"turns":4},{"damage":0,"enemies":"Snecko","floor":24,"turns":5},{"damage":8,"enemies":"Slavers","floor":27,"turns":6},{"damage":0,"enemies":"Book of Stabbing","floor":29,"turns":5},{"damage":20,"enemies":"Automaton","floor":33,"turns":8},{"damage":0,"enemies":"Orb Walker","floor":35,"turns":2},{"damage":0,"enemies":"3 Shapes","floor":36,"turns":5},{"damage":12,"enemies":"Jaw Worm Horde","floor":38,"turns":3},{"damage":45,"enemies":"Transient","floor":39,"turns":5},{"damage":1,"enemies":"Reptomancer","floor":40,"turns":7},{"damage":0,"enemies":"Sphere and 2 Shapes","floor":42,"turns":4},{"damage":0,"enemies":"Jaw Worm Horde","floor":44,"turns":3},{"damage":0,"enemies":"3 Darklings","floor":48,"turns":3},{"damage":43,"enemies":"Time Eater","floor":50,"turns":12},{"damage":57,"enemies":"Shield and Spear","floor":54,"turns":7},{"damage":77,"enemies":"The Heart","floor":55,"turns":5}],"seed_played":"6393979079514077116","potions_obtained":[{"floor":1,"key":"SkillPotion"},{"floor":16,"key":"Fire Potion"},{"floor":18,"key":"PowerPotion"},{"floor":19,"key":"PowerPotion"},{"floor":33,"key":"Ancient Potion"},{"floor":39,"key":"DuplicationPotion"},{"floor":40,"key":"Fire Potion"},{"floor":54,"key":"Fruit Juice"}],"is_trial":false,"path_per_floor":["M","?","T","M","?","E","R","E","T","$","M","R","$","?","R","B",null,"M","M","?","$","?","R","M","R","T","E","$","E","R","?","R","B",null,"M","M","?","M","M","E","R","M","T","M","R","$","?","M","R","B",null,"R","$","E","B"],"character_chosen":"HERMIT","items_purchased":["Membership Card","Eternal Feather","Orichalcum","ClockworkSouvenir","PowerPotion","DistilledChaos","hermit:Horseshoe","Lee\u0027s Waffle","Ancient Potion"],"campfire_rested":3,"item_purchase_floors":[10,21,28,46,46,46,53,53,53],"current_hp_per_floor":[75,57,57,57,75,85,85,63,63,63,62,62,62,57,57,17,85,85,75,75,75,75,84,84,85,85,77,77,77,85,85,85,65,85,85,85,85,73,28,41,82,82,82,82,94,94,94,94,99,56,99,99,106,54,0,0],"gold":31,"neow_bonus":"THREE_ENEMY_KILL","is_daily":false,"chose_seed":false,"campfire_upgraded":7,"win_rate":0.0,"timestamp":1610657829,"path_taken":["M","?","?","?","?","E","R","E","T","?","?","R","$","?","R","BOSS","M","M","?","$","?","R","M","R","T","E","?","E","R","?","R","BOSS","M","?","?","M","?","E","R","M","T","M","R","$","?","M","R","BOSS","R","$","E","BOSS"],"items_purchased_type":["Relic","Relic","Relic","Relic","Potion","Potion","Relic","Relic","Potion"],"build_version":"2020-12-22","purchased_purges":2,"victory":false,"max_hp_per_floor":[75,75,75,75,75,85,85,85,85,85,85,85,85,85,85,85,85,85,85,85,85,85,85,85,85,85,85,85,85,85,85,85,85,85,85,85,85,85,85,99,99,99,99,99,99,99,99,99,99,99,99,99,106,111,111,111],"card_choices":[{"not_picked":["hermit:TrackingShot","hermit:WideOpen"],"picked":"hermit:Shortfuse","floor":1},{"not_picked":["hermit:Quickdraw","hermit:CalledShot"],"picked":"hermit:FlashPowder","floor":4},{"not_picked":["hermit:Gambit","hermit:Roulette","hermit:Manifest"],"picked":"SKIP","floor":6},{"not_picked":["hermit:Ricochet","hermit:Desperado","hermit:CalledShot"],"picked":"SKIP","floor":8},{"not_picked":["hermit:Misfire","hermit:TakeAim","hermit:Desperado"],"picked":"SKIP","floor":11},{"not_picked":["hermit:FinalCanter","hermit:HighNoon"],"picked":"hermit:DeadOrAlive","floor":16},{"not_picked":["hermit:CalledShot","hermit:Desperado"],"picked":"hermit:Vantage+1","floor":18},{"not_picked":["hermit:Glare","hermit:Snipe"],"picked":"hermit:CalledShot+1","floor":19},{"not_picked":["hermit:Showdown","hermit:LowProfile+1"],"picked":"hermit:Maintenance","floor":24},{"not_picked":["hermit:HighNoon","hermit:LowProfile"],"picked":"hermit:EyeOfTheStorm+1","floor":27},{"not_picked":["hermit:Ricochet","hermit:HighCaliber+1","hermit:HoleUp"],"picked":"SKIP","floor":29},{"not_picked":["hermit:DeadOrAlive","hermit:FatalDesire"],"picked":"hermit:RoundhouseKick","floor":33},{"not_picked":[],"picked":"hermit:Virtue+1","floor":35},{"not_picked":["hermit:SprayPray"],"picked":"SKIP","floor":36},{"not_picked":[],"picked":"hermit:Dive","floor":38},{"not_picked":["hermit:Ricochet+1"],"picked":"SKIP","floor":39},{"not_picked":["hermit:Brawl"],"picked":"SKIP","floor":40},{"not_picked":["hermit:EyeOfTheStorm+1"],"picked":"SKIP","floor":42},{"not_picked":["hermit:Virtue+1"],"picked":"SKIP","floor":44},{"not_picked":["hermit:Ricochet+1"],"picked":"SKIP","floor":48},{"not_picked":["hermit:Spite"],"picked":"SKIP","floor":54}],"player_experience":159263,"relics_obtained":[{"floor":6,"key":"Pear"},{"floor":8,"key":"Ornamental Fan"},{"floor":9,"key":"Sundial"},{"floor":14,"key":"Odd Mushroom"},{"floor":26,"key":"Mercury Hourglass"},{"floor":27,"key":"Gremlin Horn"},{"floor":29,"key":"Potion Belt"},{"floor":40,"key":"Mango"},{"floor":43,"key":"Letter Opener"},{"floor":54,"key":"Mummified Hand"}],"event_choices":[{"damage_healed":0,"gold_gain":0,"player_choice":"Success","damage_taken":18,"relics_obtained":["StrikeDummy"],"max_hp_gain":0,"max_hp_loss":0,"event_name":"Scrap Ooze","floor":2,"gold_loss":0},{"damage_healed":18,"gold_gain":0,"player_choice":"Full Heal","damage_taken":0,"max_hp_gain":0,"max_hp_loss":0,"event_name":"Wheel of Change","floor":5,"gold_loss":0},{"damage_healed":0,"gold_gain":0,"player_choice":"Fought Mushrooms","damage_taken":0,"max_hp_gain":0,"max_hp_loss":0,"event_name":"Mushrooms","floor":14,"gold_loss":0},{"damage_healed":0,"gold_gain":0,"player_choice":"Ignored","damage_taken":0,"max_hp_gain":0,"max_hp_loss":0,"event_name":"Beggar","floor":20,"gold_loss":0},{"damage_healed":0,"gold_gain":0,"player_choice":"Simplicity","damage_taken":0,"max_hp_gain":0,"max_hp_loss":0,"event_name":"Back to Basics","floor":22,"gold_loss":0,"cards_upgraded":["hermit:Strike_Hermit","hermit:Strike_Hermit","hermit:Strike_Hermit","hermit:Strike_Hermit","hermit:Defend_Hermit","hermit:Defend_Hermit","hermit:Defend_Hermit","hermit:Defend_Hermit"]},{"damage_healed":0,"gold_gain":0,"player_choice":"Forge","damage_taken":0,"max_hp_gain":0,"max_hp_loss":0,"event_name":"Accursed Blacksmith","floor":31,"gold_loss":0,"cards_upgraded":["hermit:Covet"]},{"cards_removed":["hermit:Vantage"],"damage_healed":0,"gold_gain":0,"player_choice":"Gave Card","damage_taken":0,"relics_obtained":["Bronze Scales"],"max_hp_gain":0,"max_hp_loss":0,"event_name":"WeMeetAgain","floor":37,"gold_loss":0},{"damage_healed":0,"gold_gain":0,"player_choice":"Ignored","damage_taken":0,"max_hp_gain":0,"max_hp_loss":0,"event_name":"Tomb of Lord Red Mask","floor":47,"gold_loss":0}],"is_beta":false,"boss_relics":[{"not_picked":["Velvet Choker","Snecko Eye"],"picked":"Cursed Key"},{"not_picked":["Runic Pyramid","Black Star"],"picked":"Busted Crown"}],"items_purged_floors":[46,53],"is_endless":false,"potions_floor_spawned":[1,16,18,19,33,39,40,54],"killed_by":"The Heart","ascension_level":1}}