{"host":"7qf1todfnxspvw7w","time":1610622388,"event":{"mods":["AchievementEnabler","BaseMod","Block Reminder","Colored Powertips","Disable Question Mark Monsters","Displayed Cursed Tome","Googly Eyes","Minty Spire (QoL Compilation)","Poor People Problems","Rare Cards Sparkle","Relic Stats","Reorder Act Four","SacredBarkPlus","Shop Mod","StSLib","Uncapped"],"gold_per_floor":[18,30,130,143,161,161,178,178,203,73,45,65,65,100,100,198,198,210,221,68,88,25,25,25,25,25,25,39,39,52,62,62,162,162,180,180,180,27,27,52,52,65,111,130,130,130,180,215,215,215,215,165,165,204,204,204],"floor_reached":55,"language":"RUS","playtime":1996,"items_purged":["Strike_G","Die Die Die+1"],"score":700,"play_id":"e3042ea5-0420-4abc-b25b-22548d131474","local_time":"20210114140628","is_ascension_mode":false,"campfire_choices":[{"data":"Mayhem","floor":6,"key":"SMITH"},{"floor":15,"key":"REST"},{"data":"Envenom","floor":23,"key":"SMITH"},{"data":"Storm of Steel","floor":27,"key":"SMITH"},{"data":"Cloak And Dagger","floor":29,"key":"SMITH"},{"floor":32,"key":"REST"},{"data":"Backstab","floor":41,"key":"SMITH"},{"data":"After Image","floor":46,"key":"SMITH"},{"floor":49,"key":"RECALL"},{"data":"Infinite Blades","floor":53,"key":"SMITH"}],"circlet_count":0,"master_deck":["Strike_G","Strike_G","Strike_G","Strike_G","Defend_G","Defend_G","Defend_G","Defend_G","Defend_G","Survivor","Neutralize+1","Mayhem+1","Footwork+1","Cloak And Dagger+1","Storm of Steel+1","Envenom+1","Infinite Blades+1","Backstab+1","Noxious Fumes+1","Blade Dance+1","Adrenaline+1","After Image+1","Flying Knee+1","Blind+1","Blur+1","Backstab+1"],"relics":["Ring of the Snake","MealTicket","Smiling Mask","WristBlade","Tiny Chest","Toxic Egg 2","Bottled Tornado","Sozu","Vajra","Dream Catcher","CeramicFish","Prayer Wheel","Ornamental Fan","Pen Nib"],"acts_visited":["Exordium","TheCity","TheBeyond","TheEnding"],"potions_floor_usage":[14,16,16,33,48,50],"damage_taken":[{"damage":0,"enemies":"Small Slimes","floor":1,"turns":3},{"damage":11,"enemies":"Cultist","floor":2,"turns":5},{"damage":0,"enemies":"2 Louse","floor":4,"turns":4},{"damage":5,"enemies":"Blue Slaver","floor":5,"turns":6},{"damage":19,"enemies":"Large Slime","floor":7,"turns":10},{"damage":7,"enemies":"Exordium Thugs","floor":12,"turns":6},{"damage":14,"enemies":"Gremlin Nob","floor":14,"turns":6},{"damage":24,"enemies":"Hexaghost","floor":16,"turns":17},{"damage":6,"enemies":"Spheric Guardian","floor":18,"turns":5},{"damage":24,"enemies":"3 Byrds","floor":19,"turns":7},{"damage":4,"enemies":"Centurion and Healer","floor":21,"turns":9},{"damage":9,"enemies":"Chosen and Byrds","floor":28,"turns":5},{"damage":8,"enemies":"Snecko","floor":30,"turns":6},{"damage":0,"enemies":"3 Cultists","floor":31,"turns":4},{"damage":26,"enemies":"Collector","floor":33,"turns":8},{"damage":12,"enemies":"3 Shapes","floor":35,"turns":3},{"damage":23,"enemies":"Reptomancer","floor":40,"turns":6},{"damage":1,"enemies":"Orb Walker","floor":42,"turns":2},{"damage":19,"enemies":"4 Shapes","floor":44,"turns":6},{"damage":2,"enemies":"Mind Bloom Boss Battle","floor":47,"turns":6},{"damage":0,"enemies":"Giant Head","floor":48,"turns":8},{"damage":52,"enemies":"Awakened One","floor":50,"turns":14},{"damage":48,"enemies":"Shield and Spear","floor":54,"turns":6},{"damage":59,"enemies":"The Heart","floor":55,"turns":5}],"seed_played":"7576755379879684318","potions_obtained":[{"floor":1,"key":"DistilledChaos"},{"floor":4,"key":"Weak Potion"},{"floor":5,"key":"SkillPotion"},{"floor":14,"key":"AttackPotion"},{"floor":28,"key":"SpeedPotion"},{"floor":31,"key":"Weak Potion"}],"is_trial":false,"path_per_floor":["M","M","?","M","M","R","M","?","T","$","?","M","?","E","R","B",null,"M","M","$","M","?","R","$","T","T","R","M","R","M","M","R","B",null,"M","?","?","$","T","E","R","M","T","M","?","R","?","E","R","B",null,"$","R","E","B"],"character_chosen":"THE_SILENT","items_purchased":["Cloak And Dagger","Die Die Die","Infinite Blades","Backstab","Vajra"],"campfire_rested":2,"item_purchase_floors":[10,10,20,20,38],"current_hp_per_floor":[70,59,59,59,54,54,35,35,35,50,50,43,29,15,36,12,70,64,40,55,51,51,51,66,66,66,66,57,57,49,49,70,44,70,58,58,58,66,66,43,43,42,42,23,58,58,56,56,56,4,58,58,58,10,0,0],"gold":204,"neow_bonus":"RANDOM_COLORLESS_2","is_daily":false,"chose_seed":false,"campfire_upgraded":7,"win_rate":0.0,"timestamp":1610622388,"path_taken":["M","M","?","M","?","R","M","?","T","$","?","M","?","E","R","BOSS","M","M","$","M","?","R","$","?","T","R","M","R","M","M","R","BOSS","M","?","?","$","?","E","R","?","T","M","?","R","?","E","R","BOSS","$","R","E","BOSS"],"items_purchased_type":["Card","Card","Card","Card","Relic"],"build_version":"2020-12-22","purchased_purges":2,"victory":false,"max_hp_per_floor":[70,70,70,70,70,70,70,70,70,70,70,70,70,70,70,70,70,70,70,70,70,70,70,70,70,70,70,70,70,70,70,70,70,70,70,70,66,66,66,66,66,66,66,66,58,58,58,58,58,58,58,58,58,58,58,58],"relic_stats":{"Sozu":4,"Dream Catcher":0,"counters":[24,157],"Ornamental Fan":[108],"CeramicFish":18,"MealTicket":53,"Tiny Chest":1,"Prayer Wheel":0,"Pen Nib":[1],"Smiling Mask":75,"obtain_stats":[{"CeramicFish":40,"Vajra":38,"Pen Nib":54,"Bottled Tornado":26,"Smiling Mask":14,"Sozu":34,"Dream Catcher":39,"WristBlade":17,"Ornamental Fan":48,"MealTicket":9,"Tiny Chest":22,"Prayer Wheel":47,"Toxic Egg 2":25,"Ring of the Snake":0},{"CeramicFish":17,"Vajra":16,"Pen Nib":23,"Bottled Tornado":11,"Smiling Mask":7,"Sozu":15,"Dream Catcher":16,"WristBlade":8,"Ornamental Fan":21,"MealTicket":5,"Tiny Chest":11,"Prayer Wheel":20,"Toxic Egg 2":11,"Ring of the Snake":0},{"CeramicFish":110,"Vajra":104,"Pen Nib":152,"Bottled Tornado":78,"Smiling Mask":40,"Sozu":101,"Dream Catcher":104,"WristBlade":57,"Ornamental Fan":132,"MealTicket":28,"Tiny Chest":78,"Prayer Wheel":124,"Toxic Egg 2":78,"Ring of the Snake":0}],"Ring of the Snake":[48]},"card_choices":[{"not_picked":["Panache","Master of Strategy"],"picked":"Mayhem","floor":0},{"not_picked":["Acrobatics","Riddle With Holes"],"picked":"Footwork","floor":1},{"not_picked":["Escape Plan","Slice","Sucker Punch"],"picked":"SKIP","floor":2},{"not_picked":["Flechettes","Finisher","Poisoned Stab"],"picked":"SKIP","floor":4},{"not_picked":["Night Terror","Acrobatics","Dagger Throw"],"picked":"SKIP","floor":5},{"not_picked":["Sucker Punch","Dagger Throw","Dodge and Roll"],"picked":"SKIP","floor":7},{"not_picked":["Riddle With Holes","Prepared","Catalyst"],"picked":"SKIP","floor":12},{"not_picked":["Burst","Cloak And Dagger"],"picked":"Storm of Steel","floor":14},{"not_picked":["Phantasmal Killer","Unload"],"picked":"Envenom","floor":16},{"not_picked":["Acrobatics","Choke","Outmaneuver"],"picked":"SKIP","floor":18},{"not_picked":["Dagger Spray","Choke","Dodge and Roll"],"picked":"SKIP","floor":19},{"not_picked":["Sucker Punch","Dagger Throw","Quick Slash"],"picked":"SKIP","floor":21},{"not_picked":["Dagger Spray","Reflex+1"],"picked":"Noxious Fumes+1","floor":28},{"not_picked":["Flying Knee","Heel Hook+1"],"picked":"Blade Dance+1","floor":30},{"not_picked":["Flying Knee","Escape Plan+1"],"picked":"Adrenaline+1","floor":31},{"not_picked":["Envenom","Malaise+1"],"picked":"After Image","floor":33},{"not_picked":["Slice","PiercingWail+1"],"picked":"Flying Knee+1","floor":35},{"not_picked":["The Bomb+1","Panache"],"picked":"Blind+1","floor":36},{"not_picked":["Endless Agony","Terror+1","Choke+1"],"picked":"SKIP","floor":40},{"not_picked":["Noxious Fumes","Predator+1","Deadly Poison+1"],"picked":"SKIP","floor":42},{"not_picked":["Dash+1","Deadly Poison+1"],"picked":"Blur+1","floor":44},{"not_picked":["Slice","PiercingWail+1","Choke+1"],"picked":"SKIP","floor":48},{"not_picked":["Blade Dance+1","Deadly Poison+1"],"picked":"Backstab+1","floor":54}],"player_experience":509118,"relics_obtained":[{"floor":9,"key":"MealTicket"},{"floor":14,"key":"Smiling Mask"},{"floor":25,"key":"Toxic Egg 2"},{"floor":26,"key":"Bottled Tornado"},{"floor":39,"key":"Dream Catcher"},{"floor":40,"key":"CeramicFish"},{"floor":47,"key":"Prayer Wheel"},{"floor":48,"key":"Ornamental Fan"},{"floor":54,"key":"Pen Nib"}],"event_choices":[{"damage_healed":0,"gold_gain":100,"player_choice":"Pray","damage_taken":0,"max_hp_gain":0,"max_hp_loss":0,"event_name":"Golden Shrine","floor":3,"gold_loss":0},{"damage_healed":0,"gold_gain":0,"player_choice":"Grow","damage_taken":0,"max_hp_gain":0,"max_hp_loss":0,"event_name":"Living Wall","floor":8,"gold_loss":0,"cards_upgraded":["Neutralize"]},{"damage_healed":0,"gold_gain":0,"player_choice":"Left Gold","damage_taken":0,"max_hp_gain":0,"max_hp_loss":0,"event_name":"World of Goop","floor":11,"gold_loss":28},{"damage_healed":0,"gold_gain":0,"player_choice":"Entered Light","damage_taken":14,"max_hp_gain":0,"max_hp_loss":0,"event_name":"Shining Light","floor":13,"gold_loss":0,"cards_upgraded":["Footwork","Die Die Die"]},{"damage_healed":0,"gold_gain":0,"player_choice":"Paid Gold","damage_taken":0,"relics_obtained":["Tiny Chest"],"max_hp_gain":0,"max_hp_loss":0,"event_name":"WeMeetAgain","floor":22,"gold_loss":63},{"damage_healed":0,"gold_gain":0,"player_choice":"Memory 1","damage_taken":0,"max_hp_gain":0,"max_hp_loss":0,"event_name":"SensoryStone","floor":36,"gold_loss":0},{"damage_healed":0,"gold_gain":0,"player_choice":"Max HP","damage_taken":0,"max_hp_gain":0,"max_hp_loss":4,"event_name":"Winding Halls","floor":37,"gold_loss":0},{"damage_healed":58,"gold_gain":0,"player_choice":"Heal","damage_taken":0,"max_hp_gain":0,"max_hp_loss":8,"event_name":"The Moai Head","floor":45,"gold_loss":0},{"damage_healed":0,"gold_gain":0,"player_choice":"Fight","damage_taken":0,"max_hp_gain":0,"max_hp_loss":0,"event_name":"MindBloom","floor":47,"gold_loss":0}],"is_beta":false,"boss_relics":[{"not_picked":["Fusion Hammer","Philosopher\u0027s Stone"],"picked":"WristBlade"},{"not_picked":["Black Star","Empty Cage"],"picked":"Sozu"}],"items_purged_floors":[20,52],"is_endless":false,"potions_floor_spawned":[1,4,5,14,28,31,40,42,47,54],"killed_by":"The Heart","ascension_level":0}}