{"host":"z9grmtg2w0nmz8n1","time":1610602962,"event":{"gold_per_floor":[115,115,115,170,225,270,195,226,251,251,266,266,300,300,300,396,396,413,430,430,442,460,489,507,532,532,229,258,258,269,283,283,378,378,391,401,94,145,164,199,216,236,261,295,295,295,330,346,346,346,346,346,49,75,75],"floor_reached":56,"playtime":4075,"items_purged":["Doubt","Runesmith:Strike_RS","Runesmith:Strike_RS","Runesmith:Strike_RS","Parasite"],"score":1602,"play_id":"2b567f65-9055-48c2-b583-80d9220ad503","local_time":"20210114034242","is_ascension_mode":true,"campfire_choices":[{"floor":10,"key":"RECALL"},{"floor":12,"key":"REST"},{"floor":15,"key":"REST"},{"data":"Runesmith:LithiumIon","floor":29,"key":"SMITH"},{"data":"Runesmith:Strike_RS","floor":32,"key":"PURGE"},{"data":"Runesmith:Attraction","floor":45,"key":"SMITH"},{"data":"Runesmith:LithiumIon","floor":49,"key":"SMITH"},{"data":"Runesmith:PoweredAnvil","floor":52,"key":"SMITH"}],"neow_cost":"NONE","seed_source_timestamp":1662345560446600,"circlet_count":0,"master_deck":["Runesmith:Defend_RS","Runesmith:Defend_RS","Runesmith:Defend_RS","Runesmith:Defend_RS","Runesmith:CraftFirestone+1","Runesmith:Fortify","Runesmith:Firestorm","Runesmith:CraftIncendium","Runesmith:PoweredAnvil+1","Runesmith:RuneHurl+1","Runesmith:Grindstone","Runesmith:Grindstone+1","Runesmith:LithiumIon+1","Runesmith:Attraction+1","Runesmith:Grindstone","Runesmith:LithiumIon+1","Runesmith:CraftMagma","Runesmith:Firewall","Pot Of Greed","Pot Of Greed","Runesmith:ChiselStab+1","Decay"],"relics":["Runesmith:BrokenRuby","ReplayTheSpireMod:Ring of Addiction","ReplayTheSpireMod:Ring of Challenge","Toy Ornithopter","Potion Belt","Replay:Rubber Ducky","aspiration:FrozenJewel","CCEMRelics:Pendulum","aspiration:MobileForge","jedi:crownofsimplicity","Nunchaku","hubris:MysteriousPyramids","halation:Toothbrush","Letter Opener","Gremlin Food","jedi:hotpepper","jedi:kaleidoscope","CatCart","Orichalcum","CCEMRelics:FestiveHat","Grinning Jar","hubris:Towel","ReplayTheSpireMod:TigerMarble","Calipers","Whetstone"],"potions_floor_usage":[4,6,6,6,6,8,19,23,25,30,36,41,47,47,55],"damage_taken":[{"damage":5,"enemies":"Jaw Worm","floor":1,"turns":3},{"damage":0,"enemies":"2 Louse","floor":4,"turns":4},{"damage":9,"enemies":"Small Slimes","floor":5,"turns":5},{"damage":40,"enemies":"3 Sentries","floor":6,"turns":11},{"damage":5,"enemies":"Lagavulin","floor":8,"turns":6},{"damage":0,"enemies":"3 Louse","floor":11,"turns":4},{"damage":14,"enemies":"3 Sentries","floor":13,"turns":6},{"damage":10,"enemies":"Hexaghost","floor":16,"turns":10},{"damage":0,"enemies":"3 Byrds","floor":18,"turns":6},{"damage":9,"enemies":"2 Thieves","floor":19,"turns":5},{"damage":0,"enemies":"Snake Plant","floor":21,"turns":4},{"damage":5,"enemies":"Centurion and Healer","floor":22,"turns":5},{"damage":2,"enemies":"Replay:Snechameleon","floor":23,"turns":5},{"damage":7,"enemies":"Snecko","floor":24,"turns":5},{"damage":0,"enemies":"Slavers","floor":25,"turns":5},{"damage":0,"enemies":"HollowMod:Nosk","floor":28,"turns":5},{"damage":0,"enemies":"Chosen and Byrds","floor":30,"turns":5},{"damage":0,"enemies":"Centurion and Healer","floor":31,"turns":5},{"damage":0,"enemies":"Automaton","floor":33,"turns":6},{"damage":0,"enemies":"3 Darklings","floor":35,"turns":3},{"damage":0,"enemies":"Orb Walker","floor":36,"turns":3},{"damage":0,"enemies":"Orin","floor":38,"turns":7},{"damage":0,"enemies":"Writhing Mass","floor":39,"turns":5},{"damage":0,"enemies":"Giant Head","floor":40,"turns":6},{"damage":0,"enemies":"Jaw Worm Horde","floor":41,"turns":3},{"damage":0,"enemies":"4 Shapes","floor":42,"turns":3},{"damage":1,"enemies":"Nemesis","floor":44,"turns":4},{"damage":0,"enemies":"Reptomancer","floor":47,"turns":5},{"damage":0,"enemies":"3 Darklings","floor":48,"turns":4},{"damage":11,"enemies":"Time Eater","floor":50,"turns":6},{"damage":5,"enemies":"Shield and Spear","floor":54,"turns":4},{"damage":23,"enemies":"The Heart","floor":55,"turns":10}],"seed_played":"5622696831632011769","potions_obtained":[{"floor":1,"key":"BlessingOfTheForge"},{"floor":2,"key":"Dexterity Potion"},{"floor":2,"key":"Weak Potion"},{"floor":2,"key":"sneckomod:MuddlingPotion"},{"floor":5,"key":"Toxic Potion"},{"floor":6,"key":"GamblersBrew"},{"floor":18,"key":"Slimebound:ThreeZeroPotion"},{"floor":19,"key":"LiquidBronze"},{"floor":24,"key":"FearPotion"},{"floor":25,"key":"SpeedPotion"},{"floor":31,"key":"jedi:wingpotion"},{"floor":35,"key":"Explosive Potion"},{"floor":36,"key":"Elixir"},{"floor":39,"key":"Swift Potion"},{"floor":42,"key":"Dexterity Potion"},{"floor":44,"key":"jedi:StrikingPotion"}],"is_trial":false,"path_per_floor":["M","?","?","M","M","E","$","E","T","R","M","R","E","?","R","B",null,"M","M","?","M","M","E","M","E","T","$","E","R","M","M","R_BF","B",null,"M","M","$","?","M","E","M","M","T","E","R","?","E","M","R","B",null,"R","$","E","B",null],"character_chosen":"RUNESMITH_CLASS","items_purchased":["Runesmith:LithiumIon","jedi:kaleidoscope","Calipers"],"campfire_rested":2,"item_purchase_floors":[27,37,53],"current_hp_per_floor":[65,65,70,70,61,30,30,30,30,30,30,50,36,36,55,45,66,64,55,55,55,50,53,46,51,51,57,57,57,62,62,65,65,50,50,50,52,52,52,50,50,50,50,49,48,48,48,48,48,37,46,46,45,38,20],"gold":75,"neow_bonus":"RANDOM_EVENT","is_prod":false,"is_daily":false,"chose_seed":false,"campfire_upgraded":4,"win_rate":0,"timestamp":1610602962,"path_taken":["M","?","?","M","M","E","$","E","T","R","M","R","E","?","R","BOSS","M","M","?","M","M","E","M","E","T","$","E","R","M","M","R_BF","BOSS","M","M","$","?","M","E","M","M","T","E","R","?","E","M","R","BOSS","R","$","E","BOSS"],"build_version":"2020-12-22","purchased_purges":5,"victory":true,"max_hp_per_floor":[70,70,70,70,70,70,70,70,70,70,70,68,68,68,66,66,66,64,64,64,64,64,62,62,62,62,68,68,66,66,66,69,69,50,50,50,52,52,52,50,50,50,50,50,48,48,48,48,48,48,46,46,45,43,43],"card_choices":[{"not_picked":["Runesmith:FrozenChisel","Runesmith:GoWithTheFlow"],"picked":"Runesmith:Firestorm","floor":1},{"not_picked":["Runesmith:HeatedChisel","Runesmith:BackupBattery"],"picked":"Runesmith:CraftIncendium","floor":4},{"not_picked":["Runesmith:Attraction","Runesmith:Discharge"],"picked":"Runesmith:PoweredAnvil","floor":5},{"not_picked":["Runesmith:DoubleUp","Runesmith:ShiftingStrike"],"picked":"Runesmith:RuneHurl","floor":6},{"not_picked":["Runesmith:CraftObretio","Runesmith:Prism","Runesmith:RunicBlueprint"],"picked":"SKIP","floor":8},{"not_picked":["Runesmith:Repurpose","Runesmith:UnstableHammer","Runesmith:Empowerment"],"picked":"SKIP","floor":11},{"not_picked":["Runesmith:Reinforce","Runesmith:CraftProtectio"],"picked":"Runesmith:Grindstone","floor":13},{"not_picked":["Runesmith:StaticCage","Runesmith:EnergizedChisel+1"],"picked":"Runesmith:Grindstone+1","floor":18},{"not_picked":["Runesmith:Terraform+1","Runesmith:HammerThrow"],"picked":"Runesmith:LithiumIon","floor":19},{"not_picked":["Runesmith:Reinforce","Runesmith:ShiftingStrike","Runesmith:Discharge"],"picked":"SKIP","floor":21},{"not_picked":["Runesmith:StaticCage+1","Runesmith:EarthShield"],"picked":"Runesmith:Attraction","floor":22},{"not_picked":["Runesmith:Electrocute","Runesmith:NegativeSpace","Runesmith:BackupBattery"],"picked":"SKIP","floor":23},{"not_picked":["Runesmith:FieryHammer","Runesmith:ChiselStab","Runesmith:CraftProtectio"],"picked":"SKIP","floor":24},{"not_picked":["Runesmith:EnergizedChisel","Runesmith:MakeshiftArmor"],"picked":"Runesmith:Grindstone","floor":25},{"not_picked":["Runesmith:EarthShield","Runesmith:RunicBlueprint"],"picked":"Runesmith:CraftMagma","floor":28},{"not_picked":["Runesmith:UnstableHammer+1","aspiration:UnbridledHammer","Runesmith:HammerAndChisel"],"picked":"SKIP","floor":30},{"not_picked":["Runesmith:Overpower+1","Runesmith:Prism","Runesmith:CraftObretio"],"picked":"SKIP","floor":31},{"not_picked":["Runesmith:RuneHurl","Runesmith:NanitesCloud","Runesmith:Reinforce"],"picked":"SKIP","floor":35},{"not_picked":["Runesmith:CraftVitae+1","Runesmith:RunicBlueprint","Runesmith:CraftReservo"],"picked":"SKIP","floor":36},{"not_picked":["Runesmith:Discharge+1","Runesmith:StaticCage","Runesmith:WhiteBalance+1"],"picked":"SKIP","floor":39},{"not_picked":["Runesmith:CreatorForm","Runesmith:LightningRod","Runesmith:HammerThrow"],"picked":"SKIP","floor":40},{"not_picked":["Runesmith:HeatExchange+1","Runesmith:HammerThrow","Runesmith:GoWithTheFlow"],"picked":"SKIP","floor":41},{"not_picked":["Runesmith:UnstableHammer+1","Runesmith:RuneHurl+1"],"picked":"Runesmith:Firewall","floor":42},{"not_picked":["Runesmith:Overpower+1","Runesmith:HeatExchange"],"picked":"Runesmith:ChiselStab+1","floor":44},{"not_picked":["expansioncontent:CaCaw+1","Replay:SS_fish_3+1","expansioncontent:GoopSpray+1"],"picked":"SKIP","floor":44},{"not_picked":["PanicButton+1","expansioncontent:YouAreMine+1","ReplayTheSpireMod:Trickstab+1"],"picked":"SKIP","floor":47},{"not_picked":["Runesmith:GrandSlam","Runesmith:HeatedChisel+1","Runesmith:Firewall+1"],"picked":"SKIP","floor":47},{"not_picked":["Replay:Sssssssssshield+1","Sadistic Nature+1","expansioncontent:StudyTheSpire+1"],"picked":"SKIP","floor":48},{"not_picked":["Runesmith:BackupBattery","Runesmith:Overpower","Runesmith:Repurpose+1"],"picked":"SKIP","floor":48},{"not_picked":["Runesmith:ShiftingStrike+1","Runesmith:CraftIncendium","Runesmith:EarthShield+1"],"picked":"SKIP","floor":54}],"player_experience":861213,"relics_obtained":[{"floor":2,"key":"ReplayTheSpireMod:Ring of Addiction"},{"floor":2,"key":"ReplayTheSpireMod:Ring of Challenge"},{"floor":2,"key":"Toy Ornithopter"},{"floor":2,"key":"Potion Belt"},{"floor":6,"key":"Replay:Rubber Ducky"},{"floor":8,"key":"aspiration:FrozenJewel"},{"floor":13,"key":"CCEMRelics:Pendulum"},{"floor":19,"key":"jedi:crownofsimplicity"},{"floor":23,"key":"hubris:MysteriousPyramids"},{"floor":25,"key":"halation:Toothbrush"},{"floor":26,"key":"Letter Opener"},{"floor":28,"key":"Gremlin Food"},{"floor":38,"key":"CatCart"},{"floor":40,"key":"Orichalcum"},{"floor":43,"key":"CCEMRelics:FestiveHat"},{"floor":44,"key":"Grinning Jar"},{"floor":47,"key":"ReplayTheSpireMod:TigerMarble"},{"floor":54,"key":"Whetstone"}],"event_choices":[{"damage_healed":0,"gold_gain":0,"player_choice":"Grow","damage_taken":0,"max_hp_gain":0,"max_hp_loss":0,"event_name":"Living Wall","floor":0,"gold_loss":0,"cards_upgraded":["Runesmith:CraftFirestone"]},{"damage_healed":0,"gold_gain":0,"player_choice":"Ignored","damage_taken":300,"max_hp_gain":0,"max_hp_loss":0,"event_name":"betterThird:BetterSerpent","floor":14,"gold_loss":0},{"damage_healed":0,"gold_gain":0,"player_choice":"Fight","damage_taken":0,"max_hp_gain":0,"max_hp_loss":0,"event_name":"OrinTheCat","floor":38,"gold_loss":0}],"is_beta":false,"boss_relics":[{"not_picked":["Replay:Ancient Bell","Cursed Key"],"picked":"aspiration:MobileForge"},{"not_picked":["hubris:TerracottaHorce","ReplayTheSpireMod:DimensionalGlitch"],"picked":"jedi:hotpepper"}],"items_purged_floors":[7,27,27,37,53],"is_endless":false,"potions_floor_spawned":[1,5,6,18,19,24,25,31,35,36,39,42,44],"ascension_level":1}}