{"host":"j0tja808rg8hkg8v","time":1610666490,"event":{"mods":["Aspiration","BaseMod","Colored Powertips","Downfall","Energized Spire","Hermit","Infinite Spire","Ironclad Rager","Magitek Elite","Minty Spire (QoL Compilation)","Relic Stats","Replay The Spire","StSLib","The Bladedancer","The Cursed","The Disciple","The Runesmith"],"gold_per_floor":[116,116,131,142,152,152,26,26,26,26,58,233,253,263,324,324,324,340,176,186,186,200,200,228,228,228],"floor_reached":25,"language":"ENG","playtime":2276,"items_purged":["blademaster:Defend","Doubt"],"score":245,"play_id":"e630cdd4-f130-4202-a269-6966a6f1089f","local_time":"20210114232130","is_ascension_mode":true,"campfire_choices":[{"floor":6,"key":"REST"},{"data":"blademaster:FuriousStrike","floor":10,"key":"SMITH"},{"floor":23,"key":"REST"}],"circlet_count":0,"master_deck":["blademaster:Strike","blademaster:Strike","blademaster:Strike","blademaster:Defend","blademaster:RagingBlow+1","blademaster:HighVoltage","blademaster:FlockOfBlades","blademaster:Cut","blademaster:DaggerAndCloak","blademaster:Momentum","blademaster:TraverseCut","blademaster:FuriousStrike+1","Terror","aspiration:Lunge","Prepared","blademaster:ChargingUp","blademaster:Thrust+1","blademaster:LeechingStrike+1","blademaster:AspectOfLightning","blademaster:Frontflip","Writhe","blademaster:WindSlash+1","blademaster:Hailwind+1","blademaster:DaggerAndCloak","blademaster:Quickstep","blademaster:AwakeningDefend+1","blademaster:LeechingStrike+1","blademaster:DragonStrike+1"],"relics":["blademaster:DancersAmulet","ReplayTheSpireMod:Lightbulb","Molten Egg 2","Replay:Baseball","energizedSpire:RedRose","ReplayTheSpireMod:CursedCoin","Happy Flower"],"acts_visited":["Exordium","TheCity"],"potions_floor_usage":[11,13,15,16,24,25],"damage_taken":[{"damage":12,"enemies":"Small Slimes","floor":1,"turns":5},{"damage":0,"enemies":"Cultist","floor":3,"turns":4},{"damage":0,"enemies":"2 Louse","floor":4,"turns":2},{"damage":23,"enemies":"Large Slime","floor":5,"turns":10},{"damage":13,"enemies":"3 Sentries","floor":11,"turns":6},{"damage":0,"enemies":"Lots of Slimes","floor":13,"turns":1},{"damage":0,"enemies":"3 Louse","floor":14,"turns":1},{"damage":13,"enemies":"3 Sentries","floor":15,"turns":6},{"damage":30,"enemies":"Fading Forest","floor":16,"turns":11},{"damage":31,"enemies":"Shell Parasite","floor":18,"turns":4},{"damage":33,"enemies":"3 Byrds","floor":20,"turns":3},{"damage":10,"enemies":"Cultist and Chosen","floor":22,"turns":4},{"damage":47,"enemies":"Replay:Snechameleon","floor":24,"turns":8},{"damage":10,"enemies":"Centurion and Healer","floor":25,"turns":1}],"seed_played":"-1882945201064214000","potions_obtained":[{"floor":1,"key":"Swift Potion"},{"floor":4,"key":"LiquidBronze"},{"floor":11,"key":"sneckomod:MuddlingPotion"},{"floor":13,"key":"Block Potion"},{"floor":22,"key":"AttackPotion"},{"floor":24,"key":"Strength Potion"}],"is_trial":false,"path_per_floor":["M","?","M","M","M","R","$","?","T","R","E","?","M","M","R","B",null,"M","$","M","?","M","R","E","M"],"character_chosen":"THE_BLADEMASTER","items_purchased":["blademaster:FuriousStrike","ReplayTheSpireMod:CursedCoin","blademaster:WindSlash+1","blademaster:Hailwind+1","blademaster:DaggerAndCloak","blademaster:Quickstep"],"campfire_rested":2,"item_purchase_floors":[7,19,19,19,19,19],"current_hp_per_floor":[63,63,63,63,40,62,62,62,62,62,49,49,49,49,41,21,75,44,44,11,36,31,53,6,0,0],"gold":228,"neow_bonus":"ONE_RANDOM_RARE_CARD","is_daily":false,"chose_seed":false,"campfire_upgraded":1,"win_rate":0.0,"timestamp":1610666490,"path_taken":["M","?","M","M","?","R","$","?","T","R","E","?","M","M","R","BOSS","M","$","M","?","M","R","E","M"],"items_purchased_type":["Card","Relic","Card","Card","Card","Card"],"build_version":"2020-12-22","purchased_purges":2,"victory":false,"max_hp_per_floor":[75,75,75,75,75,75,75,75,75,75,75,75,75,75,75,75,75,75,75,75,75,75,75,75,75,75],"relic_stats":{"Happy Flower":[0],"counters":[14,66],"obtain_stats":[{"energizedSpire:RedRose":17,"Replay:Baseball":15,"Happy Flower":24,"ReplayTheSpireMod:CursedCoin":19,"blademaster:FuryEveryTurnPerk":24,"blademaster:BonusFuryPerk":15,"Molten Egg 2":11,"blademaster:DancersAmulet":0,"blademaster:DextrousPerk":11,"ReplayTheSpireMod:Lightbulb":9},{"energizedSpire:RedRose":9,"Replay:Baseball":8,"Happy Flower":13,"ReplayTheSpireMod:CursedCoin":10,"blademaster:FuryEveryTurnPerk":13,"blademaster:BonusFuryPerk":8,"Molten Egg 2":5,"blademaster:DancersAmulet":0,"blademaster:DextrousPerk":5,"ReplayTheSpireMod:Lightbulb":4},{"energizedSpire:RedRose":46,"Replay:Baseball":35,"Happy Flower":65,"ReplayTheSpireMod:CursedCoin":50,"blademaster:FuryEveryTurnPerk":65,"blademaster:BonusFuryPerk":35,"Molten Egg 2":27,"blademaster:DancersAmulet":0,"blademaster:DextrousPerk":27,"ReplayTheSpireMod:Lightbulb":21}]},"card_choices":[{"not_picked":["blademaster:AirSlash","blademaster:Bloodbath"],"picked":"blademaster:Cut","floor":1},{"not_picked":["blademaster:LightningCrash","blademaster:ThunderSlash"],"picked":"blademaster:DaggerAndCloak","floor":3},{"not_picked":["blademaster:CloudOfSteel","blademaster:BloodyBlow"],"picked":"blademaster:Momentum","floor":4},{"not_picked":["blademaster:Thrust","blademaster:Blockade"],"picked":"blademaster:TraverseCut","floor":5},{"not_picked":["blademaster:KiBarrier","blademaster:Vortex+1"],"picked":"blademaster:ChargingUp","floor":11},{"not_picked":["blademaster:UnrelentingWind","blademaster:BloodyBlow+1"],"picked":"blademaster:Thrust+1","floor":13},{"not_picked":["blademaster:BloodyBlow+1","blademaster:Frontflip"],"picked":"blademaster:LeechingStrike+1","floor":14},{"not_picked":["blademaster:BloodyBlow+1","blademaster:AwakeningStrike+1"],"picked":"blademaster:AspectOfLightning","floor":15},{"not_picked":["blademaster:Cut+1","blademaster:Thrust+1"],"picked":"blademaster:Frontflip","floor":18},{"not_picked":["blademaster:AspectOfLightning","blademaster:AspectOfWind"],"picked":"blademaster:AwakeningDefend+1","floor":20},{"not_picked":["blademaster:Thrust+1","blademaster:Sunder+1"],"picked":"blademaster:LeechingStrike+1","floor":22},{"not_picked":["blademaster:Stormstrike+1","blademaster:Stability"],"picked":"blademaster:DragonStrike+1","floor":24}],"player_experience":50075,"relics_obtained":[{"floor":9,"key":"ReplayTheSpireMod:Lightbulb"},{"floor":11,"key":"Molten Egg 2"},{"floor":11,"key":"blademaster:DextrousPerk"},{"floor":15,"key":"Replay:Baseball"},{"floor":15,"key":"blademaster:BonusFuryPerk"},{"floor":24,"key":"Happy Flower"},{"floor":24,"key":"blademaster:FuryEveryTurnPerk"}],"event_choices":[{"damage_healed":0,"gold_gain":0,"player_choice":"Forge","damage_taken":0,"max_hp_gain":0,"max_hp_loss":0,"event_name":"Accursed Blacksmith","floor":2,"gold_loss":0,"cards_upgraded":["blademaster:RagingBlow"]},{"damage_healed":0,"gold_gain":175,"player_choice":"AGREE","damage_taken":0,"max_hp_gain":0,"max_hp_loss":0,"event_name":"Liars Game","floor":12,"gold_loss":0,"cards_obtained":["Doubt"]},{"damage_healed":0,"gold_gain":0,"player_choice":"Searched \u00272\u0027 times","damage_taken":0,"max_hp_gain":0,"max_hp_loss":0,"event_name":"Dead Adventurer","floor":15,"gold_loss":0},{"damage_healed":25,"gold_gain":0,"player_choice":"Heal","damage_taken":0,"max_hp_gain":0,"max_hp_loss":0,"event_name":"The Library","floor":21,"gold_loss":0}],"is_beta":false,"boss_relics":[{"not_picked":["SacredBark","Philosopher\u0027s Stone"],"picked":"energizedSpire:RedRose"}],"items_purged_floors":[7,19],"is_endless":false,"potions_floor_spawned":[1,4,11,13,22,24],"killed_by":"Centurion and Healer","ascension_level":2}}