{"host":"56ghxnzsglgdq727","time":1610636303,"event":{"mods":["AchievementEnabler","BaseMod","Downfall","Duelist Mod","Minty Spire (QoL Compilation)","Rare Cards Sparkle","StSLib","The Bug Knight","The Exalted","The Senshi","The Wild Card"],"gold_per_floor":[137,137,89,102,125,125,155,280,280,180,180,180],"floor_reached":11,"language":"ENG","playtime":331,"items_purged":["theDuelist:CastleWalls","theDuelist:CastleWalls"],"score":83,"play_id":"f2b0b958-85b0-4589-b2a5-14f49be6dcb3","local_time":"20210114095823","is_ascension_mode":true,"campfire_choices":[{"data":"theDuelist:ObeliskTormentor","floor":6,"key":"SMITH"}],"circlet_count":0,"master_deck":["theDuelist:ArchfiendSoldier","theDuelist:ArchfiendSoldier","theDuelist:CastleWalls","theDuelist:FiendMegacyber","theDuelist:SummonedSkull","theDuelist:Sparks+1","theDuelist:ObeliskTormentor+1","theDuelist:MagicSparks+1"],"relics":["theDuelist:MillenniumPuzzle","theDuelist:CardPoolRelic","theDuelist:CardPoolBasicRelic","theDuelist:BoosterPackPoolRelic","theDuelist:CardPoolAddRelic","theDuelist:CardPoolMinusRelic","theDuelist:CardPoolSaveRelic","theDuelist:CardPoolOptionsRelic","theDuelist:ShopToken","Art of War","theDuelist:PointPass","Ornamental Fan"],"acts_visited":["Exordium"],"potions_floor_usage":[7,11],"damage_taken":[{"damage":2,"enemies":"2 Louse","floor":1,"turns":2},{"damage":1,"enemies":"Cultist","floor":4,"turns":3},{"damage":46,"enemies":"Lagavulin","floor":7,"turns":6},{"damage":12,"enemies":"HollowMod:MossKnight","floor":11,"turns":5}],"seed_played":"-7104057409728253872","potions_obtained":[{"floor":1,"key":"GamblersBrew"},{"floor":7,"key":"theDuelist:BurningPotion"}],"is_trial":false,"path_per_floor":["M","?","$","M","?","R","E","$","T","$","E"],"character_chosen":"THE_DUELIST","items_purchased":["theDuelist:ShopToken","theDuelist:PointPass"],"campfire_rested":0,"item_purchase_floors":[3,8],"current_hp_per_floor":[54,54,54,53,53,53,7,7,7,7,0,0],"gold":180,"neow_bonus":"ONE_RARE_RELIC","is_daily":false,"chose_seed":false,"campfire_upgraded":1,"win_rate":0.0,"timestamp":1610636303,"path_taken":["M","?","$","?","?","R","E","?","T","$","E"],"items_purchased_type":["Relic","Relic"],"build_version":"2020-12-22","purchased_purges":2,"victory":false,"max_hp_per_floor":[80,80,80,80,80,80,80,80,80,80,80,80],"card_choices":[{"not_picked":["theDuelist:GaiaMidNightSun","theDuelist:HarpieFeather","theDuelist:ForbiddenLance","theDuelist:PotForbidden"],"picked":"theDuelist:ObeliskTormentor","floor":1},{"not_picked":["theDuelist:DragonRavine","theDuelist:GalaxySoldier","theDuelist:TotemDragon","theDuelist:WhiteHornDragon"],"picked":"SKIP","floor":4},{"not_picked":["theDuelist:TwinBarrelDragon","theDuelist:CyberneticOverflow","theDuelist:Carboneddon","theDuelist:BackupSoldier","theDuelist:BlacklandFireDragon"],"picked":"SKIP","floor":7}],"player_experience":244066,"relics_obtained":[{"floor":7,"key":"Art of War"},{"floor":9,"key":"Ornamental Fan"}],"event_choices":[{"damage_healed":0,"gold_gain":0,"player_choice":"Scored: 548","duelist":true,"damage_taken":0,"max_hp_gain":0,"max_hp_loss":0,"event_name":"Visit from Anubis","floor":2,"gold_loss":0},{"damage_healed":0,"gold_gain":0,"player_choice":"Sold Archfiend Soldier for 23 Gold.","duelist":true,"damage_taken":0,"max_hp_gain":0,"max_hp_loss":0,"event_name":"Card Trader","floor":5,"gold_loss":0}],"is_beta":false,"boss_relics":[],"items_purged_floors":[8,10],"is_endless":false,"potions_floor_spawned":[1,7],"killed_by":"HollowMod:MossKnight","ascension_level":4}}