{"host":"5padt50u07xd1iby","time":1610614567,"event":{"mods":["AchievementEnabler","Aspiration","BaseMod","Colored Map","Colored Powertips","Conspire","Dark Map","Downfall","Hubris","Minty Spire (QoL Compilation)","Replay The Spire","Retaliation","Shop Mod","StSLib","SuperFastMode","The Blue Laboratory","everything is the same but u backflip on backflip"],"gold_per_floor":[112,112,112,123,6,38,144,163,187,187,213,233,233,260,260,260,260],"floor_reached":16,"language":"ENG","playtime":10858,"items_purged":[],"score":168,"play_id":"30f16736-ec5d-4061-a817-58905bdbe5a3","local_time":"20210114095607","is_ascension_mode":false,"campfire_choices":[],"circlet_count":0,"master_deck":["Strike_P","Strike_P","Strike_P","Strike_P","Defend_P","Defend_P","Defend_P","Eruption","Vigilance","CutThroughFate","Tantrum","MasterReality","MasterReality","Meditate","Replay:Battleflow","EmptyFist","Meditate","CrushJoints","CarveReality+1","Replay:Vibes"],"relics":["PureWater","Bronze Scales","Anchor","conspire:TopHat","Replay:Mystery Machine","Pen Nib","Replay:Bottled Snecko","aspiration:ChemicalBlood"],"acts_visited":["Exordium"],"potions_floor_usage":[16,16],"damage_taken":[{"damage":0.0,"enemies":"Small Slimes","floor":1.0,"turns":2.0},{"damage":1.0,"enemies":"Jaw Worm","floor":4.0,"turns":3.0},{"damage":0.0,"enemies":"Gremlin Nob","floor":6.0,"turns":2.0},{"damage":1.0,"enemies":"2 Louse","floor":8.0,"turns":2.0},{"damage":10.0,"enemies":"3 Sentries","floor":11.0,"turns":5.0},{"damage":12,"enemies":"Blue Slaver","floor":12,"turns":3},{"damage":0,"enemies":"Gremlin Nob","floor":14,"turns":2},{"damage":51,"enemies":"The Guardian","floor":16,"turns":9}],"seed_played":"3527205251057554228","potions_obtained":[{"floor":4.0,"key":"Slimebound:ThreeZeroPotion"},{"floor":8.0,"key":"BottledMiracle"},{"floor":11,"key":"Swift Potion"}],"is_trial":false,"path_per_floor":["M","?","?","M","$","E","?","M","T","?","E","M","T","E","R_BF","B"],"character_chosen":"WATCHER","items_purchased":["MasterReality"],"campfire_rested":0,"item_purchase_floors":[5],"current_hp_per_floor":[79,54,47,46,46,46,46,45,45,45,35,23,23,23,46,0,0],"gold":260,"neow_bonus":"TEN_PERCENT_HP_BONUS","is_daily":false,"chose_seed":false,"campfire_upgraded":0,"win_rate":0.0,"timestamp":1610614567,"path_taken":["M","?","?","M","?","E","?","?","T","?","E","M","?","E","R_BF","BOSS"],"items_purchased_type":["Card"],"build_version":"2020-12-22","purchased_purges":0,"victory":false,"max_hp_per_floor":[79,79,79,79,79,79,79,79,79,79,79,79,79,79,79,79,79],"card_choices":[{"not_picked":["ThirdEye","WindmillStrike"],"picked":"CutThroughFate","floor":1.0},{"not_picked":["FlyingSleeves","CrushJoints"],"picked":"Tantrum","floor":4.0},{"not_picked":["Study","DeusExMachina"],"picked":"Meditate","floor":6.0},{"not_picked":["FlurryOfBlows","SandsOfTime"],"picked":"Replay:Battleflow","floor":7.0},{"not_picked":["Protect","Fasting2"],"picked":"EmptyFist","floor":7.0},{"not_picked":["Study","Swivel"],"picked":"Meditate","floor":8.0},{"not_picked":["Evaluate","ThirdEye"],"picked":"CrushJoints","floor":11},{"not_picked":["DeceiveReality","JustLucky"],"picked":"CarveReality","floor":12},{"not_picked":["CrushJoints","Fasting2"],"picked":"Replay:Vibes","floor":14}],"player_experience":83624,"relics_obtained":[{"floor":6.0,"key":"Anchor"},{"floor":9.0,"key":"conspire:TopHat"},{"floor":10.0,"key":"Replay:Mystery Machine"},{"floor":11,"key":"Pen Nib"},{"floor":13,"key":"Replay:Bottled Snecko"},{"floor":14,"key":"aspiration:ChemicalBlood"}],"event_choices":[{"damage_healed":0.0,"max_hp_gain":0.0,"max_hp_loss":0.0,"gold_gain":0.0,"event_name":"Scrap Ooze","player_choice":"Success","floor":2.0,"gold_loss":0.0,"damage_taken":25.0,"relics_obtained":["Bronze Scales"]},{"cards_removed":["Defend_P"],"damage_healed":0.0,"max_hp_gain":0.0,"max_hp_loss":0.0,"gold_gain":0.0,"event_name":"Golden Wing","player_choice":"Card Removal","floor":3.0,"gold_loss":0.0,"damage_taken":7.0},{"damage_healed":0.0,"max_hp_gain":0.0,"max_hp_loss":0.0,"gold_gain":0.0,"event_name":"Wheel of Change","player_choice":"Relic","floor":10.0,"gold_loss":0.0,"damage_taken":0.0}],"is_beta":false,"boss_relics":[],"items_purged_floors":[],"is_endless":false,"potions_floor_spawned":[4,8,11],"killed_by":"The Guardian","ascension_level":0}}