{"host":"21xc1irk36q5rfkd","time":1610592176,"event":{"mods":["BaseMod","Colored Map","Colored Powertips","Hermit","Hubris","Minty Spire (QoL Compilation)","Replay The Spire","StSLib","The Bug Knight"],"gold_per_floor":[112,127,127,127,127,127,140,140,164,175,190,190,223,240,240,240,240],"floor_reached":16,"language":"ENG","playtime":1439,"items_purged":[],"score":102,"play_id":"b7256a52-61f8-4c2b-a6f4-6d56bfd269b1","local_time":"20210113184256","is_ascension_mode":false,"campfire_choices":[{"data":"hermit:FlashPowder","floor":6,"key":"SMITH"},{"data":"hermit:Showdown","floor":8,"key":"SMITH"},{"floor":12,"key":"REST"},{"data":"hermit:FullyLoaded","floor":15,"key":"SMITH"}],"circlet_count":0,"master_deck":["hermit:Strike_Hermit","hermit:Strike_Hermit","hermit:Strike_Hermit","hermit:Strike_Hermit","hermit:Defend_Hermit+1","hermit:Defend_Hermit","hermit:Defend_Hermit","hermit:Defend_Hermit","hermit:Snapshot","hermit:Covet+1","hermit:EyeOfTheStorm+1","hermit:FlashPowder+1","Regret","hermit:Showdown+1","hermit:Scavenge","hermit:Vantage","hermit:Snipe","hermit:FullyLoaded+1"],"relics":["hermit:Momento","NeowsBlessing","Ancient Tea Set","Dream Catcher","Regal Pillow"],"acts_visited":["Exordium"],"potions_floor_usage":[],"damage_taken":[{"damage":0,"enemies":"Small Slimes","floor":1,"turns":1},{"damage":0,"enemies":"Cultist","floor":2,"turns":1},{"damage":0,"enemies":"2 Louse","floor":7,"turns":1},{"damage":0,"enemies":"Exordium Thugs","floor":10,"turns":4},{"damage":1,"enemies":"Exordium Wildlife","floor":11,"turns":4},{"damage":20,"enemies":"3 Sentries","floor":13,"turns":11},{"damage":4,"enemies":"Red Slaver","floor":14,"turns":3},{"damage":53,"enemies":"Hexaghost","floor":16,"turns":10}],"seed_played":"-2518525126408717661","potions_obtained":[{"floor":1,"key":"LifebloodPotion"},{"floor":2,"key":"Elixir"},{"floor":13,"key":"SteroidPotion"}],"is_trial":false,"path_per_floor":["M","M","?","?","?","R","M","R","T","M","M","R","E","M","R","B"],"character_chosen":"HERMIT","items_purchased":[],"campfire_rested":1,"item_purchase_floors":[],"current_hp_per_floor":[75,75,75,60,60,60,60,60,60,60,59,75,55,51,51,0,0],"gold":240,"neow_bonus":"THREE_ENEMY_KILL","is_daily":false,"chose_seed":false,"campfire_upgraded":3,"win_rate":0.0,"timestamp":1610592176,"path_taken":["M","M","?","?","?","R","M","R","T","?","M","R","E","M","R","BOSS"],"items_purchased_type":[],"build_version":"2020-12-22","purchased_purges":0,"victory":false,"max_hp_per_floor":[75,75,75,75,75,75,75,75,75,75,75,75,75,75,75,75,75],"card_choices":[{"not_picked":["hermit:Misfire","hermit:Cheat"],"picked":"hermit:EyeOfTheStorm","floor":1},{"not_picked":["hermit:Manifest","hermit:SprayPray"],"picked":"hermit:FlashPowder","floor":2},{"not_picked":["hermit:Manifest","hermit:Quickdraw"],"picked":"hermit:Showdown","floor":7},{"not_picked":["hermit:RoundhouseKick","hermit:Determination"],"picked":"hermit:Scavenge","floor":10},{"not_picked":["hermit:Feint","hermit:Coalescence","hermit:WideOpen"],"picked":"SKIP","floor":11},{"not_picked":["hermit:Ricochet","hermit:CalledShot"],"picked":"hermit:Vantage","floor":12},{"not_picked":["hermit:Grudge","hermit:Misfire"],"picked":"hermit:Snipe","floor":13},{"not_picked":["hermit:DeadMansHand","hermit:Headshot"],"picked":"hermit:FullyLoaded","floor":14}],"player_experience":37768,"relics_obtained":[{"floor":9,"key":"Dream Catcher"},{"floor":13,"key":"Regal Pillow"}],"event_choices":[{"damage_healed":0,"gold_gain":0,"player_choice":"Box","damage_taken":0,"relics_obtained":["Ancient Tea Set"],"max_hp_gain":0,"max_hp_loss":0,"event_name":"Big Fish","floor":3,"gold_loss":0,"cards_obtained":["Regret"]},{"damage_healed":0,"gold_gain":0,"player_choice":"Entered Light","damage_taken":15,"max_hp_gain":0,"max_hp_loss":0,"event_name":"Shining Light","floor":4,"gold_loss":0,"cards_upgraded":["hermit:Defend_Hermit","hermit:Covet"]},{"damage_healed":0,"gold_gain":0,"player_choice":"Forge","damage_taken":0,"max_hp_gain":0,"max_hp_loss":0,"event_name":"Accursed Blacksmith","floor":5,"gold_loss":0,"cards_upgraded":["hermit:EyeOfTheStorm"]}],"is_beta":false,"boss_relics":[],"items_purged_floors":[],"is_endless":false,"potions_floor_spawned":[1,2,13,14],"killed_by":"Hexaghost","ascension_level":0}}