{"host":"mai03x2ekbjy4059","time":1610594239,"event":{"mods":["2.2 Compatiblity","BaseMod","DeckTracker","Highlight Path","Keyboard Shortcuts","Minty Spire (QoL Compilation)","Permanent Neow","Quick Restart","SuperFastMode","everything is the same but u backflip on backflip"],"gold_per_floor":[111,36,36,53,67,102,102,137,137,137,137,137,153,78,78,78,78],"floor_reached":16,"language":"KOR","playtime":319,"items_purged":["Strike_P"],"score":218,"play_id":"5ebdccdc-9047-43e4-9e34-ee3a4d7349fc","local_time":"20210114121719","is_ascension_mode":true,"campfire_choices":[{"floor":7,"key":"REST"},{"data":"Vigilance","floor":15,"key":"SMITH"}],"circlet_count":0,"master_deck":["AscendersBane","Strike_P","Strike_P","Defend_P","Defend_P","Eruption+1","Vigilance+1","Halt"],"relics":["PureWater","Regal Pillow","CloakClasp","Eternal Feather"],"acts_visited":["Exordium"],"potions_floor_usage":[6,6,8,10],"damage_taken":[{"damage":7,"enemies":"Small Slimes","floor":1,"turns":4},{"damage":2,"enemies":"2 Louse","floor":4,"turns":2},{"damage":0,"enemies":"Jaw Worm","floor":5,"turns":4},{"damage":22,"enemies":"Gremlin Nob","floor":6,"turns":4},{"damage":52,"enemies":"Lagavulin","floor":8,"turns":8},{"damage":0,"enemies":"3 Sentries","floor":10,"turns":1},{"damage":0,"enemies":"Looter","floor":13,"turns":2},{"damage":0,"enemies":"Slime Boss","floor":16,"turns":3}],"seed_played":"5700220905380852706","potions_obtained":[{"floor":4,"key":"EntropicBrew"},{"floor":6,"key":"SmokeBomb"}],"is_trial":false,"path_per_floor":["M","?","$","M","M","E","R","E","T","E","?","?","M","$","R","B"],"character_chosen":"WATCHER","items_purchased":[],"campfire_rested":1,"item_purchase_floors":[],"current_hp_per_floor":[54,54,54,52,52,30,62,10,10,10,10,10,10,10,13,13,13],"gold":78,"neow_bonus":"REMOVE_TWO","is_daily":false,"chose_seed":false,"campfire_upgraded":1,"win_rate":0.0,"timestamp":1610594239,"path_taken":["M","?","$","M","M","E","R","E","T","E","?","?","M","$","R","BOSS"],"items_purchased_type":[],"build_version":"2020-12-22","purchased_purges":1,"victory":false,"max_hp_per_floor":[62,62,62,62,62,62,62,62,62,62,62,62,62,62,62,62,62],"card_choices":[{"not_picked":["FollowUp","Crescendo","Wallop"],"picked":"SKIP","floor":1},{"not_picked":["SashWhip","Wallop","ThirdEye"],"picked":"SKIP","floor":4},{"not_picked":["JustLucky","Wireheading","Vengeance"],"picked":"SKIP","floor":5},{"not_picked":["Vengeance","JustLucky","PathToVictory"],"picked":"SKIP","floor":6},{"not_picked":["Swivel","FollowUp"],"picked":"Halt","floor":8},{"not_picked":["PathToVictory","Worship","FollowUp"],"picked":"SKIP","floor":13}],"player_experience":1133390,"relics_obtained":[{"floor":6,"key":"Regal Pillow"},{"floor":8,"key":"CloakClasp"},{"floor":9,"key":"Eternal Feather"}],"event_choices":[{"cards_removed":["Defend_P"],"damage_healed":0,"gold_gain":0,"player_choice":"Card Removal","damage_taken":0,"max_hp_gain":0,"max_hp_loss":0,"event_name":"The Cleric","floor":2,"gold_loss":75},{"damage_healed":0,"gold_gain":0,"player_choice":"Ignored","damage_taken":0,"max_hp_gain":0,"max_hp_loss":0,"event_name":"Shining Light","floor":11,"gold_loss":0},{"damage_healed":0,"gold_gain":0,"player_choice":"Grow","damage_taken":0,"max_hp_gain":0,"max_hp_loss":0,"event_name":"Living Wall","floor":12,"gold_loss":0,"cards_upgraded":["Eruption"]}],"is_beta":false,"boss_relics":[],"items_purged_floors":[14],"is_endless":false,"potions_floor_spawned":[4,6,10],"killed_by":"Slime Boss","ascension_level":17}}