{"host":"ws1rigs6jhqnf67d","time":1610627762,"event":{"mods":["BaseMod","Friendly Minions","KinomotoSakuraMod(ƒæ÷Æ±æ”£)","Kiyohime£®«Âºß£©","Lobotomy","LobotomyExtend","Marisa£®ÏF”Í°°ƒß¿Ì…≥£©","Minty Spire (QoL Compilation)","Remilia£®¿Ÿ√◊¿Ú—«£©","StSLib","The Bug Knight","Youmu£®ªÍ∆«—˝√Œ£©","[IsaacMod]“‘»ˆº‚À˛"],"gold_per_floor":[111,9,28,43,5,21,31,42,76,76,103,129,129,304,304,322,336,336,432,432,447,465,481,481,500,500,500,520,520,540,556,582,582,600,600,703,703,716,736,786,538,553,553,579,579,605,605,631,683,430,430,430,430,430],"floor_reached":52,"language":"ZHS","playtime":2077,"items_purged":[],"score":1051,"play_id":"8d9284c4-fecb-40e7-a20e-6f88e93da427","local_time":"20210114203602","is_ascension_mode":true,"campfire_choices":[{"data":"KiyohimeMod:JeweledSword","floor":7,"key":"SMITH"},{"data":"KiyohimeMod:EatSoul","floor":10,"key":"SMITH"},{"floor":15,"key":"REST"},{"data":"KiyohimeMod:Servant_Osakabehime","floor":23,"key":"SMITH"},{"data":"KiyohimeMod:JeweledSword","floor":30,"key":"SMITH"},{"data":"KiyohimeMod:Shapeshift","floor":32,"key":"SMITH"},{"data":"KiyohimeMod:JeweledSword","floor":40,"key":"SMITH"},{"data":"KiyohimeMod:Servant_TamamoNoMae","floor":42,"key":"SMITH"},{"data":"KiyohimeMod:AVerseOfBurningLoveStory","floor":44,"key":"SMITH"},{"data":"KiyohimeMod:DragonVein","floor":49,"key":"SMITH"}],"circlet_count":0,"master_deck":["KiyohimeMod:Strike","KiyohimeMod:Strike","KiyohimeMod:Strike","KiyohimeMod:Defend","KiyohimeMod:Defend","KiyohimeMod:Defend","KiyohimeMod:Defend","KiyohimeMod:Track","KiyohimeMod:FlameKiss","KiyohimeMod:Shapeshift+1","KiyohimeMod:DragonVein","KiyohimeMod:JeweledSword+1","KiyohimeMod:EatSoul+1","KiyohimeMod:JeweledSword+1","Doubt","KiyohimeMod:Servant_Osakabehime+1","KiyohimeMod:CommandCard_Arts","KiyohimeMod:RealityMarble+1","KiyohimeMod:DragonVein+1","KiyohimeMod:JeweledSword+1","KiyohimeMod:Servant_TamamoNoMae+1","KiyohimeMod:AVerseOfBurningLoveStory+1"],"relics":["KiyohimeMod:FireDragon","HushsDoor","DoctorsRemote","LetterFromLob","Orichalcum","Letter Opener","Lantern","MagicMushroom","BelialBook","Anchor","KiyohimeMod:Necromancy","Lizard Tail","Gremlin Horn","HollowMod:LifeEnderRelic","Ancient Tea Set","Thread and Needle","CatCart","DeathBook"],"acts_visited":["Exordium","TheCity","TheBeyond"],"potions_floor_usage":[2,5,8,8,36,50],"damage_taken":[{"damage":0,"enemies":"2 Louse","floor":1,"turns":2},{"damage":3,"enemies":"Jaw Worm","floor":3,"turns":4},{"damage":0,"enemies":"Jaw Worm","floor":1,"turns":2},{"damage":3,"enemies":"Small Slimes","floor":3,"turns":5},{"damage":0,"enemies":"2 Louse","floor":4,"turns":1},{"damage":6,"enemies":"Gremlin Gang","floor":5,"turns":5},{"damage":10,"enemies":"Lagavulin","floor":6,"turns":4},{"damage":15,"enemies":"Gremlin Nob","floor":8,"turns":5},{"damage":0,"enemies":"3 Louse","floor":13,"turns":1},{"damage":8,"enemies":"Blue Slaver","floor":14,"turns":5},{"damage":13,"enemies":"Hexaghost","floor":16,"turns":9},{"damage":10,"enemies":"Spheric Guardian","floor":18,"turns":4},{"damage":0,"enemies":"2 Thieves","floor":19,"turns":2},{"damage":0,"enemies":"Cultist and Chosen","floor":20,"turns":7},{"damage":0,"enemies":"Snecko","floor":22,"turns":5},{"damage":0,"enemies":"Chosen and Byrds","floor":25,"turns":3},{"damage":0,"enemies":"Shelled Parasite and Fungi","floor":27,"turns":2},{"damage":13,"enemies":"Snake Plant","floor":28,"turns":4},{"damage":4,"enemies":"Book of Stabbing","floor":29,"turns":4},{"damage":0,"enemies":"3 Cultists","floor":31,"turns":3},{"damage":19,"enemies":"Collector","floor":33,"turns":9},{"damage":0,"enemies":"3 Shapes","floor":35,"turns":4},{"damage":0,"enemies":"Orb Walker","floor":36,"turns":2},{"damage":3,"enemies":"Mind Bloom Boss Battle","floor":37,"turns":6},{"damage":0,"enemies":"4 Shapes","floor":39,"turns":2},{"damage":24,"enemies":"Giant Head","floor":41,"turns":7},{"damage":0,"enemies":"Reptomancer","floor":45,"turns":2},{"damage":28,"enemies":"Orin","floor":46,"turns":7},{"damage":19,"enemies":"Awakened One","floor":50,"turns":5}],"seed_played":"7166960417411737902","potions_obtained":[{"floor":1,"key":"Explosive Potion"},{"floor":1,"key":"Swift Potion"},{"floor":5,"key":"Ancient Potion"},{"floor":6,"key":"Strength Potion"},{"floor":14,"key":"BlessingOfTheForge"},{"floor":20,"key":"Ancient Potion"},{"floor":22,"key":"Regen Potion"},{"floor":25,"key":"FairyPotion"},{"floor":36,"key":"Fruit Juice"},{"floor":41,"key":"CultistPotion"}],"is_trial":false,"path_per_floor":["M","$","M","?","M","$","M","M","M","E","R","E","T","R","?","?","M","M","R","B",null,"M","M","M","?","M","R","E","M","T","M","M","E","R","M","R","B",null,"M","M","?","$","M","R","E","R","T","R","E","?","$","?","R","B",null,null],"character_chosen":"Kiyohime","items_purchased":["Fruit Juice","KiyohimeMod:DragonVein","KiyohimeMod:Servant_TamamoNoMae","Gremlin Horn","DeathBook"],"campfire_rested":1,"item_purchase_floors":[2,2,34,38,47],"current_hp_per_floor":[60,65,62,56,56,53,53,47,37,37,22,22,22,22,22,22,14,35,22,66,57,58,59,59,60,60,60,61,61,62,50,47,47,48,48,30,63,70,76,79,79,79,79,61,61,61,61,68,47,47,47,47,35,35],"gold":430,"neow_bonus":"TEN_PERCENT_HP_BONUS","is_daily":false,"chose_seed":false,"campfire_upgraded":9,"win_rate":0.0,"timestamp":1610627762,"path_taken":["M","$","M","?","M","$","M","M","M","E","R","E","T","R","?","?","M","M","R","BOSS","M","M","M","?","M","R","E","M","T","?","M","E","R","M","R","BOSS","M","M","?","$","M","R","E","R","T","R","E","?","$","?","R","BOSS"],"items_purchased_type":["Potion","Card","Card","Relic","Relic"],"build_version":"2020-12-22","purchased_purges":0,"victory":true,"max_hp_per_floor":[66,71,71,71,71,71,71,71,71,71,71,71,71,71,71,71,71,71,71,78,78,78,78,78,78,78,78,78,78,78,78,78,78,78,78,78,74,74,79,79,79,79,79,79,79,79,79,79,79,79,79,79,79,79],"card_choices":[{"not_picked":["KiyohimeMod:BeElegant","KiyohimeMod:RedBlackKey","KiyohimeMod:ExSpicyMapoTofu"],"picked":"SKIP","floor":1},{"not_picked":["KiyohimeMod:SteelTraining","KiyohimeMod:WaterTurn","KiyohimeMod:Preemptive"],"picked":"SKIP","floor":3},{"not_picked":["KiyohimeMod:AndSoTheShipConquers","KiyohimeMod:Berserker","KiyohimeMod:WaterTurn"],"picked":"SKIP","floor":1},{"not_picked":["KiyohimeMod:SteelTraining","KiyohimeMod:BlueBlackKey"],"picked":"KiyohimeMod:JeweledSword","floor":3},{"not_picked":["KiyohimeMod:DivineConstruct","KiyohimeMod:LimitedZeroOver"],"picked":"KiyohimeMod:EatSoul","floor":4},{"not_picked":["KiyohimeMod:Berserker","KiyohimeMod:GreenBlackKey","KiyohimeMod:RedBlackKey"],"picked":"SKIP","floor":5},{"not_picked":["KiyohimeMod:BlueBlackKey","KiyohimeMod:HydraDagger","KiyohimeMod:AgainstMagic"],"picked":"SKIP","floor":6},{"not_picked":["KiyohimeMod:BeElegant","KiyohimeMod:RedBlackKey"],"picked":"KiyohimeMod:JeweledSword","floor":8},{"not_picked":["KiyohimeMod:Grimoire","KiyohimeMod:CelestialInvertedMoon","KiyohimeMod:Projection"],"picked":"SKIP","floor":13},{"not_picked":["KiyohimeMod:Grimoire","KiyohimeMod:Preemptive","KiyohimeMod:BlueBlackKey"],"picked":"SKIP","floor":14},{"not_picked":["KiyohimeMod:FragmentsOf2030","KiyohimeMod:Barrier"],"picked":"KiyohimeMod:Servant_Osakabehime","floor":16},{"not_picked":["KiyohimeMod:SteelTraining","KiyohimeMod:Fragarach","KiyohimeMod:Berserker"],"picked":"SKIP","floor":18},{"not_picked":["KiyohimeMod:WaterTurn+1","KiyohimeMod:SteelTraining+1"],"picked":"KiyohimeMod:CommandCard_Arts","floor":19},{"not_picked":["KiyohimeMod:GreenBlackKey","KiyohimeMod:BlueBlackKey"],"picked":"KiyohimeMod:RealityMarble+1","floor":20},{"not_picked":["KiyohimeMod:CommandCard_Buster","KiyohimeMod:ImaginaryAround","KiyohimeMod:FormalCraft"],"picked":"SKIP","floor":22},{"not_picked":["KiyohimeMod:RedBlackKey","KiyohimeMod:FirstPremonition","KiyohimeMod:BeElegant"],"picked":"SKIP","floor":25},{"not_picked":["KiyohimeMod:Tenacious","KiyohimeMod:CelestialInvertedMoon"],"picked":"KiyohimeMod:DragonVein","floor":27},{"not_picked":["KiyohimeMod:EatSoul+1","KiyohimeMod:FirstPremonition","KiyohimeMod:BeElegant+1"],"picked":"SKIP","floor":28},{"not_picked":["KiyohimeMod:Tenacious","KiyohimeMod:BeElegant","KiyohimeMod:AndSoTheShipConquers"],"picked":"SKIP","floor":29},{"not_picked":["KiyohimeMod:WaterTurn","KiyohimeMod:LimitedZeroOver","KiyohimeMod:DivineConstruct"],"picked":"SKIP","floor":31},{"not_picked":["KiyohimeMod:HeroCreation","KiyohimeMod:MagicCrystal"],"picked":"KiyohimeMod:JeweledSword","floor":33},{"not_picked":["KiyohimeMod:Tenacious+1","KiyohimeMod:EatSoul","KiyohimeMod:CommandCard_Quick"],"picked":"SKIP","floor":35},{"not_picked":["KiyohimeMod:WaterTurn","KiyohimeMod:BlueBlackKey+1","KiyohimeMod:Tenacious"],"picked":"SKIP","floor":36},{"not_picked":["KiyohimeMod:HotSpringOfTheMoon","KiyohimeMod:BlueBlackKey+1","KiyohimeMod:Preemptive+1"],"picked":"SKIP","floor":39},{"not_picked":["KiyohimeMod:BeElegant","KiyohimeMod:SteelTraining"],"picked":"KiyohimeMod:AVerseOfBurningLoveStory","floor":41},{"not_picked":["KiyohimeMod:FirstPremonition","KiyohimeMod:Berserker","KiyohimeMod:AndSoTheShipConquers"],"picked":"SKIP","floor":45}],"player_experience":804712,"relics_obtained":[{"floor":1,"key":"LetterFromLob"},{"floor":1,"key":"LetterFromLob"},{"floor":6,"key":"Orichalcum"},{"floor":8,"key":"Letter Opener"},{"floor":9,"key":"Lantern"},{"floor":26,"key":"BelialBook"},{"floor":29,"key":"Anchor"},{"floor":37,"key":"Lizard Tail"},{"floor":41,"key":"HollowMod:LifeEnderRelic"},{"floor":43,"key":"Ancient Tea Set"},{"floor":45,"key":"Thread and Needle"},{"floor":46,"key":"CatCart"}],"event_choices":[{"damage_healed":0,"gold_gain":175,"player_choice":"AGREE","damage_taken":0,"max_hp_gain":0,"max_hp_loss":0,"event_name":"Liars Game","floor":11,"gold_loss":0,"cards_obtained":["Doubt"]},{"damage_healed":0,"gold_gain":0,"player_choice":"Ignored","damage_taken":0,"max_hp_gain":0,"max_hp_loss":0,"event_name":"Shining Light","floor":12,"gold_loss":0},{"damage_healed":0,"gold_gain":0,"player_choice":"Ignored","damage_taken":0,"max_hp_gain":0,"max_hp_loss":0,"event_name":"Vampires","floor":21,"gold_loss":0},{"damage_healed":0,"gold_gain":0,"player_choice":"Fight","damage_taken":0,"max_hp_gain":0,"max_hp_loss":0,"event_name":"MindBloom","floor":37,"gold_loss":0},{"damage_healed":0,"gold_gain":0,"player_choice":"Fight","damage_taken":0,"max_hp_gain":0,"max_hp_loss":0,"event_name":"OrinTheCat","floor":46,"gold_loss":0},{"cards_removed":["KiyohimeMod:Strike"],"damage_healed":0,"gold_gain":0,"player_choice":"Removed Attack","damage_taken":0,"max_hp_gain":0,"max_hp_loss":0,"event_name":"Falling","floor":48,"gold_loss":0}],"is_beta":false,"boss_relics":[{"not_picked":["Sozu","SlaversCollar"],"picked":"MagicMushroom"},{"not_picked":[]},{"not_picked":["Philosopher\u0027s Stone","Busted Crown"],"picked":"KiyohimeMod:Necromancy"},{"not_picked":[]}],"items_purged_floors":[],"is_endless":false,"potions_floor_spawned":[1,1,5,6,14,20,22,25,28,33,36,41,45],"ascension_level":7}}