{"host":"oehe2dxjvdgux73m","time":1610605575,"event":{"mods":["AchievementEnabler","BaseMod","Colored Map","Colored Powertips","DeckTracker","Keyboard Shortcuts","Minty Spire (QoL Compilation)","Permanent Neow","Quick Restart","StSLib","SuperFastMode"],"gold_per_floor":[115,115,115,65,80,118,118,153,153,172,186,204,204,228,228,228,228],"floor_reached":16,"language":"KOR","playtime":482,"items_purged":[],"score":233,"play_id":"01117afc-3bf9-489f-8314-bf5316a9720a","local_time":"20210114152615","is_ascension_mode":true,"campfire_choices":[{"data":"Cloak And Dagger","floor":7.0,"key":"SMITH"},{"floor":15,"key":"REST"}],"circlet_count":0,"master_deck":["AscendersBane","Strike_G","Strike_G","Strike_G","Strike_G","Defend_G","Defend_G","Defend_G","Defend_G","Defend_G","Survivor","Neutralize","Tactician","Cloak And Dagger+1","Poisoned Stab","Heel Hook","Crippling Poison","Terror"],"relics":["Ring of the Snake","NeowsBlessing","Golden Idol","Ornamental Fan","Ice Cream","Gremlin Horn"],"acts_visited":["Exordium"],"potions_floor_usage":[16],"damage_taken":[{"damage":0.0,"enemies":"Small Slimes","floor":1.0,"turns":1.0},{"damage":0.0,"enemies":"2 Louse","floor":5.0,"turns":1.0},{"damage":0.0,"enemies":"Lagavulin","floor":6.0,"turns":1.0},{"damage":27.0,"enemies":"3 Sentries","floor":8.0,"turns":13.0},{"damage":0.0,"enemies":"Cultist","floor":10.0,"turns":4.0},{"damage":1.0,"enemies":"Blue Slaver","floor":11.0,"turns":4.0},{"damage":15.0,"enemies":"3 Louse","floor":12.0,"turns":3.0},{"damage":2,"enemies":"2 Fungi Beasts","floor":14,"turns":4},{"damage":31,"enemies":"The Guardian","floor":16,"turns":14}],"seed_played":"-8911043249727754889","potions_obtained":[{"floor":1.0,"key":"Energy Potion"},{"floor":12.0,"key":"LiquidMemories"}],"is_trial":false,"path_per_floor":["M","?","?","?","M","E","R","E","T","M","M","M","?","M","R","B"],"character_chosen":"THE_SILENT","items_purchased":[],"campfire_rested":1,"item_purchase_floors":[],"current_hp_per_floor":[59,59,56,56,56,56,56,29,29,29,28,13,13,11,29,0,0],"gold":228,"neow_bonus":"THREE_ENEMY_KILL","is_daily":false,"chose_seed":false,"campfire_upgraded":1,"win_rate":0.0,"timestamp":1610605575,"path_taken":["M","?","?","?","M","E","R","E","T","M","M","M","?","?","R","BOSS"],"items_purchased_type":[],"build_version":"2020-12-22","purchased_purges":0,"victory":false,"max_hp_per_floor":[66,61,61,61,61,61,61,61,61,61,61,61,61,61,61,61,61],"card_choices":[{"not_picked":["Catalyst","Acrobatics"],"picked":"Tactician","floor":1.0},{"not_picked":["Underhanded Strike","Deflect"],"picked":"Cloak And Dagger","floor":5.0},{"not_picked":["Backstab","Underhanded Strike"],"picked":"Poisoned Stab","floor":6.0},{"not_picked":["Deflect","Skewer"],"picked":"Heel Hook","floor":8.0},{"not_picked":["Noxious Fumes","Quick Slash"],"picked":"Crippling Poison","floor":10.0},{"not_picked":["Sucker Punch","Expertise","Well Laid Plans"],"picked":"SKIP","floor":11.0},{"not_picked":["Slice","Cloak And Dagger","A Thousand Cuts"],"picked":"SKIP","floor":12.0},{"not_picked":["Backflip","Flying Knee"],"picked":"Terror","floor":14}],"player_experience":178853,"relics_obtained":[{"floor":6.0,"key":"Ice Cream"},{"floor":9.0,"key":"Gremlin Horn"}],"event_choices":[{"damage_healed":0.0,"max_hp_gain":0.0,"max_hp_loss":5.0,"gold_gain":0.0,"event_name":"Golden Idol","player_choice":"Lose Max HP","floor":2.0,"gold_loss":0.0,"damage_taken":0.0,"relics_obtained":["Golden Idol"]},{"damage_healed":0.0,"max_hp_gain":0.0,"max_hp_loss":0.0,"gold_gain":0.0,"event_name":"Scrap Ooze","player_choice":"Success","floor":3.0,"gold_loss":0.0,"damage_taken":3.0,"relics_obtained":["Ornamental Fan"]},{"cards_removed":["Strike_G"],"damage_healed":0.0,"max_hp_gain":0.0,"max_hp_loss":0.0,"gold_gain":0.0,"event_name":"The Cleric","player_choice":"Card Removal","floor":4.0,"gold_loss":50.0,"damage_taken":0.0},{"damage_healed":0.0,"max_hp_gain":0.0,"max_hp_loss":0.0,"gold_gain":0.0,"event_name":"The Woman in Blue","player_choice":"Bought 0 Potions","floor":13.0,"gold_loss":0.0,"damage_taken":0.0}],"is_beta":false,"boss_relics":[],"items_purged_floors":[],"is_endless":false,"potions_floor_spawned":[1,12],"killed_by":"The Guardian","ascension_level":14}}