{"host":"j4g6ia6asvpyu2b0","time":1610663850,"event":{"mods":["BaseMod","Colored Map","Minty Spire (QoL Compilation)","Permanent Neow","Quick Restart","Relic Stats","StSLib","Unceasing Turn Reminder"],"gold_per_floor":[109,126,141,141,57,87,87,103,103,132,150,150,166,194,194,298,298,313,323,248,282,61,61,75,106,156,156,208,239,257,286,286,389,389,405,416,426,250,269,298,343,371,397,397,416,441,483,358,358,358],"floor_reached":51,"language":"ENG","playtime":1751,"items_purged":["Strike_B","Strike_B","Strike_B"],"score":1455,"play_id":"d56f2c54-fb78-4584-8ad6-c337470b45b9","local_time":"20210114153730","is_ascension_mode":true,"campfire_choices":[{"data":"Ball Lightning","floor":7.0,"key":"SMITH"},{"data":"Defragment","floor":12.0,"key":"SMITH"},{"data":"Buffer","floor":15.0,"key":"SMITH"},{"data":"Electrodynamics","floor":23.0,"key":"SMITH"},{"data":"Fission","floor":27.0,"key":"SMITH"},{"data":"Storm","floor":32,"key":"SMITH"},{"data":"Amplify","floor":44,"key":"SMITH"},{"data":"Defragment","floor":49,"key":"SMITH"}],"circlet_count":0,"master_deck":["AscendersBane","Defend_B+1","Defend_B","Defend_B+1","Defend_B","Zap","Dualcast","Glacier","Self Repair","Ball Lightning+1","White Noise","Gash","Conserve Battery","Electrodynamics+1","Buffer+1","Defragment+1","Melter","Hologram","Amplify+1","Compile Driver+1","Cold Snap","Sweeping Beam+1","BootSequence+1","Fission+1","Chaos+1","Storm+1","Barrage","Biased Cognition","Coolheaded+1","Hologram","Seek","Defragment+1","Static Discharge+1","Reboot","Doom and Gloom+1","Self Repair+1","Conserve Battery+1","Turbo+1"],"relics":["Cracked Core","Incense Burner","Boot","Pantograph","HornCleat","MealTicket","Runic Pyramid","Red Mask","Runic Capacitor","Mercury Hourglass","Omamori","Shovel","Ornamental Fan","Cursed Key","FossilizedHelix","StoneCalendar","Cables","Ancient Tea Set","CeramicFish","Nunchaku"],"acts_visited":["Exordium","TheCity","TheBeyond"],"potions_floor_usage":[],"damage_taken":[{"damage":4.0,"enemies":"Jaw Worm","floor":1.0,"turns":3.0},{"damage":0.0,"enemies":"Small Slimes","floor":2.0,"turns":4.0},{"damage":0.0,"enemies":"2 Louse","floor":3.0,"turns":5.0},{"damage":36.0,"enemies":"Gremlin Nob","floor":6.0,"turns":5.0},{"damage":5.0,"enemies":"Red Slaver","floor":8.0,"turns":3.0},{"damage":20.0,"enemies":"3 Sentries","floor":10.0,"turns":5.0},{"damage":15.0,"enemies":"Gremlin Gang","floor":11.0,"turns":2.0},{"damage":0.0,"enemies":"Blue Slaver","floor":13.0,"turns":3.0},{"damage":8.0,"enemies":"Lagavulin","floor":14.0,"turns":6.0},{"damage":0.0,"enemies":"The Guardian","floor":16.0,"turns":12.0},{"damage":1.0,"enemies":"Shell Parasite","floor":18.0,"turns":6.0},{"damage":0.0,"enemies":"Chosen","floor":19.0,"turns":4.0},{"damage":0.0,"enemies":"Masked Bandits","floor":21.0,"turns":4.0},{"damage":12.0,"enemies":"Snake Plant","floor":24.0,"turns":4.0},{"damage":1.0,"enemies":"Slavers","floor":25.0,"turns":3.0},{"damage":5.0,"enemies":"Book of Stabbing","floor":29.0,"turns":5.0},{"damage":12,"enemies":"Shelled Parasite and Fungi","floor":30,"turns":4},{"damage":4,"enemies":"Slavers","floor":31,"turns":4},{"damage":1,"enemies":"Champ","floor":33,"turns":8},{"damage":0,"enemies":"Orb Walker","floor":35,"turns":3},{"damage":0,"enemies":"3 Shapes","floor":36,"turns":1},{"damage":0,"enemies":"Maw","floor":37,"turns":4},{"damage":0,"enemies":"Writhing Mass","floor":39,"turns":5},{"damage":0,"enemies":"Giant Head","floor":40,"turns":7},{"damage":0,"enemies":"2 Orb Walkers","floor":41,"turns":3},{"damage":0,"enemies":"Reptomancer","floor":42,"turns":3},{"damage":0,"enemies":"Jaw Worm Horde","floor":45,"turns":4},{"damage":0,"enemies":"Giant Head","floor":47,"turns":6},{"damage":23,"enemies":"Time Eater","floor":50,"turns":6}],"seed_played":"2337848618883094848","potions_obtained":[{"floor":1.0,"key":"Energy Potion"},{"floor":6.0,"key":"Regen Potion"},{"floor":8.0,"key":"SmokeBomb"},{"floor":13.0,"key":"FearPotion"},{"floor":14.0,"key":"Strength Potion"},{"floor":21.0,"key":"BlessingOfTheForge"},{"floor":24.0,"key":"DuplicationPotion"},{"floor":25.0,"key":"SkillPotion"},{"floor":30,"key":"Swift Potion"},{"floor":36,"key":"LiquidMemories"}],"is_trial":false,"path_per_floor":["M","M","M","?","$","E","R","M","T","E","M","R","M","E","R","B",null,"M","M","?","?","$","R","M","E","T","R","T","E","M","E","R","B",null,"M","M","M","$","M","E","?","E","T","R","M","T","E","$","R","B",null],"character_chosen":"DEFECT","items_purchased":["White Noise","Gash","Runic Capacitor","Defragment"],"campfire_rested":0,"item_purchase_floors":[5,5,22,38],"current_hp_per_floor":[64,64,68,54,54,25,25,27,27,28,13,13,20,19,19,51,64,68,68,68,68,68,68,63,68,68,68,68,68,63,66,66,68,68,68,68,68,68,68,68,68,68,68,68,68,68,68,68,68,68],"gold":358,"neow_bonus":"ONE_RARE_RELIC","is_daily":false,"chose_seed":false,"campfire_upgraded":8,"win_rate":0.0,"timestamp":1610663850,"path_taken":["M","M","M","?","$","E","R","M","T","E","M","R","M","E","R","BOSS","M","M","?","?","$","R","M","E","T","R","?","E","M","E","R","BOSS","M","M","M","$","M","E","?","E","T","R","M","?","E","$","R","BOSS"],"items_purchased_type":["Card","Card","Relic","Card"],"build_version":"2020-12-22","purchased_purges":3,"victory":true,"max_hp_per_floor":[68,68,68,68,68,68,68,68,68,68,68,68,68,68,68,68,68,68,68,68,68,68,68,68,68,68,68,68,68,68,68,68,68,68,68,68,68,68,68,68,68,68,68,68,68,68,68,68,68,68],"relic_stats":{"counters":[29,132],"CeramicFish":9,"StoneCalendar":[0],"Boot":[91],"Cursed Key":2,"Mercury Hourglass":[213],"Cables":[14,13,1,0,0],"Nunchaku":[0],"Shovel":0,"Ornamental Fan":[20],"Pantograph":27,"MealTicket":0,"obtain_stats":[{"CeramicFish":46,"StoneCalendar":41,"Incense Burner":0,"Runic Capacitor":22,"Omamori":26,"Boot":6,"Cursed Key":34,"Ancient Tea Set":43,"Mercury Hourglass":25,"Cables":42,"Nunchaku":47,"HornCleat":10,"Shovel":29,"Ornamental Fan":31,"Pantograph":9,"MealTicket":14,"Red Mask":21,"Cracked Core":0,"FossilizedHelix":40,"Runic Pyramid":17},{"CeramicFish":27,"StoneCalendar":25,"Incense Burner":0,"Runic Capacitor":13,"Omamori":15,"Boot":4,"Cursed Key":19,"Ancient Tea Set":26,"Mercury Hourglass":15,"Cables":26,"Nunchaku":28,"HornCleat":6,"Shovel":16,"Ornamental Fan":18,"Pantograph":5,"MealTicket":9,"Red Mask":13,"Cracked Core":0,"FossilizedHelix":24,"Runic Pyramid":10},{"CeramicFish":120,"StoneCalendar":113,"Incense Burner":0,"Runic Capacitor":62,"Omamori":69,"Boot":17,"Cursed Key":90,"Ancient Tea Set":116,"Mercury Hourglass":69,"Cables":116,"Nunchaku":126,"HornCleat":25,"Shovel":74,"Ornamental Fan":82,"Pantograph":20,"MealTicket":36,"Red Mask":62,"Cracked Core":0,"FossilizedHelix":110,"Runic Pyramid":48}]},"card_choices":[{"not_picked":["Chill","Conserve Battery"],"picked":"Glacier","floor":1.0},{"not_picked":["Hologram","Beam Cell"],"picked":"Self Repair","floor":2.0},{"not_picked":["Streamline","Stack"],"picked":"Ball Lightning","floor":3.0},{"not_picked":["Fusion","Skim"],"picked":"Conserve Battery","floor":6.0},{"not_picked":["Redo","Glacier"],"picked":"Electrodynamics","floor":8.0},{"not_picked":["Lockon","Sunder"],"picked":"Buffer","floor":10.0},{"not_picked":["Scrape","Capacitor"],"picked":"Defragment","floor":11.0},{"not_picked":["Hologram","Recycle"],"picked":"Melter","floor":13.0},{"not_picked":["Stack","Heatsinks"],"picked":"Hologram","floor":14.0},{"not_picked":["Machine Learning","Buffer"],"picked":"Amplify","floor":16.0},{"not_picked":["Tempest","Stack"],"picked":"Compile Driver+1","floor":18.0},{"not_picked":["Rip and Tear","Hologram"],"picked":"Cold Snap","floor":19.0},{"not_picked":["Stack","Rebound+1"],"picked":"Sweeping Beam+1","floor":21.0},{"not_picked":["Stack+1","Skim+1"],"picked":"BootSequence+1","floor":24.0},{"not_picked":["Chill","Ball Lightning"],"picked":"Fission","floor":25.0},{"not_picked":["Gash","Cold Snap+1"],"picked":"Chaos+1","floor":29.0},{"not_picked":["Skim","Streamline"],"picked":"Storm","floor":30},{"not_picked":["Stack","Gash"],"picked":"Barrage","floor":31},{"not_picked":["Meteor Strike","Electrodynamics"],"picked":"Biased Cognition","floor":33},{"not_picked":["White Noise+1","Stack+1"],"picked":"Coolheaded+1","floor":35},{"not_picked":["Barrage","Sweeping Beam+1"],"picked":"Hologram","floor":36},{"not_picked":["Compile Driver","Coolheaded"],"picked":"Seek","floor":37},{"not_picked":["Conserve Battery","Genetic Algorithm+1"],"picked":"Static Discharge+1","floor":39},{"not_picked":["Leap","Cold Snap"],"picked":"Reboot","floor":40},{"not_picked":["Self Repair","Fusion"],"picked":"Doom and Gloom+1","floor":41},{"not_picked":["FTL+1","Reboot"],"picked":"Self Repair+1","floor":42},{"not_picked":["Skim","Stack"],"picked":"Conserve Battery+1","floor":45},{"not_picked":["Recycle+1","Gash+1"],"picked":"Turbo+1","floor":47}],"player_experience":844667,"relics_obtained":[{"floor":6.0,"key":"Boot"},{"floor":9.0,"key":"Pantograph"},{"floor":10.0,"key":"HornCleat"},{"floor":14.0,"key":"MealTicket"},{"floor":21.0,"key":"Red Mask"},{"floor":25.0,"key":"Mercury Hourglass"},{"floor":26.0,"key":"Omamori"},{"floor":29.0,"key":"Shovel"},{"floor":31,"key":"Ornamental Fan"},{"floor":40,"key":"FossilizedHelix"},{"floor":41,"key":"StoneCalendar"},{"floor":42,"key":"Cables"},{"floor":43,"key":"Ancient Tea Set"},{"floor":46,"key":"CeramicFish"},{"floor":47,"key":"Nunchaku"}],"event_choices":[{"damage_healed":0.0,"max_hp_gain":0.0,"max_hp_loss":0.0,"gold_gain":0.0,"event_name":"Shining Light","player_choice":"Entered Light","floor":4.0,"gold_loss":0.0,"damage_taken":14.0,"cards_upgraded":["Defend_B","Defend_B"]},{"cards_removed":["Strike_B"],"damage_healed":0.0,"max_hp_gain":0.0,"max_hp_loss":0.0,"gold_gain":0.0,"event_name":"Beggar","player_choice":"Gave Gold","floor":20.0,"gold_loss":75.0,"damage_taken":0.0},{"damage_healed":0.0,"max_hp_gain":0.0,"max_hp_loss":0.0,"gold_gain":0.0,"event_name":"Masked Bandits","player_choice":"Fought Bandits","floor":21.0,"gold_loss":0.0,"damage_taken":0.0},{"damage_healed":0,"gold_gain":0,"player_choice":"Fight","damage_taken":0,"max_hp_gain":0,"max_hp_loss":0,"event_name":"Mysterious Sphere","floor":41,"gold_loss":0}],"is_beta":false,"boss_relics":[{"not_picked":["Inserter","Astrolabe"],"picked":"Runic Pyramid"},{"not_picked":["Runic Dome","Snecko Eye"],"picked":"Cursed Key"}],"items_purged_floors":[22,38,48],"is_endless":false,"potions_floor_spawned":[1,6,8,13,14,21,24,25,30,31,36,37,40,41,47],"ascension_level":11}}