{"host":"3azvxbhvx7nk2p5g","time":1612262338,"event":{"mods":["BaseMod","Marisa£®ÏF”Í°°ƒß¿Ì…≥£©","Minty Spire (QoL Compilation)","StSLib"],"gold_per_floor":[114,127,127,227,246,145,145,8,8,52,93,131,81,55,55,205,205,205,205],"floor_reached":18,"language":"ZHS","playtime":919,"items_purged":["Strike_MRS","Strike_MRS"],"score":152,"play_id":"24eb4f4f-e93e-4cd8-a888-9f1e3bac17b2","local_time":"20210202183858","is_ascension_mode":false,"campfire_choices":[{"data":"WitchOfGreed","floor":7.0,"key":"SMITH"},{"data":"WitchOfGreed","floor":15.0,"key":"SMITH"}],"circlet_count":0,"master_deck":["Defend_MRS","Defend_MRS","Defend_MRS","Defend_MRS","MasterSpark","UpSweep","MysteriousBeam","EventHorizon","GrandCross","WitchOfGreed+1","PropBag","CasketOfStar","WitchOfGreed+1","SuperNova"],"relics":["MiniHakkero","NeowsBlessing","Molten Egg 2","Philosopher\u0027s Stone","Sundial"],"acts_visited":["Exordium","TheCity"],"potions_floor_usage":[18,18,18],"damage_taken":[{"damage":0.0,"enemies":"2 Louse","floor":1.0,"turns":1.0},{"damage":0.0,"enemies":"Jaw Worm","floor":2.0,"turns":1.0},{"damage":0.0,"enemies":"Cultist","floor":5.0,"turns":1.0},{"damage":3.0,"enemies":"Red Slaver","floor":10.0,"turns":2.0},{"damage":0.0,"enemies":"Large Slime","floor":11.0,"turns":4.0},{"damage":2.0,"enemies":"Exordium Wildlife","floor":12.0,"turns":3.0},{"damage":73.0,"enemies":"The Guardian","floor":16.0,"turns":12.0},{"damage":75,"enemies":"3 Byrds","floor":18,"turns":4}],"seed_played":"-6248114377930103768","potions_obtained":[{"floor":2.0,"key":"SpeedPotion"},{"floor":5.0,"key":"ColorlessPotion"},{"floor":10.0,"key":"Block Potion"},{"floor":11.0,"key":"Regen Potion"},{"floor":16.0,"key":"EssenceOfSteel"},{"floor":16.0,"key":"LiquidMemories"},{"floor":16.0,"key":"ColorlessPotion"}],"is_trial":false,"path_per_floor":["M","M","?","?","M","$","R","$","T","M","M","M","?","$","R","B",null,"M"],"character_chosen":"MARISA","items_purchased":["WitchOfGreed","PropBag","WitchOfGreed"],"campfire_rested":0,"item_purchase_floors":[6,8,14],"current_hp_per_floor":[75,75,75,75,75,75,75,75,75,72,72,70,70,70,70,9,75,0,0],"gold":205,"neow_bonus":"THREE_ENEMY_KILL","is_daily":false,"chose_seed":false,"campfire_upgraded":2,"win_rate":0.0,"timestamp":1612262338,"path_taken":["M","M","?","?","?","?","R","$","T","M","M","M","?","?","R","BOSS","M"],"items_purchased_type":["Card","Card","Card"],"build_version":"2020-12-22","purchased_purges":2,"victory":false,"max_hp_per_floor":[75,75,75,75,75,75,75,75,75,75,75,75,75,75,75,75,75,75,75],"card_choices":[{"not_picked":["AsteroidBelt","DoubleSpark"],"picked":"MysteriousBeam","floor":1.0},{"not_picked":["6A","GalacticHalo"],"picked":"EventHorizon","floor":2.0},{"not_picked":["DC","GalacticHalo","BlazeAway"],"picked":"SKIP","floor":5.0},{"not_picked":["RefractionSpark+1","DC+1","MachineGunSpark+1"],"picked":"SKIP","floor":10.0},{"not_picked":["GrandCross+1","6A+1","ChargingUp"],"picked":"SKIP","floor":11.0},{"not_picked":["EventHorizon","StarBarrage+1"],"picked":"CasketOfStar","floor":12.0},{"not_picked":["JA+1","TreasureHunter+1"],"picked":"SuperNova","floor":16.0}],"player_experience":69151,"relics_obtained":[{"floor":9.0,"key":"Molten Egg 2"}],"event_choices":[{"damage_healed":0.0,"max_hp_gain":0.0,"max_hp_loss":0.0,"gold_gain":0.0,"cards_transformed":["Strike_MRS"],"event_name":"Living Wall","player_choice":"Change","floor":3.0,"gold_loss":0.0,"damage_taken":0.0,"cards_obtained":["GrandCross"]},{"damage_healed":0.0,"max_hp_gain":0.0,"max_hp_loss":0.0,"gold_gain":100.0,"event_name":"Golden Shrine","player_choice":"Pray","floor":4.0,"gold_loss":0.0,"damage_taken":0.0},{"cards_removed":["Strike_MRS"],"damage_healed":0.0,"max_hp_gain":0.0,"max_hp_loss":0.0,"gold_gain":0.0,"event_name":"The Cleric","player_choice":"Card Removal","floor":13.0,"gold_loss":50.0,"damage_taken":0.0}],"is_beta":false,"boss_relics":[{"not_picked":["Busted Crown","Tiny House"],"picked":"Philosopher\u0027s Stone"}],"items_purged_floors":[6,8],"is_endless":false,"potions_floor_spawned":[2,5,11,16],"killed_by":"3 Byrds","ascension_level":0}}