{"host":"56d873i5r3uhle0q","time":1612305047,"event":{"mods":["100% Spire Juice","Act Like it!","Aspiration","BaseMod","Block Reminder","Conspire","Dota2Spire","Downfall","Gensokyo","Hermit","Hubris","Infinite Spire","Jedi Mod","Lobotomy","LobotomyExtend","Marisa????????","Marked Mod","Minty Spire (QoL Compilation)","Reliquary","Replay The Spire","StSLib","The Animator","The Bug Knight","The Cursed","The Marked","The Servant 0.9.4","Wandering Minibosses","everything is the same but u backflip on backflip","??????REMEMod"],"gold_per_floor":[116,116,116,116,128,162,162,178,178,96,109,121,84,103,103,201,201,216,234,155,169,169,169],"floor_reached":22,"language":"ENG","playtime":1302,"items_purged":[],"score":188,"play_id":"004c6860-5565-47a6-9c67-bdc6245ec904","local_time":"20210202153047","is_ascension_mode":false,"campfire_choices":[{"floor":7.0,"key":"REST"},{"floor":15,"key":"REST"}],"circlet_count":0,"master_deck":["hermit:Strike_Hermit","hermit:Strike_Hermit","hermit:Strike_Hermit","hermit:Strike_Hermit","hermit:Defend_Hermit","hermit:Defend_Hermit","hermit:Defend_Hermit","hermit:Defend_Hermit","hermit:Snapshot","hermit:Covet","Scrawl+1","Clumsy","hermit:FullyLoaded","hermit:Adapt","ReplayTheSpireMod:Uncanny Aura","hermit:Cheat","hermit:Showdown","hermit:Dissolve","hermit:GhostlyPresence","Gensokyo:BlemishedSteel"],"relics":["hermit:Momento","REME_ComplimentaryCards","aspiration:Nostalgia","Moonworks:BrokenBomb","LetterFromLob","Gensokyo:NagashiBinaDoll","Pantograph","Pocketwatch","Cursed Key"],"acts_visited":["Gensokyo:Gensokyo","Gensokyo:Gensokyoer"],"potions_floor_usage":[22],"damage_taken":[{"damage":0.0,"enemies":"Gensokyo:2_Kodama","floor":1.0,"turns":3.0},{"damage":0.0,"enemies":"Gensokyo:Python","floor":5.0,"turns":3.0},{"damage":16.0,"enemies":"Gensokyo:Cirno","floor":6.0,"turns":5.0},{"damage":0.0,"enemies":"Gensokyo:3_Fairies","floor":8.0,"turns":3.0},{"damage":8,"enemies":"Gensokyo:2_Rabbits","floor":11,"turns":6},{"damage":7,"enemies":"Gensokyo:3_Kodama","floor":12,"turns":5},{"damage":7,"enemies":"Gensokyo:Gryphon_and_Rabbit","floor":14,"turns":4},{"damage":54,"enemies":"Gensokyo:Kokoro","floor":16,"turns":14},{"damage":50,"enemies":"Gensokyo:3_Dogs","floor":18,"turns":7},{"damage":5,"enemies":"Gensokyo:2_Gloops","floor":19,"turns":5},{"damage":14,"enemies":"Gensokyo:Wraith","floor":21,"turns":6},{"damage":14,"enemies":"Gensokyo:3_Gloops","floor":22,"turns":3}],"seed_played":"-5396571868567174460","potions_obtained":[{"floor":6.0,"key":"FearPotion"},{"floor":8.0,"key":"Languid Potion"},{"floor":11,"key":"Dota2Spire:HealingSalve"}],"is_trial":false,"path_per_floor":["M","?","?","?","M","E","R","M","T","$","M","M","$","M","R","B",null,"M","M","COS","M","M"],"character_chosen":"HERMIT","items_purchased":["ReplayTheSpireMod:Uncanny Aura","hermit:Showdown"],"campfire_rested":2,"item_purchase_floors":[10,13],"current_hp_per_floor":[75,75,75,75,75,59,75,75,75,75,67,60,60,53,75,21,75,25,20,20,6,0,0],"gold":169,"neow_bonus":"NOSTALGIA","is_daily":false,"chose_seed":false,"campfire_upgraded":0,"win_rate":0.0,"timestamp":1612305047,"path_taken":["M","?","?","?","M","E","R","?","T","?","M","?","$","M","R","BOSS","M","M","COS","M","M"],"items_purchased_type":["Card","Card"],"build_version":"2020-12-22","purchased_purges":0,"victory":false,"max_hp_per_floor":[75,75,75,75,75,75,75,75,75,75,75,75,75,75,75,75,75,75,75,75,75,75,75],"card_choices":[{"not_picked":["hermit:Manifest","hermit:Feint","hermit:HoleUp"],"picked":"SKIP","floor":1.0},{"not_picked":["hermit:LowProfile","hermit:WideOpen"],"picked":"hermit:FullyLoaded","floor":5.0},{"not_picked":["hermit:Ricochet","hermit:LowProfile"],"picked":"hermit:Adapt","floor":6.0},{"not_picked":["hermit:BodyArmor","hermit:HoleUp","hermit:Midnight"],"picked":"SKIP","floor":8.0},{"not_picked":["hermit:TakeCover","hermit:Enervate","hermit:WideOpen"],"picked":"SKIP","floor":11},{"not_picked":["hermit:Manifest","hermit:WideOpen"],"picked":"hermit:Cheat","floor":12},{"not_picked":["hermit:LowProfile","hermit:NoHoldsBarred","hermit:Glare"],"picked":"SKIP","floor":14},{"not_picked":["hermit:Adapt","hermit:Gambit"],"picked":"hermit:Dissolve","floor":16},{"not_picked":["hermit:Headshot","hermit:Determination+1"],"picked":"hermit:GhostlyPresence","floor":18},{"not_picked":["hermit:Feint+1","hermit:Snipe+1","hermit:Headshot"],"picked":"SKIP","floor":19},{"not_picked":["hermit:ItchyTrigger","hermit:Malice","hermit:Desperado"],"picked":"SKIP","floor":21}],"player_experience":700428,"relics_obtained":[{"floor":1.0,"key":"LetterFromLob"},{"floor":6.0,"key":"Pantograph"},{"floor":9.0,"key":"Pocketwatch"}],"event_choices":[],"is_beta":false,"boss_relics":[{"not_picked":["reliquary:WritOfMandamus","ReplayTheSpireMod:DimensionalGlitch"],"picked":"Cursed Key"}],"items_purged_floors":[],"is_endless":false,"potions_floor_spawned":[6,8,11,21],"killed_by":"Gensokyo:3_Gloops","ascension_level":0}}