{"host":"bg8va46pgqgvtzim","time":1612256158,"event":{"mods":["BaseMod","Minty Spire (QoL Compilation)","Quick Restart","StSLib","SuperFastMode"],"gold_per_floor":[11,29,29,45,63,138,159,159,172,172,172,196,121,121,156,171,171,195,216,216,237,237,237,360,360,373,397,397,420,433,433,458,492,492,567,601,601,625,92,112,112,53,86,86,105,105,105,225,225,239,254,83,98,139,139,163,201,201,242,267,292,292,333,183,8,8,32,32,32,32,32,32,32,75,75],"floor_reached":76,"language":"ZHS","playtime":2984,"items_purged":["Strike_G","Strike_G","Dash+1","Dagger Throw+1","Corpse Explosion"],"score":1915,"play_id":"9b4a7406-289d-4824-a37d-095f03833b8b","local_time":"20210202165558","is_ascension_mode":true,"campfire_choices":[{"data":"Crippling Poison","floor":8.0,"key":"SMITH"},{"data":"Dash","floor":10.0,"key":"SMITH"},{"data":"Malaise","floor":14.0,"key":"SMITH"},{"data":"Neutralize","floor":17.0,"key":"SMITH"},{"data":"Eviscerate","floor":22.0,"key":"SMITH"},{"data":"Footwork","floor":23.0,"key":"SMITH"},{"data":"Tactician","floor":34.0,"key":"SMITH"},{"data":"Adrenaline","floor":37.0,"key":"SMITH"},{"data":"Acrobatics","floor":44.0,"key":"SMITH"},{"data":"Impatience","floor":46.0,"key":"SMITH"},{"data":"PathToVictory","floor":47.0,"key":"SMITH"},{"data":"Prepared","floor":58.0,"key":"SMITH"},{"floor":69.0,"key":"RECALL"},{"data":"Reflex","floor":72.0,"key":"SMITH"}],"circlet_count":0,"master_deck":["Survivor","Neutralize+1","Malaise+1","Crippling Poison+1","Footwork","Footwork+1","Adrenaline+1","Adrenaline","Eviscerate+1","A Thousand Cuts+1","Tactician+1","Acrobatics+1","Impatience+1","Reflex","Jack Of All Trades+1","PathToVictory+1","Footwork","Accuracy","Escape Plan","Malaise","Reflex+1","Acrobatics+1","Prepared+1","Purity+1","Finesse+1","Panacea","Thinking Ahead"],"relics":["Ring of the Snake","Golden Idol","InkBottle","Art of War","Ancient Tea Set","Juzu Bracelet","Astrolabe","Calipers","Centennial Puzzle","Bag of Marbles","Potion Belt","PrismaticShard","Akabeko","Whetstone","Pandora\u0027s Box","Eternal Feather","StrikeDummy","Pen Nib","War Paint"],"acts_visited":["Exordium","TheCity","TheBeyond","TheEnding"],"potions_floor_usage":[75,75,75,75,75,75,75,75,75],"damage_taken":[{"damage":2.0,"enemies":"Small Slimes","floor":1.0,"turns":5.0},{"damage":3.0,"enemies":"Jaw Worm","floor":2.0,"turns":5.0},{"damage":0.0,"enemies":"Cultist","floor":4.0,"turns":6.0},{"damage":0.0,"enemies":"2 Fungi Beasts","floor":5.0,"turns":4.0},{"damage":8.0,"enemies":"Exordium Wildlife","floor":7.0,"turns":10.0},{"damage":0.0,"enemies":"Blue Slaver","floor":9.0,"turns":5.0},{"damage":0.0,"enemies":"3 Sentries","floor":15.0,"turns":16.0},{"damage":0.0,"enemies":"Exordium Thugs","floor":16.0,"turns":5.0},{"damage":0.0,"enemies":"Lots of Slimes","floor":18.0,"turns":3.0},{"damage":0.0,"enemies":"Gremlin Gang","floor":19.0,"turns":4.0},{"damage":0.0,"enemies":"Exordium Thugs","floor":21.0,"turns":4.0},{"damage":0.0,"enemies":"The Guardian","floor":24.0,"turns":13.0},{"damage":4.0,"enemies":"3 Byrds","floor":26.0,"turns":4.0},{"damage":1.0,"enemies":"Shell Parasite","floor":27.0,"turns":5.0},{"damage":2.0,"enemies":"Shelled Parasite and Fungi","floor":29.0,"turns":4.0},{"damage":0.0,"enemies":"Snecko","floor":30.0,"turns":7.0},{"damage":0.0,"enemies":"Centurion and Healer","floor":32.0,"turns":7.0},{"damage":0.0,"enemies":"Book of Stabbing","floor":33.0,"turns":8.0},{"damage":0.0,"enemies":"Gremlin Leader","floor":36.0,"turns":5.0},{"damage":0.0,"enemies":"Snake Plant","floor":40.0,"turns":5.0},{"damage":0.0,"enemies":"Slavers","floor":43.0,"turns":5.0},{"damage":2.0,"enemies":"Snecko","floor":45.0,"turns":5.0},{"damage":30.0,"enemies":"Champ","floor":48.0,"turns":6.0},{"damage":0.0,"enemies":"3 Shapes","floor":50.0,"turns":2.0},{"damage":0.0,"enemies":"Orb Walker","floor":51.0,"turns":1.0},{"damage":8.0,"enemies":"Writhing Mass","floor":53.0,"turns":5.0},{"damage":13.0,"enemies":"3 Darklings","floor":54.0,"turns":3.0},{"damage":0.0,"enemies":"Spire Growth","floor":56.0,"turns":3.0},{"damage":0.0,"enemies":"Reptomancer","floor":57.0,"turns":2.0},{"damage":0.0,"enemies":"Giant Head","floor":59.0,"turns":1.0},{"damage":0.0,"enemies":"4 Shapes","floor":60.0,"turns":1.0},{"damage":0.0,"enemies":"Nemesis","floor":63.0,"turns":3.0},{"damage":8.0,"enemies":"Transient","floor":67.0,"turns":2.0},{"damage":0.0,"enemies":"Donu and Deca","floor":70.0,"turns":1.0},{"damage":0.0,"enemies":"Shield and Spear","floor":74.0,"turns":2.0},{"damage":0,"enemies":"The Heart","floor":75,"turns":3}],"seed_played":"-4336874523078251100","potions_obtained":[{"floor":1.0,"key":"DistilledChaos"},{"floor":4.0,"key":"Weak Potion"},{"floor":7.0,"key":"Block Potion"},{"floor":27.0,"key":"Ancient Potion"},{"floor":30.0,"key":"GamblersBrew"},{"floor":33.0,"key":"GamblersBrew"},{"floor":51.0,"key":"EntropicBrew"},{"floor":53.0,"key":"Strength Potion"},{"floor":59.0,"key":"SteroidPotion"}],"is_trial":false,"path_per_floor":["M","M","?","M","M","?","M","R","M","R","T","T","$","R","E","M","R","M","M","?","M","R","R","B",null,"M","M","?","M","M","?","M","E","R","?","E","R","T","$","M","$","?","E","R","M","R","R","B",null,"M","M","$","M","M","?","M","E","R","E","M","T","M","E","$","$","?","M","?","R","B",null,"R","$","E","B",null],"character_chosen":"THE_SILENT","items_purchased":["Acrobatics","Potion Belt","PrismaticShard","Impatience","Acrobatics"],"campfire_rested":0,"item_purchase_floors":[39,39,39,39,52],"current_hp_per_floor":[68,65,48,48,48,37,29,29,29,29,29,29,29,29,29,29,29,29,29,4,4,4,4,4,70,66,65,65,63,63,63,63,63,63,56,56,56,56,56,56,56,56,56,56,54,54,54,24,70,70,70,70,62,49,49,49,49,64,64,64,64,64,64,64,64,54,46,46,61,61,66,66,66,66,66],"gold":75,"neow_bonus":"THREE_RARE_CARDS","is_daily":false,"chose_seed":false,"campfire_upgraded":13,"win_rate":0.0,"timestamp":1612256158,"path_taken":["M","M","?","M","M","?","M","R","?","R","T","T","$","R","E","?","R","M","M","?","M","R","R","BOSS","M","M","?","M","M","?","M","E","R","?","E","R","T","$","M","?","?","E","R","M","R","R","BOSS","M","M","$","M","M","?","M","E","R","E","M","T","M","E","?","$","?","M","?","R","BOSS","R","$","E","BOSS"],"items_purchased_type":["Card","Relic","Relic","Card","Card"],"build_version":"2020-12-22","purchased_purges":5,"victory":true,"max_hp_per_floor":[70,70,70,70,70,70,70,70,70,70,70,70,70,70,70,70,70,70,70,70,70,70,70,70,70,70,70,70,70,70,70,70,70,70,70,70,70,70,70,70,70,70,70,70,70,70,70,70,70,70,70,70,70,70,70,70,70,70,70,70,70,70,70,70,70,70,70,66,66,66,66,66,66,66,66],"card_choices":[{"not_picked":["Adrenaline","Venomology"],"picked":"Malaise","floor":0.0},{"not_picked":["Dodge and Roll","Cloak And Dagger"],"picked":"Crippling Poison","floor":1.0},{"not_picked":["Flying Knee","Dodge and Roll"],"picked":"Footwork","floor":2.0},{"not_picked":["Crippling Poison","Quick Slash","Endless Agony"],"picked":"SKIP","floor":4.0},{"not_picked":["Masterful Stab","Slice"],"picked":"Footwork","floor":5.0},{"not_picked":["Leg Sweep","Prepared"],"picked":"Escape Plan","floor":7.0},{"not_picked":["Expertise","Distraction"],"picked":"Dash","floor":9.0},{"not_picked":["Footwork","Sucker Punch"],"picked":"Eviscerate","floor":15.0},{"not_picked":["Flechettes","Riddle With Holes","PiercingWail"],"picked":"SKIP","floor":16.0},{"not_picked":["Dodge and Roll","Quick Slash","Backflip"],"picked":"SKIP","floor":18.0},{"not_picked":["Backflip","Eviscerate"],"picked":"Adrenaline","floor":19.0},{"not_picked":["Sucker Punch","Outmaneuver","Caltrops"],"picked":"SKIP","floor":21.0},{"not_picked":["Venomology","Grand Finale"],"picked":"Adrenaline","floor":24.0},{"not_picked":["PiercingWail","Skewer","Slice+1"],"picked":"SKIP","floor":26.0},{"not_picked":["Deadly Poison","Underhanded Strike","Heel Hook"],"picked":"SKIP","floor":27.0},{"not_picked":["Blur+1","Choke"],"picked":"Tactician","floor":29.0},{"not_picked":["Poisoned Stab+1","Dagger Spray+1","Catalyst"],"picked":"SKIP","floor":30.0},{"not_picked":["Endless Agony","Poisoned Stab","Finisher"],"picked":"SKIP","floor":32.0},{"not_picked":["Dagger Spray+1","Accuracy","Blur"],"picked":"SKIP","floor":33.0},{"not_picked":["Storm of Steel","Blade Dance","Dagger Spray"],"picked":"SKIP","floor":36.0},{"not_picked":["Caltrops+1","EmptyBody"],"picked":"Reflex","floor":40.0},{"not_picked":["Study","Enlightenment"],"picked":"Jack Of All Trades+1","floor":43.0},{"not_picked":["Barrage","PathToVictory","Steam"],"picked":"SKIP","floor":45.0},{"not_picked":["Barrage","Steam"],"picked":"PathToVictory","floor":45.0},{"not_picked":["Lockon","Sweeping Beam","Pummel+1"],"picked":"SKIP","floor":50.0},{"not_picked":["Cold Snap","Turbo","Halt+1"],"picked":"SKIP","floor":51.0},{"not_picked":["Slice+1","Go for the Eyes+1","Brilliance"],"picked":"SKIP","floor":53.0},{"not_picked":["SashWhip","BootSequence+1"],"picked":"Prepared","floor":54.0},{"not_picked":["Reckless Charge","Evaluate","Fasting2+1"],"picked":"SKIP","floor":56.0},{"not_picked":["Worship+1","Mayhem"],"picked":"Purity+1","floor":57.0},{"not_picked":["Cloak And Dagger+1","Shockwave+1","InnerPeace+1"],"picked":"SKIP","floor":59.0},{"not_picked":["Halt+1","Redo+1","Footwork+1"],"picked":"SKIP","floor":60.0},{"not_picked":["FlyingSleeves","Whirlwind+1","EmptyBody+1"],"picked":"SKIP","floor":63.0},{"not_picked":["Good Instincts","Mayhem"],"picked":"Finesse","floor":66.0},{"not_picked":["Impatience","Blind"],"picked":"Panacea","floor":66.0},{"not_picked":["Mayhem","PanicButton"],"picked":"Thinking Ahead","floor":66.0},{"not_picked":["Anger","Acrobatics","Backflip"],"picked":"SKIP","floor":67.0},{"not_picked":["Catalyst","Aggregate","Outmaneuver"],"picked":"SKIP","floor":74.0}],"player_experience":2360144,"relics_obtained":[{"floor":11.0,"key":"InkBottle"},{"floor":12.0,"key":"Art of War"},{"floor":15.0,"key":"Ancient Tea Set"},{"floor":33.0,"key":"Calipers"},{"floor":36.0,"key":"Centennial Puzzle"},{"floor":38.0,"key":"Bag of Marbles"},{"floor":43.0,"key":"Whetstone"},{"floor":57.0,"key":"Eternal Feather"},{"floor":59.0,"key":"StrikeDummy"},{"floor":63.0,"key":"Pen Nib"},{"floor":74.0,"key":"War Paint"}],"event_choices":[{"damage_healed":0.0,"max_hp_gain":0.0,"max_hp_loss":0.0,"gold_gain":0.0,"event_name":"Golden Idol","player_choice":"Take Damage","floor":3.0,"gold_loss":0.0,"damage_taken":17.0,"relics_obtained":["Golden Idol"]},{"damage_healed":0.0,"max_hp_gain":0.0,"max_hp_loss":0.0,"gold_gain":75.0,"event_name":"World of Goop","player_choice":"Gather Gold","floor":6.0,"gold_loss":0.0,"damage_taken":11.0},{"damage_healed":0.0,"max_hp_gain":0.0,"max_hp_loss":0.0,"gold_gain":0.0,"event_name":"Scrap Ooze","player_choice":"Success","floor":20.0,"gold_loss":0.0,"damage_taken":25.0,"relics_obtained":["Juzu Bracelet"]},{"cards_removed":["Strike_G"],"damage_healed":0.0,"max_hp_gain":0.0,"max_hp_loss":0.0,"gold_gain":0.0,"event_name":"Back to Basics","player_choice":"Elegance","floor":28.0,"gold_loss":0.0,"damage_taken":0.0},{"damage_healed":0.0,"max_hp_gain":0.0,"max_hp_loss":0.0,"gold_gain":0.0,"event_name":"The Woman in Blue","player_choice":"Bought 0 Potions","floor":31.0,"gold_loss":0.0,"damage_taken":0.0},{"damage_healed":0.0,"max_hp_gain":0.0,"max_hp_loss":0.0,"gold_gain":75.0,"event_name":"FaceTrader","player_choice":"Touch","floor":35.0,"gold_loss":0.0,"damage_taken":7.0},{"damage_healed":0.0,"max_hp_gain":0.0,"max_hp_loss":0.0,"gold_gain":0.0,"event_name":"WeMeetAgain","player_choice":"Paid Gold","floor":42.0,"gold_loss":59.0,"damage_taken":0.0,"relics_obtained":["Akabeko"]},{"damage_healed":0.0,"max_hp_gain":0.0,"max_hp_loss":0.0,"gold_gain":0.0,"cards_transformed":["Eviscerate"],"event_name":"Transmorgrifier","player_choice":"Transformed","floor":55.0,"gold_loss":0.0,"damage_taken":0.0,"cards_obtained":["Corpse Explosion"]},{"damage_healed":0.0,"max_hp_gain":0.0,"max_hp_loss":0.0,"gold_gain":0.0,"event_name":"SensoryStone","player_choice":"Memory 3","floor":66.0,"gold_loss":0.0,"damage_taken":10.0},{"damage_healed":0.0,"max_hp_gain":0.0,"max_hp_loss":4.0,"gold_gain":0.0,"event_name":"Winding Halls","player_choice":"Max HP","floor":68.0,"gold_loss":0.0,"damage_taken":0.0}],"is_beta":false,"boss_relics":[{"not_picked":["Ring of the Serpent","Calling Bell"],"picked":"Astrolabe"},{"not_picked":["Runic Dome","SlaversCollar"],"picked":"Pandora\u0027s Box"}],"items_purged_floors":[13,39,52,64,65],"is_endless":false,"potions_floor_spawned":[1,4,7,15,18,21,27,30,33,36,51,53,59,74],"ascension_level":1}}