{"host":"whloki2o3dp1b07n","time":1612297977,"event":{"mods":["100% Spire Juice","Abigail Mod","Act Like it!","Arknights","BaseMod","Better Synergies","Block Reminder","CapriCore","Colored Map","Colored Powertips","DNKmod","Evolution","Friendly Minions","GifTheSpireLib","GungeonMod","HexUI Lib","Koishi","Marked Mod","Minty Spire (QoL Compilation)","Poor People Problems","Reliquary","StSLib","Swap Starting Deck Mod","The Bug Knight","The Marked","TheSurvivalist","Transform Curses"],"gold_per_floor":[111,111,111,130,141,141,174,174,174,50,50,50,67,84,84,186,186,205,1,1,1,17,17,35,35,108,108,122,122,140,140,140],"floor_reached":31,"language":"ENG","playtime":2064,"items_purged":[],"score":235,"play_id":"c2588608-61c6-425d-9958-aca74e61fbb2","local_time":"20210202153257","is_ascension_mode":false,"campfire_choices":[{"data":"survmod:FlareQuiver","floor":6,"key":"SMITH"},{"floor":11,"key":"REST"},{"floor":15,"key":"REST"},{"floor":23,"key":"REST"},{"data":"survmod:MarkedShot","floor":25,"key":"SMITH"},{"floor":29,"key":"REST"}],"circlet_count":0,"master_deck":["survmod:NockAnArrow","survmod:Strike","survmod:Strike","survmod:Defend","survmod:Defend","survmod:Defend","survmod:Defend","survmod:VersatileOffense+1","survmod:Sprint","survmod:QuickDash","survmod:FlareQuiver+1","survmod:FlashbangTrap","survmod:PenetratingShot","survmod:GoForFace+1","survmod:HailOfArrows","survmod:TrapTrap","survmod:RejectWeakness","survmod:MutantEnergy","CurseOfTheBell","survmod:TwinShot","survmod:NockAnArrow","survmod:AcidArrow","survmod:ConcussiveShot","survmod:QuickThinking+1","survmod:MarkedShot+1"],"relics":["survmod:InnateMutation","EVO:Axolotl","DemoMod:Bottle","DemoMod:JetPack","Calling Bell","reliquary:TatteredRug","reliquary:NewFriend","survmod:Longbow","Blood Vial","reliquary:Sideboard","Enchiridion"],"acts_visited":["Exordium","TheCity"],"potions_floor_usage":[16,16,16,24,28,31],"damage_taken":[{"damage":0,"enemies":"Small Slimes","floor":1,"turns":4},{"damage":0,"enemies":"Jaw Worm","floor":4,"turns":4},{"damage":4,"enemies":"Cultist","floor":5,"turns":6},{"damage":25,"enemies":"Lagavulin","floor":7,"turns":9},{"damage":18,"enemies":"2 Fungi Beasts","floor":13,"turns":4},{"damage":6,"enemies":"Large Slime","floor":14,"turns":7},{"damage":16,"enemies":"Slime Boss","floor":16,"turns":9},{"damage":35,"enemies":"Spheric Guardian","floor":18,"turns":6},{"damage":7,"enemies":"Shell Parasite","floor":22,"turns":5},{"damage":0,"enemies":"Snecko","floor":24,"turns":4},{"damage":30,"enemies":"Centurion and Healer","floor":28,"turns":6},{"damage":24,"enemies":"Shelled Parasite and Fungi","floor":30,"turns":7},{"damage":7,"enemies":"3 Cultists","floor":31,"turns":2}],"seed_played":"-2262627972590233315","potions_obtained":[{"floor":4,"key":"AttackPotion"},{"floor":13,"key":"LiquidBronze"},{"floor":14,"key":"EssenceOfSteel"},{"floor":16,"key":"Weak Potion"},{"floor":18,"key":"DistilledChaos"},{"floor":30,"key":"Energy Potion"}],"is_trial":false,"path_per_floor":["M","?","?","M","M","R","E","?","T","$","R","?","M","M","R","B",null,"M","$","?","?","M","R","M","R","T","?","M","R","M","M"],"character_chosen":"THE_SURVIVOR","items_purchased":["survmod:GoForFace","survmod:HailOfArrows","Blood Vial","survmod:NockAnArrow"],"campfire_rested":4,"item_purchase_floors":[10,10,19,19],"current_hp_per_floor":[50,50,50,50,46,46,21,26,26,26,42,42,24,18,34,18,55,21,21,39,39,34,50,52,52,52,36,8,24,2,0,0],"gold":140,"neow_bonus":"UPGRADE_CARD","is_daily":false,"chose_seed":false,"campfire_upgraded":2,"win_rate":0.0,"timestamp":1612297977,"path_taken":["M","?","?","M","?","R","E","?","T","$","R","?","M","M","R","BOSS","M","$","?","?","?","R","M","R","T","?","M","R","M","M"],"items_purchased_type":["Card","Card","Relic","Card"],"build_version":"2020-12-22","purchased_purges":0,"victory":false,"max_hp_per_floor":[50,50,50,50,50,50,50,55,55,55,55,55,55,55,55,55,55,55,55,55,55,55,55,55,55,55,55,55,55,55,55,55],"card_choices":[{"not_picked":["survmod:BendAndBow","survmod:FocusedFire"],"picked":"survmod:QuickDash","floor":1},{"not_picked":["survmod:FindCover","survmod:RejectWeakness"],"picked":"survmod:FlareQuiver","floor":4},{"not_picked":["survmod:TwinShot","survmod:OverexertingShot"],"picked":"survmod:FlashbangTrap","floor":5},{"not_picked":["survmod:TwinShot","survmod:UnfortunateEscape"],"picked":"survmod:PenetratingShot","floor":7},{"not_picked":["survmod:BearTrap","survmod:WalledOffTraps"],"picked":"survmod:TrapTrap","floor":13},{"not_picked":["survmod:PinningSnipe","survmod:QuickDash"],"picked":"survmod:RejectWeakness","floor":14},{"not_picked":["survmod:Exploit","survmod:DeadlyAim"],"picked":"survmod:MutantEnergy","floor":16},{"not_picked":["survmod:KnowThyEnemy","survmod:PenetratingShot+1"],"picked":"survmod:TwinShot","floor":18},{"not_picked":["survmod:Adaptability+1","survmod:QuickDash"],"picked":"survmod:QuickThinking+1","floor":22},{"not_picked":["survmod:Marksmanship","survmod:FocusedFire"],"picked":"survmod:MarkedShot","floor":24},{"not_picked":["survmod:AcidTrap","survmod:KnowThyEnemy"],"picked":"survmod:DuckAndFlare","floor":28},{"not_picked":["survmod:AcidTrap+1","survmod:FindCover"],"picked":"survmod:DuckAndFlare","floor":30}],"player_experience":1133751,"relics_obtained":[{"floor":7,"key":"DemoMod:Bottle"},{"floor":9,"key":"DemoMod:JetPack"},{"floor":17,"key":"reliquary:TatteredRug"},{"floor":17,"key":"reliquary:NewFriend"},{"floor":17,"key":"survmod:Longbow"},{"floor":26,"key":"reliquary:Sideboard"},{"floor":27,"key":"Enchiridion"}],"event_choices":[{"damage_healed":0,"gold_gain":0,"player_choice":"Ignored","damage_taken":0,"max_hp_gain":0,"max_hp_loss":0,"event_name":"Liars Game","floor":2,"gold_loss":0},{"cards_removed":["survmod:Strike"],"damage_healed":0,"gold_gain":0,"player_choice":"Purged","damage_taken":0,"max_hp_gain":0,"max_hp_loss":0,"event_name":"Purifier","floor":3,"gold_loss":0},{"damage_healed":0,"gold_gain":0,"player_choice":"Donut","damage_taken":0,"max_hp_gain":5,"max_hp_loss":0,"event_name":"Big Fish","floor":8,"gold_loss":0},{"damage_healed":0,"gold_gain":0,"player_choice":"Grow","damage_taken":0,"max_hp_gain":0,"max_hp_loss":0,"event_name":"Living Wall","floor":12,"gold_loss":0,"cards_upgraded":["survmod:GoForFace"]},{"damage_healed":18,"gold_gain":0,"player_choice":"Heal","damage_taken":0,"max_hp_gain":0,"max_hp_loss":0,"event_name":"The Library","floor":20,"gold_loss":0},{"damage_healed":0,"gold_gain":0,"player_choice":"2 cards matched","damage_taken":0,"max_hp_gain":0,"max_hp_loss":0,"event_name":"Match and Keep!","floor":21,"gold_loss":0,"cards_obtained":["survmod:AcidArrow","survmod:ConcussiveShot"]},{"damage_healed":0,"gold_gain":0,"player_choice":"Obtained Book","damage_taken":16,"max_hp_gain":0,"max_hp_loss":0,"event_name":"Cursed Tome","floor":27,"gold_loss":0}],"is_beta":false,"boss_relics":[{"not_picked":["Snecko Eye","reliquary:Ember"],"picked":"Calling Bell"}],"items_purged_floors":[],"is_endless":false,"potions_floor_spawned":[4,13,14,16,18,30],"killed_by":"3 Cultists","ascension_level":0}}