{"host":"xwgrz7y3g1a3iikb","time":1612238336,"event":{"mods":["BaseMod","Bestiary","Minty Spire (QoL Compilation)","Permanent Neow","Quick Restart","Relic Stats","StSLib","ojb\u0027s Info Mod"],"gold_per_floor":[116,129,143,68,87,87,121,121,121,140,215,18,41,57,57,57,57],"floor_reached":16,"language":"ENG","playtime":520,"items_purged":[],"score":204,"play_id":"778f6c23-9697-46ad-8485-7e2603b6e363","local_time":"20210201195856","is_ascension_mode":true,"campfire_choices":[{"data":"Eviscerate","floor":6,"key":"SMITH"},{"data":"Blade Dance","floor":8,"key":"SMITH"},{"data":"Apotheosis","floor":15,"key":"SMITH"}],"circlet_count":0,"master_deck":["AscendersBane","Strike_G","Strike_G","Strike_G","Strike_G","Defend_G","Defend_G","Defend_G","Defend_G","Defend_G","Survivor","Neutralize","Poisoned Stab","Deadly Poison","Blade Dance+1","Eviscerate+1","Escape Plan","Escape Plan","Apotheosis+1","Finisher","PiercingWail","Dodge and Roll"],"relics":["Ring of the Snake","Pen Nib","Prayer Wheel","Lizard Tail","Odd Mushroom"],"acts_visited":["Exordium"],"potions_floor_usage":[],"damage_taken":[{"damage":4,"enemies":"Small Slimes","floor":1,"turns":5},{"damage":0,"enemies":"Jaw Worm","floor":2,"turns":4},{"damage":2,"enemies":"2 Louse","floor":3,"turns":2},{"damage":4,"enemies":"Large Slime","floor":5,"turns":5},{"damage":8,"enemies":"Gremlin Nob","floor":7,"turns":3},{"damage":1,"enemies":"Looter","floor":10,"turns":3},{"damage":19,"enemies":"The Mushroom Lair","floor":13,"turns":4},{"damage":3,"enemies":"Blue Slaver","floor":14,"turns":3},{"damage":19,"enemies":"Slime Boss","floor":16,"turns":9}],"seed_played":"2764407696099565975","potions_obtained":[{"floor":1,"key":"Dexterity Potion"},{"floor":10,"key":"Dexterity Potion"}],"is_trial":false,"path_per_floor":["M","M","M","?","M","R","E","R","T","M","?","$","?","M","R","B"],"character_chosen":"THE_SILENT","items_purchased":["Apotheosis"],"campfire_rested":0,"item_purchase_floors":[12],"current_hp_per_floor":[55,55,53,53,49,49,41,41,41,40,29,29,10,7,7,33,33],"gold":57,"neow_bonus":"RANDOM_COMMON_RELIC","is_daily":false,"chose_seed":false,"campfire_upgraded":3,"win_rate":0.0,"timestamp":1612238336,"path_taken":["M","M","M","?","M","R","E","R","T","M","?","?","?","M","R","BOSS"],"items_purchased_type":["Card"],"build_version":"2020-12-22","purchased_purges":0,"victory":false,"max_hp_per_floor":[66,66,66,66,66,66,66,66,66,66,66,66,66,66,66,66,66],"relic_stats":{"Lizard Tail":33,"counters":[9,38],"Prayer Wheel":2,"Pen Nib":[7],"obtain_stats":[{"Lizard Tail":9,"Prayer Wheel":7,"Pen Nib":0,"Odd Mushroom":13,"Ring of the Snake":0},{"Lizard Tail":5,"Prayer Wheel":5,"Pen Nib":0,"Odd Mushroom":7,"Ring of the Snake":0},{"Lizard Tail":19,"Prayer Wheel":19,"Pen Nib":0,"Odd Mushroom":26,"Ring of the Snake":0}],"Ring of the Snake":[18]},"card_choices":[{"not_picked":["Finisher","Prepared"],"picked":"Poisoned Stab","floor":1},{"not_picked":["Poisoned Stab","Bane"],"picked":"Deadly Poison","floor":2},{"not_picked":["Deflect","Flying Knee"],"picked":"Blade Dance","floor":3},{"not_picked":["Concentrate","Endless Agony"],"picked":"Eviscerate","floor":5},{"not_picked":["Sucker Punch","Flechettes"],"picked":"Escape Plan","floor":7},{"not_picked":["Flying Knee","Slice"],"picked":"Escape Plan","floor":10},{"not_picked":["Dagger Throw","Bullet Time","Quick Slash"],"picked":"SKIP","floor":10},{"not_picked":["All Out Attack","Cloak And Dagger"],"picked":"Finisher","floor":13},{"not_picked":["Slice","Sucker Punch"],"picked":"PiercingWail","floor":14},{"not_picked":["Outmaneuver","Prepared"],"picked":"Dodge and Roll","floor":14}],"player_experience":312333,"relics_obtained":[{"floor":7,"key":"Prayer Wheel"},{"floor":9,"key":"Lizard Tail"},{"floor":13,"key":"Odd Mushroom"}],"event_choices":[{"cards_removed":["Strike_G"],"damage_healed":0,"gold_gain":0,"player_choice":"Card Removal","damage_taken":0,"max_hp_gain":0,"max_hp_loss":0,"event_name":"The Cleric","floor":4,"gold_loss":75},{"damage_healed":0,"gold_gain":75,"player_choice":"Gather Gold","damage_taken":11,"max_hp_gain":0,"max_hp_loss":0,"event_name":"World of Goop","floor":11,"gold_loss":0},{"damage_healed":0,"gold_gain":0,"player_choice":"Fought Mushrooms","damage_taken":0,"max_hp_gain":0,"max_hp_loss":0,"event_name":"Mushrooms","floor":13,"gold_loss":0}],"is_beta":false,"boss_relics":[],"items_purged_floors":[],"is_endless":false,"potions_floor_spawned":[1,10,13,14],"killed_by":"Slime Boss","ascension_level":20}}