{"host":"c3lc60y5x60jlt1y","time":1612302546,"event":{"mods":["AchievementEnabler","BaseMod","Bestiary","Colored Map","Minty Spire (QoL Compilation)","Quick Restart","StSLib","ojb\u0027s Info Mod"],"gold_per_floor":[112,37,87,100,118,148,148,184,253,253,277,277,302,302,302,389,389,400,409,70,90,116,149,149,192,192,192,215,224,238,270,270,270,270],"floor_reached":33,"language":"ENG","playtime":2266,"items_purged":["Defend_P","Strike_P"],"score":680,"play_id":"7cbed2bf-753a-4bb1-b16a-6adec2d18793","local_time":"20210202234906","is_ascension_mode":true,"campfire_choices":[{"data":"Eruption","floor":7.0,"key":"SMITH"},{"floor":10.0,"key":"REST"},{"floor":12.0,"key":"REST"},{"data":"Ragnarok","floor":15.0,"key":"SMITH"},{"data":"SpiritShield","floor":24.0,"key":"SMITH"},{"floor":32.0,"key":"REST"}],"circlet_count":0,"master_deck":["AscendersBane","Strike_P","Strike_P","Strike_P","Defend_P","Defend_P","Eruption+1","Vigilance","InnerPeace","Consecrate","FearNoEvil","CrushJoints","CutThroughFate","Ragnarok+1","FlurryOfBlows","SpiritShield+1","Wish","Dramatic Entrance","Sanctity+1","Perseverance+1","WaveOfTheHand","FlurryOfBlows+1","Decay"],"relics":["Philosopher\u0027s Stone","Pocketwatch","CeramicFish","InkBottle","SlaversCollar","PreservedInsect","HornCleat","Mercury Hourglass","TungstenRod","Tiny Chest"],"acts_visited":["Exordium","TheCity"],"potions_floor_usage":[33],"damage_taken":[{"damage":8.0,"enemies":"Small Slimes","floor":1.0,"turns":3.0},{"damage":0.0,"enemies":"Cultist","floor":4.0,"turns":3.0},{"damage":13.0,"enemies":"2 Louse","floor":5.0,"turns":3.0},{"damage":56.0,"enemies":"3 Sentries","floor":6.0,"turns":8.0},{"damage":2.0,"enemies":"Gremlin Nob","floor":8.0,"turns":3.0},{"damage":10.0,"enemies":"Gremlin Gang","floor":11.0,"turns":4.0},{"damage":14.0,"enemies":"3 Louse","floor":13.0,"turns":2.0},{"damage":34.0,"enemies":"The Guardian","floor":16.0,"turns":10.0},{"damage":3.0,"enemies":"Spheric Guardian","floor":18.0,"turns":3.0},{"damage":4.0,"enemies":"2 Thieves","floor":21.0,"turns":2.0},{"damage":0.0,"enemies":"Snake Plant","floor":22.0,"turns":2.0},{"damage":0.0,"enemies":"Slavers","floor":23.0,"turns":1.0},{"damage":6.0,"enemies":"Gremlin Leader","floor":25.0,"turns":4.0},{"damage":19.0,"enemies":"Shelled Parasite and Fungi","floor":28.0,"turns":4.0},{"damage":0.0,"enemies":"Centurion and Healer","floor":30.0,"turns":3.0},{"damage":7.0,"enemies":"Slavers","floor":31.0,"turns":3.0},{"damage":16,"enemies":"Automaton","floor":33,"turns":6}],"seed_played":"6332136599824338412","potions_obtained":[{"floor":1.0,"key":"FairyPotion"},{"floor":8.0,"key":"DistilledChaos"},{"floor":13.0,"key":"StancePotion"},{"floor":18.0,"key":"Dexterity Potion"},{"floor":22.0,"key":"AttackPotion"},{"floor":25.0,"key":"Energy Potion"},{"floor":31.0,"key":"StancePotion"}],"is_trial":false,"path_per_floor":["M","$","?","M","M","E","R","E","T","R","M","R","M","?","R","B",null,"M","?","$","M","M","E","R","E","T","?","M","?","M","E","R","B"],"character_chosen":"WATCHER","items_purchased":["PreservedInsect","Dramatic Entrance"],"campfire_rested":3,"item_purchase_floors":[20,20],"current_hp_per_floor":[53,53,47,47,34,3,3,1,1,21,11,31,17,39,39,5,52,49,49,49,45,45,45,45,39,39,39,20,20,20,13,33,17,17],"gold":270,"neow_bonus":"BOSS_RELIC","is_daily":false,"chose_seed":false,"campfire_upgraded":3,"win_rate":0.0,"timestamp":1612302546,"path_taken":["M","$","?","M","?","E","R","E","T","R","M","R","?","?","R","BOSS","M","?","$","M","?","E","R","E","T","?","?","?","M","E","R","BOSS"],"items_purchased_type":["Relic","Card"],"build_version":"2020-12-22","purchased_purges":2,"victory":false,"max_hp_per_floor":[68,68,68,68,68,68,68,68,68,68,68,68,68,68,68,68,68,68,68,68,68,68,68,68,68,68,68,68,68,68,68,68,68,68],"card_choices":[{"not_picked":["Conclude","EmptyBody"],"picked":"InnerPeace","floor":1.0},{"not_picked":["Fasting2","WindmillStrike"],"picked":"Consecrate","floor":4.0},{"not_picked":["Prostrate","Evaluate"],"picked":"FearNoEvil","floor":5.0},{"not_picked":["SashWhip","Halt"],"picked":"CrushJoints","floor":6.0},{"not_picked":["ReachHeaven","Protect"],"picked":"CutThroughFate","floor":8.0},{"not_picked":["BowlingBash","InnerPeace"],"picked":"Ragnarok","floor":11.0},{"not_picked":["Wireheading","BowlingBash"],"picked":"FlurryOfBlows","floor":13.0},{"not_picked":["Ragnarok","Devotion"],"picked":"SpiritShield","floor":16.0},{"not_picked":["FollowUp","Protect","Perseverance"],"picked":"SKIP","floor":18.0},{"not_picked":["InnerPeace+1","FollowUp"],"picked":"Sanctity+1","floor":21.0},{"not_picked":["Collect","Wireheading"],"picked":"Perseverance+1","floor":22.0},{"not_picked":["FollowUp+1","Crescendo","Weave"],"picked":"SKIP","floor":23.0},{"not_picked":["Evaluate","JustLucky+1"],"picked":"WaveOfTheHand","floor":25.0},{"not_picked":["Consecrate","EmptyBody"],"picked":"FlurryOfBlows+1","floor":28.0},{"not_picked":["Crescendo","CrushJoints","Nirvana"],"picked":"SKIP","floor":30.0},{"not_picked":["EmptyFist","Sanctity+1","Judgement"],"picked":"SKIP","floor":31.0}],"player_experience":8950436,"relics_obtained":[{"floor":6.0,"key":"Pocketwatch"},{"floor":8.0,"key":"CeramicFish"},{"floor":9.0,"key":"InkBottle"},{"floor":23.0,"key":"HornCleat"},{"floor":25.0,"key":"Mercury Hourglass"},{"floor":26.0,"key":"TungstenRod"},{"floor":31.0,"key":"Tiny Chest"}],"event_choices":[{"damage_healed":0.0,"max_hp_gain":0.0,"max_hp_loss":0.0,"gold_gain":50.0,"event_name":"FaceTrader","player_choice":"Touch","floor":3.0,"gold_loss":0.0,"damage_taken":6.0},{"damage_healed":22.0,"max_hp_gain":0.0,"max_hp_loss":0.0,"gold_gain":0.0,"event_name":"Big Fish","player_choice":"Banana","floor":14.0,"gold_loss":0.0,"damage_taken":0.0},{"damage_healed":0.0,"max_hp_gain":0.0,"max_hp_loss":0.0,"gold_gain":0.0,"event_name":"Match and Keep!","player_choice":"1 cards matched","floor":19.0,"gold_loss":0.0,"damage_taken":0.0,"cards_obtained":["Wish"]},{"cards_removed":["Defend_P"],"damage_healed":0.0,"max_hp_gain":0.0,"max_hp_loss":0.0,"gold_gain":0.0,"event_name":"Purifier","player_choice":"Purged","floor":27.0,"gold_loss":0.0,"damage_taken":0.0},{"damage_healed":0.0,"max_hp_gain":0.0,"max_hp_loss":0.0,"gold_gain":0.0,"event_name":"Forgotten Altar","player_choice":"Smashed Altar","floor":29.0,"gold_loss":0.0,"damage_taken":0.0,"cards_obtained":["Decay"]}],"is_beta":false,"boss_relics":[{"not_picked":["Calling Bell","Empty Cage"],"picked":"SlaversCollar"}],"items_purged_floors":[2,20],"is_endless":false,"potions_floor_spawned":[1,8,13,18,22,25,31],"killed_by":"Automaton","ascension_level":20}}