{"host":"klqcd4cqxrk2p1u3","time":1612233545,"event":{"mods":["BaseMod","Downfall","Minty Spire (QoL Compilation)","StSLib"],"gold_per_floor":[99,119,133,150,38,48,48,61,81,81,181,216,16,49,69,165,165,65,82,102,12,12,27,27,27,27,37,47,47,47,60,79,178,178,178,189,201,211,211,561,584,1,48,61,61,73,88,99,109,109,109,109],"floor_reached":50,"language":"ENG","playtime":10129,"items_purged":["bronze:ChildClass","bronze:DelayedSlice"],"score":514,"play_id":"81e96c9e-f943-414f-ab62-0de33d7d0992","local_time":"20210201213905","is_ascension_mode":false,"campfire_choices":[{"floor":1.0,"key":"RECALL"},{"data":"bronze:GetLatest","floor":10.0,"key":"SMITH"},{"data":"bronze:InfiniteBeams","floor":13.0,"key":"SMITH"},{"data":"bronze:SpaghettiCode","floor":18,"key":"SMITH"},{"data":"bronze:BuggyMess","floor":25,"key":"SMITH"},{"data":"bronze:Optimize","floor":35,"key":"SMITH"},{"floor":45,"key":"REST"}],"circlet_count":0,"master_deck":["bronze:Strike","bronze:Strike","bronze:Strike","bronze:Strike","bronze:Defend","bronze:Defend","bronze:Defend","bronze:Defend","bronze:Replicate","bronze:Goto","bronze:Optimize","bronze:Repair","bronze:InfiniteBeams+1","bronze:BronzeOrb","bronze:Branch","bronze:BuggyMess+1","bronze:GetLatest+1","bronze:Constructor","bronze:Frontload","bronze:Virus","bronze:Repair","bronze:Branch","bronze:Separator","bronze:SpaghettiCode+1","bronze:Boost","bronze:Constructor","bronze:CutThrough","bronze:OilSpill","bronze:ClassDefault","bronze:DelayedSlice+1","bronze:GetLatest+1","bronze:DelayedSlice+1","bronze:Optimize+1","bronze:CleanCode","bronze:BronzeOrb+1","bronze:Optimize+1","Parasite","bronze:ItsAFeature","bronze:Allocate+1","bronze:ChildClass+1","bronze:ClassDefault+1","bronze:DelayedSlice+1","bronze:Frontload","bronze:ClassDefault+1","bronze:Repulsor+1","bronze:Iterate+1","bronze:CutThrough+1"],"relics":["bronze:BronzeCore","Art of War","Toy Ornithopter","Eternal Feather","downfall:HeartBlessingBlue","downfall:HeartBlessingRed","Juzu Bracelet","SacredBark","downfall:HeartBlessingGreen","Lantern","Torii","Black Star","Old Coin","Bronze Scales","Frozen Egg 2","PreservedInsect","Turnip"],"acts_visited":["Exordium","TheCity","TheBeyond"],"potions_floor_usage":[20,33,33,33,40,43,48,49],"damage_taken":[{"damage":2.0,"enemies":"Cultist","floor":2.0,"turns":5.0},{"damage":7.0,"enemies":"2 Louse","floor":3.0,"turns":4.0},{"damage":1.0,"enemies":"Jaw Worm","floor":4.0,"turns":4.0},{"damage":0.0,"enemies":"downfall:FleeingMerchant","floor":5.0,"turns":4.0},{"damage":2.0,"enemies":"Red Slaver","floor":6.0,"turns":4.0},{"damage":16.0,"enemies":"Exordium Thugs","floor":8.0,"turns":4.0},{"damage":1.0,"enemies":"2 Fungi Beasts","floor":9.0,"turns":5.0},{"damage":34.0,"enemies":"downfall:LadyInBlue","floor":11.0,"turns":12.0},{"damage":7.0,"enemies":"3 Sentries","floor":12.0,"turns":5.0},{"damage":17.0,"enemies":"Lagavulin","floor":14.0,"turns":7.0},{"damage":0.0,"enemies":"Blue Slaver","floor":15.0,"turns":4.0},{"damage":50.0,"enemies":"SI_SHIV_ARCHETYPE","floor":16.0,"turns":7.0},{"damage":19,"enemies":"Spheric Guardian","floor":19,"turns":5},{"damage":23,"enemies":"Snake Plant","floor":20,"turns":7},{"damage":0,"enemies":"downfall:FleeingMerchant","floor":21,"turns":4},{"damage":4,"enemies":"Shelled Parasite and Fungi","floor":23,"turns":5},{"damage":10,"enemies":"3 Cultists","floor":27,"turns":5},{"damage":21,"enemies":"Snake Plant","floor":28,"turns":7},{"damage":0,"enemies":"Shelled Parasite and Fungi","floor":31,"turns":5},{"damage":0,"enemies":"3 Cultists","floor":32,"turns":4},{"damage":7,"enemies":"IC_MUSHROOM_ARCHETYPE","floor":33,"turns":4},{"damage":18,"enemies":"Orb Walker","floor":36,"turns":3},{"damage":1,"enemies":"3 Darklings","floor":37,"turns":4},{"damage":0,"enemies":"Writhing Mass","floor":38,"turns":6},{"damage":48,"enemies":"Writhing Mass","floor":40,"turns":8},{"damage":0,"enemies":"downfall:FleeingMerchant","floor":42,"turns":4},{"damage":68,"enemies":"2 Orb Walkers","floor":43,"turns":7},{"damage":18,"enemies":"Sphere and 2 Shapes","floor":44,"turns":9},{"damage":11,"enemies":"Maw","floor":46,"turns":11},{"damage":20,"enemies":"4 Shapes","floor":47,"turns":5},{"damage":32,"enemies":"Writhing Mass","floor":48,"turns":9},{"damage":8,"enemies":"Spire Growth","floor":49,"turns":6},{"damage":78,"enemies":"DF_ARCHETYPE_ORBS","floor":50,"turns":8}],"seed_played":"6811670187014419468","potions_obtained":[{"floor":2.0,"key":"Swift Potion"},{"floor":3.0,"key":"champ:CounterPotion"},{"floor":6.0,"key":"champ:CounterPotion"},{"floor":11.0,"key":"Ancient Potion"},{"floor":11.0,"key":"Slimebound:ThreeZeroPotion"},{"floor":11.0,"key":"CultistPotion"},{"floor":14.0,"key":"Fire Potion"},{"floor":15.0,"key":"ColorlessPotion"},{"floor":19,"key":"Block Potion"},{"floor":27,"key":"hexamod:SoulburnPotion"},{"floor":31,"key":"bronze:CleanCodePotion"},{"floor":33,"key":"sneckomod:MuddlingPotion"},{"floor":37,"key":"BlessingOfTheForge"},{"floor":38,"key":"SteroidPotion"},{"floor":44,"key":"Energy Potion"},{"floor":48,"key":"GamblersBrew"},{"floor":49,"key":"Fire Potion"}],"is_trial":false,"path_per_floor":["R","M","M","M","$","M","T","M","M","R","?","E","R","E","M","B",null,"R","M","M","$","?","M","T","R","?","M","M","?","?","M","M","B",null,"R","M","M","M","?","?","T","$","?","M","R","M","M","M","M","B"],"character_chosen":"THE_AUTOMATON","items_purchased":["bronze:Branch","bronze:BuggyMess","Frozen Egg 2","bronze:ClassDefault+1","PreservedInsect"],"campfire_rested":1,"item_purchase_floors":[5,5,42,42,42],"current_hp_per_floor":[70,68,61,70,70,68,68,56,65,65,36,41,63,63,77,33,80,80,68,57,77,77,80,80,80,80,80,75,75,75,80,80,80,80,80,62,68,75,75,52,52,72,17,13,61,69,59,49,56,0,0,0],"gold":109,"neow_bonus":"RANDOM_COMMON_RELIC","is_daily":false,"chose_seed":false,"campfire_upgraded":5,"win_rate":0.0,"timestamp":1612233545,"path_taken":["R","M","M","M","?","M","T","M","M","R","?","E","R","E","M","BOSS","R","M","M","$","?","M","T","R","?","M","M","?","?","M","M","BOSS","R","M","M","M","?","?","T","$","?","M","R","M","M","M","M","BOSS"],"items_purchased_type":["Card","Card","Relic","Card","Relic"],"build_version":"2020-12-22","purchased_purges":2,"victory":false,"max_hp_per_floor":[70,70,70,70,70,70,70,70,70,70,70,70,80,80,80,80,80,80,80,80,80,80,80,80,80,80,80,80,80,80,80,80,80,80,80,80,80,80,80,80,80,80,80,80,80,80,80,80,80,80,80,80],"card_choices":[{"not_picked":["bronze:BronzeArmor","bronze:BugBarrage"],"picked":"bronze:Optimize","floor":2.0},{"not_picked":["bronze:BugBarrage","bronze:BronzeOrb"],"picked":"bronze:Repair","floor":3.0},{"not_picked":["bronze:Separator","bronze:ChosenStrike"],"picked":"bronze:InfiniteBeams","floor":4.0},{"not_picked":["bronze:Invalidate","bronze:Turbo"],"picked":"bronze:BronzeOrb","floor":5.0},{"not_picked":["bronze:Shield","bronze:CleanCode"],"picked":"bronze:GetLatest","floor":6.0},{"not_picked":["bronze:Iterate","bronze:Allocate"],"picked":"bronze:Constructor","floor":8.0},{"not_picked":["bronze:WildBeam","bronze:FineTuning"],"picked":"bronze:Frontload","floor":9.0},{"not_picked":["bronze:Deprecate","bronze:Optimize"],"picked":"bronze:Virus","floor":11.0},{"not_picked":["bronze:Shield","bronze:Turbo"],"picked":"bronze:Repair","floor":12.0},{"not_picked":["bronze:Iterate","bronze:Deprecate"],"picked":"bronze:Branch","floor":14.0},{"not_picked":["bronze:BitShift","bronze:WhirlingStrike"],"picked":"bronze:Separator","floor":15.0},{"not_picked":["bronze:Verify","bronze:Format"],"picked":"bronze:SpaghettiCode","floor":16.0},{"not_picked":["bronze:MaxOutput+1","bronze:CloningBeam"],"picked":"bronze:Boost","floor":19},{"not_picked":["bronze:BitShift","bronze:BuggyMess"],"picked":"bronze:Constructor","floor":20},{"not_picked":["bronze:Iterate","bronze:OilSpill"],"picked":"bronze:CutThrough","floor":21},{"not_picked":["bronze:WildBeam","bronze:Break"],"picked":"bronze:OilSpill","floor":23},{"not_picked":["bronze:Deprecate","bronze:Constructor+1"],"picked":"bronze:ClassDefault","floor":27},{"not_picked":["bronze:Shell","bronze:WhirlingStrike"],"picked":"bronze:DelayedSlice+1","floor":28},{"not_picked":["bronze:ClassDefault","bronze:FollowUp"],"picked":"bronze:DelayedSlice+1","floor":31},{"not_picked":["bronze:Fortify","bronze:Overheat"],"picked":"bronze:Optimize","floor":32},{"not_picked":["bronze:HyperBeam","bronze:InfiniteLoop"],"picked":"bronze:CleanCode","floor":33},{"not_picked":["bronze:Optimize+1","bronze:DelayedGuard+1"],"picked":"bronze:BronzeOrb+1","floor":36},{"not_picked":["bronze:Deprecate","bronze:WhirlingStrike+1"],"picked":"bronze:Optimize+1","floor":37},{"not_picked":["bronze:NullPointer+1","bronze:FineTuning+1"],"picked":"bronze:ItsAFeature","floor":38},{"not_picked":["bronze:ChosenStrike","bronze:CutThrough+1"],"picked":"bronze:Allocate+1","floor":40},{"not_picked":["bronze:CleanCode","bronze:Philosophize+1"],"picked":"bronze:ChildClass+1","floor":42},{"not_picked":["bronze:WhirlingStrike","bronze:DelayedGuard"],"picked":"bronze:DelayedSlice+1","floor":43},{"not_picked":["bronze:BitShift","bronze:WhirlingStrike"],"picked":"bronze:Frontload","floor":44},{"not_picked":["bronze:Invalidate","bronze:DelayedGuard+1"],"picked":"bronze:ClassDefault+1","floor":46},{"not_picked":["bronze:DelayedGuard","bronze:Turbo+1"],"picked":"bronze:Repulsor+1","floor":47},{"not_picked":["bronze:Turbo","bronze:BitShift"],"picked":"bronze:Iterate+1","floor":48},{"not_picked":["bronze:OilSpill","bronze:NullPointer"],"picked":"bronze:CutThrough+1","floor":49}],"player_experience":1383141,"relics_obtained":[{"floor":11.0,"key":"Toy Ornithopter"},{"floor":12.0,"key":"Eternal Feather"},{"floor":14.0,"key":"Juzu Bracelet"},{"floor":24,"key":"Torii"},{"floor":40,"key":"Old Coin"},{"floor":41,"key":"Bronze Scales"},{"floor":43,"key":"Turnip"}],"event_choices":[{"damage_healed":0,"gold_gain":0,"player_choice":"Ignored","damage_taken":0,"max_hp_gain":0,"max_hp_loss":0,"event_name":"Vampires","floor":26,"gold_loss":0},{"damage_healed":0,"gold_gain":0,"player_choice":"Fight","damage_taken":0,"max_hp_gain":0,"max_hp_loss":0,"event_name":"Mysterious Sphere","floor":43,"gold_loss":0}],"is_beta":false,"boss_relics":[{"not_picked":["Cursed Key","bronze:MakeshiftBattery"],"picked":"SacredBark"},{"not_picked":["Runic Pyramid","Philosopher\u0027s Stone"],"picked":"Black Star"}],"items_purged_floors":[21,42],"is_endless":false,"potions_floor_spawned":[2,3,6,14,15,19,27,31,33,37,38,44,48,49],"killed_by":"DF_ARCHETYPE_ORBS","ascension_level":0}}