{"host":"21ilc3txkeir89i9","time":1612246498,"event":{"mods":["BaseMod","BetterRewards","Block Reminder","Card Forge","Hermit","Minty Spire (QoL Compilation)","Spicy Shops","StSLib","The Jungle"],"gold_per_floor":[115,133,149,149,169,202,202,215,215,290,307,307,327,125,125,221,221,237,237,237,237,255,290,304,304,304,84,84,102,102,102,102,202,202,220,270,174,0,53,53,88,103,103,181,181,199,199,219,219,219,219],"floor_reached":50,"language":"ENG","playtime":2992,"items_purged":[],"score":754,"play_id":"ad3b27f8-d90d-4137-af5a-c8f1f716816a","local_time":"20210201221458","is_ascension_mode":true,"campfire_choices":[{"data":"Armaments+1","floor":7,"key":"PURGE"},{"floor":15,"key":"RECALL"},{"floor":28,"key":"REST"},{"data":"Bite+1","floor":30,"key":"PURGE"},{"floor":32,"key":"REST"},{"floor":40,"key":"REST"},{"floor":45,"key":"REST"},{"floor":47,"key":"REST"},{"floor":49,"key":"REST"}],"circlet_count":0,"master_deck":["Defend_R+1","Defend_R+1","Defend_R+1","Defend_R+1","Bash+1","Panache+1","Infernal Blade+1","Seeing Red+1","Inflame+1","Iron Wave+1","Seeing Red+1","Heavy Blade+1","Whirlwind+1","Double Tap+1","Body Slam+1","Twin Strike+1","Metallicize+1","Battle Trance+1","Fire Breathing+1","Berserk+1","CurseOfTheBell","Heavy Blade+1","Bite+1","Bite+1","Bite+1","Bite+1","Rampage+1","Dual Wield+1","Flex+1","Second Wind+1","Cleave+1","Thunderclap+1","Feed+1","Thunderclap+1","Shrug It Off+1","Bandage Up+1","Havoc+1","Immolate+1","Wild Strike+1","Combust+1","Heavy Blade+1"],"relics":["Burning Blood","Hammer of Thor","Seething Fire","Anvil of the Gods","HandDrill","Self Forming Clay","Peace Pipe","Mango","Calling Bell","Turnip","Mummified Hand","War Paint","Nilry\u0027s Codex","MealTicket","Ancient Tea Set","Lee\u0027s Waffle","Runic Cube","CaptainsWheel","Red Mask","Incense Burner","Torii","Darkstone Periapt","Bottled Tornado"],"acts_visited":["Exordium","TheCity","TheBeyond"],"potions_floor_usage":[0,11,22,33,39,41,41],"damage_taken":[{"damage":1,"enemies":"Cultist","floor":1,"turns":3},{"damage":0,"enemies":"Small Slimes","floor":2,"turns":2},{"damage":7,"enemies":"2 Louse","floor":3,"turns":2},{"damage":0,"enemies":"2 Fungi Beasts","floor":5,"turns":4},{"damage":5,"enemies":"Lagavulin","floor":6,"turns":4},{"damage":0,"enemies":"3 Louse","floor":8,"turns":1},{"damage":0,"enemies":"Exordium Thugs","floor":11,"turns":2},{"damage":0,"enemies":"Looter","floor":13,"turns":1},{"damage":55,"enemies":"The Guardian","floor":16,"turns":7},{"damage":12,"enemies":"Shell Parasite","floor":18,"turns":4},{"damage":18,"enemies":"Chosen","floor":22,"turns":3},{"damage":39,"enemies":"Slavers","floor":23,"turns":6},{"damage":3,"enemies":"Centurion and Healer","floor":24,"turns":4},{"damage":0,"enemies":"Cultist and Chosen","floor":29,"turns":1},{"damage":31,"enemies":"Collector","floor":33,"turns":5},{"damage":0,"enemies":"Orb Walker","floor":35,"turns":1},{"damage":13,"enemies":"Mind Bloom Boss Battle","floor":36,"turns":4},{"damage":37,"enemies":"2 Orb Walkers","floor":39,"turns":3},{"damage":43,"enemies":"Reptomancer","floor":41,"turns":5},{"damage":0,"enemies":"3 Darklings","floor":42,"turns":2},{"damage":6,"enemies":"Spire Growth","floor":46,"turns":2},{"damage":22,"enemies":"Maw","floor":48,"turns":5},{"damage":103,"enemies":"Awakened One","floor":50,"turns":6}],"seed_played":"-9134679247692246986","potions_obtained":[{"floor":2,"key":"Block Potion"},{"floor":5,"key":"ElixirPotion"},{"floor":6,"key":"AttackPotion"},{"floor":18,"key":"Regen Potion"},{"floor":24,"key":"Strength Potion"},{"floor":33,"key":"Explosive Potion"},{"floor":36,"key":"AttackPotion"},{"floor":39,"key":"FearPotion"},{"floor":42,"key":"Strength Potion"}],"is_trial":false,"path_per_floor":["M","M","M","?","M","E","R","M","T","?","M","?","M","$","R","B",null,"M","?","?","?","M","E","M","?","T","$","R","M","R","$","R","B",null,"M","?","$","?","?","R","E","M","T","T","R","M","R","M","R","B"],"character_chosen":"IRONCLAD","items_purchased":["Panache","Fruit Juice","HandDrill","Infernal Blade","Seeing Red","Inflame","Self Forming Clay","Mango","Battle Trance","Fire Breathing","Lee\u0027s Waffle","Cleave","Bandage Up"],"campfire_rested":6,"item_purchase_floors":[0,0,0,0,0,0,0,14,14,14,27,27,37],"current_hp_per_floor":[85,85,84,84,85,85,85,85,85,74,80,80,85,99,99,50,99,93,69,69,53,68,47,53,41,41,81,81,81,81,81,81,65,81,81,80,81,81,50,74,46,61,61,61,81,81,81,68,81,0,0],"gold":219,"neow_bonus":"","is_daily":false,"chose_seed":false,"campfire_upgraded":0,"win_rate":0.0,"timestamp":1612246498,"path_taken":["M","M","?","?","M","E","R","M","T","?","M","?","M","$","R","BOSS","M","?","?","?","?","E","M","?","T","$","R","M","R","$","R","BOSS","M","?","$","?","?","R","E","M","T","?","R","?","R","M","R","BOSS"],"items_purchased_type":["Card","Potion","Relic","Card","Card","Card","Relic","Relic","Card","Card","Relic","Card","Card"],"build_version":"2020-12-22","purchased_purges":0,"victory":false,"max_hp_per_floor":[85,85,85,85,85,85,85,85,85,85,85,85,85,99,99,99,99,99,69,69,69,69,69,69,74,74,81,81,81,81,81,81,81,81,81,81,81,81,81,81,81,81,81,81,81,81,81,81,81,81,81],"card_choices":[{"not_picked":["Carnage","Shockwave"],"picked":"Iron Wave","floor":1},{"not_picked":["Intimidate","Sword Boomerang"],"picked":"Seeing Red","floor":2},{"not_picked":["Intimidate","Wild Strike"],"picked":"Heavy Blade","floor":3},{"not_picked":["Searing Blow","Heavy Blade"],"picked":"Whirlwind","floor":5},{"not_picked":["Anger","Body Slam"],"picked":"Double Tap","floor":6},{"not_picked":["Entrench","Ghostly Armor"],"picked":"Body Slam","floor":8},{"not_picked":["Sentinel","True Grit"],"picked":"Twin Strike","floor":11},{"not_picked":["Havoc","Blood for Blood"],"picked":"Metallicize","floor":13},{"not_picked":["Reaper","Fiend Fire"],"picked":"Berserk","floor":16},{"not_picked":["Armaments","Perfected Strike"],"picked":"Heavy Blade","floor":18},{"not_picked":["Sword Boomerang","Ghostly Armor"],"picked":"Dual Wield","floor":22},{"not_picked":["Clash","Shockwave"],"picked":"Flex+1","floor":23},{"not_picked":["Fire Breathing","Havoc"],"picked":"Second Wind","floor":24},{"not_picked":["Carnage","Wild Strike"],"picked":"Thunderclap+1","floor":29},{"not_picked":["Corruption","Juggernaut"],"picked":"Feed","floor":33},{"not_picked":["Wild Strike+1","Body Slam+1"],"picked":"Thunderclap+1","floor":35},{"not_picked":["Combust+1","Clash"],"picked":"Shrug It Off+1","floor":36},{"not_picked":["Perfected Strike","Dual Wield+1"],"picked":"Havoc+1","floor":39},{"not_picked":["Iron Wave","Blood for Blood"],"picked":"Immolate","floor":41},{"not_picked":["Disarm","Whirlwind+1"],"picked":"Wild Strike","floor":42},{"not_picked":["Pommel Strike","Whirlwind"],"picked":"Combust+1","floor":46},{"not_picked":["Intimidate+1","Sword Boomerang+1"],"picked":"Heavy Blade","floor":48}],"player_experience":273825,"relics_obtained":[{"floor":6,"key":"Peace Pipe"},{"floor":17,"key":"Turnip"},{"floor":17,"key":"Mummified Hand"},{"floor":17,"key":"War Paint"},{"floor":21,"key":"Nilry\u0027s Codex"},{"floor":23,"key":"MealTicket"},{"floor":26,"key":"Ancient Tea Set"},{"floor":36,"key":"CaptainsWheel"},{"floor":39,"key":"Incense Burner"},{"floor":41,"key":"Torii"},{"floor":43,"key":"Darkstone Periapt"},{"floor":44,"key":"Bottled Tornado"}],"event_choices":[{"damage_healed":0,"gold_gain":0,"cards_transformed":["Strike_R"],"player_choice":"Change","damage_taken":0,"max_hp_gain":0,"max_hp_loss":0,"event_name":"Living Wall","floor":4,"gold_loss":0,"cards_obtained":["Armaments"]},{"damage_healed":0,"gold_gain":75,"player_choice":"Gather Gold","damage_taken":11,"max_hp_gain":0,"max_hp_loss":0,"event_name":"World of Goop","floor":10,"gold_loss":0},{"damage_healed":0,"gold_gain":0,"player_choice":"Leave","damage_taken":0,"max_hp_gain":0,"max_hp_loss":0,"event_name":"The Cleric","floor":12,"gold_loss":0},{"damage_healed":0,"gold_gain":0,"player_choice":"Became a vampire","damage_taken":0,"max_hp_gain":0,"max_hp_loss":30,"event_name":"Vampires","floor":19,"gold_loss":0,"cards_obtained":["Bite","Bite","Bite","Bite","Bite"]},{"damage_healed":0,"gold_gain":0,"player_choice":"Read","damage_taken":0,"max_hp_gain":0,"max_hp_loss":0,"event_name":"The Library","floor":20,"gold_loss":0,"cards_obtained":["Rampage"]},{"damage_healed":0,"gold_gain":0,"player_choice":"Obtained Book","damage_taken":16,"max_hp_gain":0,"max_hp_loss":0,"event_name":"Cursed Tome","floor":21,"gold_loss":0},{"damage_healed":0,"gold_gain":0,"player_choice":"Shed Blood","damage_taken":17,"max_hp_gain":5,"max_hp_loss":0,"event_name":"Forgotten Altar","floor":25,"gold_loss":0},{"damage_healed":0,"gold_gain":0,"player_choice":"Fight","damage_taken":0,"max_hp_gain":0,"max_hp_loss":0,"event_name":"MindBloom","floor":36,"gold_loss":0},{"damage_healed":0,"gold_gain":0,"player_choice":"Paid","damage_taken":0,"relics_obtained":["Red Mask"],"max_hp_gain":0,"max_hp_loss":0,"event_name":"Tomb of Lord Red Mask","floor":38,"gold_loss":174},{"damage_healed":0,"gold_gain":0,"player_choice":"Fight","damage_taken":0,"max_hp_gain":0,"max_hp_loss":0,"event_name":"Mysterious Sphere","floor":39,"gold_loss":0}],"is_beta":false,"boss_relics":[{"not_picked":["Mark of Pain","Philosopher\u0027s Stone"],"picked":"Calling Bell"},{"not_picked":["Empty Cage","Snecko Eye"],"picked":"Runic Cube"}],"items_purged_floors":[],"is_endless":false,"potions_floor_spawned":[2,5,6,11,18,24,33,36,39,42],"killed_by":"Awakened One","ascension_level":2}}