{"host":"19r1ww88x2tc73i0","time":1612294276,"event":{"mods":["BaseMod","BetterRewards","Colored Map","Minty Spire (QoL Compilation)","Relic Stats","StSLib","SuperFastMode","slay the spire mod where everything is the same but ironclad has a cowboy hat"],"gold_per_floor":[111,125,125,137,137,137,172,192,192,203,228,228,257,273,273,350,350,367,367,3,23,23,50,62,107,188,215,47,47,62,91,91,166,166,178,103,103,113,113,138,138,164,164,191,205,205,223,256,256,256,256,256],"floor_reached":51,"language":"ENG","playtime":2029,"items_purged":["Defend_R+1"],"score":1711,"play_id":"5fa4ff6c-0c06-4bae-a021-a2b21c8dbb82","local_time":"25640203023116","is_ascension_mode":true,"campfire_choices":[{"floor":6.0,"key":"REST"},{"floor":12.0,"key":"RECALL"},{"data":"Defend_R","floor":15.0,"key":"SMITH"},{"floor":29.0,"key":"REST"},{"floor":32.0,"key":"REST"},{"floor":41.0,"key":"REST"},{"floor":46.0,"key":"REST"},{"floor":49,"key":"REST"}],"circlet_count":0,"master_deck":["AscendersBane","Strike_R+1","Strike_R+1","Strike_R+1","Strike_R+1","Strike_R+1","Defend_R+1","Defend_R+1","Bash+1","Inflame+1","Clothesline+1","Perfected Strike+1","Wild Strike+1","Thunderclap+1","Dark Embrace+1","Shockwave+1","True Grit+1","Limit Break+1","Flame Barrier+1","Shrug It Off+1","Second Wind+1","Demon Form+1","Battle Trance+1","Pommel Strike+1","Dual Wield+1","Dark Embrace+1","Seeing Red+1","Shrug It Off+1","True Grit+1","Headbutt+1","Seeing Red+1","Limit Break+1","Havoc+1","Pommel Strike+1","Twin Strike+1","Fiend Fire+1","Second Wind+1","Dropkick+1","Perfected Strike+1","Warcry+1"],"relics":["Burning Blood","Frozen Egg 2","Vajra","Molten Egg 2","Anchor","Boot","Toxic Egg 2","Singing Bowl","Sozu","Charon\u0027s Ashes","MawBank","Thread and Needle","Bag of Marbles","Black Star","Prayer Wheel","Shuriken","Centennial Puzzle","Sundial","Pear","Torii","MealTicket","PreservedInsect","Oddly Smooth Stone"],"acts_visited":["Exordium","TheCity","TheBeyond"],"potions_floor_usage":[],"damage_taken":[{"damage":13.0,"enemies":"2 Louse","floor":1.0,"turns":4.0},{"damage":6.0,"enemies":"Jaw Worm","floor":2.0,"turns":4.0},{"damage":1.0,"enemies":"Cultist","floor":4.0,"turns":3.0},{"damage":8.0,"enemies":"Gremlin Nob","floor":7.0,"turns":3.0},{"damage":1.0,"enemies":"Looter","floor":8.0,"turns":2.0},{"damage":0.0,"enemies":"2 Fungi Beasts","floor":10.0,"turns":2.0},{"damage":15.0,"enemies":"3 Sentries","floor":11.0,"turns":7.0},{"damage":6.0,"enemies":"Gremlin Nob","floor":13.0,"turns":3.0},{"damage":10.0,"enemies":"Exordium Wildlife","floor":14.0,"turns":4.0},{"damage":46.0,"enemies":"Hexaghost","floor":16.0,"turns":9.0},{"damage":1.0,"enemies":"Spheric Guardian","floor":18.0,"turns":3.0},{"damage":4.0,"enemies":"Shell Parasite","floor":21.0,"turns":5.0},{"damage":17.0,"enemies":"Book of Stabbing","floor":23.0,"turns":5.0},{"damage":17.0,"enemies":"Slavers","floor":25.0,"turns":5.0},{"damage":6.0,"enemies":"Shelled Parasite and Fungi","floor":27.0,"turns":3.0},{"damage":0.0,"enemies":"Snake Plant","floor":30.0,"turns":4.0},{"damage":7.0,"enemies":"Gremlin Leader","floor":31.0,"turns":4.0},{"damage":41.0,"enemies":"Collector","floor":33.0,"turns":7.0},{"damage":0.0,"enemies":"Orb Walker","floor":35.0,"turns":2.0},{"damage":8.0,"enemies":"3 Shapes","floor":38.0,"turns":6.0},{"damage":30.0,"enemies":"Reptomancer","floor":40.0,"turns":5.0},{"damage":0.0,"enemies":"Nemesis","floor":42.0,"turns":3.0},{"damage":18.0,"enemies":"Reptomancer","floor":44.0,"turns":3.0},{"damage":15.0,"enemies":"Sphere and 2 Shapes","floor":45.0,"turns":4.0},{"damage":9,"enemies":"3 Darklings","floor":47,"turns":6},{"damage":43,"enemies":"Giant Head","floor":48,"turns":6},{"damage":50,"enemies":"Awakened One","floor":50,"turns":6},{"damage":30,"enemies":"Time Eater","floor":51,"turns":5}],"seed_played":"-6933247603037723995","potions_obtained":[{"floor":2.0,"key":"Regen Potion"},{"floor":4.0,"key":"DuplicationPotion"},{"floor":8.0,"key":"FearPotion"},{"floor":14.0,"key":"AttackPotion"}],"is_trial":false,"path_per_floor":["M","M","?","M","?","R","E","M","T","M","E","R","E","M","R","B",null,"M","?","$","M","?","E","?","E","T","M","$","R","M","E","R","B",null,"M","?","$","M","?","E","R","E","T","E","M","R","M","E","R","B","B"],"character_chosen":"IRONCLAD","items_purchased":["Frozen Egg 2","Vajra","Molten Egg 2","Inflame+1","Battle Trance+1","Charon\u0027s Ashes","Shrug It Off+1","True Grit+1"],"campfire_rested":6,"item_purchase_floors":[0,0,0,0,20,20,28,28],"current_hp_per_floor":[61,61,66,71,47,71,69,74,74,80,71,71,73,69,69,29,69,74,74,74,76,76,65,65,54,54,54,54,78,82,81,82,47,73,79,79,79,77,77,53,76,78,88,76,69,90,89,52,79,35,5,5],"gold":256,"neow_bonus":"","is_daily":false,"chose_seed":false,"campfire_upgraded":1,"win_rate":0.0,"timestamp":1612294276,"path_taken":["M","M","?","M","?","R","E","M","T","M","E","R","E","M","R","BOSS","M","?","$","?","?","E","?","E","T","M","$","R","?","E","R","BOSS","M","?","?","M","?","E","R","E","T","E","M","R","M","E","R","BOSS","BOSS"],"items_purchased_type":["Relic","Relic","Relic","Card","Card","Relic","Card","Card"],"build_version":"2020-12-22","purchased_purges":1,"victory":false,"max_hp_per_floor":[75,75,80,80,80,80,80,80,80,80,80,80,82,82,82,82,82,82,82,82,82,82,82,82,82,82,82,82,82,82,82,82,82,82,82,82,82,82,78,78,78,78,88,88,90,90,92,92,92,92,92,92],"relic_stats":{"Singing Bowl":6,"Torii":5,"counters":[45,207],"Charon\u0027s Ashes":[432],"PreservedInsect":0,"Boot":[16],"MawBank":60,"Burning Blood":246,"Sozu":7,"Centennial Puzzle":[18],"Shuriken":[8],"Sundial":[2],"Prayer Wheel":2,"MealTicket":0,"Black Star":4,"obtain_stats":[{"Singing Bowl":25,"Torii":44,"Vajra":0,"Mango":0,"Boot":9,"Burning Blood":0,"Sozu":17,"Centennial Puzzle":42,"DollysMirror":22,"Sundial":42,"Prayer Wheel":40,"MealTicket":44,"Toxic Egg 2":11,"Red Skull":7,"Pear":43,"Oddly Smooth Stone":48,"Thread and Needle":25,"Charon\u0027s Ashes":20,"PreservedInsect":48,"Frozen Egg 2":9,"War Paint":23,"Question Card":14,"MawBank":23,"Anchor":7,"Shuriken":40,"Snecko Eye":17,"Molten Egg 2":26,"Bag of Marbles":31,"Black Star":34,"Pocketwatch":0},{"Singing Bowl":16,"Torii":40,"Vajra":17,"Mango":0,"Boot":22,"Burning Blood":0,"Sozu":27,"Centennial Puzzle":39,"DollysMirror":13,"Sundial":39,"Prayer Wheel":38,"MealTicket":40,"Toxic Egg 2":24,"Red Skull":5,"Pear":39,"Oddly Smooth Stone":43,"Thread and Needle":31,"Charon\u0027s Ashes":28,"PreservedInsect":43,"Frozen Egg 2":6,"War Paint":14,"Question Card":9,"MawBank":30,"Anchor":21,"Shuriken":38,"Snecko Eye":10,"Molten Egg 2":16,"Bag of Marbles":34,"Black Star":35,"Pocketwatch":17},{"Singing Bowl":81,"Torii":180,"Vajra":84,"Mango":0,"Boot":100,"Burning Blood":0,"Sozu":125,"Centennial Puzzle":177,"DollysMirror":64,"Sundial":177,"Prayer Wheel":174,"MealTicket":180,"Toxic Egg 2":109,"Red Skull":27,"Pear":177,"Oddly Smooth Stone":196,"Thread and Needle":143,"Charon\u0027s Ashes":128,"PreservedInsect":196,"Frozen Egg 2":32,"War Paint":68,"Question Card":45,"MawBank":138,"Anchor":98,"Shuriken":174,"Snecko Eye":55,"Molten Egg 2":81,"Bag of Marbles":154,"Black Star":161,"Pocketwatch":84}]},"card_choices":[{"not_picked":["Warcry","Wild Strike+1"],"picked":"Clothesline+1","floor":1.0},{"not_picked":["Reckless Charge+1","Shockwave"],"picked":"Perfected Strike+1","floor":2.0},{"not_picked":["Shrug It Off","Carnage+1"],"picked":"Wild Strike+1","floor":4.0},{"not_picked":["Burning Pact","Clothesline+1","Flex"],"picked":"SKIP","floor":7.0},{"not_picked":["Wild Strike+1","Disarm"],"picked":"Thunderclap+1","floor":8.0},{"not_picked":["Armaments","Rampage+1"],"picked":"Dark Embrace+1","floor":10.0},{"not_picked":["Whirlwind+1","Reckless Charge+1"],"picked":"Shockwave+1","floor":11.0},{"not_picked":["Rampage+1","Wild Strike+1","Havoc+1"],"picked":"Singing Bowl","floor":13.0},{"not_picked":["Armaments+1","Twin Strike+1"],"picked":"True Grit+1","floor":14.0},{"not_picked":["Juggernaut+1","Double Tap+1"],"picked":"Limit Break+1","floor":16.0},{"not_picked":["Whirlwind+1","Combust+1"],"picked":"Flame Barrier+1","floor":18.0},{"not_picked":["Carnage+1","Sword Boomerang+1"],"picked":"Pommel Strike+1","floor":21.0},{"not_picked":["Body Slam+1","True Grit+1"],"picked":"Dual Wield+1","floor":23.0},{"not_picked":["Wild Strike+1","Juggernaut+1"],"picked":"Dark Embrace+1","floor":25.0},{"not_picked":["Perfected Strike+1","Ghostly Armor+1"],"picked":"Seeing Red+1","floor":27.0},{"not_picked":["Pommel Strike+1","Anger+1"],"picked":"Headbutt+1","floor":30.0},{"not_picked":["Iron Wave+1","Clash+1"],"picked":"Seeing Red+1","floor":31.0},{"not_picked":["Bludgeon+1","Feed+1"],"picked":"Limit Break+1","floor":33.0},{"not_picked":["Wild Strike+1","Headbutt+1"],"picked":"Havoc+1","floor":35.0},{"not_picked":["Clash+1","True Grit+1"],"picked":"Pommel Strike+1","floor":38.0},{"not_picked":["True Grit+1","Headbutt+1"],"picked":"Twin Strike+1","floor":40.0},{"not_picked":["Havoc+1","Clothesline+1"],"picked":"Fiend Fire+1","floor":42.0},{"not_picked":["Battle Trance+1","Combust+1"],"picked":"Second Wind+1","floor":44.0},{"not_picked":["Flex+1","Pommel Strike+1","Wild Strike+1"],"picked":"Singing Bowl","floor":45.0},{"not_picked":["Iron Wave+1","Body Slam+1"],"picked":"Dropkick+1","floor":45.0},{"not_picked":["Wild Strike+1","Seeing Red+1"],"picked":"Perfected Strike+1","floor":47},{"not_picked":["Anger+1","Iron Wave+1","Wild Strike+1"],"picked":"Singing Bowl","floor":47},{"not_picked":["Thunderclap+1","Dual Wield+1"],"picked":"Warcry+1","floor":48}],"player_experience":990368,"relics_obtained":[{"floor":7.0,"key":"Anchor"},{"floor":9.0,"key":"Boot"},{"floor":11.0,"key":"Toxic Egg 2"},{"floor":13.0,"key":"Singing Bowl"},{"floor":23.0,"key":"MawBank"},{"floor":25.0,"key":"Thread and Needle"},{"floor":31.0,"key":"Bag of Marbles"},{"floor":40.0,"key":"Prayer Wheel"},{"floor":40.0,"key":"Shuriken"},{"floor":42.0,"key":"Centennial Puzzle"},{"floor":42.0,"key":"Sundial"},{"floor":43.0,"key":"Pear"},{"floor":44.0,"key":"Torii"},{"floor":44.0,"key":"MealTicket"},{"floor":48,"key":"PreservedInsect"},{"floor":48,"key":"Oddly Smooth Stone"}],"event_choices":[{"damage_healed":0.0,"max_hp_gain":5.0,"max_hp_loss":0.0,"gold_gain":0.0,"event_name":"Big Fish","player_choice":"Donut","floor":3.0,"gold_loss":0.0,"damage_taken":0.0},{"damage_healed":0.0,"max_hp_gain":0.0,"max_hp_loss":0.0,"gold_gain":0.0,"event_name":"Shining Light","player_choice":"Entered Light","floor":5.0,"gold_loss":0.0,"damage_taken":24.0,"cards_upgraded":["Strike_R","Bash"]},{"damage_healed":0.0,"max_hp_gain":0.0,"max_hp_loss":0.0,"gold_gain":0.0,"event_name":"Match and Keep!","player_choice":"3 cards matched","floor":19.0,"gold_loss":0.0,"damage_taken":0.0,"cards_obtained":["Shrug It Off","Second Wind","Demon Form"]},{"damage_healed":0.0,"max_hp_gain":0.0,"max_hp_loss":0.0,"gold_gain":0.0,"event_name":"Ghosts","player_choice":"Ignored","floor":22.0,"gold_loss":0.0,"damage_taken":0.0},{"damage_healed":0.0,"max_hp_gain":0.0,"max_hp_loss":0.0,"gold_gain":0.0,"event_name":"Back to Basics","player_choice":"Simplicity","floor":24.0,"gold_loss":0.0,"damage_taken":0.0,"cards_upgraded":["Strike_R","Strike_R","Strike_R","Strike_R","Defend_R","Defend_R","Defend_R"]},{"cards_removed":["Defend_R"],"damage_healed":0.0,"max_hp_gain":0.0,"max_hp_loss":0.0,"gold_gain":0.0,"event_name":"Designer","player_choice":"Single Remove","floor":36.0,"gold_loss":75.0,"damage_taken":0.0},{"damage_healed":0.0,"max_hp_gain":0.0,"max_hp_loss":4.0,"gold_gain":0.0,"event_name":"Winding Halls","player_choice":"Max HP","floor":39.0,"gold_loss":0.0,"damage_taken":0.0}],"is_beta":false,"boss_relics":[{"not_picked":["Ectoplasm","Runic Cube"],"picked":"Sozu"},{"not_picked":["Busted Crown","Philosopher\u0027s Stone"],"picked":"Black Star"}],"items_purged_floors":[28],"is_endless":false,"potions_floor_spawned":[2,4,8,10,14,21,27,30,31,35,45,48],"killed_by":"Time Eater","ascension_level":20}}