{"host":"cbu6enf2xtq4r7r3","time":1612252740,"event":{"mods":["2.2 Compatiblity","AlwaysNeverKeys","BaseMod","Better Match","Better Note","Better Sensory Stone","Better Skull","Better Third Choice","Colored Map","Colored Powertips","Defuse TimeMaze Blight","Emptier Cage","Minty Spire (QoL Compilation)","Permanent Neow","Quick Restart","Random Character Button","Relic Sorter","Reorder Act Four","Shop Mod","StSLib"],"gold_per_floor":[109,109,109,125,140,140,169,14,14,14,89,89,104,104,104],"floor_reached":14,"language":"ENG","playtime":370,"items_purged":[],"score":92,"play_id":"31bb3c10-5938-4f50-90e6-92f5566ea68f","local_time":"20210202085900","is_ascension_mode":true,"campfire_choices":[{"data":"Sucker Punch","floor":6,"key":"SMITH"},{"data":"Flying Knee","floor":12,"key":"SMITH"}],"circlet_count":0,"master_deck":["Strike_G","Strike_G","Strike_G+1","Strike_G","Strike_G","Defend_G","Defend_G","Defend_G","Defend_G","Defend_G","Survivor","Neutralize+1","Flying Knee+1","Bane","Sucker Punch+1","Envenom"],"relics":["Ring of the Snake","Pen Nib","Mummified Hand","Blood Vial","Molten Egg 2","Golden Idol"],"acts_visited":["Exordium"],"potions_floor_usage":[7,14],"damage_taken":[{"damage":1,"enemies":"2 Louse","floor":1,"turns":3},{"damage":1,"enemies":"Jaw Worm","floor":4,"turns":4},{"damage":0,"enemies":"Small Slimes","floor":5,"turns":2},{"damage":8,"enemies":"Lagavulin","floor":7,"turns":5},{"damage":4,"enemies":"Blue Slaver","floor":13,"turns":3},{"damage":19,"enemies":"3 Sentries","floor":14,"turns":5}],"seed_played":"-6135047137991602290","potions_obtained":[{"floor":1,"key":"SmokeBomb"},{"floor":5,"key":"Poison Potion"},{"floor":13,"key":"SteroidPotion"}],"is_trial":false,"path_per_floor":["M","?","?","M","M","R","E","$","T","?","?","R","M","E"],"character_chosen":"THE_SILENT","items_purchased":["Blood Vial"],"campfire_rested":0,"item_purchase_floors":[8],"current_hp_per_floor":[69,55,60,59,59,59,51,51,51,51,40,40,38,21,21],"gold":104,"neow_bonus":"RANDOM_COMMON_RELIC","is_daily":false,"chose_seed":false,"campfire_upgraded":2,"win_rate":0.0,"timestamp":1612252740,"path_taken":["M","?","?","M","M","R","E","$","T","?","?","R","M","E"],"items_purchased_type":["Relic"],"build_version":"2020-12-22","purchased_purges":0,"victory":false,"max_hp_per_floor":[70,70,75,75,75,75,75,75,75,69,69,69,69,69,69],"card_choices":[{"not_picked":["Outmaneuver","Deadly Poison"],"picked":"Flying Knee","floor":1},{"not_picked":["Acrobatics","Prepared"],"picked":"Bane","floor":4},{"not_picked":["Deadly Poison","Doppelganger"],"picked":"Sucker Punch","floor":5},{"not_picked":["Riddle With Holes","Cloak And Dagger","Calculated Gamble"],"picked":"SKIP","floor":7},{"not_picked":["Bane+1","Slice+1"],"picked":"Envenom","floor":13}],"player_experience":127971,"relics_obtained":[{"floor":7,"key":"Mummified Hand"},{"floor":9,"key":"Molten Egg 2"}],"event_choices":[{"damage_healed":69,"gold_gain":0,"player_choice":"Upgrade","damage_taken":14,"max_hp_gain":0,"max_hp_loss":70,"event_name":"betterThird:BetterShining","floor":2,"gold_loss":0,"cards_upgraded":["Neutralize","Strike_G"]},{"damage_healed":0,"gold_gain":0,"player_choice":"Donut","damage_taken":0,"max_hp_gain":5,"max_hp_loss":0,"event_name":"Big Fish","floor":3,"gold_loss":0},{"damage_healed":0,"gold_gain":0,"player_choice":"Lose Max HP","damage_taken":0,"relics_obtained":["Golden Idol"],"max_hp_gain":0,"max_hp_loss":6,"event_name":"Golden Idol","floor":10,"gold_loss":0},{"damage_healed":0,"gold_gain":75,"player_choice":"Gold","damage_taken":11,"max_hp_gain":0,"max_hp_loss":0,"event_name":"betterThird:BetterGoop","floor":11,"gold_loss":0}],"is_beta":false,"boss_relics":[],"items_purged_floors":[],"is_endless":false,"potions_floor_spawned":[1,5,13],"killed_by":"3 Sentries","ascension_level":1}}