{"host":"51f0ad793vly1w6u","time":1612245466,"event":{"mods":["BaseMod","Colored Map","DeckTracker","Minty Spire (QoL Compilation)","Replay The Spire","StSLib","SuperFastMode"],"gold_per_floor":[118,118,68,19,32,32,67,67,117,150,150,166,196,9,9,107,107,124,138,588,605,625,625,625,363,363,363,380,380,411,425,425,527,527,544,554,571,341,341,341,357,357,357,387,437,437,455,489,489,489,489,489,64,92,92,92],"floor_reached":55,"language":"KOR","playtime":1194,"items_purged":["Defend_P","Fasting2+1","Defend_P"],"score":904,"play_id":"725331df-b739-419a-a960-28cba1a4a4c0","local_time":"20210202145746","is_ascension_mode":true,"campfire_choices":[{"data":"Eruption","floor":6.0,"key":"SMITH"},{"data":"Judgement","floor":8.0,"key":"SMITH"},{"data":"SandsOfTime","floor":15.0,"key":"SMITH"},{"floor":24.0,"key":"REST"},{"data":"Wallop","floor":29.0,"key":"SMITH"},{"floor":32.0,"key":"REST"},{"data":"CrushJoints","floor":40.0,"key":"SMITH"},{"data":"EmptyFist","floor":42.0,"key":"SMITH"},{"data":"Vigilance","floor":49.0,"key":"SMITH"},{"data":"Defend_P","floor":52.0,"key":"SMITH"}],"circlet_count":1,"master_deck":["Defend_P+1","Eruption+1","Vigilance+1","SandsOfTime+1","EmptyFist+1","Judgement+1","CarveReality","EmptyBody+1","CrushJoints+1","Tantrum+1","Blasphemy+1","Replay:LoomingThreat+1","Scrawl+1","FlyingSleeves+1","FearNoEvil","Wallop+1","ThirdEye+1","EmptyBody+1","Establishment+1","Meditate+1","Scrawl+1","ConjureBlade+1","Vault+1","Wallop+1","Secret Technique+1","Madness+1","DeceiveReality+1"],"relics":["PureWater","Omamori","Golden Egg","Membership Card","Circlet","Astrolabe","Strange Spoon","Kunai","Bottled Flame","Quantum Egg","Sozu","Sling","Art of War","Ginger","Letter Opener","Prayer Wheel","Ancient Tea Set","Snack Pack","Boot","TeardropLocket"],"acts_visited":["Exordium","TheCity","TheBeyond","TheEnding"],"potions_floor_usage":[],"damage_taken":[{"damage":0.0,"enemies":"Jaw Worm","floor":1.0,"turns":3.0},{"damage":0.0,"enemies":"Small Slimes","floor":5.0,"turns":2.0},{"damage":17.0,"enemies":"3 Sentries","floor":7.0,"turns":6.0},{"damage":0.0,"enemies":"Lagavulin","floor":10.0,"turns":4.0},{"damage":0.0,"enemies":"2 Louse","floor":12.0,"turns":2.0},{"damage":9.0,"enemies":"3 Sentries","floor":13.0,"turns":3.0},{"damage":7.0,"enemies":"Fading Forest","floor":16.0,"turns":11.0},{"damage":6.0,"enemies":"3 Byrds","floor":18.0,"turns":3.0},{"damage":0.0,"enemies":"Spheric Guardian","floor":19.0,"turns":2.0},{"damage":5.0,"enemies":"Chosen and Byrds","floor":21.0,"turns":3.0},{"damage":0.0,"enemies":"Cultist and Chosen","floor":22.0,"turns":2.0},{"damage":1.0,"enemies":"Snecko","floor":28.0,"turns":3.0},{"damage":6.0,"enemies":"Slavers","floor":30.0,"turns":2.0},{"damage":21.0,"enemies":"Snake Plant","floor":31.0,"turns":2.0},{"damage":15.0,"enemies":"Automaton","floor":33.0,"turns":6.0},{"damage":2.0,"enemies":"Orb Walker","floor":35.0,"turns":3.0},{"damage":0.0,"enemies":"3 Shapes","floor":36.0,"turns":4.0},{"damage":1.0,"enemies":"Writhing Mass","floor":37.0,"turns":3.0},{"damage":0.0,"enemies":"Jaw Worm Horde","floor":41.0,"turns":2.0},{"damage":0.0,"enemies":"R_Hoarder","floor":44.0,"turns":3.0},{"damage":0.0,"enemies":"Mind Bloom Boss Battle","floor":45.0,"turns":2.0},{"damage":0.0,"enemies":"Sphere and 2 Shapes","floor":47.0,"turns":3.0},{"damage":0.0,"enemies":"Giant Head","floor":48.0,"turns":4.0},{"damage":48.0,"enemies":"Awakened One","floor":50.0,"turns":4.0},{"damage":28.0,"enemies":"Shield and Spear","floor":54.0,"turns":3.0},{"damage":63,"enemies":"The Heart","floor":55,"turns":3}],"seed_played":"8876732435132276216","potions_obtained":[{"floor":1.0,"key":"Swift Potion"},{"floor":12.0,"key":"Swift Potion"},{"floor":19.0,"key":"Energy Potion"},{"floor":22.0,"key":"SpeedPotion"},{"floor":27.0,"key":"Fruit Juice"},{"floor":27.0,"key":"Adrenaline Potion"},{"floor":27.0,"key":"SteroidPotion"},{"floor":30.0,"key":"SpeedPotion"}],"is_trial":false,"path_per_floor":["M","?","?","$","M","R","E","R","T","E","?","M","E","$","R","B",null,"M","M","?","M","M","?","R","$","T","?","M","R","E","M","R","B",null,"M","M","M","$","?","R","M","R","T","E","?","?","M","E","R","B",null,"R","$","E","B"],"character_chosen":"WATCHER","items_purchased":["EmptyFist","Membership Card","Tantrum","Strange Spoon","Kunai","ThirdEye","Sling","Art of War","Meditate+1","Snack Pack","Wallop","Secret Technique","Madness","Boot"],"campfire_rested":2,"item_purchase_floors":[4,14,14,25,25,25,38,38,38,53,53,53,53,53],"current_hp_per_floor":[77,77,77,77,77,77,60,60,60,60,60,60,51,51,51,69,77,71,71,25,20,20,20,43,43,43,48,56,56,55,34,58,58,82,80,80,79,79,79,79,82,82,82,82,82,82,82,82,82,41,82,82,82,60,0,0],"gold":92,"neow_bonus":"RANDOM_EVENT","is_daily":false,"chose_seed":false,"campfire_upgraded":8,"win_rate":0.0,"timestamp":1612245466,"path_taken":["M","?","?","?","M","R","E","R","T","E","?","M","E","?","R","BOSS","M","M","?","?","M","?","R","$","T","?","?","R","E","M","R","BOSS","M","?","M","$","?","R","?","R","T","E","?","?","?","E","R","BOSS","R","$","E","BOSS"],"items_purchased_type":["Card","Relic","Card","Relic","Relic","Card","Relic","Relic","Card","Relic","Card","Card","Card","Relic"],"build_version":"2020-12-22","purchased_purges":3,"victory":false,"max_hp_per_floor":[77,77,77,77,77,77,77,77,77,77,77,77,77,77,77,77,77,77,77,77,77,77,77,77,77,77,82,82,82,82,82,82,82,82,82,82,82,82,82,82,82,82,82,82,82,82,82,82,82,82,82,82,82,82,82,82],"card_choices":[{"not_picked":["FearNoEvil","JustLucky"],"picked":"SandsOfTime","floor":1.0},{"not_picked":["JustLucky","CutThroughFate","Study"],"picked":"SKIP","floor":5.0},{"not_picked":["Replay:Cycle","Replay:DivineShield"],"picked":"Judgement","floor":7.0},{"not_picked":["Evaluate","Halt"],"picked":"CarveReality","floor":10.0},{"not_picked":["Consecrate","DeceiveReality"],"picked":"EmptyBody","floor":12.0},{"not_picked":["FollowUp","FlyingSleeves"],"picked":"CrushJoints","floor":13.0},{"not_picked":["MasterReality","Judgement"],"picked":"Blasphemy","floor":16.0},{"not_picked":["PathToVictory","EmptyFist"],"picked":"FlyingSleeves+1","floor":18.0},{"not_picked":["PathToVictory","CarveReality+1"],"picked":"FearNoEvil","floor":19.0},{"not_picked":["CrushJoints","SandsOfTime"],"picked":"Wallop","floor":21.0},{"not_picked":["BowlingBash","EmptyBody","CutThroughFate+1"],"picked":"SKIP","floor":22.0},{"not_picked":["Replay:Anticipation","Worship+1","Tantrum"],"picked":"SKIP","floor":28.0},{"not_picked":["FlyingSleeves","Blasphemy"],"picked":"EmptyBody+1","floor":30.0},{"not_picked":["JustLucky+1","SashWhip","Replay:Hum"],"picked":"SKIP","floor":31.0},{"not_picked":["Blasphemy","Replay:AllIn"],"picked":"Establishment","floor":33.0},{"not_picked":["Fasting2","CrushJoints","Wireheading+1"],"picked":"SKIP","floor":35.0},{"not_picked":["Consecrate","Prostrate+1","WreathOfFlame+1"],"picked":"SKIP","floor":36.0},{"not_picked":["Wireheading+1","BowlingBash","Replay:BluntJabs"],"picked":"SKIP","floor":37.0},{"not_picked":["EmptyFist+1","SashWhip","Crescendo"],"picked":"SKIP","floor":41.0},{"not_picked":["EmptyBody","Perseverance","WindmillStrike"],"picked":"SKIP","floor":44.0},{"not_picked":["EmptyBody+1","SignatureMove+1"],"picked":"ConjureBlade","floor":47.0},{"not_picked":["Halt+1","FollowUp","CutThroughFate"],"picked":"SKIP","floor":47.0},{"not_picked":["Wallop+1","Replay:BluntJabs"],"picked":"Vault","floor":48.0},{"not_picked":["Consecrate","PathToVictory+1"],"picked":"DeceiveReality+1","floor":54.0}],"player_experience":1431870,"relics_obtained":[{"floor":7.0,"key":"Omamori"},{"floor":10.0,"key":"Dead Branch"},{"floor":13.0,"key":"Golden Egg"},{"floor":26.0,"key":"Bottled Flame"},{"floor":30.0,"key":"Quantum Egg"},{"floor":43.0,"key":"Ginger"},{"floor":44.0,"key":"Letter Opener"},{"floor":45.0,"key":"Prayer Wheel"},{"floor":48.0,"key":"Ancient Tea Set"},{"floor":54.0,"key":"TeardropLocket"}],"event_choices":[{"damage_healed":0.0,"max_hp_gain":5.0,"max_hp_loss":0.0,"gold_gain":0.0,"event_name":"Big Fish","player_choice":"Donut","floor":0.0,"gold_loss":0.0,"damage_taken":0.0},{"cards_removed":["Strike_P"],"damage_healed":0.0,"max_hp_gain":0.0,"max_hp_loss":0.0,"gold_gain":0.0,"event_name":"The Cleric","player_choice":"Card Removal","floor":3.0,"gold_loss":50.0,"damage_taken":0.0},{"damage_healed":0.0,"max_hp_gain":0.0,"max_hp_loss":0.0,"gold_gain":450.0,"event_name":"Knowing Skull","player_choice":"GOLD GOLD GOLD GOLD GOLD ","floor":20.0,"potions_obtained":[],"gold_loss":0.0,"damage_taken":46.0,"cards_obtained":[]},{"damage_healed":0.0,"max_hp_gain":0.0,"max_hp_loss":0.0,"gold_gain":0.0,"event_name":"Lab","player_choice":"Got Potions","floor":27.0,"gold_loss":0.0,"damage_taken":0.0},{"damage_healed":0.0,"max_hp_gain":0.0,"max_hp_loss":0.0,"gold_gain":0.0,"event_name":"Duplicator","player_choice":"Copied","floor":39.0,"gold_loss":0.0,"damage_taken":0.0,"cards_obtained":["Scrawl"]},{"damage_healed":0.0,"max_hp_gain":0.0,"max_hp_loss":0.0,"gold_gain":0.0,"event_name":"MindBloom","player_choice":"Fight","floor":45.0,"gold_loss":0.0,"damage_taken":0.0},{"damage_healed":0.0,"max_hp_gain":0.0,"max_hp_loss":0.0,"gold_gain":0.0,"event_name":"Accursed Blacksmith","player_choice":"Forge","floor":46.0,"gold_loss":0.0,"damage_taken":0.0,"cards_upgraded":["EmptyBody"]}],"is_beta":false,"boss_relics":[{"not_picked":["Kintsugi","Philosopher\u0027s Stone"],"picked":"Astrolabe"},{"not_picked":["VioletLotus","Replay:Bronze Core"],"picked":"Sozu"}],"items_purged_floors":[25,38,53],"is_endless":false,"potions_floor_spawned":[1,12,19,22,28,30,37,41,44],"killed_by":"The Heart","ascension_level":1}}