{"host":"yb2vosf5gpvgythe","time":1612293574,"event":{"mods":["BaseMod","Downfall","Minty Spire (QoL Compilation)","StSLib","The Saiyan","egg"],"gold_per_floor":[88,104,204,221,221,221,249,264,264,244,129,148,148,148],"floor_reached":13,"language":"ENG","playtime":821,"items_purged":["Shame"],"score":171,"play_id":"0c768ba5-9bd9-4f6e-b3f0-d89ae17d7878","local_time":"20210202141934","is_ascension_mode":true,"campfire_choices":[{"data":"Saiyan:DragonRadar","floor":6,"key":"SMITH"}],"circlet_count":0,"master_deck":["Saiyan:EnergyBlast","Saiyan:KaioKen","Saiyan:RuthlessBlow","Saiyan:Fly","Saiyan:FinalFlash","Saiyan:RemoveWeights","Saiyan:BigBangAttack","Saiyan:SpiritSword","Saiyan:Quickening","Saiyan:Taunt","Saiyan:HyperTimeChamber","Saiyan:MeteorDash","Saiyan:DragonRadar+1","downfall:Haunted","downfall:Haunted","Parasite","Saiyan:MonkeyTail","Shame","Saiyan:BackAttack","Saiyan:PowerUp","Saiyan:TurtleShell","Saiyan:PowerPole","Saiyan:SuperSaiyanForm"],"relics":["SaiyanHeart","Pandora\u0027s Box","Darkstone Periapt","Mercury Hourglass","Gremlin Horn","Bottled Lightning"],"acts_visited":["Exordium"],"potions_floor_usage":[13,13,13],"damage_taken":[{"damage":6,"enemies":"Small Slimes","floor":1,"turns":6},{"damage":12,"enemies":"2 Louse","floor":2,"turns":1},{"damage":20,"enemies":"Cultist","floor":4,"turns":7},{"damage":21,"enemies":"Gremlin Nob","floor":7,"turns":5},{"damage":23,"enemies":"Red Slaver","floor":8,"turns":5},{"damage":15,"enemies":"Exordium Wildlife","floor":12,"turns":5},{"damage":22,"enemies":"3 Sentries","floor":13,"turns":4}],"seed_played":"-4924651190490460263","potions_obtained":[{"floor":1,"key":"Regen Potion"},{"floor":8,"key":"champ:CounterPotion"},{"floor":10,"key":"LiquidBronze"}],"is_trial":false,"path_per_floor":["M","M","?","M","?","R","E","M","T","?","$","M","E"],"character_chosen":"SAIYAJIN","items_purchased":["Saiyan:PowerPole"],"campfire_rested":0,"item_purchase_floors":[11],"current_hp_per_floor":[55,44,79,61,54,54,36,16,16,16,16,4,0,0],"gold":148,"neow_bonus":"BOSS_RELIC","is_daily":false,"chose_seed":false,"campfire_upgraded":1,"win_rate":0.0,"timestamp":1612293574,"path_taken":["M","M","?","M","?","R","E","M","T","?","$","?","E"],"items_purchased_type":["Card"],"build_version":"2020-12-22","purchased_purges":1,"victory":false,"max_hp_per_floor":[61,62,97,99,99,99,102,105,105,105,105,108,110,110],"card_choices":[{"not_picked":["Saiyan:ConcussiveBlow","Saiyan:Scouter"],"picked":"Saiyan:MeteorDash","floor":1},{"not_picked":["Saiyan:ThirstForFight","Saiyan:ConcussiveBlow"],"picked":"Saiyan:DragonRadar","floor":2},{"not_picked":["Saiyan:ThirstForFight","Saiyan:ExtremeSpeed"],"picked":"Saiyan:BackAttack","floor":4},{"not_picked":["Saiyan:SenzuBean","Saiyan:RemoveWeights"],"picked":"Saiyan:PowerUp","floor":7},{"not_picked":["Saiyan:Planning","Saiyan:Quickening"],"picked":"Saiyan:TurtleShell","floor":8},{"not_picked":["Saiyan:FinalFlash","Saiyan:KiStrike"],"picked":"Saiyan:SuperSaiyanForm","floor":12}],"player_experience":506448,"relics_obtained":[{"floor":7,"key":"Gremlin Horn"},{"floor":9,"key":"Bottled Lightning"}],"event_choices":[{"damage_healed":0,"gold_gain":0,"player_choice":"Success","damage_taken":7,"relics_obtained":["Mercury Hourglass"],"max_hp_gain":0,"max_hp_loss":0,"event_name":"Scrap Ooze","floor":5,"gold_loss":0},{"damage_healed":0,"gold_gain":0,"player_choice":"Bought 1 Potion","damage_taken":0,"max_hp_gain":0,"max_hp_loss":0,"event_name":"The Woman in Blue","floor":10,"gold_loss":0}],"is_beta":false,"boss_relics":[],"items_purged_floors":[11],"is_endless":false,"potions_floor_spawned":[1,8],"killed_by":"3 Sentries","ascension_level":2}}