{"host":"9mz6x6ekz95y53i5","time":1612289526,"event":{"mods":["AchievementEnabler","BaseMod","Downfall","Energized Spire","FoggyMod","Minty Spire (QoL Compilation)","Reliquary","Replay The Spire","Spicy Shops","StSLib","The Bug Knight","The Servant 0.9.4","¡¾ÒÅÎï¿¨ÅÆ¡¿REMEMod"],"gold_per_floor":[111,41,104,104,19,48,0,23,74,124,136,148,178,247,259,348,360,384,64,64,0,0,0,30,30,56,56,14,26,26,26,26,102,102,117,117,136,0,0,0,0],"floor_reached":40,"language":"ZHS","playtime":2292,"items_purged":["Pain"],"score":1034,"play_id":"dc5344d6-730b-4b94-8bfc-19e91e907b9b","local_time":"20210203021206","is_ascension_mode":true,"campfire_choices":[{"data":"Apotheosis","floor":12.0,"key":"SMITH"},{"floor":15.0,"key":"DIG"},{"floor":23.0,"key":"REST"},{"floor":32.0,"key":"REST"}],"circlet_count":0,"master_deck":["AscendersBane","Strike_G","Strike_G","Strike_G","Strike_G","Strike_G","Defend_G","Defend_G","Defend_G","Defend_G","Defend_G","Survivor","Neutralize","Underhanded Strike","Apotheosis+1","Discovery","Mayhem","Bane","Tactician","Dagger Throw","ReplayTheSpireMod:Speed Training","Clumsy","Backflip","Tools of the Trade","Spreading Infection","Blur","Backflip","Quick Slash","Caltrops","Caltrops","Acrobatics","CommonCold","After Image","Tactician","Sickly","Concentrate","Writhe"],"relics":["Ring of the Snake","REME_ComplimentaryCards","NeowsBlessing","ReplayTheSpireMod:ShopPack","reliquary:PorcupineQuills","Lee\u0027s Waffle","Replay:Bottled Steam","Odd Mushroom","Orichalcum","Ring of Greed","The Courier","MawBank","Ring of Panic","White Beast Statue","CaptainsWheel","Fusion Hammer","Pantograph","Regal Pillow","Blue Doll","Nilry\u0027s Codex","FaceOfCleric","Black Star","Red Mask"],"acts_visited":["Exordium","TheCity","TheBeyond"],"potions_floor_usage":[40],"damage_taken":[{"damage":0.0,"enemies":"Jaw Worm","floor":1.0,"turns":1.0},{"damage":1.0,"enemies":"Gremlin Nob","floor":6.0,"turns":1.0},{"damage":4.0,"enemies":"The Mushroom Lair","floor":8.0,"turns":2.0},{"damage":3.0,"enemies":"2 Louse","floor":13.0,"turns":2.0},{"damage":34.0,"enemies":"3 Sentries","floor":14.0,"turns":9.0},{"damage":27.0,"enemies":"Slime Boss","floor":16.0,"turns":8.0},{"damage":0.0,"enemies":"Chosen","floor":18.0,"turns":5.0},{"damage":0.0,"enemies":"Gremlin Leader","floor":24.0,"turns":11.0},{"damage":0.0,"enemies":"Spheric Guardian","floor":29.0,"turns":1.0},{"damage":32.0,"enemies":"Collector","floor":33.0,"turns":13.0},{"damage":12.0,"enemies":"3 Shapes","floor":35.0,"turns":7.0},{"damage":43.0,"enemies":"3 Darklings","floor":37.0,"turns":8.0},{"damage":36,"enemies":"Reptomancer","floor":40,"turns":2}],"seed_played":"521228063285131060","potions_obtained":[{"floor":3.0,"key":"Energy Potion"},{"floor":6.0,"key":"Fire Potion"},{"floor":14.0,"key":"Venom Potion"},{"floor":16.0,"key":"champ:CounterPotion"},{"floor":18.0,"key":"Reflective Coating"},{"floor":24.0,"key":"Fire Potion"},{"floor":29.0,"key":"Milkshake"},{"floor":33.0,"key":"Block Potion"},{"floor":35.0,"key":"CultistPotion"},{"floor":37.0,"key":"SpeedPotion"}],"is_trial":false,"path_per_floor":["M","$","?","?","$","E","?","?","T","?","?","R","M","?","R","B",null,"M","$","?","?","$","R","E","?","T","?","$","M","?","?","R","B",null,"M","M","M","?","?","E"],"character_chosen":"THE_SILENT","items_purchased":["ReplayTheSpireMod:ShopPack","Lee\u0027s Waffle","Pantograph","Backflip","Caltrops"],"campfire_rested":2,"item_purchase_floors":[2,5,19,19,28],"current_hp_per_floor":[59,59,59,52,73,72,72,68,68,68,68,68,65,31,31,4,56,56,56,56,56,56,73,73,73,73,73,73,73,52,52,73,42,66,55,55,13,13,28,0,0],"gold":0,"neow_bonus":"THREE_ENEMY_KILL","is_daily":false,"chose_seed":false,"campfire_upgraded":1,"win_rate":0.0,"timestamp":1612289526,"path_taken":["M","$","?","?","?","E","?","?","T","?","?","R","?","?","R","BOSS","M","$","?","?","?","R","E","?","T","?","?","?","?","?","R","BOSS","M","?","?","?","?","E"],"items_purchased_type":["Relic","Relic","Relic","Card","Card"],"build_version":"2020-12-22","purchased_purges":1,"victory":false,"max_hp_per_floor":[66,66,66,66,73,73,73,73,73,73,73,73,73,73,73,73,73,73,73,73,73,73,73,73,73,73,73,73,73,73,73,73,74,74,75,75,76,76,76,76,76],"card_choices":[{"not_picked":["Footwork","Cloak And Dagger"],"picked":"Underhanded Strike","floor":1.0},{"not_picked":["REME_HeartOfCthun","REME_ProfessionalPlagiarism"],"picked":"Apotheosis","floor":2.0},{"not_picked":["Trip","REME_FirmDetermination"],"picked":"Discovery","floor":2.0},{"not_picked":["Replay:Sssssssssstrike","Jack Of All Trades"],"picked":"Mayhem","floor":2.0},{"not_picked":["Cloak And Dagger","Flying Knee"],"picked":"Bane","floor":3.0},{"not_picked":["Leg Sweep","Accuracy"],"picked":"Tactician","floor":3.0},{"not_picked":["ReplayTheSpireMod:Scrap Shanks","Endless Agony"],"picked":"Dagger Throw","floor":6.0},{"not_picked":["Flying Knee","Blade Dance"],"picked":"ReplayTheSpireMod:Speed Training","floor":8.0},{"not_picked":["Slice","Poisoned Stab","Sucker Punch"],"picked":"SKIP","floor":13.0},{"not_picked":["Cloak And Dagger","Predator"],"picked":"Backflip","floor":14.0},{"not_picked":["REME_CopyPotion","Atom Bomb"],"picked":"Tools of the Trade","floor":16.0},{"not_picked":["ReplayTheSpireMod:Speed Training","Underhanded Strike"],"picked":"Blur","floor":18.0},{"not_picked":["Slice","Deadly Poison"],"picked":"Quick Slash","floor":24.0},{"not_picked":["PiercingWail","Dodge and Roll"],"picked":"Acrobatics","floor":29.0},{"not_picked":["Tools of the Trade","REME_CopyPotion"],"picked":"After Image","floor":33.0},{"not_picked":["ReplayTheSpireMod:Tripwire","Draining Mist","Heel Hook"],"picked":"SKIP","floor":35.0},{"not_picked":["Acrobatics+1","Flying Knee+1"],"picked":"Concentrate","floor":37.0}],"player_experience":210088,"relics_obtained":[{"floor":3.0,"key":"reliquary:PorcupineQuills"},{"floor":6.0,"key":"Replay:Bottled Steam"},{"floor":8.0,"key":"Odd Mushroom"},{"floor":9.0,"key":"Orichalcum"},{"floor":10.0,"key":"Ring of Greed"},{"floor":10.0,"key":"The Courier"},{"floor":10.0,"key":"MawBank"},{"floor":10.0,"key":"Ring of Panic"},{"floor":15.0,"key":"CaptainsWheel"},{"floor":24.0,"key":"Regal Pillow"},{"floor":26.0,"key":"Blue Doll"},{"floor":30.0,"key":"Nilry\u0027s Codex"}],"event_choices":[{"damage_healed":0.0,"max_hp_gain":0.0,"max_hp_loss":0.0,"gold_gain":0.0,"event_name":"World of Goop","player_choice":"Left Gold","floor":7.0,"gold_loss":48.0,"damage_taken":0.0},{"damage_healed":0.0,"max_hp_gain":0.0,"max_hp_loss":0.0,"gold_gain":0.0,"event_name":"Mushrooms","player_choice":"Fought Mushrooms","floor":8.0,"gold_loss":0.0,"damage_taken":0.0},{"cards_removed":["Pain"],"damage_healed":0.0,"max_hp_gain":0.0,"max_hp_loss":0.0,"gold_gain":0.0,"event_name":"Living Wall","player_choice":"Forget","floor":11.0,"gold_loss":0.0,"damage_taken":0.0},{"damage_healed":0.0,"max_hp_gain":0.0,"max_hp_loss":0.0,"gold_gain":0.0,"event_name":"Dead Adventurer","player_choice":"Searched \u00272\u0027 times","floor":14.0,"gold_loss":0.0,"damage_taken":0.0,"relics_obtained":["White Beast Statue"]},{"cards_removed":["Looming Evil"],"damage_healed":0.0,"max_hp_gain":0.0,"max_hp_loss":0.0,"gold_gain":0.0,"event_name":"Back to Basics","player_choice":"Elegance","floor":20.0,"gold_loss":0.0,"damage_taken":0.0},{"damage_healed":0.0,"max_hp_gain":0.0,"max_hp_loss":0.0,"gold_gain":0.0,"event_name":"Masked Bandits","player_choice":"Paid Fearfully","floor":21.0,"gold_loss":64.0,"damage_taken":0.0},{"damage_healed":0.0,"max_hp_gain":0.0,"max_hp_loss":0.0,"gold_gain":0.0,"event_name":"Vampires","player_choice":"Ignored","floor":25.0,"gold_loss":0.0,"damage_taken":0.0},{"damage_healed":0.0,"max_hp_gain":0.0,"max_hp_loss":0.0,"gold_gain":0.0,"event_name":"Ghosts","player_choice":"Ignored","floor":27.0,"gold_loss":0.0,"damage_taken":0.0},{"damage_healed":0.0,"max_hp_gain":0.0,"max_hp_loss":0.0,"gold_gain":0.0,"event_name":"Cursed Tome","player_choice":"Obtained Book","floor":30.0,"gold_loss":0.0,"damage_taken":21.0},{"damage_healed":0.0,"max_hp_gain":0.0,"max_hp_loss":0.0,"gold_gain":0.0,"event_name":"FaceTrader","player_choice":"Trade","floor":31.0,"gold_loss":0.0,"damage_taken":0.0,"relics_obtained":["FaceOfCleric"]},{"damage_healed":0.0,"max_hp_gain":0.0,"max_hp_loss":0.0,"gold_gain":0.0,"event_name":"Duplicator","player_choice":"Copied","floor":36.0,"gold_loss":0.0,"damage_taken":0.0,"cards_obtained":["Tactician"]},{"damage_healed":0.0,"max_hp_gain":0.0,"max_hp_loss":0.0,"gold_gain":0.0,"event_name":"Tomb of Lord Red Mask","player_choice":"Paid","floor":38.0,"gold_loss":136.0,"damage_taken":0.0,"relics_obtained":["Red Mask"]},{"damage_healed":15.0,"max_hp_gain":0.0,"max_hp_loss":0.0,"gold_gain":0.0,"event_name":"Winding Halls","player_choice":"Writhe","floor":39.0,"gold_loss":0.0,"damage_taken":0.0,"cards_obtained":["Writhe"]}],"is_beta":false,"boss_relics":[{"not_picked":["reliquary:WritOfMandamus","Velvet Choker"],"picked":"Fusion Hammer"},{"not_picked":["energizedSpire:SpiderWeb","Ring of Chaos"],"picked":"Black Star"}],"items_purged_floors":[19],"is_endless":false,"potions_floor_spawned":[6,14,16,18,24,29,33,35,37],"killed_by":"Reptomancer","ascension_level":20}}