{"host":"lck2g1j0kcwr02ez","time":1612249025,"event":{"mods":["Act Like it!","BaseMod","CapriCore","Colored Powertips","Hallownest","Mari Mod (Legacy)","Mari\u0027s V1 Patch","Marisa£®ÏF”Í°°ƒß¿Ì…≥£©","Minty Spire (QoL Compilation)","Rare Cards Sparkle","StSLib","Td1madao Mod","The Bug Knight","The Hierophant"],"gold_per_floor":[9935,8790,7909,7909,6799,6147,5475,4906,4906,4411,3868,3868,3470,3371,3371,3130,3130,2483,2233,1351,1301,1301],"floor_reached":21,"language":"ZHS","playtime":1152,"items_purged":["hierophant:Strike_Hierophant","hierophant:Defend_Hierophant","hierophant:Strike_Hierophant"],"score":399,"play_id":"d83783c2-ca6f-4723-8d11-01f11602b0f2","local_time":"20210202145705","is_ascension_mode":true,"campfire_choices":[{"data":"hierophant:Community","floor":12,"key":"SMITH"},{"floor":15,"key":"RECALL"}],"circlet_count":0,"master_deck":["hierophant:Strike_Hierophant","hierophant:Strike_Hierophant","hierophant:Punish","hierophant:Defend_Hierophant","hierophant:Defend_Hierophant","hierophant:Defend_Hierophant","hierophant:ChurchCoffers","hierophant:Invocation","hierophant:AuricBeam","hierophant:Shelter","hierophant:Batter","Impatience","hierophant:MirrorShield","hierophant:Encroach","Secret Technique","hierophant:Community+1","hierophant:Shelter","Deep Breath","hierophant:Upheaval"],"relics":["hierophant:PropheticMaskRelic","HornCleat","Sundial","Hallownest:DreamNailRelic","Chemical X","Torii","Girya","Bottled Lightning","Meat on the Bone","Incense Burner","Matryoshka","SlaversCollar","Hallownest:UnbreakableCardRelic","Anchor","Bird Faced Urn","Sling"],"acts_visited":["Exordium","Hallownest:Greenpath"],"potions_floor_usage":[],"damage_taken":[{"damage":2,"enemies":"Hallownest:2_Tiktiks_and_1_Crawlid","floor":1,"turns":2},{"damage":2,"enemies":"Hallownest:monsterHuskGuard","floor":3,"turns":2},{"damage":0,"enemies":"Hallownest:eliteMossKnight","floor":6,"turns":1},{"damage":0,"enemies":"Hallownest:2_MossCreeps","floor":7,"turns":2},{"damage":0,"enemies":"Hallownest:eliteVengeflyKing","floor":8,"turns":1},{"damage":0,"enemies":"Hallownest:eliteMossKnight","floor":10,"turns":2},{"damage":6,"enemies":"Hallownest:1_Ooma_and_2_Uuma","floor":11,"turns":5},{"damage":0,"enemies":"Hallownest:eliteCrystalGuardian","floor":13,"turns":1},{"damage":0,"enemies":"Hallownest:MossCreep_and_Mosskin","floor":14,"turns":3},{"damage":1,"enemies":"Hallownest:BossHornet","floor":16,"turns":3},{"damage":0,"enemies":"Hallownest:Guard_and_Sentry","floor":18,"turns":4},{"damage":0,"enemies":"Hallownest:2_Mistakes","floor":21,"turns":3}],"seed_played":"-422363253476213441","potions_obtained":[{"floor":1,"key":"DuplicationPotion"}],"is_trial":false,"path_per_floor":["M","$","M","?","$","E","M","E","T","E","M","R","E","M","R","B",null,"M","?","$","M"],"character_chosen":"HIEROPHANT","items_purchased":["hierophant:Shelter","hierophant:Batter","Impatience","Master of Strategy","HornCleat","Sundial","EssenceOfSteel","Dexterity Potion","Chemical X","Torii","Girya","hierophant:Encroach","Secret Technique","Deep Breath","hierophant:Upheaval","Anchor","Bird Faced Urn","Sling"],"campfire_rested":0,"item_purchase_floors":[2,2,2,2,2,2,2,2,5,5,5,5,5,20,20,20,20,20],"current_hp_per_floor":[66,66,64,64,64,64,64,64,64,64,58,58,58,58,58,57,68,68,68,68,68,68],"gold":1301,"neow_bonus":"THREE_RARE_CARDS","is_daily":false,"chose_seed":false,"campfire_upgraded":1,"win_rate":0.0,"timestamp":1612249025,"path_taken":["M","$","M","?","?","E","M","E","T","E","M","R","E","?","R","BOSS","M","?","$","?"],"items_purchased_type":["Card","Card","Card","Card","Relic","Relic","Potion","Potion","Relic","Relic","Relic","Card","Card","Card","Card","Relic","Relic","Relic"],"build_version":"2020-12-22","purchased_purges":3,"victory":false,"max_hp_per_floor":[68,68,68,68,68,68,68,68,68,68,68,68,68,68,68,68,68,68,68,68,68,68],"card_choices":[{"not_picked":["hierophant:Determination","hierophant:Anathema"],"picked":"hierophant:Invocation","floor":0},{"not_picked":["hierophant:EyeForCoin","hierophant:Doubloon"],"picked":"hierophant:AuricBeam","floor":1},{"not_picked":["hierophant:Encroach","hierophant:Bribe"],"picked":"hierophant:MirrorShield","floor":3},{"not_picked":["hierophant:OrnateJavelin","hierophant:Encroach","hierophant:Endure"],"picked":"SKIP","floor":6},{"not_picked":["hierophant:EyeForCoin","hierophant:MirrorShield","hierophant:Remorse"],"picked":"SKIP","floor":7},{"not_picked":["hierophant:HammerAndAnvil","hierophant:AuricBeam"],"picked":"hierophant:Community","floor":8},{"not_picked":["hierophant:FlamingChariot","hierophant:PassingBell"],"picked":"hierophant:Shelter","floor":10},{"not_picked":["hierophant:FieryStrike","hierophant:Bribe","hierophant:Empathy"],"picked":"SKIP","floor":11},{"not_picked":["hierophant:Empathy","hierophant:DivineIntervention","hierophant:FieryStrike"],"picked":"SKIP","floor":13},{"not_picked":["hierophant:Smite","hierophant:DisplayOfPower","hierophant:Doubloon"],"picked":"SKIP","floor":14},{"not_picked":["hierophant:Sermon","hierophant:FaithHealing+1","hierophant:MirrorShield"],"picked":"SKIP","floor":18}],"player_experience":371142,"relics_obtained":[{"floor":6,"key":"Bottled Lightning"},{"floor":8,"key":"Meat on the Bone"},{"floor":10,"key":"Incense Burner"},{"floor":13,"key":"Matryoshka"}],"event_choices":[],"is_beta":false,"boss_relics":[{"not_picked":["Busted Crown","Fusion Hammer"],"picked":"SlaversCollar"}],"items_purged_floors":[2,5,20],"is_endless":false,"potions_floor_spawned":[1,10,11,13,16],"killed_by":"Hallownest:2_Mistakes","ascension_level":1}}