{"host":"spoxbmo2txwgdxt2","time":1612252377,"event":{"mods":["AchievementEnabler","Act Like it!","BaseMod","Colored Powertips","Gensokyo","Hallownest","Lobotomy","LobotomyExtend","Minty Spire (QoL Compilation)","Quick Restart","Shop Mod","StSLib","The Administrix"],"gold_per_floor":[115,6,6,6,23,23,33,62,62,62,62],"floor_reached":10,"language":"ZHS","playtime":863,"items_purged":[],"score":69,"play_id":"91adf704-bbb4-4cda-a477-3c3d8a954bae","local_time":"20210202155257","is_ascension_mode":true,"campfire_choices":[{"floor":6.0,"key":"RECALL"}],"circlet_count":0,"master_deck":["AdministrixMod:Strike_Administrix","AdministrixMod:Strike_Administrix","AdministrixMod:Strike_Administrix","AdministrixMod:Strike_Administrix","AdministrixMod:RedCloak","AdministrixMod:Defend_Administrix","AdministrixMod:Defend_Administrix","AdministrixMod:Defend_Administrix","AdministrixMod:Defend_Administrix","AdministrixMod:BlueCloak","GreedKing","AdministrixMod:XianArts","AdministrixMod:XianArts","Injury","Freischutz","AdministrixMod:ArmillarySphere","AdministrixMod:HaveItAll","Wellcheers"],"relics":["AdministrixMod:ConductorRitualBaton","CogitoBucket","LetterFromLob","Singing Bowl","Happy Flower","Art of War"],"acts_visited":["Gensokyo:Gensokyo"],"potions_floor_usage":[10,10],"damage_taken":[{"damage":0.0,"enemies":"Gensokyo:2_Kodama","floor":1.0,"turns":5.0},{"damage":0.0,"enemies":"Gensokyo:Gryphon","floor":5.0,"turns":4.0},{"damage":0.0,"enemies":"Gensokyo:3_Fairies","floor":7.0,"turns":5.0},{"damage":54,"enemies":"Gensokyo:Aya","floor":8,"turns":9},{"damage":14,"enemies":"Gensokyo:Cirno","floor":10,"turns":5}],"seed_played":"-8406007497658229575","potions_obtained":[{"floor":1.0,"key":"LiquidBronze"},{"floor":5.0,"key":"GamblersBrew"},{"floor":8,"key":"Explosive Potion"}],"is_trial":false,"path_per_floor":["M","$","?","?","M","R","M","E","T","E"],"character_chosen":"TheAdministrix","items_purchased":["AdministrixMod:ShadowPlay","AdministrixMod:XianArts"],"campfire_rested":0,"item_purchase_floors":[2,2],"current_hp_per_floor":[65,65,65,65,67,67,67,13,13,0,0],"gold":62,"neow_bonus":"","is_daily":false,"chose_seed":false,"campfire_upgraded":0,"win_rate":0.0,"timestamp":1612252377,"path_taken":["M","$","?","?","M","R","M","E","T","E"],"items_purchased_type":["Card","Card"],"build_version":"2020-12-22","purchased_purges":0,"victory":false,"max_hp_per_floor":[65,65,65,65,67,67,67,67,67,67,67],"card_choices":[{"not_picked":["Laetitia","Scorched"],"picked":"GreedKing","floor":1.0},{"not_picked":["AdministrixMod:SipOfSparks","AdministrixMod:TouchOfCinnabar"],"picked":"AdministrixMod:XianArts","floor":1.0},{"not_picked":["CrumblingArmor","Bloodbath"],"picked":"Freischutz","floor":5.0},{"not_picked":["AdministrixMod:CenturiesAscent","AdministrixMod:XianArts","AdministrixMod:Katabasis"],"picked":"Singing Bowl","floor":5.0},{"not_picked":["AdministrixMod:CrackingPangu","AdministrixMod:WickedPunishment"],"picked":"AdministrixMod:ArmillarySphere","floor":7.0},{"not_picked":["AdministrixMod:LuminaryPath","AdministrixMod:FeastOfDew"],"picked":"AdministrixMod:HaveItAll","floor":8},{"not_picked":["Scorched","PunishingBird"],"picked":"Wellcheers","floor":8}],"player_experience":326507,"relics_obtained":[{"floor":1.0,"key":"LetterFromLob"},{"floor":8,"key":"Art of War"}],"event_choices":[],"is_beta":false,"boss_relics":[],"items_purged_floors":[],"is_endless":false,"potions_floor_spawned":[1,5,8],"killed_by":"Gensokyo:Cirno","ascension_level":1}}