{"host":"ewn058xs2vaj5uc6","time":1612258930,"event":{"mods":["ATMod(??Mod)","Act Like it!","Aspiration","BaseMod","BetterRewards","Colored Map","Colored Powertips","Dota2Spire","Downfall","Energized Spire","Highlight Path","Minty Spire (QoL Compilation)","MostiFishMod","Quarter Circle Forward PUNCH!","Quick Restart","Relic Filter Mod","Reliquary","Replay The Spire","Shop Mod","StSLib","SuperFastMode","TestMod","UnlockEverythingMod","??????REMEMod","????"],"gold_per_floor":[99,88888,88905,88157,88167,88167,88167,88178,88207,87705,87715,87715,87715,87731,87747,87747,87759,87857,87857,87295,87306,87318,87337,86498,86498,86523,86108,86121,85675,85688,85738,85547,85558,85574,85574,85574,84834,84853,85045,85045,85045,85056,85056,85085,85085,85085,84581,84581,83605,83605,83620,83620],"floor_reached":53,"language":"ZHS","playtime":2106,"items_purged":["Slimebound:Tackle","Venomology","Slimebound:Defend_Slimebound","Slimebound:Strike_Slimebound","Bullet Time","Slimebound:Strike_Slimebound","Slimebound:Defend_Slimebound","Slimebound:Defend_Slimebound","HalloweenModCandy","downfall:Aged","Sickly"],"score":1075,"play_id":"a1b2f24e-8a9c-4e0b-a5ef-6cd36c52f427","local_time":"20210202174210","is_ascension_mode":false,"campfire_choices":[{"floor":1.0,"key":"RECALL"}],"circlet_count":0,"master_deck":["HalloweenModGhostCostume+1","HalloweenModCandy+1","HalloweenModTrick+1","HalloweenModTrick+1","Decay","HalloweenModCandy+1","Pain","HalloweenModGhostCostume+1","HalloweenModGhostCostume+1","HalloweenModGhostCostume+1"],"relics":["Slimebound:AbsorbEndCombat","AT_ATBox","REME_ComplimentaryCards","DaveBox","testmod-TestBox","Civilization","HalloweenModHalloween","Blue Candle","Bronze Scales","MerchantsRug","AT_ImmortalShieldbow","testmod-TurbochargingSystem","downfall:HeartBlessingRed","downfall:HeartBlessingBlue","Dota2Spire:PhaseBoots","FeatherPendant","Dota2Spire:OctarineCore","MostiFishMod:AdaptiveDefenses","Bottled Tornado","HornCleat","Grinning Jar","AT_ForceNature","ReplayTheSpireMod:Shallot","Ring of Greed","ReplayTheSpireMod:Ring of Exchange","Golden Egg","Membership Card","Lee\u0027s Waffle","Sling","Molten Egg 2","testmod-SaigiyounoYou","Replay:Wax Seal","reliquary:TuningFork","reliquary:FeatherDuster","REME_OnlineShoppingPlatform","StoneCalendar","Counterbalance","Iron Hammer","BirthdayGift-Tetrahedron"],"acts_visited":["Exordium","TheCity","TheBeyond"],"potions_floor_usage":[11,18,22,22,23],"damage_taken":[{"damage":20.0,"enemies":"Jaw Worm","floor":2.0,"turns":4.0},{"damage":0.0,"enemies":"Cultist","floor":3.0,"turns":4.0},{"damage":0.0,"enemies":"downfall:FleeingMerchant","floor":4.0,"turns":4.0},{"damage":1.0,"enemies":"2 Louse","floor":5.0,"turns":2.0},{"damage":22.0,"enemies":"Gremlin Gang","floor":8.0,"turns":2.0},{"damage":4.0,"enemies":"Lagavulin","floor":9.0,"turns":5.0},{"damage":18,"enemies":"Exordium Wildlife","floor":11,"turns":2},{"damage":8,"enemies":"Red Slaver","floor":14,"turns":4},{"damage":18,"enemies":"Blue Slaver","floor":15,"turns":3},{"damage":16,"enemies":"2 Fungi Beasts","floor":17,"turns":3},{"damage":16,"enemies":"WA_ARCHETYPE_RETAIN","floor":18,"turns":5},{"damage":0,"enemies":"3 Byrds","floor":21,"turns":2},{"damage":21,"enemies":"Centurion and Healer","floor":22,"turns":4},{"damage":0,"enemies":"Chosen and Byrds","floor":23,"turns":4},{"damage":0,"enemies":"downfall:FleeingMerchant","floor":24,"turns":4},{"damage":10,"enemies":"Cultist and Chosen","floor":28,"turns":3},{"damage":0,"enemies":"3 Cultists","floor":30,"turns":2},{"damage":0,"enemies":"Snecko","floor":33,"turns":1},{"damage":0,"enemies":"Centurion and Healer","floor":34,"turns":1},{"damage":0,"enemies":"DF_ARCHETYPE_CLAW","floor":35,"turns":1},{"damage":7,"enemies":"Orb Walker","floor":38,"turns":2},{"damage":0,"enemies":"downfall:FleeingMerchant","floor":39,"turns":1},{"damage":0,"enemies":"3 Shapes","floor":42,"turns":1},{"damage":1,"enemies":"R_Hoarder","floor":44,"turns":2},{"damage":0,"enemies":"Spire Growth","floor":45,"turns":1},{"damage":30,"enemies":"Jaw Worm Horde","floor":46,"turns":2},{"damage":0,"enemies":"Nemesis","floor":48,"turns":1},{"damage":0,"enemies":"Sphere and 2 Shapes","floor":51,"turns":1},{"damage":1,"enemies":"IC_BLOCK_ARCHETYPE","floor":52,"turns":2}],"seed_played":"9158475871137375310","potions_obtained":[{"floor":2.0,"key":"Dota2Spire:Clarity"},{"floor":15,"key":"Block Potion"},{"floor":22,"key":"Dexterity Potion"}],"is_trial":false,"path_per_floor":["R_BF","M","M","$","M","?","T","M","E","R","M","PTL","PTL","M","M","?","M","B",null,"R_BF","M","M","M","$","?","T","R","M","R","M","?","R","M","M","B",null,"R","M","$","?","?","M","T","E","M","M","$","E","R","?","M","B",null],"character_chosen":"SLIMEBOUND","items_purchased":["Bronze Scales","Energy Potion","EssenceOfSteel","MerchantsRug","AT_ImmortalShieldbow","BlessingOfTheForge","Dota2Spire:PhaseBoots","Dota2Spire:OctarineCore","MostiFishMod:AdaptiveDefenses","Bottled Tornado","HornCleat","LiquidBronze","BlessingOfTheForge","Weak Potion","AT_ForceNature","ReplayTheSpireMod:Shallot","Lee\u0027s Waffle","Molten Egg 2","testmod-SaigiyounoYou","reliquary:FeatherDuster","REME_OnlineShoppingPlatform","StoneCalendar","Counterbalance","Iron Hammer","BirthdayGift-Tetrahedron"],"campfire_rested":0,"item_purchase_floors":[4,4,4,4,4,10,10,20,20,24,24,24,24,24,27,29,32,37,37,47,47,47,49,49,49],"current_hp_per_floor":[71,56,70,76,80,80,80,63,76,86,73,73,73,78,76,76,69,89,125,125,130,118,140,145,145,145,145,150,150,155,155,162,167,172,177,177,177,182,187,187,187,192,192,197,202,189,189,212,212,212,217,222],"gold":83620,"neow_bonus":"TEN_PERCENT_HP_BONUS","is_daily":false,"chose_seed":false,"campfire_upgraded":0,"win_rate":0.0,"timestamp":1612258930,"path_taken":["R_BF","M","M","$","M","?","T","M","E","R","?","PTL","PTL","M","M","?","M","BOSS","R_BF","M","M","?","$","?","T","R","M","R","?","?","R","M","M","BOSS","R","M","$","?","?","?","T","E","M","M","?","E","R","?","M","BOSS"],"items_purchased_type":["Relic","Potion","Potion","Relic","Relic","Potion","Relic","Relic","Relic","Relic","Relic","Potion","Potion","Potion","Relic","Relic","Relic","Relic","Relic","Relic","Relic","Relic","Relic","Relic","Relic"],"build_version":"2020-12-22","purchased_purges":11,"victory":true,"max_hp_per_floor":[71,72,74,76,80,80,80,85,90,100,105,105,105,110,115,115,120,125,125,125,130,135,140,145,145,145,145,150,150,155,155,162,167,172,177,177,177,182,187,187,187,192,192,197,202,207,207,212,212,212,217,222],"card_choices":[{"not_picked":["HalloweenModGhostCostume","HalloweenModTrick"],"picked":"HalloweenModCandy","floor":2.0},{"not_picked":["HalloweenModTrick","HalloweenModCandy"],"picked":"HalloweenModGhostCostume","floor":3.0},{"not_picked":["HalloweenModGhostCostume","HalloweenModCandy"],"picked":"HalloweenModTrick","floor":4.0},{"not_picked":["HalloweenModTrick","HalloweenModCandy"],"picked":"HalloweenModGhostCostume","floor":5.0},{"not_picked":["HalloweenModCandy","HalloweenModTrick"],"picked":"HalloweenModGhostCostume","floor":8.0},{"not_picked":["HalloweenModTrick","HalloweenModCandy"],"picked":"HalloweenModGhostCostume","floor":9.0},{"not_picked":["HalloweenModTrick","HalloweenModGhostCostume","HalloweenModCandy"],"picked":"SKIP","floor":11},{"not_picked":["HalloweenModGhostCostume","HalloweenModCandy","HalloweenModTrick"],"picked":"SKIP","floor":14},{"not_picked":["HalloweenModTrick","HalloweenModCandy","HalloweenModGhostCostume"],"picked":"SKIP","floor":15},{"not_picked":["HalloweenModCandy","HalloweenModTrick","HalloweenModGhostCostume"],"picked":"SKIP","floor":17},{"not_picked":["HalloweenModGhostCostume","HalloweenModTrick"],"picked":"HalloweenModCandy","floor":18},{"not_picked":["HalloweenModCandy","HalloweenModTrick"],"picked":"HalloweenModGhostCostume+1","floor":21},{"not_picked":["HalloweenModGhostCostume","HalloweenModCandy","HalloweenModTrick"],"picked":"SKIP","floor":22},{"not_picked":["HalloweenModTrick","HalloweenModGhostCostume"],"picked":"HalloweenModCandy+1","floor":23},{"not_picked":["HalloweenModGhostCostume","HalloweenModCandy"],"picked":"HalloweenModTrick+1","floor":24},{"not_picked":["HalloweenModGhostCostume","HalloweenModTrick","HalloweenModCandy"],"picked":"SKIP","floor":28},{"not_picked":["HalloweenModGhostCostume","HalloweenModCandy"],"picked":"HalloweenModTrick+1","floor":30},{"not_picked":["HalloweenModCandy","HalloweenModTrick+1","HalloweenModGhostCostume"],"picked":"SKIP","floor":33},{"not_picked":["HalloweenModTrick","HalloweenModGhostCostume"],"picked":"HalloweenModCandy+1","floor":34},{"not_picked":["HalloweenModCandy","HalloweenModTrick+1","HalloweenModGhostCostume"],"picked":"SKIP","floor":38},{"not_picked":["HalloweenModCandy","HalloweenModTrick+1"],"picked":"HalloweenModGhostCostume+1","floor":39},{"not_picked":["HalloweenModTrick+1","HalloweenModCandy"],"picked":"HalloweenModGhostCostume+1","floor":42},{"not_picked":["HalloweenModTrick+1","HalloweenModCandy+1"],"picked":"HalloweenModGhostCostume+1","floor":44},{"not_picked":["HalloweenModCandy+1","HalloweenModGhostCostume+1","HalloweenModTrick+1"],"picked":"SKIP","floor":45},{"not_picked":["HalloweenModCandy+1","HalloweenModGhostCostume","HalloweenModTrick+1"],"picked":"SKIP","floor":46},{"not_picked":["HalloweenModGhostCostume+1","HalloweenModCandy","HalloweenModTrick+1"],"picked":"SKIP","floor":48},{"not_picked":["HalloweenModCandy+1","HalloweenModTrick+1","HalloweenModGhostCostume+1"],"picked":"SKIP","floor":51}],"player_experience":107483,"relics_obtained":[{"floor":9.0,"key":"testmod-TurbochargingSystem"},{"floor":26,"key":"Grinning Jar"},{"floor":31,"key":"Ring of Greed"},{"floor":31,"key":"ReplayTheSpireMod:Ring of Exchange"},{"floor":31,"key":"Golden Egg"},{"floor":31,"key":"Membership Card"},{"floor":40,"key":"Replay:Wax Seal"},{"floor":44,"key":"reliquary:TuningFork"}],"event_choices":[{"damage_healed":0,"gold_gain":0,"player_choice":"Forge","damage_taken":0,"max_hp_gain":0,"max_hp_loss":0,"event_name":"Accursed Blacksmith","floor":16,"gold_loss":0,"cards_upgraded":["HalloweenModCandy"]},{"damage_healed":0,"gold_gain":0,"player_choice":"Ignored","damage_taken":0,"max_hp_gain":0,"max_hp_loss":0,"event_name":"NoteForYourself","floor":25,"gold_loss":0},{"cards_removed":["Pot Of Greed"],"damage_healed":5,"gold_gain":0,"player_choice":"Offered Special","damage_taken":0,"max_hp_gain":0,"max_hp_loss":0,"event_name":"Bonfire Elementals","floor":41,"gold_loss":0}],"is_beta":false,"boss_relics":[{"not_picked":["Dota2Spire:RefresherOrb","testmod-Fanaticism"],"picked":"FeatherPendant"},{"not_picked":["REME_DuelDisc","Abe\u0027s Treasure"],"picked":"Sling"}],"items_purged_floors":[4,10,20,24,27,29,32,37,39,47,49],"is_endless":false,"potions_floor_spawned":[2,8,15,17,18,22,28,33,35,44,45,48],"ascension_level":0}}