{"host":"clgpak7dimivr1r3","time":1612297730,"event":{"mods":["BaseMod","Colored Map","Colored Powertips","Curses Come First","Minty Spire (QoL Compilation)","Relic Stats","Say the Spire","StSLib"],"gold_per_floor":[112,124,299,249,249,249,284,284,284,319,319,337,337,351,351,449,449,459,82,82,82,94,94,94,127,127,141,170,170,170,170],"floor_reached":30,"language":"ENG","playtime":1118,"items_purged":["Strike_R"],"score":518,"play_id":"5244a86f-53a0-4dc9-8631-3bcb467de289","local_time":"20210202232850","is_ascension_mode":true,"campfire_choices":[{"data":"Fiend Fire","floor":6,"key":"SMITH"},{"data":"Armaments","floor":8,"key":"SMITH"},{"data":"Impervious","floor":13,"key":"SMITH"},{"data":"Pommel Strike","floor":15,"key":"SMITH"},{"data":"Barricade","floor":23,"key":"SMITH"},{"data":"Entrench","floor":29,"key":"SMITH"}],"circlet_count":0,"master_deck":["AscendersBane","Strike_R+1","Strike_R+1","Strike_R+1","Defend_R+1","Defend_R+1","Defend_R+1","Defend_R+1","Bash","Armaments+1","Fiend Fire+1","Pommel Strike+1","Wild Strike","Impervious+1","Thunderclap","Barricade+1","Shrug It Off","Shrug It Off","RitualDagger","Shame","Entrench+1","True Grit+1","Inflame","Infernal Blade+1"],"relics":["Burning Blood","NeowsBlessing","Whetstone","White Beast Statue","Bronze Scales","Pear","Black Star","HornCleat","Pen Nib","Anchor","Juzu Bracelet","Thread and Needle","Ice Cream","Toxic Egg 2"],"acts_visited":["Exordium","TheCity"],"potions_floor_usage":[10,16,16,18,25,28,30],"damage_taken":[{"damage":0,"enemies":"Jaw Worm","floor":1,"turns":1},{"damage":0,"enemies":"Small Slimes","floor":2,"turns":2},{"damage":0,"enemies":"Gremlin Nob","floor":7,"turns":1},{"damage":23,"enemies":"Lagavulin","floor":10,"turns":5},{"damage":8,"enemies":"2 Louse","floor":12,"turns":3},{"damage":6,"enemies":"Blue Slaver","floor":14,"turns":3},{"damage":31,"enemies":"The Guardian","floor":16,"turns":8},{"damage":13,"enemies":"Spheric Guardian","floor":18,"turns":6},{"damage":1,"enemies":"Shell Parasite","floor":22,"turns":3},{"damage":0,"enemies":"Book of Stabbing","floor":25,"turns":4},{"damage":0,"enemies":"Cultist and Chosen","floor":27,"turns":20},{"damage":8,"enemies":"Slavers","floor":28,"turns":7},{"damage":79,"enemies":"Gremlin Leader","floor":30,"turns":6}],"seed_played":"-4571283668968714136","potions_obtained":[{"floor":2,"key":"Block Potion"},{"floor":10,"key":"DuplicationPotion"},{"floor":12,"key":"SteroidPotion"},{"floor":16,"key":"AttackPotion"},{"floor":18,"key":"DuplicationPotion"},{"floor":22,"key":"Swift Potion"},{"floor":25,"key":"EssenceOfSteel"},{"floor":27,"key":"BloodPotion"},{"floor":28,"key":"DuplicationPotion"}],"is_trial":false,"path_per_floor":["M","M","?","?","?","R","E","R","T","E","?","M","R","M","R","B",null,"M","$","?","?","M","R","?","E","T","M","E","R","E"],"character_chosen":"IRONCLAD","items_purchased":["HornCleat","Shrug It Off"],"campfire_rested":0,"item_purchase_floors":[19,19],"current_hp_per_floor":[78,80,80,80,73,73,79,79,79,62,65,63,63,63,63,38,77,70,70,64,64,69,69,69,75,75,81,79,79,0,0],"gold":170,"neow_bonus":"THREE_ENEMY_KILL","is_daily":false,"chose_seed":false,"campfire_upgraded":6,"win_rate":0.0,"timestamp":1612297730,"path_taken":["M","M","?","?","?","R","E","R","T","E","?","?","R","M","R","BOSS","M","$","?","?","M","R","?","E","T","M","E","R","E"],"items_purchased_type":["Relic","Card"],"build_version":"2020-12-22","purchased_purges":1,"victory":false,"max_hp_per_floor":[80,80,80,80,80,80,80,80,80,80,90,90,90,90,90,90,90,90,90,90,90,90,90,90,90,90,90,90,90,90,90],"relic_stats":{"counters":[13,69],"Bronze Scales":[208],"Pen Nib":[3],"Black Star":2,"Juzu Bracelet":0,"Whetstone":["Strike_R","Strike_R"],"obtain_stats":[{"Ice Cream":28,"Pear":11,"NeowsBlessing":0,"Thread and Needle":26,"Pen Nib":21,"Juzu Bracelet":25,"Whetstone":7,"Burning Blood":0,"White Beast Statue":9,"Anchor":25,"HornCleat":19,"Bronze Scales":10,"Black Star":17,"Toxic Egg 2":28},{"Ice Cream":12,"Pear":4,"NeowsBlessing":0,"Thread and Needle":10,"Pen Nib":8,"Juzu Bracelet":10,"Whetstone":3,"Burning Blood":0,"White Beast Statue":3,"Anchor":10,"HornCleat":8,"Bronze Scales":4,"Black Star":7,"Toxic Egg 2":12},{"Ice Cream":63,"Pear":9,"NeowsBlessing":0,"Thread and Needle":36,"Pen Nib":29,"Juzu Bracelet":36,"Whetstone":4,"Burning Blood":0,"White Beast Statue":4,"Anchor":36,"HornCleat":29,"Bronze Scales":9,"Black Star":23,"Toxic Egg 2":63}],"Burning Blood":68},"card_choices":[{"not_picked":["Flex","Warcry"],"picked":"Armaments","floor":1},{"not_picked":["Perfected Strike","Iron Wave"],"picked":"Fiend Fire","floor":2},{"not_picked":["Rage","Hemokinesis"],"picked":"Pommel Strike","floor":7},{"not_picked":["Power Through","Heavy Blade"],"picked":"Wild Strike","floor":10},{"not_picked":["True Grit","Shrug It Off"],"picked":"Impervious","floor":12},{"not_picked":["Bloodletting","Flex"],"picked":"Thunderclap","floor":14},{"not_picked":["Exhume","Reaper"],"picked":"Barricade","floor":16},{"not_picked":["Perfected Strike","Infernal Blade"],"picked":"Shrug It Off","floor":18},{"not_picked":["Thunderclap","Whirlwind"],"picked":"Entrench","floor":22},{"not_picked":["Flex+1","Twin Strike+1"],"picked":"True Grit+1","floor":25},{"not_picked":["Twin Strike","Clothesline"],"picked":"Inflame","floor":27},{"not_picked":["Anger","Burning Pact+1"],"picked":"Infernal Blade+1","floor":28}],"player_experience":119025,"relics_obtained":[{"floor":7,"key":"Whetstone"},{"floor":9,"key":"White Beast Statue"},{"floor":10,"key":"Bronze Scales"},{"floor":25,"key":"Anchor"},{"floor":25,"key":"Juzu Bracelet"},{"floor":26,"key":"Thread and Needle"},{"floor":28,"key":"Ice Cream"},{"floor":28,"key":"Toxic Egg 2"}],"event_choices":[{"damage_healed":0,"gold_gain":175,"player_choice":"AGREE","damage_taken":0,"max_hp_gain":0,"max_hp_loss":0,"event_name":"Liars Game","floor":3,"gold_loss":0,"cards_obtained":["Doubt"]},{"cards_removed":["Doubt"],"damage_healed":0,"gold_gain":0,"player_choice":"Card Removal","damage_taken":0,"max_hp_gain":0,"max_hp_loss":0,"event_name":"The Cleric","floor":4,"gold_loss":50},{"cards_removed":["Strike_R"],"damage_healed":0,"gold_gain":0,"player_choice":"Card Removal","damage_taken":7,"max_hp_gain":0,"max_hp_loss":0,"event_name":"Golden Wing","floor":5,"gold_loss":0},{"damage_healed":0,"gold_gain":0,"player_choice":"Success","damage_taken":7,"relics_obtained":["Pear"],"max_hp_gain":0,"max_hp_loss":0,"event_name":"Scrap Ooze","floor":11,"gold_loss":0},{"damage_healed":0,"gold_gain":0,"player_choice":"Joined the Cult","damage_taken":6,"max_hp_gain":0,"max_hp_loss":0,"event_name":"Nest","floor":20,"gold_loss":0,"cards_obtained":["RitualDagger"]},{"damage_healed":0,"gold_gain":0,"player_choice":"Stole Relic","damage_taken":0,"relics_obtained":["Pen Nib"],"max_hp_gain":0,"max_hp_loss":0,"event_name":"Addict","floor":21,"gold_loss":0,"cards_obtained":["Shame"]},{"damage_healed":0,"gold_gain":0,"player_choice":"Simplicity","damage_taken":0,"max_hp_gain":0,"max_hp_loss":0,"event_name":"Back to Basics","floor":24,"gold_loss":0,"cards_upgraded":["Strike_R","Defend_R","Defend_R","Defend_R","Defend_R"]}],"is_beta":false,"boss_relics":[{"not_picked":["Coffee Dripper","Runic Cube"],"picked":"Black Star"}],"items_purged_floors":[19],"is_endless":false,"potions_floor_spawned":[2,10,12,14,16,18,22,25,27,28],"killed_by":"Gremlin Leader","ascension_level":12}}