{"host":"i0avyit1s6jb1siw","time":1612291751,"event":{"mods":["BaseMod","DeckTracker","Dota2Spire","Highlight Path","Minty Spire (QoL Compilation)","Quick Restart","StSLib","SuperFastMode"],"gold_per_floor":[110,126,126,126,126,144,144,171,187,187,221,221,221,246,246,275,290,304,304,376,376,376,450,450,461,480,144,159,171,171,205,205,89,89,102,102,102,121,151,151,178,178,253,253,272,287,337,356,16,42,42,42,95,122,122,155,75,91,91,91,91,91,91,37,62,62],"floor_reached":67,"language":"ENG","playtime":1727,"items_purged":["Writhe","Bash+1"],"score":3789,"play_id":"b6eb9938-2ede-43df-b3d6-41cf6d1224bc","local_time":"20210202194911","is_ascension_mode":true,"campfire_choices":[{"data":"Bash","floor":7.0,"key":"SMITH"},{"data":"Shockwave","floor":15.0,"key":"SMITH"},{"data":"Perfected Strike","floor":19.0,"key":"SMITH"},{"data":"Reaper","floor":22.0,"key":"SMITH"},{"data":"Feed","floor":30.0,"key":"SMITH"},{"data":"Perfected Strike","floor":36.0,"key":"SMITH"},{"data":"Inflame","floor":40.0,"key":"SMITH"},{"data":"Carnage","floor":42.0,"key":"SMITH"},{"floor":51.0,"key":"RECALL"},{"data":"Flame Barrier","floor":55.0,"key":"SMITH"},{"floor":59,"key":"REST"},{"floor":63,"key":"REST"}],"circlet_count":0,"master_deck":["AscendersBane","Strike_R","Strike_R","Strike_R","Defend_R","Defend_R","Reaper+1","Perfected Strike+1","Shockwave+1","Wild Strike","Shrug It Off+1","Perfected Strike+1","Feed+1","Impervious+1","Wild Strike+1","Whirlwind+1","Sentinel+1","Clothesline","Twin Strike","Perfected Strike+1","Carnage+1","Shrug It Off+1","Inflame+1","Bludgeon","CurseOfTheBell","Perfected Strike+1","Shrug It Off+1","Flame Barrier+1","Apotheosis","Corruption","Dark Embrace","Shrug It Off","True Grit+1"],"relics":["Burning Blood","Pantograph","Mercury Hourglass","Bird Faced Urn","Champion Belt","Magic Flower","Matryoshka","Snecko Eye","Astrolabe","Toolbox","Bag of Preparation","Red Skull","Toy Ornithopter","Dota2Spire:Vanguard","Self Forming Clay","Ancient Tea Set","Ice Cream","Calling Bell","Potion Belt","Singing Bowl","Dota2Spire:Satanic","Centennial Puzzle","Blood Vial","War Paint","Bottled Tornado","Akabeko"],"acts_visited":["Exordium","TheCity","TheBeyond","TheEnding"],"potions_floor_usage":[66,66,66,66],"damage_taken":[{"damage":4.0,"enemies":"2 Louse","floor":1.0,"turns":4.0},{"damage":14.0,"enemies":"Jaw Worm","floor":2.0,"turns":4.0},{"damage":4.0,"enemies":"Cultist","floor":6.0,"turns":3.0},{"damage":20.0,"enemies":"Lagavulin","floor":8.0,"turns":6.0},{"damage":10.0,"enemies":"Large Slime","floor":9.0,"turns":5.0},{"damage":25.0,"enemies":"3 Sentries","floor":11.0,"turns":7.0},{"damage":8.0,"enemies":"Gremlin Nob","floor":14.0,"turns":3.0},{"damage":17.0,"enemies":"Lagavulin","floor":16.0,"turns":7.0},{"damage":8.0,"enemies":"Looter","floor":17.0,"turns":3.0},{"damage":9.0,"enemies":"3 Louse","floor":18.0,"turns":3.0},{"damage":53.0,"enemies":"The Guardian","floor":20.0,"turns":12.0},{"damage":5.0,"enemies":"The Guardian","floor":23.0,"turns":9.0},{"damage":22.0,"enemies":"Spheric Guardian","floor":25.0,"turns":4.0},{"damage":0.0,"enemies":"3 Byrds","floor":26.0,"turns":3.0},{"damage":0.0,"enemies":"Cultist and Chosen","floor":28.0,"turns":3.0},{"damage":8.0,"enemies":"3 Cultists","floor":29.0,"turns":3.0},{"damage":0.0,"enemies":"Gremlin Leader","floor":31.0,"turns":5.0},{"damage":18.0,"enemies":"Snake Plant","floor":35.0,"turns":4.0},{"damage":0.0,"enemies":"Cultist and Chosen","floor":38.0,"turns":3.0},{"damage":7.0,"enemies":"Slavers","floor":39.0,"turns":3.0},{"damage":15.0,"enemies":"Book of Stabbing","floor":41.0,"turns":4.0},{"damage":40.0,"enemies":"Champ","floor":43.0,"turns":8.0},{"damage":15.0,"enemies":"3 Darklings","floor":45.0,"turns":3.0},{"damage":7.0,"enemies":"Orb Walker","floor":46.0,"turns":3.0},{"damage":12.0,"enemies":"Maw","floor":48.0,"turns":4.0},{"damage":33.0,"enemies":"Giant Head","floor":50.0,"turns":6.0},{"damage":0.0,"enemies":"Nemesis","floor":54.0,"turns":5.0},{"damage":0.0,"enemies":"Giant Head","floor":56.0,"turns":5.0},{"damage":12,"enemies":"4 Shapes","floor":58,"turns":2},{"damage":65,"enemies":"Donu and Deca","floor":60,"turns":8},{"damage":89,"enemies":"Time Eater","floor":61,"turns":10},{"damage":17,"enemies":"Shield and Spear","floor":65,"turns":5},{"damage":135,"enemies":"The Heart","floor":66,"turns":10}],"seed_played":"-9175547729516037250","potions_obtained":[{"floor":1.0,"key":"AttackPotion"},{"floor":6.0,"key":"Strength Potion"},{"floor":11.0,"key":"Energy Potion"},{"floor":16.0,"key":"Fire Potion"},{"floor":25.0,"key":"DuplicationPotion"},{"floor":43.0,"key":"ElixirPotion"},{"floor":46.0,"key":"Regen Potion"},{"floor":50.0,"key":"GamblersBrew"},{"floor":65,"key":"DistilledChaos"}],"is_trial":false,"path_per_floor":["M","M","?","?","$","M","R","E","M","?","E","T","?","E","R","E","M","M","R","B",null,"R","B",null,"M","M","$","M","M","R","E","?","$","T","M","R","?","M","E","R","E","R","B",null,"M","M","?","M","$","E","R","?","T","E","R","E","$","M","R","B","B",null,"R","$","E","B",null],"character_chosen":"IRONCLAD","items_purchased":["Toolbox","Bag of Preparation","Carnage","Flame Barrier","Apotheosis","Dark Embrace","Shrug It Off"],"campfire_rested":2,"item_purchase_floors":[27,27,33,49,49,57,64],"current_hp_per_floor":[68,66,66,66,66,68,68,60,56,38,27,27,32,36,36,37,47,70,70,29,29,29,73,73,60,76,76,79,82,82,82,82,82,82,86,86,86,90,94,94,88,88,66,87,83,88,88,100,100,78,78,78,78,95,95,99,99,98,101,66,50,88,101,101,93,43],"gold":62,"neow_bonus":"THREE_RARE_CARDS","is_daily":false,"chose_seed":false,"campfire_upgraded":9,"win_rate":0.0,"timestamp":1612291751,"path_taken":["M","M","?","?","$","?","R","E","M","?","E","T","?","E","R","E","M","M","R","BOSS","R","BOSS","M","M","$","M","M","R","E","?","$","T","M","R","?","M","E","R","E","R","BOSS","M","M","?","M","?","E","R","?","T","E","R","E","$","M","R","BOSS","BOSS","R","$","E","BOSS"],"items_purchased_type":["Relic","Relic","Card","Card","Card","Card","Card"],"build_version":"2020-12-22","purchased_purges":2,"victory":true,"max_hp_per_floor":[68,68,68,68,68,68,68,68,68,68,68,68,73,73,73,73,73,73,73,73,73,73,73,73,73,76,76,79,82,82,82,82,82,82,86,86,86,90,94,94,94,94,94,94,96,96,96,100,100,102,102,97,97,99,99,99,99,101,101,101,101,101,101,101,101,105],"card_choices":[{"not_picked":["Exhume","Double Tap"],"picked":"Reaper","floor":0.0},{"not_picked":["Seeing Red","Sever Soul"],"picked":"Perfected Strike","floor":1.0},{"not_picked":["Warcry","Dual Wield"],"picked":"Shockwave","floor":2.0},{"not_picked":["Shrug It Off","Havoc"],"picked":"Wild Strike","floor":6.0},{"not_picked":["Second Wind","Headbutt","Bludgeon"],"picked":"SKIP","floor":8.0},{"not_picked":["Iron Wave","Flex","Clash"],"picked":"SKIP","floor":9.0},{"not_picked":["Clothesline","Limit Break","True Grit"],"picked":"SKIP","floor":11.0},{"not_picked":["Dual Wield","Infernal Blade"],"picked":"Shrug It Off","floor":14.0},{"not_picked":["Warcry","Havoc","Rupture"],"picked":"SKIP","floor":16.0},{"not_picked":["Flex","Hemokinesis"],"picked":"Perfected Strike","floor":17.0},{"not_picked":["True Grit","Body Slam","Thunderclap"],"picked":"SKIP","floor":18.0},{"not_picked":["Barricade","Offering"],"picked":"Feed","floor":20.0},{"not_picked":["Exhume","Bludgeon"],"picked":"Impervious","floor":23.0},{"not_picked":["Headbutt","Anger"],"picked":"Clothesline","floor":25.0},{"not_picked":["Shrug It Off","Intimidate"],"picked":"Twin Strike","floor":26.0},{"not_picked":["Uppercut","Searing Blow","Armaments"],"picked":"SKIP","floor":28.0},{"not_picked":["Dual Wield","Whirlwind","Reckless Charge+1"],"picked":"SKIP","floor":29.0},{"not_picked":["Burning Pact","Evolve"],"picked":"Perfected Strike","floor":31.0},{"not_picked":["Combust","Thunderclap","Dual Wield"],"picked":"SKIP","floor":35.0},{"not_picked":["Havoc","Sword Boomerang"],"picked":"Shrug It Off+1","floor":38.0},{"not_picked":["Juggernaut","Dropkick"],"picked":"Inflame","floor":39.0},{"not_picked":["Infernal Blade","Ghostly Armor","Seeing Red"],"picked":"SKIP","floor":41.0},{"not_picked":["Limit Break","Juggernaut"],"picked":"Bludgeon","floor":43.0},{"not_picked":["Cleave","Heavy Blade","True Grit+1"],"picked":"Singing Bowl","floor":45.0},{"not_picked":["Thunderclap","Headbutt"],"picked":"Perfected Strike+1","floor":46.0},{"not_picked":["Armaments","True Grit"],"picked":"Shrug It Off+1","floor":48.0},{"not_picked":["Flex","Carnage+1","Searing Blow+1"],"picked":"Singing Bowl","floor":50.0},{"not_picked":["Cleave","Rampage","Carnage"],"picked":"Singing Bowl","floor":54.0},{"not_picked":["Barricade","True Grit"],"picked":"Corruption","floor":56},{"not_picked":["Flex","Intimidate+1","Iron Wave+1"],"picked":"Singing Bowl","floor":58},{"not_picked":["Armaments","Corruption"],"picked":"True Grit+1","floor":65}],"player_experience":2394737,"relics_obtained":[{"floor":8.0,"key":"Pantograph"},{"floor":11.0,"key":"Bird Faced Urn"},{"floor":12.0,"key":"Champion Belt"},{"floor":14.0,"key":"Magic Flower"},{"floor":16.0,"key":"Matryoshka"},{"floor":31.0,"key":"Red Skull"},{"floor":34.0,"key":"Dota2Spire:Vanguard"},{"floor":34.0,"key":"Self Forming Clay"},{"floor":39.0,"key":"Ancient Tea Set"},{"floor":41.0,"key":"Ice Cream"},{"floor":44.0,"key":"Potion Belt"},{"floor":44.0,"key":"Singing Bowl"},{"floor":44.0,"key":"Dota2Spire:Satanic"},{"floor":50.0,"key":"Centennial Puzzle"},{"floor":53.0,"key":"Blood Vial"},{"floor":54.0,"key":"War Paint"},{"floor":56,"key":"Bottled Tornado"},{"floor":65,"key":"Akabeko"}],"event_choices":[{"damage_healed":0.0,"max_hp_gain":0.0,"max_hp_loss":0.0,"gold_gain":0.0,"event_name":"Living Wall","player_choice":"Grow","floor":3.0,"gold_loss":0.0,"damage_taken":0.0,"cards_upgraded":["Perfected Strike"]},{"cards_removed":["Strike_R"],"damage_healed":0.0,"max_hp_gain":0.0,"max_hp_loss":0.0,"gold_gain":0.0,"event_name":"Purifier","player_choice":"Purged","floor":4.0,"gold_loss":0.0,"damage_taken":0.0},{"damage_healed":0.0,"max_hp_gain":0.0,"max_hp_loss":0.0,"gold_gain":0.0,"event_name":"Scrap Ooze","player_choice":"Success","floor":10.0,"gold_loss":0.0,"damage_taken":18.0,"relics_obtained":["Mercury Hourglass"]},{"damage_healed":0.0,"max_hp_gain":5.0,"max_hp_loss":0.0,"gold_gain":0.0,"event_name":"Big Fish","player_choice":"Donut","floor":13.0,"gold_loss":0.0,"damage_taken":0.0},{"damage_healed":0.0,"max_hp_gain":0.0,"max_hp_loss":0.0,"gold_gain":0.0,"event_name":"The Mausoleum","player_choice":"Opened","floor":32.0,"gold_loss":0.0,"damage_taken":0.0,"relics_obtained":["Toy Ornithopter"],"cards_obtained":["Writhe"]},{"damage_healed":0.0,"max_hp_gain":0.0,"max_hp_loss":0.0,"gold_gain":0.0,"event_name":"Vampires","player_choice":"Ignored","floor":37.0,"gold_loss":0.0,"damage_taken":0.0},{"damage_healed":0.0,"max_hp_gain":0.0,"max_hp_loss":0.0,"gold_gain":50.0,"event_name":"Golden Shrine","player_choice":"Pray","floor":47.0,"gold_loss":0.0,"damage_taken":0.0},{"damage_healed":0.0,"max_hp_gain":0.0,"max_hp_loss":5.0,"gold_gain":0.0,"event_name":"Winding Halls","player_choice":"Max HP","floor":52.0,"gold_loss":0.0,"damage_taken":0.0}],"is_beta":false,"boss_relics":[{"not_picked":["Busted Crown","Sozu"],"picked":"Snecko Eye"},{"not_picked":["SlaversCollar","Velvet Choker"],"picked":"Astrolabe"},{"not_picked":["Empty Cage","Black Star"],"picked":"Calling Bell"}],"items_purged_floors":[33,49],"is_endless":false,"potions_floor_spawned":[1,6,11,16,18,20,25,29,31,38,43,46,50,54,65],"ascension_level":20}}