{"host":"9klsz9l61b0gyg1x","time":1612253585,"event":{"mods":["BaseMod","Better Match","Better Note","Better Skull","Better Third Choice","Better Vampires","CCEM2","Colored Powertips","Conspire","Duelist Mod","GungeonMod","Hermit","Highlight Path","Mad Scientist","Minty Spire (QoL Compilation)","Rare Cards Sparkle","Shade Mod","Shop Mod","StSLib","The Mystic","The Valiant","Thieving Mod","Transform Curses"],"gold_per_floor":[117,67,67,67,91,91,115,130,154,154,177,177,177],"floor_reached":12,"language":"ENG","playtime":1136,"items_purged":[],"score":120,"play_id":"de7ce4a6-b922-48b7-a05e-2136432dd141","local_time":"20210202031305","is_ascension_mode":false,"campfire_choices":[{"data":"hermit:GoldenBullet","floor":6.0,"key":"SMITH"},{"floor":10.0,"key":"REST"}],"circlet_count":0,"master_deck":["hermit:Strike_Hermit","hermit:Strike_Hermit","hermit:Strike_Hermit","hermit:Defend_Hermit","hermit:Defend_Hermit","hermit:Defend_Hermit","hermit:Defend_Hermit","hermit:Snapshot","hermit:Covet","hermit:GoldenBullet+1","Feed","hermit:HeroicBravado","hermit:Determination","hermit:Quickdraw","hermit:SprayPray"],"relics":["hermit:Momento","Golden Idol","DemoMod:VorpalBullet","CCEMRelics:LatexGloves"],"acts_visited":["Exordium"],"potions_floor_usage":[],"damage_taken":[{"damage":12.0,"enemies":"Small Slimes","floor":1.0,"turns":4.0},{"damage":0.0,"enemies":"2 Louse","floor":5.0,"turns":4.0},{"damage":5.0,"enemies":"Jaw Worm","floor":7.0,"turns":2.0},{"damage":1.0,"enemies":"Gremlin Gang","floor":8.0,"turns":4.0},{"damage":13.0,"enemies":"Looter","floor":11.0,"turns":4.0},{"damage":1,"enemies":"Lagavulin","floor":12,"turns":2}],"seed_played":"2687251432325481896","potions_obtained":[{"floor":1.0,"key":"Dexterity Potion"},{"floor":5.0,"key":"Strength Potion"},{"floor":7.0,"key":"Explosive Potion"}],"is_trial":false,"path_per_floor":["M","?","?","?","M","R","M","M","T","R","M","E"],"character_chosen":"HERMIT","items_purchased":[],"campfire_rested":1,"item_purchase_floors":[],"current_hp_per_floor":[70,70,50,16,19,19,14,16,16,42,32,31,31],"gold":177,"neow_bonus":"TEN_PERCENT_HP_BONUS","is_daily":false,"chose_seed":false,"campfire_upgraded":1,"win_rate":0.0,"timestamp":1612253585,"path_taken":["M","?","?","?","M","R","M","M","T","R","M","E"],"items_purchased_type":[],"build_version":"2020-12-22","purchased_purges":0,"victory":false,"max_hp_per_floor":[82,82,82,82,85,85,85,88,88,88,91,91,91],"card_choices":[{"not_picked":["hermit:Headshot","hermit:Quickdraw"],"picked":"hermit:GoldenBullet","floor":1.0},{"not_picked":["hermit:Snipe","hermit:BigShot"],"picked":"hermit:HeroicBravado","floor":5.0},{"not_picked":["hermit:TakeCover","hermit:Horror"],"picked":"hermit:Determination","floor":7.0},{"not_picked":["hermit:HoleUp","hermit:CalledShot"],"picked":"hermit:Quickdraw","floor":8.0},{"not_picked":["hermit:FlashPowder","hermit:Grudge"],"picked":"hermit:SprayPray","floor":11.0}],"player_experience":179712,"relics_obtained":[{"floor":9.0,"key":"CCEMRelics:LatexGloves"}],"event_choices":[{"cards_removed":["hermit:Strike_Hermit"],"damage_healed":0.0,"max_hp_gain":0.0,"max_hp_loss":0.0,"gold_gain":0.0,"event_name":"The Cleric","player_choice":"Card Removal","floor":2.0,"gold_loss":50.0,"damage_taken":0.0},{"damage_healed":0.0,"max_hp_gain":0.0,"max_hp_loss":0.0,"gold_gain":0.0,"event_name":"Golden Idol","player_choice":"Take Damage","floor":3.0,"gold_loss":0.0,"damage_taken":20.0,"relics_obtained":["Golden Idol"]}],"is_beta":false,"boss_relics":[],"items_purged_floors":[],"is_endless":false,"potions_floor_spawned":[1,5,7],"killed_by":"Lagavulin","ascension_level":0}}