{"host":"aj7el8l5kufbk20z","time":1612237776,"event":{"mods":["AchievementEnabler","BaseMod","Colored Map","Colored Powertips","Curses Come First","Highlight Path","Minty Spire (QoL Compilation)","Permanent Neow","Poor People Problems","Quick Restart","Rare Cards Sparkle","Relic Stats","StSLib","SuperFastMode","Waifu the Spire"],"gold_per_floor":[],"floor_reached":0,"language":"ZHS","playtime":0,"items_purged":[],"score":0,"play_id":"0e0243f6-bf0d-494a-b4f2-0882aa69b0b1","local_time":"20210202114936","is_ascension_mode":true,"campfire_choices":[],"circlet_count":0,"master_deck":["Defend_B","Zap+1","Dualcast","Conserve Battery","Self Repair","Streamline","Loop+1","Leap","White Noise","Loop+1","Glacier","Force Field+1","Creative AI+1","Biased Cognition+1","Stack+1","Creative AI+1","Self Repair+1","Consume+1","Capacitor+1","Melter+1","Electrodynamics+1"],"relics":[],"acts_visited":["Exordium","TheCity","TheBeyond"],"potions_floor_usage":[],"damage_taken":[],"seed_played":"8372521479956565890","potions_obtained":[],"is_trial":false,"path_per_floor":[],"character_chosen":"DEFECT","items_purchased":[],"campfire_rested":0,"item_purchase_floors":[],"current_hp_per_floor":[],"gold":868,"neow_bonus":"THREE_ENEMY_KILL","is_daily":false,"chose_seed":false,"campfire_upgraded":5,"win_rate":0.0,"timestamp":1612237776,"path_taken":[],"items_purchased_type":[],"build_version":"2020-12-22","purchased_purges":6,"victory":false,"max_hp_per_floor":[],"relic_stats":{"counters":[17,71],"obtain_stats":[{"Darkstone Periapt":31,"Lee\u0027s Waffle":22,"NeowsBlessing":0,"Torii":29,"Dead Branch":13,"PreservedInsect":6,"Frozen Egg 2":10,"Question Card":4,"Sling":10,"Blood Vial":10,"SlaversCollar":17,"HornCleat":22,"TheAbacus":29,"Shovel":31,"Sundial":9,"Bronze Scales":19,"Gambling Chip":26,"MealTicket":2,"Tiny Chest":27,"Bag of Marbles":27,"Black Star":34,"Membership Card":4,"Bottled Lightning":29,"Cracked Core":0},{"Darkstone Periapt":15,"Lee\u0027s Waffle":12,"NeowsBlessing":0,"Torii":13,"Dead Branch":8,"PreservedInsect":3,"Frozen Egg 2":5,"Question Card":2,"Sling":5,"Blood Vial":5,"SlaversCollar":10,"HornCleat":12,"TheAbacus":13,"Shovel":15,"Sundial":5,"Bronze Scales":11,"Gambling Chip":13,"MealTicket":1,"Tiny Chest":13,"Bag of Marbles":13,"Black Star":16,"Membership Card":2,"Bottled Lightning":13,"Cracked Core":0},{"Darkstone Periapt":64,"Lee\u0027s Waffle":49,"NeowsBlessing":0,"Torii":55,"Dead Branch":25,"PreservedInsect":3,"Frozen Egg 2":11,"Question Card":2,"Sling":11,"Blood Vial":11,"SlaversCollar":40,"HornCleat":49,"TheAbacus":55,"Shovel":64,"Sundial":11,"Bronze Scales":44,"Gambling Chip":55,"MealTicket":1,"Tiny Chest":55,"Bag of Marbles":55,"Black Star":70,"Membership Card":2,"Bottled Lightning":55,"Cracked Core":0}]},"card_choices":[],"player_experience":341728,"relics_obtained":[],"event_choices":[],"is_beta":false,"boss_relics":[],"items_purged_floors":[],"is_endless":false,"potions_floor_spawned":[],"killed_by":"3 Darklings","ascension_level":5}}