{"host":"6dypmz777xraikqf","time":1612276859,"event":{"mods":["AchievementEnabler","BaseMod","BetterRewards","Colored Map","Colored Powertips","Downfall","Highlight Path","Hubris","Infinite Spire","Minty Spire (QoL Compilation)","Replay The Spire","StSLib"],"gold_per_floor":[119,133,149,163,178,209,220,255,333,353,371,400,130,146,146,251,251,270,369,30,30,49,76,76,76,76,90,110,143,156,189,189,293,293,305,321,321,321,524,524,536,565,613,640,640,640,655,234,234,234],"floor_reached":51,"language":"ENG","playtime":2551,"items_purged":["Strike_R","Strike_R","Strike_R","Strike_R","Bash","ReplayTheSpireMod:Muscle Training"],"score":1312,"play_id":"28dc8690-596d-4b30-81f5-2101bb33542f","local_time":"20210202144059","is_ascension_mode":true,"campfire_choices":[{"data":"Limit Break","floor":15,"key":"SMITH"},{"data":"Barricade","floor":25,"key":"SMITH"},{"floor":32,"key":"DIG"},{"data":"infinitespire:UltimateForm","floor":40,"key":"SMITH"},{"data":"Seeing Red","floor":46,"key":"SMITH"},{"floor":49,"key":"REST"}],"circlet_count":0,"master_deck":["AscendersBane","Strike_R+1","Defend_R+1","Defend_R+1","Defend_R+1","Defend_R+1","Swift Strike+1","Sword Boomerang","Flex","Inflame","Dark Embrace","Seeing Red+1","Twin Strike","Whirlwind","Flex","Whirlwind","ReplayTheSpireMod:Muscle Training","Limit Break+1","Inflame","Impervious","Disarm+1","Intimidate","Dropkick","Barricade+1","Heavy Blade","ReplayTheSpireMod:Corrosion Curse+1","ReplayTheSpireMod:Stacked","Shrug It Off+1","Seeing Red","Second Wind+1","Bloodletting","ReplayTheSpireMod:??????????????????????","infinitespire:UltimateForm+1","Power Through","Shrug It Off","Inflame+1","Heavy Blade+1","Apotheosis","Finesse","Impervious","Eclipse","Feel No Pain","Feel No Pain"],"relics":["Burning Blood","Blue Doll","Magic Flower","hubris:BundleOfHerbs","hubris:Spice","Replay:Towering Pillar of Hats","Onion Ring","Red Skull","Philosopher\u0027s Stone","Membership Card","Lantern","hubris:Icosahedron","CaptainsWheel","hubris:Metronome","infinitespire:PuzzleCube","Replay:Wax Seal","Replay:Mystery Machine","Replay:Kaleidoscope","infinitespire:Beetle Shell","Mirror","hubris:SlimyHat"],"acts_visited":["Exordium","TheCity","TheBeyond"],"potions_floor_usage":[6,12,16,18,31,33,50,50,50],"damage_taken":[{"damage":1,"enemies":"Cultist","floor":1,"turns":3},{"damage":3,"enemies":"2 Louse","floor":2,"turns":3},{"damage":9,"enemies":"Small Slimes","floor":3,"turns":3},{"damage":17,"enemies":"Exordium Wildlife","floor":4,"turns":4},{"damage":7,"enemies":"2 Fungi Beasts","floor":5,"turns":3},{"damage":16,"enemies":"Lagavulin","floor":6,"turns":6},{"damage":9,"enemies":"3 Louse","floor":7,"turns":3},{"damage":21,"enemies":"3 Sentries","floor":8,"turns":6},{"damage":0,"enemies":"Red Slaver","floor":10,"turns":1},{"damage":0,"enemies":"Looter","floor":11,"turns":1},{"damage":1,"enemies":"Gremlin Nob","floor":12,"turns":2},{"damage":13,"enemies":"Blue Slaver","floor":14,"turns":3},{"damage":50,"enemies":"Hexaghost","floor":16,"turns":5},{"damage":0,"enemies":"2 Thieves","floor":18,"turns":2},{"damage":7,"enemies":"Chosen","floor":22,"turns":2},{"damage":16,"enemies":"Gremlin Leader","floor":23,"turns":4},{"damage":22,"enemies":"Centurion and Healer","floor":27,"turns":3},{"damage":1,"enemies":"Snake Plant","floor":28,"turns":2},{"damage":27,"enemies":"Book of Stabbing","floor":29,"turns":6},{"damage":2,"enemies":"3 Cultists","floor":30,"turns":3},{"damage":7,"enemies":"Gremlin Leader","floor":31,"turns":6},{"damage":65,"enemies":"hubris:MusketHawk","floor":33,"turns":9},{"damage":0,"enemies":"3 Shapes","floor":35,"turns":2},{"damage":6,"enemies":"3 Darklings","floor":36,"turns":3},{"damage":5,"enemies":"4 Shapes","floor":41,"turns":2},{"damage":12,"enemies":"R_Hoarder","floor":42,"turns":9},{"damage":20,"enemies":"Reptomancer","floor":44,"turns":5},{"damage":46,"enemies":"Transient","floor":47,"turns":5},{"damage":85,"enemies":"Replay:Hell Engine","floor":50,"turns":9}],"seed_played":"-1958413368231414527","potions_obtained":[{"floor":1,"key":"Venom Potion"},{"floor":3,"key":"bronze:BurnAndBuffPotion"},{"floor":5,"key":"Flashbang"},{"floor":10,"key":"PowerPotion"},{"floor":14,"key":"Doom Potion"},{"floor":16,"key":"Adrenaline Potion"},{"floor":27,"key":"Dexterity Potion"},{"floor":29,"key":"Weak Potion"},{"floor":31,"key":"AttackPotion"},{"floor":33,"key":"Energy Potion"},{"floor":35,"key":"PowerPotion"}],"is_trial":false,"path_per_floor":["M","M","M","M","M","E","M","E","T","M","M","E","$","M","R","B",null,"M","?","$","?","M","E","?","R","T","M","M","E","M","E","R_BF","B",null,"M","M","?","AVR","?","R","M","E","T","E","?","R","M","$","R","B",null],"character_chosen":"IRONCLAD","items_purchased":["Blue Doll","Swift Strike+1","Limit Break","Membership Card","Lantern","Intimidate","Apotheosis","hubris:SlimyHat","Finesse","Impervious","Eclipse","Feel No Pain"],"campfire_rested":1,"item_purchase_floors":[0,0,13,20,20,20,48,48,48,48,48,48],"current_hp_per_floor":[64,70,70,62,64,65,65,53,53,62,71,79,79,75,75,34,75,84,84,84,84,86,87,87,87,87,74,82,64,71,73,73,77,85,88,88,67,67,45,45,49,46,46,35,98,98,61,61,90,98],"gold":234,"neow_bonus":"","is_daily":false,"chose_seed":false,"campfire_upgraded":4,"win_rate":0.0,"timestamp":1612276859,"path_taken":["M","M","M","M","M","E","M","E","T","M","M","E","$","M","R","BOSS","M","?","$","?","M","E","?","R","T","M","M","E","M","E","R_BF","BOSS","M","M","?","AVR","?","R","M","E","T","E","?","R","M","$","R","BOSS"],"items_purchased_type":["Relic","Card","Card","Relic","Relic","Card","Card","Relic","Card","Card","Card","Card"],"build_version":"2020-12-22","purchased_purges":6,"victory":true,"max_hp_per_floor":[80,80,80,80,80,88,88,88,88,88,88,88,88,88,88,88,88,88,88,88,88,88,96,96,96,96,96,96,96,96,96,96,96,88,88,88,88,88,88,88,88,88,88,88,98,98,98,98,98,98],"card_choices":[{"not_picked":["Clothesline","Pommel Strike"],"picked":"ReplayTheSpireMod:Muscle Training","floor":1},{"not_picked":["Dropkick","Abandon"],"picked":"Sword Boomerang","floor":2},{"not_picked":["Ghostly Armor","Heavy Blade"],"picked":"Flex","floor":3},{"not_picked":["hubris:ReadiedAction","Burning Pact"],"picked":"Inflame","floor":4},{"not_picked":["Rampage","Life Link"],"picked":"Dark Embrace","floor":5},{"not_picked":["Wild Strike","Dual Wield"],"picked":"Seeing Red","floor":6},{"not_picked":["ReplayTheSpireMod:Strike From Hell","Warcry"],"picked":"Twin Strike","floor":7},{"not_picked":["Twin Strike","Replay:Undeath\u0027s Touch"],"picked":"Whirlwind","floor":8},{"not_picked":["Power Through","Perfected Strike"],"picked":"Flex","floor":10},{"not_picked":["Twin Strike","Headbutt"],"picked":"Whirlwind","floor":11},{"not_picked":["Pommel Strike","Flex"],"picked":"ReplayTheSpireMod:Muscle Training","floor":12},{"not_picked":["Iron Wave","Hemokinesis"],"picked":"Inflame","floor":14},{"not_picked":["Bludgeon","Eclipse"],"picked":"Impervious","floor":16},{"not_picked":["Life Link","Hemokinesis"],"picked":"Disarm+1","floor":18},{"not_picked":["Clothesline","Run Through+1"],"picked":"Dropkick","floor":22},{"not_picked":["Burning Pact","Battle Trance"],"picked":"Barricade","floor":23},{"not_picked":["Sword Boomerang","True Grit"],"picked":"Heavy Blade","floor":27},{"not_picked":["Rampage","Combust+1"],"picked":"ReplayTheSpireMod:Corrosion Curse+1","floor":28},{"not_picked":["Perfected Strike+1","Sentinel"],"picked":"ReplayTheSpireMod:Stacked","floor":29},{"not_picked":["Battle Trance","True Grit"],"picked":"Shrug It Off+1","floor":30},{"not_picked":["Anger+1","Feel No Pain+1"],"picked":"Seeing Red","floor":31},{"not_picked":["Exhume","Limit Break"],"picked":"Brutality","floor":33},{"not_picked":["Disarm","ReplayTheSpireMod:Corrosion Curse+1"],"picked":"Second Wind+1","floor":35},{"not_picked":["Heavy Blade","Wild Strike+1"],"picked":"Bloodletting","floor":36},{"not_picked":["infinitespire:Menacing","ReplayTheSpireMod:Book of Names"],"picked":"ReplayTheSpireMod:??????????????????????","floor":37},{"not_picked":["Wild Strike","Anger+1"],"picked":"Power Through","floor":39},{"not_picked":["Armaments","Seeing Red"],"picked":"Shrug It Off","floor":41},{"not_picked":["Sword Boomerang","hubris:SpiceAddiction"],"picked":"Inflame+1","floor":42},{"not_picked":["Iron Wave","Clash"],"picked":"Heavy Blade+1","floor":44},{"not_picked":["Sentinel+1","Heavy Blade","Twin Strike"],"picked":"SKIP","floor":47}],"player_experience":191258,"relics_obtained":[{"floor":6,"key":"hubris:Spice"},{"floor":8,"key":"Replay:Towering Pillar of Hats"},{"floor":9,"key":"Onion Ring"},{"floor":12,"key":"Red Skull"},{"floor":23,"key":"hubris:Spice"},{"floor":26,"key":"CaptainsWheel"},{"floor":29,"key":"hubris:Metronome"},{"floor":31,"key":"infinitespire:PuzzleCube"},{"floor":32,"key":"Replay:Wax Seal"},{"floor":42,"key":"Replay:Kaleidoscope"},{"floor":43,"key":"infinitespire:Beetle Shell"},{"floor":44,"key":"Mirror"}],"event_choices":[{"damage_healed":0,"gold_gain":99,"player_choice":"Stole From Cult","damage_taken":0,"max_hp_gain":0,"max_hp_loss":0,"event_name":"Nest","floor":19,"gold_loss":0},{"damage_healed":0,"gold_gain":0,"player_choice":"Simplicity","damage_taken":0,"max_hp_gain":0,"max_hp_loss":0,"event_name":"Back to Basics","floor":21,"gold_loss":0,"cards_upgraded":["Strike_R","Defend_R","Defend_R","Defend_R","Defend_R"]},{"cards_removed":["Brutality"],"damage_healed":53,"gold_gain":0,"player_choice":"Offered Rare","damage_taken":0,"max_hp_gain":10,"max_hp_loss":0,"event_name":"Bonfire Elementals","floor":45,"gold_loss":0}],"is_beta":false,"boss_relics":[{"not_picked":["ChewingGum","hubris:Spice"],"picked":"Philosopher\u0027s Stone"},{"not_picked":["hubris:Spice","hubris:Spice"],"picked":"hubris:Spice"}],"items_purged_floors":[0,0,13,20,38,48],"is_endless":false,"potions_floor_spawned":[1,3,5,10,14,16,27,29,31,33,35,41,47],"ascension_level":10}}