{"host":"axrdhsaugr8t8srp","time":1612275253,"event":{"mods":["BaseMod","Minty Spire (QoL Compilation)","StSLib"],"gold_per_floor":[114,114,4,4,19,59,33,33,33,33,33,68,86,99,99,189,189,205,280,31,29,54,54,54,80,107,107,131,146,146,146,146,239,239,254,254,273,273,273,273,288,303,328,328,328],"floor_reached":44,"language":"ENG","playtime":1511,"items_purged":["Strike_G","Strike_G"],"score":775,"play_id":"6fcabcc4-1713-4874-81ed-b0a8dc897ec2","local_time":"20210203011413","is_ascension_mode":true,"campfire_choices":[{"data":"Noxious Fumes","floor":8,"key":"SMITH"},{"data":"Cloak And Dagger","floor":11,"key":"SMITH"},{"data":"Neutralize","floor":15,"key":"SMITH"},{"floor":23,"key":"REST"},{"data":"Phantasmal Killer","floor":27,"key":"SMITH"},{"data":"Footwork","floor":30,"key":"SMITH"},{"floor":32,"key":"REST"},{"floor":40,"key":"REST"}],"circlet_count":0,"master_deck":["AscendersBane","Strike_G","Strike_G","Strike_G","Defend_G","Defend_G","Defend_G","Defend_G","Defend_G","Survivor","Neutralize+1","Cloak And Dagger+1","Accuracy+1","Noxious Fumes+1","Escape Plan","Quick Slash","Dash","Phantasmal Killer+1","Slice","Footwork+1","Escape Plan","Dagger Spray","Skewer+1","Prepared","Phantasmal Killer","Prepared+1","Trip","Footwork+1","Dagger Throw"],"relics":["Ring of the Serpent","NeowsBlessing","Golden Idol","Mango","Tough Bandages","Tiny Chest","Pantograph","Strawberry","Lantern","Busted Crown","Matryoshka","PreservedInsect","Bag of Preparation"],"acts_visited":["Exordium","TheCity","TheBeyond"],"potions_floor_usage":[12,18,28,29,31,41],"damage_taken":[{"damage":0,"enemies":"Jaw Worm","floor":1,"turns":1},{"damage":0,"enemies":"Small Slimes","floor":5,"turns":1},{"damage":0,"enemies":"Lagavulin","floor":6,"turns":1},{"damage":20,"enemies":"Gremlin Nob","floor":12,"turns":4},{"damage":0,"enemies":"Cultist","floor":13,"turns":3},{"damage":1,"enemies":"2 Fungi Beasts","floor":14,"turns":3},{"damage":10,"enemies":"The Guardian","floor":16,"turns":12},{"damage":27,"enemies":"Spheric Guardian","floor":18,"turns":4},{"damage":18,"enemies":"2 Thieves","floor":21,"turns":4},{"damage":13,"enemies":"Shelled Parasite and Fungi","floor":22,"turns":9},{"damage":8,"enemies":"Centurion and Healer","floor":28,"turns":4},{"damage":14,"enemies":"Snake Plant","floor":29,"turns":5},{"damage":2,"enemies":"Colosseum Slavers","floor":31,"turns":2},{"damage":42,"enemies":"Automaton","floor":33,"turns":12},{"damage":47,"enemies":"3 Darklings","floor":35,"turns":5},{"damage":8,"enemies":"Orb Walker","floor":37,"turns":3},{"damage":27,"enemies":"Jaw Worm Horde","floor":41,"turns":5},{"damage":13,"enemies":"Transient","floor":42,"turns":5},{"damage":8,"enemies":"4 Shapes","floor":44,"turns":1}],"seed_played":"5093087028209778546","potions_obtained":[{"floor":5,"key":"SteroidPotion"},{"floor":6,"key":"DuplicationPotion"},{"floor":13,"key":"Regen Potion"},{"floor":21,"key":"AttackPotion"},{"floor":22,"key":"Ancient Potion"},{"floor":28,"key":"SkillPotion"},{"floor":29,"key":"AttackPotion"},{"floor":37,"key":"DistilledChaos"}],"is_trial":false,"path_per_floor":["M","?","$","?","M","E","$","R","T","?","R","E","M","M","R","B",null,"M","?","$","M","M","R","$","T","T","R","M","M","R","?","R","B",null,"M","?","M","?","T","R","M","M","T","M"],"character_chosen":"THE_SILENT","items_purchased":["Accuracy","Quick Slash","Footwork","Escape Plan"],"campfire_rested":3,"item_purchase_floors":[3,7,20,20],"current_hp_per_floor":[59,43,43,43,43,57,57,57,57,57,57,37,37,36,36,51,73,51,43,43,25,12,36,36,43,43,43,35,21,21,19,45,28,72,25,25,17,17,17,43,16,3,3,0,0],"gold":328,"neow_bonus":"THREE_ENEMY_KILL","is_daily":false,"chose_seed":false,"campfire_upgraded":5,"win_rate":0.0,"timestamp":1612275253,"path_taken":["M","?","$","?","?","E","$","R","T","?","R","E","?","M","R","BOSS","M","?","$","M","M","R","?","?","T","R","M","M","R","?","R","BOSS","M","?","M","?","?","R","?","M","T","M"],"items_purchased_type":["Card","Card","Card","Card"],"build_version":"2020-12-22","purchased_purges":2,"victory":false,"max_hp_per_floor":[66,66,66,66,66,80,80,80,80,80,80,80,80,80,80,80,80,80,80,80,80,80,80,80,87,87,87,87,87,87,87,87,87,87,87,87,87,87,87,87,87,87,87,87,87],"card_choices":[{"not_picked":["Dodge and Roll","Outmaneuver"],"picked":"Cloak And Dagger","floor":1},{"not_picked":["Escape Plan","Accuracy"],"picked":"Noxious Fumes","floor":5},{"not_picked":["Underhanded Strike","Choke"],"picked":"Escape Plan","floor":6},{"not_picked":["Acrobatics","Choke","Crippling Poison"],"picked":"SKIP","floor":12},{"not_picked":["Bane","Grand Finale","Skewer"],"picked":"SKIP","floor":13},{"not_picked":["Poisoned Stab","Bane"],"picked":"Dash","floor":14},{"not_picked":["Tools of the Trade","Bullet Time"],"picked":"Phantasmal Killer","floor":16},{"not_picked":["Sucker Punch+1","Flying Knee"],"picked":"Slice","floor":18},{"not_picked":["Flying Knee","Catalyst"],"picked":"Dagger Spray","floor":21},{"not_picked":["Dodge and Roll","Bane","Masterful Stab"],"picked":"SKIP","floor":22},{"not_picked":["Dodge and Roll+1","Deadly Poison"],"picked":"Skewer+1","floor":28},{"not_picked":["Bouncing Flask","Underhanded Strike+1"],"picked":"Prepared","floor":29},{"not_picked":["Venomology","Doppelganger"],"picked":"Phantasmal Killer","floor":33},{"not_picked":[],"picked":"Prepared+1","floor":35},{"not_picked":[],"picked":"Trip","floor":36},{"not_picked":["Riddle With Holes"],"picked":"SKIP","floor":37},{"not_picked":["Underhanded Strike"],"picked":"SKIP","floor":41},{"not_picked":[],"picked":"Dagger Throw","floor":42}],"player_experience":797563,"relics_obtained":[{"floor":6,"key":"Mango"},{"floor":9,"key":"Tough Bandages"},{"floor":12,"key":"Pantograph"},{"floor":25,"key":"Strawberry"},{"floor":26,"key":"Lantern"},{"floor":39,"key":"Matryoshka"},{"floor":43,"key":"PreservedInsect"},{"floor":43,"key":"Bag of Preparation"}],"event_choices":[{"damage_healed":0,"gold_gain":0,"player_choice":"Take Damage","damage_taken":16,"relics_obtained":["Golden Idol"],"max_hp_gain":0,"max_hp_loss":0,"event_name":"Golden Idol","floor":2,"gold_loss":0},{"damage_healed":0,"gold_gain":0,"player_choice":"Forge","damage_taken":0,"max_hp_gain":0,"max_hp_loss":0,"event_name":"Accursed Blacksmith","floor":4,"gold_loss":0,"cards_upgraded":["Accuracy"]},{"damage_healed":0,"gold_gain":0,"player_choice":"Gave Potion","damage_taken":0,"relics_obtained":["Tiny Chest"],"max_hp_gain":0,"max_hp_loss":0,"event_name":"WeMeetAgain","floor":10,"gold_loss":0},{"damage_healed":0,"gold_gain":75,"player_choice":"Touch","damage_taken":8,"max_hp_gain":0,"max_hp_loss":0,"event_name":"FaceTrader","floor":19,"gold_loss":0},{"damage_healed":0,"gold_gain":0,"player_choice":"Fight","damage_taken":0,"max_hp_gain":0,"max_hp_loss":0,"event_name":"Colosseum","floor":31,"gold_loss":0},{"damage_healed":0,"gold_gain":0,"player_choice":"Fled From Nobs","damage_taken":0,"max_hp_gain":0,"max_hp_loss":0,"event_name":"Colosseum","floor":31,"gold_loss":0},{"damage_healed":0,"gold_gain":0,"player_choice":"Memory 1","damage_taken":0,"max_hp_gain":0,"max_hp_loss":0,"event_name":"SensoryStone","floor":36,"gold_loss":0},{"damage_healed":0,"gold_gain":0,"player_choice":"Copied","damage_taken":0,"max_hp_gain":0,"max_hp_loss":0,"event_name":"Duplicator","floor":38,"gold_loss":0,"cards_obtained":["Footwork"]}],"is_beta":false,"boss_relics":[{"not_picked":["Coffee Dripper","Philosopher\u0027s Stone"],"picked":"Ring of the Serpent"},{"not_picked":["HoveringKite","Black Star"],"picked":"Busted Crown"}],"items_purged_floors":[3,20],"is_endless":false,"potions_floor_spawned":[5,6,13,21,22,28,29,31,37],"killed_by":"4 Shapes","ascension_level":14}}