{"host":"jlk2k69f9c6o7b3e","time":1612253675,"event":{"mods":["AchievementEnabler","BaseMod","Minty Spire (QoL Compilation)","StSLib"],"gold_per_floor":[115,133,133,149,163,190,201,229,280,280,343,343,343],"floor_reached":12,"language":"ZHS","playtime":648,"items_purged":[],"score":99,"play_id":"56096ae6-9e11-4cdf-8861-2181aa0c2b62","local_time":"20210202161435","is_ascension_mode":true,"campfire_choices":[{"floor":10,"key":"RECALL"}],"circlet_count":0,"master_deck":["Strike_B","Strike_B","Strike_B","Defend_B","Defend_B","Defend_B","Defend_B","Zap","Dualcast","Auto Shields","Go for the Eyes","Blizzard","Heatsinks","Cold Snap","Undo","Turbo","Chill"],"relics":["Cracked Core","NeowsBlessing","Singing Bowl","Symbiotic Virus","Toy Ornithopter","InkBottle"],"acts_visited":["Exordium"],"potions_floor_usage":[6,6,12],"damage_taken":[{"damage":0.0,"enemies":"2 Louse","floor":1.0,"turns":1.0},{"damage":0.0,"enemies":"Cultist","floor":2.0,"turns":1.0},{"damage":0.0,"enemies":"Small Slimes","floor":4.0,"turns":1.0},{"damage":3.0,"enemies":"Blue Slaver","floor":5.0,"turns":4.0},{"damage":33,"enemies":"Gremlin Nob","floor":6,"turns":6},{"damage":15,"enemies":"3 Louse","floor":7,"turns":3},{"damage":8,"enemies":"Lagavulin","floor":8,"turns":8},{"damage":10,"enemies":"3 Sentries","floor":11,"turns":10},{"damage":12,"enemies":"Gremlin Nob","floor":12,"turns":3}],"seed_played":"-5665358746786887828","potions_obtained":[{"floor":1.0,"key":"EssenceOfSteel"},{"floor":5.0,"key":"ColorlessPotion"},{"floor":6,"key":"SpeedPotion"},{"floor":11,"key":"BlessingOfTheForge"}],"is_trial":false,"path_per_floor":["M","M","?","M","M","E","M","E","T","R","?","E"],"character_chosen":"DEFECT","items_purchased":[],"campfire_rested":0,"item_purchase_floors":[],"current_hp_per_floor":[75,75,75,75,72,39,24,16,16,16,6,0,0],"gold":343,"neow_bonus":"THREE_ENEMY_KILL","is_daily":false,"chose_seed":false,"campfire_upgraded":0,"win_rate":0.0,"timestamp":1612253675,"path_taken":["M","M","?","M","M","E","?","E","T","R","?","E"],"items_purchased_type":[],"build_version":"2020-12-22","purchased_purges":0,"victory":false,"max_hp_per_floor":[75,75,75,75,75,75,75,75,75,75,75,75,75],"card_choices":[{"not_picked":["Chaos","Rebound"],"picked":"Auto Shields","floor":1.0},{"not_picked":["Ball Lightning","Rebound"],"picked":"Go for the Eyes","floor":2.0},{"not_picked":["Rebound","Chaos"],"picked":"Blizzard","floor":4.0},{"not_picked":["Undo","Rebound"],"picked":"Heatsinks","floor":5.0},{"not_picked":["Sweeping Beam","Double Energy"],"picked":"Cold Snap","floor":6},{"not_picked":["Gash","Scrape"],"picked":"Undo","floor":7},{"not_picked":["Leap","Auto Shields"],"picked":"Turbo","floor":8},{"not_picked":["Sunder","Barrage"],"picked":"Chill","floor":11}],"player_experience":317930,"relics_obtained":[{"floor":6,"key":"Singing Bowl"},{"floor":8,"key":"Symbiotic Virus"},{"floor":9,"key":"Toy Ornithopter"}],"event_choices":[{"cards_removed":["Strike_B"],"damage_healed":0.0,"max_hp_gain":0.0,"max_hp_loss":0.0,"gold_gain":0.0,"event_name":"Purifier","player_choice":"Purged","floor":3.0,"gold_loss":0.0,"damage_taken":0.0},{"damage_healed":0,"gold_gain":30,"player_choice":"Searched \u00273\u0027 times","damage_taken":0,"relics_obtained":["InkBottle"],"max_hp_gain":0,"max_hp_loss":0,"event_name":"Dead Adventurer","floor":11,"gold_loss":0}],"is_beta":false,"boss_relics":[],"items_purged_floors":[],"is_endless":false,"potions_floor_spawned":[1,5,6,11],"killed_by":"Gremlin Nob","ascension_level":2}}