{"host":"49pjgf1q9ev52n8z","time":1612304556,"event":{"mods":["BaseMod","Bestiary","Colored Map","Minty Spire (QoL Compilation)","Practice Mode","Relic Stats","StSLib"],"gold_per_floor":[363,383,533,545,57,57,76,76,128,140,152,164,202,214,226,311,323,349,20,30,40,40,40],"floor_reached":22,"language":"ENG","playtime":1491,"items_purged":["Doubt","Parasite"],"score":359,"play_id":"8e5a57bd-1cc3-40fa-af81-951e6b8edc0c","local_time":"20210202142236","is_ascension_mode":true,"campfire_choices":[{"data":"Sucker Punch","floor":6.0,"key":"SMITH"},{"floor":8.0,"key":"REST"},{"data":"Poisoned Stab","floor":12.0,"key":"SMITH"},{"data":"Noxious Fumes","floor":15,"key":"SMITH"}],"circlet_count":0,"master_deck":["AscendersBane","Strike_G","Strike_G","Strike_G","Strike_G","Strike_G+1","Defend_G","Defend_G","Defend_G","Defend_G","Defend_G","Survivor","Neutralize","Poisoned Stab+1","Noxious Fumes+1","Sucker Punch+1","All Out Attack+1","Envenom","Deadly Poison","Catalyst","Well Laid Plans","Blade Dance","Skewer"],"relics":["Ring of the Serpent","Boot","Toy Ornithopter","MawBank","Whetstone"],"acts_visited":["Exordium","TheCity"],"potions_floor_usage":[13,16,20,20,21],"damage_taken":[{"damage":8.0,"enemies":"Jaw Worm","floor":1.0,"turns":8.0},{"damage":2.0,"enemies":"2 Louse","floor":2.0,"turns":3.0},{"damage":1.0,"enemies":"Small Slimes","floor":4.0,"turns":4.0},{"damage":1.0,"enemies":"Blue Slaver","floor":7.0,"turns":4.0},{"damage":12,"enemies":"Lagavulin","floor":13,"turns":5},{"damage":29,"enemies":"Slime Boss","floor":16,"turns":10},{"damage":33,"enemies":"3 Byrds","floor":18,"turns":5},{"damage":12,"enemies":"Chosen","floor":20,"turns":4},{"damage":15,"enemies":"Snake Plant","floor":21,"turns":4},{"damage":23,"enemies":"Centurion and Healer","floor":22,"turns":1}],"seed_played":"8213072157189597673","potions_obtained":[{"floor":1.0,"key":"LiquidMemories"},{"floor":4.0,"key":"Poison Potion"},{"floor":18,"key":"Explosive Potion"},{"floor":20,"key":"Block Potion"}],"is_trial":false,"path_per_floor":["M","M","?","M","$","R","M","R","T","?","$","R","E","?","R","B",null,"M","$","M","M","M"],"character_chosen":"THE_SILENT","items_purchased":["Boot","Toy Ornithopter","All Out Attack","Catalyst","Well Laid Plans","Blade Dance","Dexterity Potion"],"campfire_rested":1,"item_purchase_floors":[5,5,5,19,19,19,19],"current_hp_per_floor":[36,34,34,33,33,33,32,51,51,66,66,66,54,59,59,35,62,29,29,27,17,0,0],"gold":40,"neow_bonus":"TWO_FIFTY_GOLD","is_daily":false,"chose_seed":false,"campfire_upgraded":3,"win_rate":0.0,"timestamp":1612304556,"path_taken":["M","M","?","M","$","R","M","R","T","?","$","R","E","?","R","BOSS","M","$","M","M","M"],"items_purchased_type":["Relic","Relic","Card","Card","Card","Card","Potion"],"build_version":"2020-12-22","purchased_purges":2,"victory":false,"max_hp_per_floor":[66,66,66,66,66,66,66,66,66,66,66,66,66,71,71,71,71,71,68,68,68,68,68],"relic_stats":{"counters":[10,48],"Whetstone":["Strike_G","All Out Attack"],"Boot":[50],"MawBank":120,"obtain_stats":[{"Whetstone":13,"Boot":5,"MawBank":9,"Toy Ornithopter":5,"Ring of the Serpent":17,"Ring of the Snake":0},{"Whetstone":5,"Boot":3,"MawBank":4,"Toy Ornithopter":3,"Ring of the Serpent":6,"Ring of the Snake":0},{"Whetstone":24,"Boot":15,"MawBank":19,"Toy Ornithopter":15,"Ring of the Serpent":34,"Ring of the Snake":0}],"Toy Ornithopter":20},"card_choices":[{"not_picked":["Riddle With Holes","Prepared"],"picked":"Poisoned Stab","floor":1.0},{"not_picked":["Crippling Poison","Choke"],"picked":"Noxious Fumes","floor":2.0},{"not_picked":["Caltrops","PiercingWail"],"picked":"Sucker Punch","floor":4.0},{"not_picked":["Acrobatics","Eviscerate","Tactician"],"picked":"SKIP","floor":7.0},{"not_picked":["Outmaneuver","Doppelganger","Dodge and Roll"],"picked":"SKIP","floor":13},{"not_picked":["Burst","Storm of Steel"],"picked":"Envenom","floor":16},{"not_picked":["Acrobatics","Distraction"],"picked":"Deadly Poison","floor":18},{"not_picked":["Masterful Stab","Bouncing Flask"],"picked":"Skewer","floor":20},{"not_picked":["Slice","Sucker Punch","Deadly Poison"],"picked":"SKIP","floor":21}],"player_experience":682379,"relics_obtained":[{"floor":9.0,"key":"MawBank"},{"floor":13,"key":"Whetstone"}],"event_choices":[{"damage_healed":0.0,"max_hp_gain":0.0,"max_hp_loss":0.0,"gold_gain":150.0,"event_name":"Liars Game","player_choice":"AGREE","floor":3.0,"gold_loss":0.0,"damage_taken":0.0,"cards_obtained":["Doubt"]},{"damage_healed":16.0,"max_hp_gain":0.0,"max_hp_loss":0.0,"gold_gain":0.0,"event_name":"Mushrooms","player_choice":"Healed and dodged fight","floor":10.0,"gold_loss":0.0,"damage_taken":0.0,"cards_obtained":["Parasite"]},{"damage_healed":0,"gold_gain":0,"player_choice":"Donut","damage_taken":0,"max_hp_gain":5,"max_hp_loss":0,"event_name":"Big Fish","floor":14,"gold_loss":0}],"is_beta":false,"boss_relics":[{"not_picked":["SacredBark","Black Star"],"picked":"Ring of the Serpent"}],"items_purged_floors":[5,19],"is_endless":false,"potions_floor_spawned":[1,4,18,20],"killed_by":"Centurion and Healer","ascension_level":19}}