{"host":"irzto8mbmvyhawyg","time":1612289512,"event":{"mods":["AchievementEnabler","Act Like it!","Aspiration","BaseMod","BetterRewards","Colored Map","Colored Powertips","Conspire","Friendly Minions","Gensokyo","Gold Saver","Hubris","Infinite Spire","Minty Spire (QoL Compilation)","Replay The Spire","StSLib","SuperFastMode","The Jungle"],"gold_per_floor":[317,317,25,41,41,74,24,24,24,44,55,86,86,106,106,209,209,219,229,229,229,279,327,327,388,468,393,433,471,471,498,498,668,668,745,745,820,490,561,675,771,872,872,989,989,989,1081,1182,1182,1216],"floor_reached":51,"language":"ENG","playtime":2329,"items_purged":["Strike_P","Defend_P"],"score":1211,"play_id":"288fa9ed-d836-4f1d-b1c4-de9efcb9e2d4","local_time":"20210202121152","is_ascension_mode":false,"campfire_choices":[{"floor":8.0,"key":"REST"},{"data":"Pot Of Greed","floor":13.0,"key":"SMITH"},{"data":"Pot Of Greed","floor":15.0,"key":"SMITH"},{"floor":24.0,"key":"REST"},{"data":"Pot Of Greed","floor":30.0,"key":"SMITH"},{"data":"Strike_P","floor":32.0,"key":"PURGE"},{"data":"infinitespire:NeuralNetwork","floor":46,"key":"SMITH"},{"data":"DeusExMachina","floor":49,"key":"SMITH"}],"circlet_count":0,"master_deck":["Defend_P","Defend_P","Defend_P","Eruption","Vigilance","JustLucky","Weave","CutThroughFate","Crescendo","Indignation","CutThroughFate","Uppercut","Pot Of Greed+1","Pot Of Greed+1","JustLucky","Replay:Battleflow","ThirdEye+1","Replay:ManipulateFuture","CutThroughFate+1","infinitespire:NeuralNetwork+1","Protect","Pot Of Greed+1","Carnage+1","SandsOfTime","EmptyFist+1","ThirdEye+1","JustLucky","CutThroughFate+1","Fasting2+1","DeusExMachina+1","Parasite","ClearTheMind+1","Replay:ManipulateFuture+1"],"relics":["PureWater","aspiration:Nostalgia","Replay:M_SmolderingBlood","Prayer Wheel","Singing Bowl","Unceasing Top","ReplayTheSpireMod:Shallot","Grinning Jar","conspire:RoyalGoblet","Replay:Bandana","White Beast Statue","hubris:BundleOfHerbs","infinitespire:EvilPickle","ChewingGum","Kunai","Dream Catcher","hubris:DeckOfHolding","infinitespire:PuzzleCube"],"acts_visited":["Exordium","TheCity","TheBeyond"],"potions_floor_usage":[42,44,48,50,50],"damage_taken":[{"damage":3.0,"enemies":"Jaw Worm","floor":1.0,"turns":3.0},{"damage":0.0,"enemies":"Cultist","floor":4.0,"turns":2.0},{"damage":21.0,"enemies":"Lagavulin","floor":6.0,"turns":6.0},{"damage":0.0,"enemies":"2 Louse","floor":10.0,"turns":3.0},{"damage":0.0,"enemies":"Large Slime","floor":11.0,"turns":1.0},{"damage":0.0,"enemies":"Gremlin Nob","floor":12.0,"turns":1.0},{"damage":0.0,"enemies":"Red Slaver","floor":14.0,"turns":1.0},{"damage":0.0,"enemies":"Slime Boss","floor":16.0,"turns":3.0},{"damage":10.0,"enemies":"Shell Parasite","floor":18.0,"turns":3.0},{"damage":0.0,"enemies":"Chosen","floor":19.0,"turns":3.0},{"damage":37.0,"enemies":"Shelled Parasite and Fungi","floor":22.0,"turns":3.0},{"damage":0.0,"enemies":"3 Cultists","floor":23.0,"turns":4.0},{"damage":27.0,"enemies":"Gremlin Leader","floor":25.0,"turns":6.0},{"damage":9.0,"enemies":"conspire:Head Lice","floor":28.0,"turns":2.0},{"damage":0.0,"enemies":"Sentry and Sphere","floor":29.0,"turns":3.0},{"damage":0.0,"enemies":"Snake Plant","floor":31.0,"turns":1.0},{"damage":32.0,"enemies":"Pondfish","floor":33.0,"turns":6.0},{"damage":1.0,"enemies":"3 Shapes","floor":35.0,"turns":6.0},{"damage":0,"enemies":"Orb Walker","floor":37,"turns":2},{"damage":3,"enemies":"Sphere and 2 Shapes","floor":39,"turns":1},{"damage":0,"enemies":"Giant Head","floor":40,"turns":3},{"damage":0,"enemies":"Spire Growth","floor":41,"turns":3},{"damage":8,"enemies":"4 Shapes","floor":42,"turns":2},{"damage":7,"enemies":"Nemesis","floor":44,"turns":3},{"damage":0,"enemies":"Writhing Mass","floor":47,"turns":3},{"damage":0,"enemies":"Sphere and 2 Shapes","floor":48,"turns":3},{"damage":21,"enemies":"Time Eater","floor":50,"turns":6}],"seed_played":"-2767045894577693173","potions_obtained":[{"floor":4.0,"key":"Reflective Coating"},{"floor":16.0,"key":"StancePotion"},{"floor":25.0,"key":"SteroidPotion"},{"floor":28.0,"key":"StancePotion"},{"floor":29.0,"key":"BottledMiracle"},{"floor":31.0,"key":"Weak Potion"},{"floor":33.0,"key":"EssenceOfSteel"},{"floor":35.0,"key":"Swift Potion"},{"floor":37,"key":"LiquidMemories"},{"floor":39,"key":"Doom Potion"},{"floor":40,"key":"AttackPotion"},{"floor":42,"key":"SpeedPotion"},{"floor":44,"key":"EssenceOfSteel"},{"floor":48,"key":"Fruit Juice"}],"is_trial":false,"path_per_floor":["M","?","$","M","?","E","?","R","T","M","M","E","R","M","R","B",null,"M","M","AVR","?","M","M","R","E","T","?","E","M","R","M","R_BF","B",null,"M","?","M","$","M","E","M","M","T","E","?","R","M","M","R","B",null],"character_chosen":"WATCHER","items_purchased":["Prayer Wheel","Kunai"],"campfire_rested":2,"item_purchase_floors":[3,38],"current_hp_per_floor":[69,69,69,69,57,36,36,57,57,59,59,59,59,61,61,63,78,68,68,68,68,35,39,64,37,37,37,30,32,32,34,34,4,94,95,95,97,97,94,96,98,94,94,87,87,87,89,96,96,75],"gold":1216,"neow_bonus":"NOSTALGIA","is_daily":false,"chose_seed":false,"campfire_upgraded":5,"win_rate":0.0,"timestamp":1612289512,"path_taken":["M","?","$","?","?","E","?","R","T","M","M","E","R","M","R","BOSS","M","M","AVR","?","M","M","R","E","T","?","E","M","R","M","R_BF","BOSS","M","?","M","$","M","E","?","M","T","E","?","R","M","M","R","BOSS"],"items_purchased_type":["Relic","Relic"],"build_version":"2020-12-22","purchased_purges":2,"victory":true,"max_hp_per_floor":[72,72,72,72,72,72,72,72,72,74,74,74,74,76,76,78,78,78,78,78,78,82,86,86,86,86,86,88,90,90,92,92,94,94,96,96,98,98,98,100,102,106,106,106,106,106,108,115,115,115],"card_choices":[{"not_picked":["Sanctity","Replay:ManipulateFuture"],"picked":"JustLucky","floor":1.0},{"not_picked":["Sanctity","Replay:Cycle"],"picked":"Weave","floor":4.0},{"not_picked":["Indignation","Consecrate"],"picked":"CutThroughFate","floor":4.0},{"not_picked":["BattleHymn","FlurryOfBlows"],"picked":"Crescendo","floor":6.0},{"not_picked":["Halt","Clash"],"picked":"Indignation","floor":10.0},{"not_picked":["InnerPeace","Clash","FollowUp"],"picked":"SKIP","floor":10.0},{"not_picked":["InnerPeace","Clash","FollowUp"],"picked":"Singing Bowl","floor":10.0},{"not_picked":["Meditate","Indignation"],"picked":"CutThroughFate","floor":11.0},{"not_picked":["FearNoEvil","ClearTheMind"],"picked":"Uppercut","floor":11.0},{"not_picked":["Replay:AtTheReady","Wallop"],"picked":"JustLucky","floor":12.0},{"not_picked":["Replay:AtTheReady","JustLucky"],"picked":"Weave","floor":14.0},{"not_picked":["Replay:BluntJabs","Tantrum","Headbutt"],"picked":"Singing Bowl","floor":14.0},{"not_picked":["MasterReality","Ragnarok","Feed"],"picked":"Singing Bowl","floor":16.0},{"not_picked":["Consecrate","Crescendo+1"],"picked":"Replay:Battleflow","floor":18.0},{"not_picked":["FlyingSleeves","Consecrate"],"picked":"ThirdEye+1","floor":18.0},{"not_picked":["Replay:BluntJabs+1","PathToVictory"],"picked":"Replay:ManipulateFuture","floor":19.0},{"not_picked":["ThirdEye","FlurryOfBlows+1"],"picked":"CutThroughFate+1","floor":19.0},{"not_picked":["MasterReality","Vengeance","CutThroughFate"],"picked":"Singing Bowl","floor":22.0},{"not_picked":["FollowUp","Sanctity","WreathOfFlame"],"picked":"Singing Bowl","floor":22.0},{"not_picked":["ThirdEye+1","PathToVictory","Protect"],"picked":"Singing Bowl","floor":23.0},{"not_picked":["EmptyBody","Study","Adaptation+1"],"picked":"Singing Bowl","floor":23.0},{"not_picked":["Conclude","FollowUp+1"],"picked":"Protect","floor":25.0},{"not_picked":["Halt","ThirdEye","Replay:Anticipation"],"picked":"Singing Bowl","floor":28.0},{"not_picked":["BowlingBash","DeceiveReality","Clash"],"picked":"Singing Bowl","floor":29.0},{"not_picked":["Evaluate","Sanctity"],"picked":"Carnage+1","floor":29.0},{"not_picked":["ClearTheMind","Fasting2+1","FollowUp"],"picked":"Singing Bowl","floor":31.0},{"not_picked":["Replay:Battleflow","TalkToTheHand"],"picked":"SandsOfTime","floor":31.0},{"not_picked":["Scrawl","ConjureBlade","LessonLearned"],"picked":"Singing Bowl","floor":33.0},{"not_picked":["Replay:BluntJabs+1","SashWhip+1"],"picked":"EmptyFist+1","floor":35.0},{"not_picked":["InnerPeace","CutThroughFate","Replay:AtTheReady"],"picked":"Singing Bowl","floor":35.0},{"not_picked":["CrushJoints+1","PathToVictory+1","FlyingSleeves"],"picked":"Singing Bowl","floor":37},{"not_picked":["Replay:BluntJabs","Consecrate+1"],"picked":"ThirdEye+1","floor":37},{"not_picked":["Tantrum+1","EmptyFist+1"],"picked":"JustLucky","floor":39},{"not_picked":["Replay:AtTheReady+1","Whirlwind+1"],"picked":"CutThroughFate+1","floor":39},{"not_picked":["FlurryOfBlows+1","Meditate+1","Ragnarok"],"picked":"Singing Bowl","floor":40},{"not_picked":["Vengeance+1","FlyingSleeves","SashWhip+1"],"picked":"Singing Bowl","floor":41},{"not_picked":["Halt","Evaluate+1"],"picked":"Fasting2+1","floor":41},{"not_picked":["Worship","FollowUp","CrushJoints+1"],"picked":"Singing Bowl","floor":42},{"not_picked":["Protect+1","Adaptation","Consecrate"],"picked":"Singing Bowl","floor":42},{"not_picked":["EmptyFist+1","Brilliance"],"picked":"DeusExMachina","floor":44},{"not_picked":["Clash+1","Consecrate","JustLucky"],"picked":"Singing Bowl","floor":47},{"not_picked":["EmptyBody+1","BowlingBash"],"picked":"ClearTheMind+1","floor":47},{"not_picked":["Whirlwind+1","Establishment","Headbutt"],"picked":"Singing Bowl","floor":48},{"not_picked":["EmptyFist+1","ThirdEye+1"],"picked":"Replay:ManipulateFuture+1","floor":48}],"player_experience":420708,"relics_obtained":[{"floor":6.0,"key":"Unceasing Top"},{"floor":9.0,"key":"ReplayTheSpireMod:Shallot"},{"floor":12.0,"key":"Grinning Jar"},{"floor":26.0,"key":"White Beast Statue"},{"floor":28.0,"key":"hubris:BundleOfHerbs"},{"floor":40,"key":"Dream Catcher"},{"floor":43,"key":"hubris:DeckOfHolding"},{"floor":44,"key":"infinitespire:PuzzleCube"}],"event_choices":[{"damage_healed":0.0,"max_hp_gain":0.0,"max_hp_loss":0.0,"gold_gain":0.0,"event_name":"Match and Keep!","player_choice":"0 cards matched","floor":2.0,"gold_loss":0.0,"damage_taken":0.0,"cards_obtained":[]},{"damage_healed":0.0,"max_hp_gain":0.0,"max_hp_loss":0.0,"gold_gain":0.0,"event_name":"Scrap Ooze","player_choice":"Success","floor":5.0,"gold_loss":0.0,"damage_taken":12.0,"relics_obtained":["Singing Bowl"]},{"cards_removed":["Strike_P"],"damage_healed":0.0,"max_hp_gain":0.0,"max_hp_loss":0.0,"gold_gain":0.0,"event_name":"The Cleric","player_choice":"Card Removal","floor":7.0,"gold_loss":50.0,"damage_taken":0.0},{"cards_removed":["Strike_P"],"damage_healed":0.0,"max_hp_gain":0.0,"max_hp_loss":0.0,"gold_gain":0.0,"event_name":"Beggar","player_choice":"Gave Gold","floor":27.0,"gold_loss":75.0,"damage_taken":0.0},{"damage_healed":0,"gold_gain":0,"player_choice":"Ignored","damage_taken":0,"max_hp_gain":0,"max_hp_loss":0,"event_name":"WeMeetAgain","floor":36,"gold_loss":0},{"cards_removed":["Weave"],"damage_healed":0,"gold_gain":0,"player_choice":"Removed Attack","damage_taken":0,"max_hp_gain":0,"max_hp_loss":0,"event_name":"Falling","floor":45,"gold_loss":0}],"is_beta":false,"boss_relics":[{"not_picked":["conspire:SeveredTorchhead","hubris:RunicObelisk"],"picked":"conspire:RoyalGoblet"},{"not_picked":["aspiration:FutureDiary","SacredBark"],"picked":"ChewingGum"}],"items_purged_floors":[20,38],"is_endless":false,"potions_floor_spawned":[4,16,25,28,29,31,33,35,37,39,40,41,42,44,47,48],"ascension_level":0}}