{"host":"qy1e0kd24tpj3i2m","time":1612253023,"event":{"mods":["Act Like it!","Alarm Clock","BaseMod","Better Skull","Better Vampires","Colored Map","Colored Powertips","Custom Start","Faster Ascension Climbing","Friendly Minions","GifTheSpireLib","Gremlin Skip","Highlight Path","Minty Spire (QoL Compilation)","Permanent Neow","Poor People Problems","Quick Restart","Red Circlet Mod","Relic Filter Mod","Relic Sorter","Reorder Act Four","SacredBarkPlus","Shop Mod","StSLib","SuperFastMode","Transform Curses","没有小屋子和绿帽子啦"],"gold_per_floor":[19,19,19,31,51,51,62,62,62,337,355,355,370,385,385,464,464,475,494,494,36,36,36],"floor_reached":22,"language":"ZHS","playtime":484,"items_purged":["Regret"],"score":356,"play_id":"ac911e35-46f7-4011-9933-fadf96b63282","local_time":"20210202170343","is_ascension_mode":true,"campfire_choices":[{"floor":6.0,"key":"DIG"},{"floor":8.0,"key":"DIG"},{"floor":12.0,"key":"DIG"},{"data":"Body Slam","floor":15.0,"key":"SMITH"}],"circlet_count":0,"master_deck":["AscendersBane","Strike_R","Strike_R","Strike_R","Strike_R","Strike_R","Defend_R","Defend_R","Defend_R","Rupture","Body Slam+1","Uppercut","Rupture","Headbutt+1","Anger+1","Headbutt+1","Berserk","Uppercut+1","True Grit","Decay","Rage"],"relics":["Burning Blood","Shovel","Darkstone Periapt","Akabeko","Molten Egg 2","Bottled Flame","Mark of Pain","Ice Cream"],"acts_visited":["Exordium","TheCity"],"potions_floor_usage":[18,19],"damage_taken":[{"damage":19.0,"enemies":"Jaw Worm","floor":1.0,"turns":5.0},{"damage":4.0,"enemies":"2 Louse","floor":4.0,"turns":3.0},{"damage":13.0,"enemies":"Cultist","floor":5.0,"turns":5.0},{"damage":5.0,"enemies":"2 Fungi Beasts","floor":7.0,"turns":4.0},{"damage":10.0,"enemies":"Red Slaver","floor":11.0,"turns":3.0},{"damage":15.0,"enemies":"3 Louse","floor":13.0,"turns":5.0},{"damage":14.0,"enemies":"Large Slime","floor":14.0,"turns":4.0},{"damage":17.0,"enemies":"Slime Boss","floor":16.0,"turns":6.0},{"damage":29,"enemies":"2 Thieves","floor":18,"turns":4},{"damage":27,"enemies":"Spheric Guardian","floor":19,"turns":4},{"damage":19,"enemies":"Masked Bandits","floor":22,"turns":3}],"seed_played":"6669602612759384574","potions_obtained":[{"floor":1.0,"key":"Strength Potion"},{"floor":5.0,"key":"FearPotion"},{"floor":14.0,"key":"SteroidPotion"},{"floor":18,"key":"SkillPotion"},{"floor":19,"key":"SmokeBomb"}],"is_trial":false,"path_per_floor":["M","?","?","M","M","R","M","R","T","?","M","R","M","M","R","B",null,"M","M","?","$","?"],"character_chosen":"IRONCLAD","items_purchased":["Ice Cream","Rage"],"campfire_rested":0,"item_purchase_floors":[21,21],"current_hp_per_floor":[55,55,55,57,50,50,51,51,51,57,53,53,44,36,36,25,67,44,23,29,29,10,10],"gold":36,"neow_bonus":"ONE_RARE_RELIC","is_daily":false,"chose_seed":false,"campfire_upgraded":1,"win_rate":0.0,"timestamp":1612253023,"path_taken":["M","?","?","M","?","R","M","R","T","?","?","R","M","M","R","BOSS","M","M","?","$","?"],"items_purchased_type":["Relic","Card"],"build_version":"2020-12-22","purchased_purges":1,"victory":false,"max_hp_per_floor":[75,75,75,75,75,75,75,75,75,81,81,81,81,81,81,81,81,81,81,87,87,87,87],"card_choices":[{"not_picked":["Anger","Cleave"],"picked":"Rupture","floor":1.0},{"not_picked":["Cleave","Twin Strike"],"picked":"Body Slam","floor":4.0},{"not_picked":["Armaments","Sentinel"],"picked":"Uppercut","floor":5.0},{"not_picked":["Sever Soul","Havoc"],"picked":"Rupture","floor":7.0},{"not_picked":["Flex","Havoc"],"picked":"Headbutt+1","floor":11.0},{"not_picked":["Spot Weakness","Ghostly Armor"],"picked":"Anger+1","floor":13.0},{"not_picked":["Perfected Strike+1","Warcry"],"picked":"Headbutt+1","floor":14.0},{"not_picked":["Immolate+1","Double Tap"],"picked":"Berserk","floor":16.0},{"not_picked":["Seeing Red","Shrug It Off"],"picked":"Uppercut+1","floor":18},{"not_picked":["Havoc","Twin Strike+1"],"picked":"True Grit","floor":19}],"player_experience":979886,"relics_obtained":[{"floor":6.0,"key":"Darkstone Periapt"},{"floor":8.0,"key":"Akabeko"},{"floor":9.0,"key":"Molten Egg 2"},{"floor":12.0,"key":"Bottled Flame"}],"event_choices":[{"cards_removed":["Bash"],"damage_healed":0.0,"max_hp_gain":0.0,"max_hp_loss":0.0,"gold_gain":0.0,"event_name":"Living Wall","player_choice":"Forget","floor":2.0,"gold_loss":0.0,"damage_taken":0.0},{"cards_removed":["Defend_R"],"damage_healed":0.0,"max_hp_gain":0.0,"max_hp_loss":0.0,"gold_gain":0.0,"event_name":"Bonfire Elementals","player_choice":"Offered Basic","floor":3.0,"gold_loss":0.0,"damage_taken":0.0},{"damage_healed":0.0,"max_hp_gain":0.0,"max_hp_loss":0.0,"gold_gain":275.0,"event_name":"Golden Shrine","player_choice":"Desecrate","floor":10.0,"gold_loss":0.0,"damage_taken":0.0,"cards_obtained":["Regret"]},{"damage_healed":0,"gold_gain":0,"player_choice":"Smashed Altar","damage_taken":0,"max_hp_gain":0,"max_hp_loss":0,"event_name":"Forgotten Altar","floor":20,"gold_loss":0,"cards_obtained":["Decay"]},{"damage_healed":0,"gold_gain":0,"player_choice":"Fought Bandits","damage_taken":0,"max_hp_gain":0,"max_hp_loss":0,"event_name":"Masked Bandits","floor":22,"gold_loss":0}],"is_beta":false,"boss_relics":[{"not_picked":["Runic Pyramid","Sozu"],"picked":"Mark of Pain"}],"items_purged_floors":[21],"is_endless":false,"potions_floor_spawned":[1,5,13,14,18,19],"killed_by":"Masked Bandits","ascension_level":20}}