{"host":"jczpfntkj7lke2b5","time":1612227828,"event":{"mods":["2.2 Compatiblity","AchievementEnabler","BaseMod","Block Reminder","Colored Map","Colored Powertips","Highlight Path","Minty Spire (QoL Compilation)","Permanent Neow","Random Character Button","Random Character Mod","Rare Cards Sparkle","Relic Stats","Remove Card Discount Mod","Shop Mod","StSLib","The Cursed"],"gold_per_floor":[109,28947,28961,28931,28931,28960,28960,28988,28988,29016,28219,28234,28245,28265,28265,28368,28368,28382,27337,27408,27424,27442,27442,27476,27476,27525,27452,27464,27476,27508,27535,27547,27663,27675,27706,27773,27785,27876,27079,27079,27107,27122,27145,27177,27177,27202,27218,27218,27218,27218,27218,27218,26646,26671,26671],"floor_reached":56,"language":"ENG","playtime":4565,"items_purged":["Strike_G","Defend_G","Strike_G","Strike_G","Defend_G","Strike_G","Defend_G","Strike_G","Defend_G"],"score":1732,"play_id":"42fc1fd0-d112-49aa-b708-60faf2f7a466","local_time":"20210202020348","is_ascension_mode":true,"campfire_choices":[{"data":"Sucker Punch","floor":7,"key":"SMITH"},{"data":"Unload","floor":15,"key":"SMITH"},{"data":"Infinite Blades","floor":23,"key":"SMITH"},{"data":"Die Die Die","floor":25,"key":"SMITH"},{"data":"Backflip","floor":28,"key":"SMITH"},{"data":"Poisoned Stab","floor":32,"key":"SMITH"},{"floor":40,"key":"RECALL"},{"data":"Wraith Form v2","floor":49,"key":"SMITH"},{"data":"Backstab","floor":52,"key":"SMITH"}],"circlet_count":0,"master_deck":["Survivor","Neutralize","Sucker Punch+1","Deadly Poison","Unload+1","Backflip+1","Deadly Poison","Infinite Blades+1","Dagger Throw","Blade Dance","Deadly Poison","Expertise","Riddle With Holes","Choke","Quick Slash","Dodge and Roll","Acrobatics","PiercingWail","Poisoned Stab","Crippling Poison","Wraith Form v2+1","Poisoned Stab+1","Die Die Die+1","Riddle With Holes","Expertise","Noxious Fumes","Bane","Poisoned Stab","Night Terror","Crippling Poison+1","Bouncing Flask+1","Envenom","Dagger Spray","Slice+1","Die Die Die+1","Backstab+1","Deadly Poison+1","PiercingWail+1","Noxious Fumes+1","Terror+1","Finisher+1","Bane+1","Leg Sweep+1","Caltrops+1","Acrobatics+1","PiercingWail+1","Predator","Blade Dance+1"],"relics":["Ring of the Snake","Oddly Smooth Stone","Matryoshka","OrangePellets","MerchantsRug","Torii","Tiny Chest","Mummified Hand","WristBlade","Mercury Hourglass","CaptainsWheel","TwistedFunnel","Potion Belt","HornCleat","Pear","MawBank","Incense Burner","Toxic Egg 2","SacredBark","Shovel","Frozen Egg 2","DollysMirror","Nunchaku","Happy Flower","Ginger","The Specimen","Bird Faced Urn","InkBottle"],"acts_visited":["Exordium","TheCity","TheBeyond","TheEnding"],"potions_floor_usage":[6,6,6,33,33,33,33,33,50,50,50,50,55,55,55,55],"damage_taken":[{"damage":0,"enemies":"2 Louse","floor":1,"turns":3},{"damage":0,"enemies":"Cultist","floor":3,"turns":2},{"damage":0,"enemies":"Lagavulin","floor":6,"turns":3},{"damage":1,"enemies":"Gremlin Nob","floor":8,"turns":3},{"damage":18,"enemies":"3 Sentries","floor":10,"turns":6},{"damage":0,"enemies":"Small Slimes","floor":12,"turns":2},{"damage":0,"enemies":"Blue Slaver","floor":13,"turns":1},{"damage":0,"enemies":"Gremlin Gang","floor":14,"turns":2},{"damage":11,"enemies":"The Guardian","floor":16,"turns":4},{"damage":0,"enemies":"3 Byrds","floor":18,"turns":3},{"damage":0,"enemies":"Shell Parasite","floor":21,"turns":1},{"damage":0,"enemies":"Centurion and Healer","floor":22,"turns":2},{"damage":0,"enemies":"Gremlin Leader","floor":24,"turns":1},{"damage":0,"enemies":"Cultist and Chosen","floor":30,"turns":2},{"damage":0,"enemies":"Snake Plant","floor":31,"turns":1},{"damage":0,"enemies":"Champ","floor":33,"turns":2},{"damage":0,"enemies":"Orb Walker","floor":35,"turns":1},{"damage":0,"enemies":"2 Orb Walkers","floor":36,"turns":1},{"damage":0,"enemies":"Reptomancer","floor":41,"turns":2},{"damage":0,"enemies":"3 Darklings","floor":42,"turns":1},{"damage":0,"enemies":"Nemesis","floor":44,"turns":1},{"damage":0,"enemies":"Reptomancer","floor":46,"turns":2},{"damage":0,"enemies":"Jaw Worm Horde","floor":47,"turns":2},{"damage":0,"enemies":"Donu and Deca","floor":50,"turns":1},{"damage":0,"enemies":"Shield and Spear","floor":54,"turns":3},{"damage":12,"enemies":"The Heart","floor":55,"turns":4}],"seed_played":"7453642650281710515","potions_obtained":[{"floor":3,"key":"Fruit Juice"},{"floor":21,"key":"Swift Potion"},{"floor":30,"key":"BlessingOfTheForge"},{"floor":36,"key":"FearPotion"},{"floor":42,"key":"Swift Potion"},{"floor":46,"key":"SkillPotion"}],"is_trial":false,"path_per_floor":["M","$","M","?","?","E","R","E","T","E","$","M","M","M","R","B",null,"M","$","T","M","M","R","E","R","T","?","R","T","M","M","R","B",null,"M","?","?","T","$","R","E","M","T","E","?","E","M","?","R","B",null,"R","$","E","B",null],"character_chosen":"THE_SILENT","items_purchased":["Oddly Smooth Stone","Matryoshka","OrangePellets","Unload","Backflip","Deadly Poison","Infinite Blades","Dagger Throw","MerchantsRug","DistilledChaos","Swift Potion","Mummified Hand","Lee\u0027s Waffle","Choke","Quick Slash","Dodge and Roll","Well Laid Plans","Strength Potion","Block Potion","DistilledChaos","Acrobatics","Mercury Hourglass","CaptainsWheel","TwistedFunnel","Die Die Die","Riddle With Holes","Expertise","Noxious Fumes","Unceasing Top","DollysMirror","Backstab","Deadly Poison+1","PiercingWail+1","Noxious Fumes+1","Energy Potion","SteroidPotion","SpeedPotion","Bird Faced Urn","Caltrops+1","Acrobatics+1","PiercingWail+1","Predator","AttackPotion","SpeedPotion","SkillPotion"],"campfire_rested":0,"item_purchase_floors":[2,2,2,2,2,2,2,2,2,2,2,11,11,11,11,11,11,11,11,11,11,19,19,19,19,19,19,19,39,39,39,39,39,39,39,39,39,53,53,53,53,53,53,53,53],"current_hp_per_floor":[70,70,70,70,70,75,75,74,74,75,82,82,82,82,82,71,82,82,82,82,82,82,82,92,92,92,92,92,92,92,92,92,92,92,92,92,92,92,92,92,92,92,92,92,92,92,92,92,92,92,92,92,92,92,89],"gold":26671,"neow_bonus":"THREE_CARDS","is_daily":false,"chose_seed":false,"campfire_upgraded":8,"win_rate":0.0,"timestamp":1612227828,"path_taken":["M","$","M","?","?","E","R","E","T","E","$","M","?","M","R","BOSS","M","$","?","M","M","R","E","R","T","?","R","?","M","?","R","BOSS","M","?","?","?","$","R","E","?","T","E","?","E","M","?","R","BOSS","R","$","E","BOSS"],"items_purchased_type":["Relic","Relic","Relic","Card","Card","Card","Card","Card","Relic","Potion","Potion","Relic","Relic","Card","Card","Card","Card","Potion","Potion","Potion","Card","Relic","Relic","Relic","Card","Card","Card","Card","Relic","Relic","Card","Card","Card","Card","Potion","Potion","Potion","Relic","Card","Card","Card","Card","Potion","Potion","Potion"],"build_version":"2020-12-13","purchased_purges":9,"victory":true,"max_hp_per_floor":[70,70,70,70,70,75,75,75,75,75,82,82,82,82,82,82,82,82,82,82,82,82,82,92,92,92,92,92,92,92,92,92,92,92,92,92,92,92,92,92,92,92,92,92,92,92,92,92,92,92,92,92,92,92,92],"relic_stats":{"Torii":4,"Happy Flower":[4],"counters":[26,56],"Ginger":[2],"MawBank":156,"Mercury Hourglass":[120],"OrangePellets":[12],"Nunchaku":[10],"Shovel":0,"Mummified Hand":[53],"Bird Faced Urn":[9],"Tiny Chest":2,"obtain_stats":[{"TwistedFunnel":19,"Torii":6,"SacredBark":34,"Incense Burner":27,"Ginger":44,"Ancient Tea Set":8,"Nunchaku":41,"Matryoshka":2,"HornCleat":20,"Shovel":36,"WristBlade":17,"Mummified Hand":11,"DollysMirror":39,"Tiny Chest":9,"Toxic Egg 2":29,"InkBottle":54,"Ring of the Snake":0,"Potion Belt":20,"MerchantsRug":2,"Lee\u0027s Waffle":11,"Pear":24,"Happy Flower":43,"The Specimen":46,"Oddly Smooth Stone":2,"Frozen Egg 2":38,"MawBank":26,"Mercury Hourglass":19,"OrangePellets":2,"CaptainsWheel":19,"Bird Faced Urn":53,"Unceasing Top":39},{"TwistedFunnel":10,"Torii":3,"SacredBark":16,"Incense Burner":13,"Ginger":21,"Ancient Tea Set":4,"Nunchaku":19,"Matryoshka":1,"HornCleat":10,"Shovel":18,"WristBlade":9,"Mummified Hand":5,"DollysMirror":18,"Tiny Chest":4,"Toxic Egg 2":13,"InkBottle":25,"Ring of the Snake":0,"Potion Belt":10,"MerchantsRug":1,"Lee\u0027s Waffle":5,"Pear":13,"Happy Flower":20,"The Specimen":22,"Oddly Smooth Stone":1,"Frozen Egg 2":18,"MawBank":13,"Mercury Hourglass":10,"OrangePellets":1,"CaptainsWheel":10,"Bird Faced Urn":24,"Unceasing Top":18},{"TwistedFunnel":29,"Torii":8,"SacredBark":38,"Incense Burner":33,"Ginger":44,"Ancient Tea Set":11,"Nunchaku":42,"Matryoshka":3,"HornCleat":29,"Shovel":40,"WristBlade":26,"Mummified Hand":17,"DollysMirror":40,"Tiny Chest":11,"Toxic Egg 2":33,"InkBottle":52,"Ring of the Snake":0,"Potion Belt":29,"MerchantsRug":3,"Lee\u0027s Waffle":17,"Pear":33,"Happy Flower":43,"The Specimen":46,"Oddly Smooth Stone":3,"Frozen Egg 2":40,"MawBank":33,"Mercury Hourglass":29,"OrangePellets":3,"CaptainsWheel":29,"Bird Faced Urn":49,"Unceasing Top":40}],"InkBottle":[5],"Ring of the Snake":[52]},"card_choices":[{"not_picked":["Dagger Spray","Distraction"],"picked":"Sucker Punch","floor":0},{"not_picked":["Underhanded Strike","Dagger Spray"],"picked":"Deadly Poison","floor":1},{"not_picked":["Flying Knee","Bane"],"picked":"Blade Dance","floor":3},{"not_picked":["Catalyst","Footwork"],"picked":"Deadly Poison","floor":6},{"not_picked":["Sucker Punch","Flying Knee"],"picked":"Expertise","floor":8},{"not_picked":["Sucker Punch","Backflip"],"picked":"Riddle With Holes","floor":10},{"not_picked":["Doppelganger","Flying Knee"],"picked":"PiercingWail","floor":12},{"not_picked":["Bane","Flying Knee"],"picked":"Poisoned Stab","floor":13},{"not_picked":["Dagger Throw","Expertise"],"picked":"Crippling Poison","floor":14},{"not_picked":["Unload","Burst"],"picked":"Wraith Form v2","floor":16},{"not_picked":["Outmaneuver","Slice+1"],"picked":"Poisoned Stab","floor":18},{"not_picked":["Heel Hook","Acrobatics"],"picked":"Bane","floor":21},{"not_picked":["All Out Attack","Distraction"],"picked":"Poisoned Stab","floor":22},{"not_picked":["PiercingWail","Distraction"],"picked":"Night Terror","floor":24},{"not_picked":["Sucker Punch","Outmaneuver+1"],"picked":"Crippling Poison+1","floor":30},{"not_picked":["Sucker Punch","Slice"],"picked":"Bouncing Flask+1","floor":31},{"not_picked":["Doppelganger+1","Venomology+1"],"picked":"Envenom","floor":33},{"not_picked":["Well Laid Plans+1","Heel Hook"],"picked":"Dagger Spray","floor":35},{"not_picked":["Dagger Spray","Outmaneuver+1"],"picked":"Slice+1","floor":36},{"not_picked":["Tactician+1","Underhanded Strike"],"picked":"Well Laid Plans+1","floor":41},{"not_picked":["Poisoned Stab","Noxious Fumes+1"],"picked":"Terror+1","floor":42},{"not_picked":["Quick Slash","Reflex+1"],"picked":"Finisher+1","floor":44},{"not_picked":["Quick Slash","Tactician+1"],"picked":"Bane+1","floor":46},{"not_picked":["Bane+1","Blur+1"],"picked":"Leg Sweep+1","floor":47},{"not_picked":["Die Die Die","Poisoned Stab+1"],"picked":"Blade Dance+1","floor":54}],"player_experience":83567,"relics_obtained":[{"floor":6,"key":"Torii"},{"floor":8,"key":"Ancient Tea Set"},{"floor":9,"key":"Tiny Chest"},{"floor":20,"key":"Potion Belt"},{"floor":20,"key":"HornCleat"},{"floor":24,"key":"Pear"},{"floor":26,"key":"MawBank"},{"floor":29,"key":"Toxic Egg 2"},{"floor":36,"key":"Shovel"},{"floor":38,"key":"Frozen Egg 2"},{"floor":41,"key":"Nunchaku"},{"floor":43,"key":"Happy Flower"},{"floor":44,"key":"Ginger"},{"floor":46,"key":"The Specimen"},{"floor":54,"key":"InkBottle"}],"event_choices":[{"damage_healed":0,"gold_gain":0,"player_choice":"Left Gold","damage_taken":0,"max_hp_gain":0,"max_hp_loss":0,"event_name":"World of Goop","floor":4,"gold_loss":30},{"cards_removed":["Defend_G"],"damage_healed":0,"gold_gain":0,"player_choice":"Purged","damage_taken":0,"max_hp_gain":0,"max_hp_loss":0,"event_name":"Purifier","floor":5,"gold_loss":0},{"damage_healed":0,"gold_gain":0,"player_choice":"Obtained Relic","damage_taken":0,"relics_obtained":["Incense Burner"],"max_hp_gain":0,"max_hp_loss":0,"event_name":"Addict","floor":27,"gold_loss":85},{"damage_healed":0,"gold_gain":0,"player_choice":"Fight","damage_taken":0,"max_hp_gain":0,"max_hp_loss":0,"event_name":"Mysterious Sphere","floor":36,"gold_loss":0},{"cards_removed":["Well Laid Plans"],"damage_healed":0,"gold_gain":0,"player_choice":"Offered Uncommon","damage_taken":0,"max_hp_gain":0,"max_hp_loss":0,"event_name":"Bonfire Elementals","floor":37,"gold_loss":0},{"cards_removed":["Well Laid Plans"],"damage_healed":0,"gold_gain":0,"player_choice":"Removed Power","damage_taken":0,"max_hp_gain":0,"max_hp_loss":0,"event_name":"Falling","floor":45,"gold_loss":0},{"damage_healed":0,"gold_gain":0,"player_choice":"Ignored","damage_taken":0,"max_hp_gain":0,"max_hp_loss":0,"event_name":"SecretPortal","floor":48,"gold_loss":0}],"is_beta":false,"boss_relics":[{"not_picked":["Ectoplasm","Fusion Hammer"],"picked":"WristBlade"},{"not_picked":["Runic Dome","Calling Bell"],"picked":"SacredBark"}],"items_purged_floors":[11,11,11,19,19,19,19,19,19],"is_endless":false,"potions_floor_spawned":[3,12,13,16,21,30,33,36,42,46],"ascension_level":1}}