{"host":"4par9lyhj7bf4dsa","time":1612232981,"event":{"mods":["AchievementEnabler","BaseMod","Colored Map","Minty Spire (QoL Compilation)","Relic Stats","StSLib"],"gold_per_floor":[110,15,15,25,42,42,71,87,87,105,137,137,137,156,156,245,245,266,266,286,95,95,95],"floor_reached":22,"language":"ENG","playtime":780,"items_purged":["Strike_B"],"score":372,"play_id":"da341dbf-ce62-4f8e-b66d-9cecb97be398","local_time":"20210202132941","is_ascension_mode":true,"campfire_choices":[{"data":"Defragment","floor":6,"key":"SMITH"},{"floor":15,"key":"REST"}],"circlet_count":0,"master_deck":["AscendersBane","Strike_B","Strike_B","Strike_B","Defend_B","Defend_B","Defend_B","Zap","Dualcast","Sweeping Beam","Defragment+1","Cold Snap","Rebound","Defragment","Auto Shields","Ball Lightning","Steam","Parasite","Capacitor","Biased Cognition","Chill","Coolheaded+1"],"relics":["Cracked Core","NeowsBlessing","StrikeDummy","Letter Opener","Bag of Marbles","Golden Idol","Philosopher\u0027s Stone"],"acts_visited":["Exordium","TheCity"],"potions_floor_usage":[7,11,16,16,22],"damage_taken":[{"damage":0,"enemies":"Small Slimes","floor":1,"turns":1},{"damage":0,"enemies":"Cultist","floor":4,"turns":1},{"damage":0,"enemies":"2 Louse","floor":5,"turns":1},{"damage":26,"enemies":"Lagavulin","floor":7,"turns":6},{"damage":9,"enemies":"Blue Slaver","floor":8,"turns":3},{"damage":13,"enemies":"3 Louse","floor":10,"turns":2},{"damage":14,"enemies":"3 Sentries","floor":11,"turns":5},{"damage":9,"enemies":"Large Slime","floor":14,"turns":4},{"damage":7,"enemies":"Hexaghost","floor":16,"turns":8},{"damage":39,"enemies":"Shell Parasite","floor":18,"turns":5},{"damage":12,"enemies":"2 Thieves","floor":20,"turns":4},{"damage":17,"enemies":"Chosen and Byrds","floor":22,"turns":5}],"seed_played":"-1175111847293857640","potions_obtained":[{"floor":7,"key":"LiquidBronze"},{"floor":8,"key":"Strength Potion"},{"floor":14,"key":"Weak Potion"}],"is_trial":false,"path_per_floor":["M","$","?","M","M","R","E","M","T","M","E","?","?","M","R","B",null,"M","?","M","$","M"],"character_chosen":"DEFECT","items_purchased":["Defragment","AttackPotion","Fruit Juice"],"campfire_rested":1,"item_purchase_floors":[2,2,21],"current_hp_per_floor":[64,64,64,64,64,64,38,29,29,16,2,2,18,9,28,21,53,14,14,2,2,0,0],"gold":95,"neow_bonus":"THREE_ENEMY_KILL","is_daily":false,"chose_seed":false,"campfire_upgraded":1,"win_rate":0.0,"timestamp":1612232981,"path_taken":["M","$","?","M","?","R","E","M","T","?","E","?","?","M","R","BOSS","M","?","M","$","M"],"items_purchased_type":["Card","Potion","Potion"],"build_version":"2020-12-22","purchased_purges":1,"victory":false,"max_hp_per_floor":[71,71,71,71,71,71,71,71,71,71,71,64,64,64,64,64,64,64,64,64,64,69,69],"relic_stats":{"counters":[12,45],"Golden Idol":30,"Letter Opener":[7],"obtain_stats":[{"NeowsBlessing":0,"Golden Idol":12,"Philosopher\u0027s Stone":17,"Bag of Marbles":11,"Letter Opener":9,"Cracked Core":0,"StrikeDummy":7},{"NeowsBlessing":0,"Golden Idol":7,"Philosopher\u0027s Stone":9,"Bag of Marbles":7,"Letter Opener":5,"Cracked Core":0,"StrikeDummy":4},{"NeowsBlessing":0,"Golden Idol":19,"Philosopher\u0027s Stone":31,"Bag of Marbles":19,"Letter Opener":12,"Cracked Core":0,"StrikeDummy":9}]},"card_choices":[{"not_picked":["Leap","Beam Cell"],"picked":"Sweeping Beam","floor":1},{"not_picked":["Undo","Darkness"],"picked":"Cold Snap","floor":4},{"not_picked":["Gash","Sunder"],"picked":"Rebound","floor":5},{"not_picked":["Gash","Steam"],"picked":"Defragment","floor":7},{"not_picked":["Redo","Beam Cell"],"picked":"Auto Shields","floor":8},{"not_picked":["Darkness","Conserve Battery"],"picked":"Ball Lightning","floor":10},{"not_picked":["Beam Cell","Redo"],"picked":"Steam","floor":11},{"not_picked":["Tempest","Reinforced Body"],"picked":"Capacitor","floor":14},{"not_picked":["Multi-Cast","Rainbow"],"picked":"Biased Cognition","floor":16},{"not_picked":["Leap","Conserve Battery","Redo"],"picked":"SKIP","floor":18},{"not_picked":["Turbo+1","Heatsinks"],"picked":"Coolheaded+1","floor":20}],"player_experience":914022,"relics_obtained":[{"floor":7,"key":"StrikeDummy"},{"floor":9,"key":"Letter Opener"},{"floor":11,"key":"Bag of Marbles"}],"event_choices":[{"cards_removed":["Defend_B"],"damage_healed":0,"gold_gain":0,"player_choice":"Offered Basic","damage_taken":0,"max_hp_gain":0,"max_hp_loss":0,"event_name":"Bonfire Elementals","floor":3,"gold_loss":0},{"damage_healed":0,"gold_gain":0,"player_choice":"Lose Max HP","damage_taken":0,"relics_obtained":["Golden Idol"],"max_hp_gain":0,"max_hp_loss":7,"event_name":"Golden Idol","floor":12,"gold_loss":0},{"damage_healed":16,"gold_gain":0,"player_choice":"Healed and dodged fight","damage_taken":0,"max_hp_gain":0,"max_hp_loss":0,"event_name":"Mushrooms","floor":13,"gold_loss":0,"cards_obtained":["Parasite"]},{"damage_healed":0,"gold_gain":0,"player_choice":"Read","damage_taken":0,"max_hp_gain":0,"max_hp_loss":0,"event_name":"The Library","floor":19,"gold_loss":0,"cards_obtained":["Chill"]}],"is_beta":false,"boss_relics":[{"not_picked":["Ectoplasm","Black Star"],"picked":"Philosopher\u0027s Stone"}],"items_purged_floors":[21],"is_endless":false,"potions_floor_spawned":[7,8,14],"killed_by":"Chosen and Byrds","ascension_level":18}}