{"host":"Brown Brick","time":1612302512,"event":{"mods":["BaseMod","Melee Mod","Minty Spire (QoL Compilation)","Morshu Shopkeeper","Rare Cards Sparkle","Relic Stats","StSLib","The Marked","Unceasing Turn Reminder","everything is the same but u backflip on backflip"],"gold_per_floor":[117,117,127,138,155,185,185,185,185,185,214,225,252,269,269,269,269],"floor_reached":16,"language":"ENG","playtime":1432,"items_purged":[],"score":122,"play_id":"8e7ef778-e235-441a-bf39-42d436dc2939","local_time":"20210202224832","is_ascension_mode":false,"campfire_choices":[{"data":"theMarked:KeepCalmAndFight","floor":7,"key":"SMITH"},{"floor":15,"key":"REST"}],"circlet_count":0,"master_deck":["theMarked:Strike","theMarked:Strike","theMarked:Strike","theMarked:Strike","theMarked:Defend","theMarked:Defend","theMarked:Defend","theMarked:Defend","theMarked:SoldierOfQuellstein","theMarked:Aftermath","theMarked:KeepCalmAndFight+1","theMarked:EnhanceMovement","theMarked:Electrify+1","theMarked:LightningStrikesTwice","theMarked:MuscleMemory","theMarked:FavorableWinds"],"relics":["theMarked:ArtifactOfAir","Ancient Tea Set","Bag of Marbles","Ornamental Fan","Omamori"],"acts_visited":["Exordium"],"potions_floor_usage":[5,16,16,16],"damage_taken":[{"damage":3,"enemies":"Jaw Worm","floor":1,"turns":3},{"damage":0,"enemies":"Cultist","floor":3,"turns":4},{"damage":0,"enemies":"2 Louse","floor":4,"turns":2},{"damage":0,"enemies":"Exordium Thugs","floor":5,"turns":4},{"damage":23,"enemies":"3 Sentries","floor":6,"turns":8},{"damage":19,"enemies":"Lagavulin","floor":11,"turns":5},{"damage":10,"enemies":"Looter","floor":12,"turns":3},{"damage":11,"enemies":"3 Sentries","floor":13,"turns":5},{"damage":0,"enemies":"Lots of Slimes","floor":14,"turns":2},{"damage":37,"enemies":"The Guardian","floor":16,"turns":11}],"seed_played":"2852930003949324037","potions_obtained":[{"floor":1,"key":"theMarked:ChargePotion"},{"floor":4,"key":"SmokeBomb"},{"floor":12,"key":"Dexterity Potion"},{"floor":13,"key":"SkillPotion"},{"floor":14,"key":"Fire Potion"}],"is_trial":false,"path_per_floor":["M","?","M","M","M","E","R","?","T","?","E","M","E","M","R","B"],"character_chosen":"THE_DEFAULT","items_purchased":[],"campfire_rested":1,"item_purchase_floors":[],"current_hp_per_floor":[74,74,74,74,74,51,51,51,51,51,32,22,11,11,34,0,0],"gold":269,"neow_bonus":"TEN_PERCENT_HP_BONUS","is_daily":false,"chose_seed":false,"campfire_upgraded":1,"win_rate":0.0,"timestamp":1612302512,"path_taken":["M","?","?","M","?","E","R","?","T","?","E","M","E","M","R","BOSS"],"items_purchased_type":[],"build_version":"2020-12-18","purchased_purges":0,"victory":false,"max_hp_per_floor":[77,77,77,77,77,77,77,77,77,77,77,77,77,77,77,77,77],"relic_stats":{"counters":[10,47],"Ornamental Fan":[8],"obtain_stats":[{"theMarked:ArtifactOfAir":0,"Ornamental Fan":11,"Bag of Marbles":9,"Omamori":13,"Ancient Tea Set":6},{"theMarked:ArtifactOfAir":0,"Ornamental Fan":6,"Bag of Marbles":5,"Omamori":8,"Ancient Tea Set":5},{"theMarked:ArtifactOfAir":0,"Ornamental Fan":26,"Bag of Marbles":21,"Omamori":34,"Ancient Tea Set":21}]},"card_choices":[{"not_picked":["theMarked:Friction","theMarked:ResourceFulStrike","theMarked:Memento"],"picked":"SKIP","floor":1},{"not_picked":["theMarked:EmpowerWeapon","theMarked:KeepCalmAndFight","theMarked:Parkour"],"picked":"SKIP","floor":3},{"not_picked":["theMarked:EmpowerWeapon","theMarked:Parkour"],"picked":"theMarked:KeepCalmAndFight","floor":3},{"not_picked":["theMarked:TunnelVision","theMarked:EmpowerWeapon"],"picked":"theMarked:EnhanceMovement","floor":4},{"not_picked":["theMarked:Improvise","theMarked:EmpowerWeapon"],"picked":"theMarked:Electrify","floor":5},{"not_picked":["theMarked:WastefulAttack","theMarked:HeightenedSenses"],"picked":"theMarked:LightningStrikesTwice","floor":6},{"not_picked":["theMarked:ChannelForce","theMarked:WardOff"],"picked":"theMarked:MuscleMemory","floor":11},{"not_picked":["theMarked:Aftermath","theMarked:Frustration","theMarked:Heritage"],"picked":"SKIP","floor":12},{"not_picked":["theMarked:ElectricStrings","theMarked:TheMission"],"picked":"theMarked:FavorableWinds","floor":13},{"not_picked":["theMarked:BanishingStrike","theMarked:SwordAndMagic","theMarked:WastefulAttack"],"picked":"SKIP","floor":14}],"player_experience":692069,"relics_obtained":[{"floor":6,"key":"Ancient Tea Set"},{"floor":9,"key":"Bag of Marbles"},{"floor":11,"key":"Ornamental Fan"},{"floor":13,"key":"Omamori"}],"event_choices":[{"damage_healed":0,"gold_gain":0,"cards_transformed":["theMarked:Strike"],"player_choice":"Transformed","damage_taken":0,"max_hp_gain":0,"max_hp_loss":0,"event_name":"Transmorgrifier","floor":2,"gold_loss":0,"cards_obtained":["theMarked:Aftermath"]},{"damage_healed":0,"gold_gain":0,"player_choice":"Ignored","damage_taken":0,"max_hp_gain":0,"max_hp_loss":0,"event_name":"Liars Game","floor":8,"gold_loss":0},{"damage_healed":0,"gold_gain":0,"player_choice":"Forge","damage_taken":0,"max_hp_gain":0,"max_hp_loss":0,"event_name":"Accursed Blacksmith","floor":10,"gold_loss":0,"cards_upgraded":["theMarked:Electrify"]}],"is_beta":true,"boss_relics":[],"items_purged_floors":[],"is_endless":false,"potions_floor_spawned":[1,4,12,13,14],"killed_by":"The Guardian","ascension_level":0}}