{"host":"4ih4fq53sefgqhvb","time":1612247725,"event":{"mods":["AchievementEnabler","Aspiration","Bard","BaseMod","BetterRewards","Colored Map","Colored Powertips","Conspire","Downfall","Googly Eyes","Hermit","Highlight Path","Hubris","Infinite Spire","Jedi Mod","Jorbs\u0027s Wanderer Trilogy","Marisa????????","Mimic Mod","Minty Spire (QoL Compilation)","Quick Restart","Relic Stats","Replay The Spire","Shop Mod","StSLib","The Animator","The Cursed","The Disciple","The Jungle","The Runesmith","The Servant 0.9.4"],"gold_per_floor":[99,117,117,117,117,156,186,186,23,23,23,23,23,23],"floor_reached":12,"language":"ENG","playtime":766,"items_purged":[],"score":62,"play_id":"6cee27fa-8d59-4809-ae36-ea864a024793","local_time":"20210201223525","is_ascension_mode":false,"campfire_choices":[{"floor":1,"key":"RECALL"}],"circlet_count":0,"master_deck":["hexamod:Strike","hexamod:Strike","hexamod:Strike","hexamod:Defend","hexamod:Defend","hexamod:Defend","hexamod:Defend","hexamod:Sear","hexamod:Float","hexamod:NightmareGuise","hexamod:PhantomCloak+1","hexamod:Haunt+1","hexamod:FastForward"],"relics":["hexamod:SpiritBrand","conspire:InfiniteJournal","infinitespire:FocusingShard","hubris:Icosahedron","hexamod:MatchstickCase","FossilizedHelix","Guide Book"],"acts_visited":["Exordium"],"potions_floor_usage":[],"damage_taken":[{"damage":0,"enemies":"Cultist","floor":2,"turns":3},{"damage":6,"enemies":"Small Slimes","floor":6,"turns":14},{"damage":10,"enemies":"Small Slimes","floor":7,"turns":17},{"damage":0,"enemies":"downfall:FleeingMerchant","floor":9,"turns":4},{"damage":27,"enemies":"Gremlin Nob","floor":12,"turns":4}],"seed_played":"6478180109273487052","potions_obtained":[],"is_trial":false,"path_per_floor":["R","M","?","?","?","MIM","MIM","?","$","PTL","PTL","E"],"character_chosen":"THE_SPIRIT","items_purchased":["Guide Book"],"campfire_rested":0,"item_purchase_floors":[9],"current_hp_per_floor":[49,49,49,37,37,31,21,21,21,21,21,0,0,0],"gold":23,"neow_bonus":"ONE_RARE_RELIC","is_daily":false,"chose_seed":false,"campfire_upgraded":0,"win_rate":0.0,"timestamp":1612247725,"path_taken":["R","M","?","?","?","?","MIM","?","$","PTL","PTL","E"],"items_purchased_type":["Relic"],"build_version":"2020-12-22","purchased_purges":0,"victory":false,"max_hp_per_floor":[70,70,70,70,70,70,70,70,70,70,70,70,70,70],"relic_stats":{"counters":[5,42],"obtain_stats":[{"hubris:Icosahedron":5,"Guide Book":9,"infinitespire:FocusingShard":4,"hexamod:SpiritBrand":0,"FossilizedHelix":8,"conspire:InfiniteJournal":0,"hexamod:MatchstickCase":6},{"hubris:Icosahedron":1,"Guide Book":4,"infinitespire:FocusingShard":1,"hexamod:SpiritBrand":0,"FossilizedHelix":3,"conspire:InfiniteJournal":0,"hexamod:MatchstickCase":2},{"hubris:Icosahedron":3,"Guide Book":38,"infinitespire:FocusingShard":3,"hexamod:SpiritBrand":0,"FossilizedHelix":34,"conspire:InfiniteJournal":0,"hexamod:MatchstickCase":17}]},"card_choices":[{"not_picked":["hexamod:AdvancingGuard","hexamod:HauntingEcho"],"picked":"hexamod:NightmareGuise","floor":2},{"not_picked":["hexamod:Hexaguard","hexamod:RadiantFlame"],"picked":"hexamod:PhantomCloak","floor":6},{"not_picked":["hexamod:FourthSeal","hexamod:NightmareGuise"],"picked":"hexamod:Haunt","floor":7},{"not_picked":["hexamod:SwordOfDarkness","hexamod:StepThrough"],"picked":"hexamod:FastForward","floor":9}],"player_experience":944870,"relics_obtained":[{"floor":6,"key":"hexamod:MatchstickCase"},{"floor":8,"key":"FossilizedHelix"}],"event_choices":[{"damage_healed":0,"gold_gain":0,"player_choice":"Success","damage_taken":12,"relics_obtained":["infinitespire:FocusingShard"],"max_hp_gain":0,"max_hp_loss":0,"event_name":"Scrap Ooze","floor":4,"gold_loss":0}],"is_beta":false,"boss_relics":[],"items_purged_floors":[],"is_endless":false,"potions_floor_spawned":[],"killed_by":"Gremlin Nob","ascension_level":0}}