{"host":"Tonhão","time":1612292449,"event":{"mods":["Aspiration","BaseMod","Conspire","Downfall","Friendly Minions","Halation","Hermit","Highlight Path","Hubris","Infinite Spire","Jedi Mod","Minty Spire (QoL Compilation)","Relic Sorter","Reliquary","Replay The Spire","Spicy Shops","StSLib","The Animator","The Construct","The Cursed","The Jester","The Senshi","The Servant 0.9.4"],"gold_per_floor":[180,180,180,180,180,180,254,254,354,372,390,390,12,30,48,48,48,48],"floor_reached":16,"language":"ENG","playtime":846,"items_purged":["ReplayTheSpireMod:Splinters","Injury"],"score":88,"play_id":"7ff8fce5-eb1e-4193-a457-e1eccf382420","local_time":"20210202160049","is_ascension_mode":false,"campfire_choices":[{"floor":12,"key":"REST"}],"circlet_count":0,"master_deck":["bronze:Strike","bronze:Strike","bronze:Strike","bronze:Strike","bronze:Defend","bronze:Defend","bronze:Defend","bronze:Defend","bronze:Replicate","bronze:Goto","bronze:RecursiveStrike+1","bronze:FineTuning","hubris:Despair","bronze:Iterate+1","bronze:ThunderWave+1","bronze:ChosenStrike+1","Mayhem","bronze:Format","bronze:Optimize"],"relics":["bronze:BronzeCore","downfall:HeartsMalice","downfall:ExtraCursedKey","Molten Egg 2","Matryoshka","halation:Toothbrush","reliquary:Firecrackers","Potion Belt"],"acts_visited":["Exordium"],"potions_floor_usage":[11,11,13,14,15,16],"damage_taken":[{"damage":0,"enemies":"Jaw Worm","floor":2,"turns":1},{"damage":0,"enemies":"Small Slimes","floor":6,"turns":1},{"damage":0,"enemies":"downfall:LadyInBlue","floor":9,"turns":1},{"damage":0,"enemies":"Cultist","floor":10,"turns":2},{"damage":0,"enemies":"Gremlin Gang","floor":11,"turns":1},{"damage":0,"enemies":"downfall:FleeingMerchant","floor":13,"turns":4},{"damage":32,"enemies":"conspire:2 RoseBushes","floor":14,"turns":3},{"damage":1,"enemies":"2 Fungi Beasts","floor":15,"turns":2},{"damage":150,"enemies":"IC_STATUS_ARCHETYPE","floor":16,"turns":4}],"seed_played":"1390161818090231749","potions_obtained":[{"floor":9,"key":"Slimebound:ThreeZeroPotion"},{"floor":9,"key":"LiquidMemories"},{"floor":9,"key":"Slimebound:ThreeZeroPotion"},{"floor":10,"key":"Fire Potion"},{"floor":14,"key":"Weak Potion"},{"floor":15,"key":"sneckomod:MuddlingPotion"}],"is_trial":false,"path_per_floor":["R","M","?","?","$","M","T","?","?","M","M","R","$","M","M","B"],"character_chosen":"THE_AUTOMATON","items_purchased":["Matryoshka","Mayhem","bronze:Format"],"campfire_rested":1,"item_purchase_floors":[5,13,13],"current_hp_per_floor":[70,70,70,70,42,42,42,42,42,42,42,63,63,31,30,0,0,0],"gold":48,"neow_bonus":"THREE_ENEMY_KILL","is_daily":false,"chose_seed":false,"campfire_upgraded":0,"win_rate":0.0,"timestamp":1612292449,"path_taken":["R","M","?","?","?","?","T","?","?","?","M","R","$","M","M","BOSS"],"items_purchased_type":["Relic","Card","Card"],"build_version":"2020-11-17","purchased_purges":2,"victory":false,"max_hp_per_floor":[70,70,70,70,70,70,70,70,70,70,70,70,70,70,70,73,73,73],"card_choices":[{"not_picked":["bronze:Separator","bronze:BronzeArmor","bronze:WildBeam"],"picked":"SKIP","floor":2},{"not_picked":["bronze:Invalidate","bronze:BuggyMess"],"picked":"bronze:FineTuning","floor":6},{"not_picked":["bronze:Branch+1","bronze:Invalidate"],"picked":"bronze:Iterate+1","floor":10},{"not_picked":["bronze:Constructor","bronze:Branch+1"],"picked":"bronze:ThunderWave+1","floor":11},{"not_picked":["bronze:BugBarrage+1","bronze:Frontload"],"picked":"bronze:ChosenStrike+1","floor":13},{"not_picked":["bronze:BugBarrage+1","bronze:Allocate"],"picked":"bronze:Optimize","floor":14},{"not_picked":["bronze:Philosophize","bronze:Frontload","bronze:ThunderWave+1"],"picked":"SKIP","floor":15}],"player_experience":134156,"relics_obtained":[{"floor":7,"key":"halation:Toothbrush"},{"floor":7,"key":"reliquary:Firecrackers"},{"floor":9,"key":"Potion Belt"}],"event_choices":[],"is_beta":true,"boss_relics":[],"items_purged_floors":[5,5],"is_endless":false,"potions_floor_spawned":[10,14,15],"killed_by":"IC_STATUS_ARCHETYPE","ascension_level":0}}