{"host":"jcp2nz6q7v3b3vtq","time":1612278992,"event":{"mods":["BaseMod","Marisa????????","Minty Spire (QoL Compilation)","The Servant 0.9.4"],"gold_per_floor":[111,121,139,157,157,11,11,11,34,53,53,71,71,85,85,185,185,202,202,10,20,33,46,59,59,59,59,77,51,150,167,167,167,167],"floor_reached":33,"language":"ENG","playtime":991,"items_purged":["Strike_MRS"],"score":243,"play_id":"fbcf1f7b-3e6f-477f-9557-c7c7d5015f2c","local_time":"20210202161632","is_ascension_mode":false,"campfire_choices":[{"floor":7,"key":"REST"},{"data":"MasterSpark","floor":11,"key":"SMITH"},{"data":"MilkyWay","floor":15,"key":"SMITH"},{"data":"ManaRampage","floor":27,"key":"SMITH"},{"floor":32,"key":"REST"}],"circlet_count":0,"master_deck":["Strike_MRS","Defend_MRS","Defend_MRS","Defend_MRS","Defend_MRS","MasterSpark+1","UpSweep","MilkyWay+1","MysteriousBeam+1","UnstableBomb","WitchLeyline","ManaRampage+1","MysteriousBeam","GrandCross","MysteriousBeam","EnergyFlow","UnstableBomb","GrandCross"],"relics":["MiniHakkero","Nunchaku","Bag of Preparation","Empty Cage","Membership Card","MutagenicStrength","Smiling Mask"],"acts_visited":["Exordium","TheCity"],"potions_floor_usage":[10,14,16,23,31,31,33],"damage_taken":[{"damage":1,"enemies":"Cultist","floor":1,"turns":3},{"damage":0,"enemies":"Small Slimes","floor":2,"turns":3},{"damage":2,"enemies":"2 Louse","floor":3,"turns":2},{"damage":25,"enemies":"Exordium Thugs","floor":4,"turns":6},{"damage":6,"enemies":"Lots of Slimes","floor":10,"turns":4},{"damage":0,"enemies":"Red Slaver","floor":12,"turns":2},{"damage":0,"enemies":"Exordium Wildlife","floor":14,"turns":1},{"damage":48,"enemies":"The Guardian","floor":16,"turns":9},{"damage":7,"enemies":"Shell Parasite","floor":18,"turns":3},{"damage":0,"enemies":"2 Thieves","floor":21,"turns":2},{"damage":0,"enemies":"Snecko","floor":22,"turns":2},{"damage":8,"enemies":"3 Cultists","floor":23,"turns":3},{"damage":2,"enemies":"Centurion and Healer","floor":24,"turns":4},{"damage":5,"enemies":"Sentry and Sphere","floor":28,"turns":3},{"damage":8,"enemies":"Cultist and Chosen","floor":31,"turns":3},{"damage":74,"enemies":"Champ","floor":33,"turns":6}],"seed_played":"-8131226701421791874","potions_obtained":[{"floor":2,"key":"Ancient Potion"},{"floor":3,"key":"EssenceOfSteel"},{"floor":10,"key":"AttackPotion"},{"floor":14,"key":"LiquidMemories"},{"floor":18,"key":"BlessingOfTheForge"},{"floor":24,"key":"SkillPotion"},{"floor":28,"key":"SkillPotion"}],"is_trial":true,"path_per_floor":["M","M","M","M","?","$","R","?","T","M","R","M","$","M","R","B",null,"M","?","$","M","M","M","M","?","T","R","M","$","?","M","R","B"],"character_chosen":"MARISA","items_purchased":["Nunchaku","Membership Card","UnstableBomb"],"campfire_rested":2,"item_purchase_floors":[6,20,29],"current_hp_per_floor":[74,74,72,47,47,47,69,69,69,63,63,63,63,63,63,15,75,68,68,68,68,68,60,58,58,58,58,53,53,53,45,67,0,0],"gold":167,"neow_bonus":"","is_daily":false,"chose_seed":false,"campfire_upgraded":3,"win_rate":0.0,"timestamp":1612278992,"path_taken":["M","?","M","M","?","?","R","?","T","M","R","?","$","?","R","BOSS","M","?","$","M","M","M","M","?","T","R","M","$","?","M","R","BOSS"],"items_purchased_type":["Relic","Relic","Card"],"build_version":"2020-12-22","purchased_purges":1,"victory":false,"max_hp_per_floor":[75,75,75,75,75,75,75,75,75,75,75,75,75,75,75,75,75,75,75,75,75,75,75,75,75,75,75,75,75,75,75,75,75,75],"card_choices":[{"not_picked":["ShootingEcho","SporeBomb"],"picked":"MilkyWay","floor":1},{"not_picked":["AsteroidBelt","ShootTheMoon","RefractionSpark"],"picked":"SKIP","floor":2},{"not_picked":["Orbital","GalacticHalo","Acceleration"],"picked":"SKIP","floor":3},{"not_picked":["NonDirectionalLaser","GalacticHalo"],"picked":"MysteriousBeam","floor":4},{"not_picked":["RefractionSpark","StarDustReverie"],"picked":"UnstableBomb","floor":10},{"not_picked":["IllusionStar","GravityBeat"],"picked":"WitchLeyline","floor":12},{"not_picked":["PowerUp","Acceleration","LuminesStrike"],"picked":"SKIP","floor":14},{"not_picked":["CasketOfStar","MillisecondPulsars"],"picked":"ManaRampage","floor":16},{"not_picked":["UnstableBomb","PowerUp"],"picked":"MysteriousBeam","floor":18},{"not_picked":["DC+1","DeepEcoloBomb"],"picked":"GrandCross","floor":21},{"not_picked":["ChargeUpSpray","NonDirectionalLaser","GalacticHalo"],"picked":"SKIP","floor":22},{"not_picked":["WitchLeyline","6A"],"picked":"MysteriousBeam","floor":23},{"not_picked":["MysteriousBeam","JA"],"picked":"EnergyFlow","floor":24},{"not_picked":["DoubleSpark+1","GravityBeat+1","PowerUp"],"picked":"SKIP","floor":28},{"not_picked":["6A+1","DeepEcoloBomb+1"],"picked":"GrandCross","floor":31}],"player_experience":26064,"relics_obtained":[{"floor":9,"key":"Bag of Preparation"},{"floor":26,"key":"Smiling Mask"}],"event_choices":[{"damage_healed":0,"gold_gain":0,"player_choice":"Ignored","damage_taken":0,"max_hp_gain":0,"max_hp_loss":0,"event_name":"NoteForYourself","floor":5,"gold_loss":0},{"damage_healed":0,"gold_gain":0,"player_choice":"Upgraded","damage_taken":0,"max_hp_gain":0,"max_hp_loss":0,"event_name":"Upgrade Shrine","floor":8,"gold_loss":0,"cards_upgraded":["MysteriousBeam"]},{"damage_healed":0,"gold_gain":0,"player_choice":"Ignored","damage_taken":0,"max_hp_gain":0,"max_hp_loss":0,"event_name":"Ghosts","floor":19,"gold_loss":0},{"damage_healed":0,"gold_gain":0,"player_choice":"Inject Mutagens","damage_taken":0,"relics_obtained":["MutagenicStrength"],"max_hp_gain":0,"max_hp_loss":0,"event_name":"Drug Dealer","floor":25,"gold_loss":0},{"damage_healed":0,"gold_gain":99,"player_choice":"Stole From Cult","damage_taken":0,"max_hp_gain":0,"max_hp_loss":0,"event_name":"Nest","floor":30,"gold_loss":0}],"is_beta":false,"boss_relics":[{"not_picked":["Velvet Choker","Runic Pyramid"],"picked":"Empty Cage"}],"items_purged_floors":[20],"is_endless":false,"potions_floor_spawned":[2,3,10,14,18,24,28],"killed_by":"Champ","ascension_level":0}}