{"host":"w6ebodudjlk2jwu4","time":1612260048,"event":{"mods":["Act Like it!","Bard","BaseMod","Beaked The Cultist","Colored Map","Glutton Mod","Hermit","Highlight Path","Infinite Spire","Jorbs\u0027s Wanderer Trilogy","Koishi","Mad Scientist","Marisa????????","Minty Spire (QoL Compilation)","Relic Stats","Replay The Spire","Robot Space Explorer","StSLib","The Administrix","The Blue Laboratory","The Bug Knight","The Construct","The Cursed","The Marked","The Mystic","The Servant 0.9.4","The Witch","Wandering Minibosses"],"gold_per_floor":[20,36,56,56,91,91,116,128,128,128,159,159,159,199,199,330,330,366,366,66,43,58,58],"floor_reached":22,"language":"ENG","playtime":1816,"items_purged":[],"score":271,"play_id":"56410cc3-105d-4740-aa54-7b003721f55e","local_time":"20210202020048","is_ascension_mode":true,"campfire_choices":[{"data":"Zap","floor":6,"key":"SMITH"},{"floor":13,"key":"REST"},{"data":"Genetic Algorithm","floor":15,"key":"SMITH"}],"circlet_count":0,"master_deck":["Strike_B","Strike_B","Strike_B","Strike_B","Defend_B","Defend_B","Defend_B","Defend_B","Zap+1","Dualcast","Coolheaded","Gash","Lockon","Looming Evil","Barrage","Genetic Algorithm+1","White Noise","Injury","Conserve Battery","Reinforced Body","Reboot","Sweeping Beam+1","infinitespire:Starlight","ReplayGash","ReplayGash","Storm","Go for the Eyes","Go for the Eyes"],"relics":["Cracked Core","ReplayTheSpireMod:Ring of Collecting","ReplayTheSpireMod:Ring of Challenge","Potion Belt","ReplayTheSpireMod:Ring of Addiction","infinitespire:CheckeredPen","White Beast Statue","Chameleon Ring","Golden Idol","Blue Candle","Ring of Panic","Darkstone Periapt","Nuclear Battery","Prayer Wheel"],"acts_visited":["Exordium","TheCity"],"potions_floor_usage":[11,14,16,16,18,22],"damage_taken":[{"damage":0,"enemies":"Small Slimes","floor":1,"turns":3},{"damage":0,"enemies":"2 Louse","floor":2,"turns":3},{"damage":0,"enemies":"Jaw Worm","floor":3,"turns":5},{"damage":19,"enemies":"3 Louse","floor":5,"turns":6},{"damage":26,"enemies":"3 Sentries","floor":7,"turns":7},{"damage":4,"enemies":"Looter","floor":8,"turns":3},{"damage":31,"enemies":"Lagavulin","floor":11,"turns":5},{"damage":4,"enemies":"2 Fungi Beasts","floor":14,"turns":4},{"damage":1,"enemies":"The Guardian","floor":16,"turns":13},{"damage":17,"enemies":"Shell Parasite","floor":18,"turns":6},{"damage":23,"enemies":"2 Thieves","floor":21,"turns":5},{"damage":38,"enemies":"Shelled Parasite and Fungi","floor":22,"turns":7}],"seed_played":"-2227764820860539468","potions_obtained":[{"floor":2,"key":"BlessingOfTheForge"},{"floor":5,"key":"Energy Potion"},{"floor":9,"key":"SteroidPotion"},{"floor":9,"key":"Milkshake"},{"floor":9,"key":"SpeedPotion"},{"floor":11,"key":"blueLaboratory:BottleOfVodka"},{"floor":14,"key":"Dexterity Potion"},{"floor":16,"key":"blueLaboratory:AbyssPotion"},{"floor":18,"key":"blueLaboratory:PlasmaFuel"},{"floor":21,"key":"blueLaboratory:BottleOfVodka"}],"is_trial":false,"path_per_floor":["M","M","M","?","M","R","E","M","T","?","E","T","R","M","R","B",null,"M","?","$","M","M"],"character_chosen":"DEFECT","items_purchased":["ReplayTheSpireMod:Fabricate Wheel","ReplayGash","Storm"],"campfire_rested":1,"item_purchase_floors":[20,20,20],"current_hp_per_floor":[89,89,89,89,70,70,44,40,40,40,9,9,35,31,31,30,89,72,50,50,27,0,0],"gold":58,"neow_bonus":"TWENTY_PERCENT_HP_BONUS","is_daily":false,"chose_seed":false,"campfire_upgraded":2,"win_rate":0.0,"timestamp":1612260048,"path_taken":["M","M","M","?","M","R","E","M","T","?","E","?","R","M","R","BOSS","M","?","$","M","M"],"items_purchased_type":["Card","Card","Card"],"build_version":"2020-12-22","purchased_purges":0,"victory":false,"max_hp_per_floor":[89,89,89,89,89,89,89,89,89,89,89,89,89,89,89,89,89,89,89,89,89,87,87],"relic_stats":{"Darkstone Periapt":0,"counters":[12,67],"Golden Idol":44,"Blue Candle":[3],"Prayer Wheel":1,"obtain_stats":[{"Potion Belt":7,"Darkstone Periapt":12,"Golden Idol":10,"ReplayTheSpireMod:Ring of Addiction":9,"Blue Candle":11,"infinitespire:CheckeredPen":9,"White Beast Statue":9,"Nuclear Battery":17,"Chameleon Ring":9,"ReplayTheSpireMod:Ring of Collecting":4,"Prayer Wheel":21,"ReplayTheSpireMod:Ring of Challenge":4,"Ring of Panic":12,"Cracked Core":0},{"Potion Belt":5,"Darkstone Periapt":7,"Golden Idol":6,"ReplayTheSpireMod:Ring of Addiction":6,"Blue Candle":7,"infinitespire:CheckeredPen":6,"White Beast Statue":6,"Nuclear Battery":9,"Chameleon Ring":6,"ReplayTheSpireMod:Ring of Collecting":3,"Prayer Wheel":11,"ReplayTheSpireMod:Ring of Challenge":3,"Ring of Panic":7,"Cracked Core":0},{"Potion Belt":24,"Darkstone Periapt":32,"Golden Idol":27,"ReplayTheSpireMod:Ring of Addiction":27,"Blue Candle":32,"infinitespire:CheckeredPen":27,"White Beast Statue":27,"Nuclear Battery":49,"Chameleon Ring":27,"ReplayTheSpireMod:Ring of Collecting":11,"Prayer Wheel":59,"ReplayTheSpireMod:Ring of Challenge":11,"Ring of Panic":32,"Cracked Core":0}]},"card_choices":[{"not_picked":["Hologram","Reprogram"],"picked":"Coolheaded","floor":1},{"not_picked":["Cold Snap","Panic Button"],"picked":"Gash","floor":2},{"not_picked":["Turbo","Crystallizer"],"picked":"Lockon","floor":3},{"not_picked":["Coolheaded","Time Bomb"],"picked":"Barrage","floor":5},{"not_picked":["Chaos","BasicCrystalCard"],"picked":"Genetic Algorithm","floor":7},{"not_picked":["ReplayTheSpireMod:GoodbyeWorld","Tempest"],"picked":"White Noise","floor":8},{"not_picked":["Compile Driver","Rainbow"],"picked":"Conserve Battery","floor":11},{"not_picked":["Double Energy","ReplayGash"],"picked":"Reinforced Body","floor":14},{"not_picked":["Multi-Cast","ReplayRNGCard"],"picked":"Reboot","floor":16},{"not_picked":["Beam Cell","Compile Driver"],"picked":"Sweeping Beam+1","floor":18},{"not_picked":["ReplayTheSpireMod:Echo Chamber","infinitespire:Punishment"],"picked":"infinitespire:Starlight","floor":19},{"not_picked":["Gash","Stack"],"picked":"Go for the Eyes","floor":21},{"not_picked":["Panic Button+1","Coolheaded"],"picked":"Go for the Eyes","floor":21}],"player_experience":138863,"relics_obtained":[{"floor":4,"key":"ReplayTheSpireMod:Ring of Collecting"},{"floor":4,"key":"ReplayTheSpireMod:Ring of Challenge"},{"floor":7,"key":"Potion Belt"},{"floor":9,"key":"ReplayTheSpireMod:Ring of Addiction"},{"floor":9,"key":"infinitespire:CheckeredPen"},{"floor":9,"key":"White Beast Statue"},{"floor":9,"key":"Chameleon Ring"},{"floor":11,"key":"Blue Candle"},{"floor":12,"key":"Ring of Panic"},{"floor":12,"key":"Darkstone Periapt"}],"event_choices":[{"damage_healed":0,"gold_gain":0,"player_choice":"Take Wound","damage_taken":0,"relics_obtained":["Golden Idol"],"max_hp_gain":0,"max_hp_loss":0,"event_name":"Golden Idol","floor":10,"gold_loss":0,"cards_obtained":["Injury"]}],"is_beta":false,"boss_relics":[{"not_picked":["construct:WeddingRing","ReplayTheSpireMod:DimensionalGlitch"],"picked":"Nuclear Battery"}],"items_purged_floors":[],"is_endless":false,"potions_floor_spawned":[2,5,11,14,16,18,21],"killed_by":"Shelled Parasite and Fungi","ascension_level":2}}