{"host":"6q94iy5iz6612v89","time":1612276329,"event":{"mods":["2.2 Compatiblity","AchievementEnabler","BaseMod","Colored Map","DeckTracker","Keyboard Shortcuts","Minty Spire (QoL Compilation)","Permanent Neow","StSLib","SuperFastMode"],"gold_per_floor":[112,130,145,158,57,57,70,80,80,80,113,128,128,146,146,146,146],"floor_reached":16,"language":"KOR","playtime":383,"items_purged":["Strike_R"],"score":212,"play_id":"58fcc5f0-52ed-4caf-bd0e-eb3b530b4583","local_time":"20210202233209","is_ascension_mode":true,"campfire_choices":[{"data":"Body Slam","floor":6.0,"key":"SMITH"},{"data":"Cleave","floor":10,"key":"SMITH"},{"data":"Bash","floor":13,"key":"SMITH"},{"data":"Spot Weakness","floor":15,"key":"SMITH"}],"circlet_count":0,"master_deck":["AscendersBane","Strike_R","Strike_R","Strike_R","Strike_R","Defend_R","Defend_R","Defend_R","Defend_R","Bash+1","Body Slam+1","Cleave+1","Pommel Strike","Ghostly Armor","Shrug It Off","Power Through","Spot Weakness+1"],"relics":["Burning Blood"],"acts_visited":["Exordium"],"potions_floor_usage":[16,16],"damage_taken":[{"damage":8.0,"enemies":"2 Louse","floor":1.0,"turns":4.0},{"damage":19.0,"enemies":"Jaw Worm","floor":2.0,"turns":6.0},{"damage":0.0,"enemies":"Small Slimes","floor":3.0,"turns":4.0},{"damage":33.0,"enemies":"Red Slaver","floor":4.0,"turns":5.0},{"damage":0.0,"enemies":"2 Fungi Beasts","floor":7.0,"turns":3.0},{"damage":1.0,"enemies":"Exordium Wildlife","floor":8.0,"turns":3.0},{"damage":42,"enemies":"Lagavulin","floor":11,"turns":10},{"damage":12,"enemies":"Exordium Thugs","floor":12,"turns":5},{"damage":4,"enemies":"3 Louse","floor":14,"turns":2},{"damage":13,"enemies":"Hexaghost","floor":16,"turns":9}],"seed_played":"-1639395386303034780","potions_obtained":[{"floor":1.0,"key":"Energy Potion"},{"floor":8.0,"key":"Dexterity Potion"},{"floor":11,"key":"PowerPotion"}],"is_trial":false,"path_per_floor":["M","M","M","M","$","R","M","M","T","R","E","M","R","M","R","B"],"character_chosen":"IRONCLAD","items_purchased":["Shrug It Off"],"campfire_rested":0,"item_purchase_floors":[5],"current_hp_per_floor":[73,60,66,39,39,39,45,50,50,50,14,8,8,10,10,0,0],"gold":146,"neow_bonus":"TEN_PERCENT_HP_BONUS","is_daily":false,"chose_seed":false,"campfire_upgraded":4,"win_rate":0.0,"timestamp":1612276329,"path_taken":["M","M","M","M","$","R","M","M","T","R","E","M","R","M","R","BOSS"],"items_purchased_type":["Card"],"build_version":"2020-12-22","purchased_purges":1,"victory":false,"max_hp_per_floor":[82,82,82,82,82,82,82,82,82,82,82,82,82,82,82,82,82],"card_choices":[{"not_picked":["Burning Pact","True Grit"],"picked":"Body Slam","floor":1.0},{"not_picked":["Shockwave","Dark Embrace"],"picked":"Cleave","floor":2.0},{"not_picked":["Sever Soul","Clash"],"picked":"Pommel Strike","floor":3.0},{"not_picked":["Dropkick","Twin Strike"],"picked":"Ghostly Armor","floor":4.0},{"not_picked":["Demon Form","Dark Embrace"],"picked":"Power Through","floor":7.0},{"not_picked":["Flex","Twin Strike","Searing Blow"],"picked":"SKIP","floor":8.0},{"not_picked":["Headbutt","Dual Wield","Anger"],"picked":"SKIP","floor":11},{"not_picked":["Cleave","Havoc","Limit Break"],"picked":"SKIP","floor":12},{"not_picked":["Perfected Strike","Bloodletting"],"picked":"Spot Weakness","floor":14}],"player_experience":1453315,"relics_obtained":[],"event_choices":[],"is_beta":false,"boss_relics":[],"items_purged_floors":[5],"is_endless":false,"potions_floor_spawned":[1,8,11,14],"killed_by":"Hexaghost","ascension_level":20}}