{"host":"sc0o2qwpf9j16a4i","time":1612270463,"event":{"mods":["AchievementEnabler","BaseMod","BetterRewards","Block Reminder","Colored Map","Colored Powertips","Custom Start","Highlight Path","Minty Spire (QoL Compilation)","Relic Stats"],"gold_per_floor":[109,109,123,123,19,50,50,83,83,127,196,231,259,289,289,422,422,449,227,152,132,161,510,510,510,537,537,576,576,624,624,624,763,763],"floor_reached":33,"language":"ENG","playtime":1047,"items_purged":[],"score":502,"play_id":"e2a9612a-7e35-45c9-809c-5b8ad3470882","local_time":"20210202145423","daily_mods":["Chimera","Colorless Cards","Elite Swarm"],"is_ascension_mode":false,"campfire_choices":[{"floor":7,"key":"REST"},{"floor":15,"key":"REST"},{"floor":24,"key":"REST"},{"floor":29,"key":"REST"},{"floor":32,"key":"REST"}],"circlet_count":0,"master_deck":["Bash","Survivor","Zap","Eruption","Strike_R","Strike_G","Strike_B+1","Defend_R","Defend_G+1","Defend_P","ThirdEye","Protect","Injury","Conclude","CrushJoints+1","DevaForm","Alpha","BowlingBash","Discovery","EmptyBody","Apotheosis","SandsOfTime","Wallop","Consecrate+1","Omniscience","Omniscience","ConjureBlade"],"relics":["PureWater","Golden Idol","Sundial","Pear","Mercury Hourglass","Darkstone Periapt","Tiny Chest","CeramicFish","Philosopher\u0027s Stone","OrangePellets","Old Coin","Potion Belt","Omamori","Necronomicon","Ornamental Fan","Du-Vu Doll"],"acts_visited":["Exordium","TheCity"],"potions_floor_usage":[10,11,12,16,23,33],"damage_taken":[{"damage":0,"enemies":"Small Slimes","floor":1,"turns":3},{"damage":0,"enemies":"2 Louse","floor":3,"turns":3},{"damage":11,"enemies":"3 Sentries","floor":6,"turns":6},{"damage":14,"enemies":"Gremlin Nob","floor":8,"turns":3},{"damage":0,"enemies":"Lagavulin","floor":10,"turns":7},{"damage":36,"enemies":"Lagavulin Event","floor":11,"turns":3},{"damage":11,"enemies":"3 Sentries","floor":12,"turns":7},{"damage":11,"enemies":"Jaw Worm","floor":13,"turns":2},{"damage":0,"enemies":"Blue Slaver","floor":14,"turns":3},{"damage":30,"enemies":"The Guardian","floor":16,"turns":10},{"damage":19,"enemies":"Shell Parasite","floor":18,"turns":8},{"damage":5,"enemies":"Spheric Guardian","floor":22,"turns":5},{"damage":16,"enemies":"Slavers","floor":23,"turns":5},{"damage":25,"enemies":"Book of Stabbing","floor":28,"turns":5},{"damage":18,"enemies":"Gremlin Leader","floor":30,"turns":6},{"damage":49,"enemies":"Collector","floor":33,"turns":9}],"seed_played":"7482001160723178771","potions_obtained":[{"floor":6,"key":"Dexterity Potion"},{"floor":8,"key":"EssenceOfSteel"},{"floor":10,"key":"SpeedPotion"},{"floor":11,"key":"AttackPotion"},{"floor":14,"key":"FairyPotion"},{"floor":16,"key":"Fire Potion"},{"floor":18,"key":"SteroidPotion"},{"floor":21,"key":"SkillPotion"},{"floor":33,"key":"SteroidPotion"}],"is_trial":true,"path_per_floor":["M","?","M","?","$","E","R","E","T","E","?","E","M","M","R","B",null,"M","$","?","?","M","E","R","T","T","?","E","R","E","?","R","B"],"character_chosen":"WATCHER","items_purchased":["Conclude","CrushJoints","OrangePellets","Wallop"],"campfire_rested":5,"item_purchase_floors":[5,5,19,19],"current_hp_per_floor":[72,58,58,58,58,47,68,64,64,64,28,17,6,6,30,24,82,63,63,63,63,58,42,66,66,66,50,25,49,31,31,55,6,6],"gold":763,"neow_bonus":"","is_daily":false,"chose_seed":false,"campfire_upgraded":0,"win_rate":0.0,"timestamp":1612270463,"path_taken":["M","?","M","?","$","E","R","E","T","E","?","E","?","M","R","BOSS","M","$","?","?","M","E","R","?","T","?","E","R","E","?","R","BOSS"],"items_purchased_type":["Card","Card","Relic","Card"],"build_version":"2020-12-22","purchased_purges":0,"victory":false,"max_hp_per_floor":[72,72,72,72,72,72,72,82,82,82,82,82,82,82,82,82,82,82,82,82,82,82,82,82,82,82,82,82,82,82,82,82,82,82],"relic_stats":{"Darkstone Periapt":0,"OrangePellets":[0],"counters":[16,85],"Golden Idol":140,"Sundial":[8],"Ornamental Fan":[20],"CeramicFish":81,"Tiny Chest":1,"Necronomicon":[9],"obtain_stats":[{"Darkstone Periapt":10,"Potion Belt":25,"Pear":8,"Golden Idol":4,"CeramicFish":12,"Omamori":26,"Mercury Hourglass":9,"Old Coin":23,"Du-Vu Doll":30,"OrangePellets":19,"Sundial":6,"Ornamental Fan":28,"Tiny Chest":11,"Philosopher\u0027s Stone":17,"Necronomicon":27,"PureWater":0},{"Darkstone Periapt":5,"Potion Belt":13,"Pear":4,"Golden Idol":2,"CeramicFish":7,"Omamori":13,"Mercury Hourglass":4,"Old Coin":13,"Du-Vu Doll":15,"OrangePellets":11,"Sundial":3,"Ornamental Fan":14,"Tiny Chest":5,"Philosopher\u0027s Stone":10,"Necronomicon":13,"PureWater":0},{"Darkstone Periapt":22,"Potion Belt":65,"Pear":15,"Golden Idol":6,"CeramicFish":32,"Omamori":65,"Mercury Hourglass":15,"Old Coin":65,"Du-Vu Doll":76,"OrangePellets":55,"Sundial":12,"Ornamental Fan":70,"Tiny Chest":22,"Philosopher\u0027s Stone":47,"Necronomicon":65,"PureWater":0}],"Mercury Hourglass":[218]},"card_choices":[{"not_picked":["Halt","FlyingSleeves"],"picked":"ThirdEye","floor":1},{"not_picked":["EmptyFist","Panacea"],"picked":"Protect","floor":3},{"not_picked":["Secret Weapon","Chrysalis"],"picked":"DevaForm","floor":6},{"not_picked":["Mayhem","Transmutation"],"picked":"LessonLearned","floor":8},{"not_picked":["Judgement","Sadistic Nature"],"picked":"Alpha","floor":10},{"not_picked":["MentalFortress","Swift Strike"],"picked":"BowlingBash","floor":11},{"not_picked":["Thinking Ahead","Violence","Metamorphosis"],"picked":"SKIP","floor":12},{"not_picked":["ThirdEye","SashWhip"],"picked":"Discovery","floor":13},{"not_picked":["FlyingSleeves","MentalFortress"],"picked":"EmptyBody","floor":14},{"not_picked":["Brilliance","MasterReality"],"picked":"Apotheosis","floor":16},{"not_picked":["Crescendo","PathToVictory"],"picked":"SandsOfTime","floor":18},{"not_picked":["Crescendo","Prostrate"],"picked":"Consecrate+1","floor":22},{"not_picked":["Ragnarok","Thinking Ahead"],"picked":"Omniscience","floor":23},{"not_picked":["LessonLearned","Mayhem","Chrysalis"],"picked":"SKIP","floor":28},{"not_picked":["Sadistic Nature","Thinking Ahead"],"picked":"Omniscience","floor":30},{"not_picked":["DeusExMachina","Metamorphosis"],"picked":"ConjureBlade","floor":33}],"player_experience":1136079,"relics_obtained":[{"floor":6,"key":"Sundial"},{"floor":8,"key":"Pear"},{"floor":9,"key":"Mercury Hourglass"},{"floor":10,"key":"Darkstone Periapt"},{"floor":12,"key":"CeramicFish"},{"floor":23,"key":"Old Coin"},{"floor":25,"key":"Potion Belt"},{"floor":26,"key":"Omamori"},{"floor":27,"key":"Necronomicon"},{"floor":28,"key":"Ornamental Fan"},{"floor":30,"key":"Du-Vu Doll"}],"event_choices":[{"damage_healed":0,"gold_gain":0,"player_choice":"Entered Light","damage_taken":14,"max_hp_gain":0,"max_hp_loss":0,"event_name":"Shining Light","floor":2,"gold_loss":0,"cards_upgraded":["Strike_B","Defend_G"]},{"damage_healed":0,"gold_gain":0,"player_choice":"Take Wound","damage_taken":0,"relics_obtained":["Golden Idol"],"max_hp_gain":0,"max_hp_loss":0,"event_name":"Golden Idol","floor":4,"gold_loss":0,"cards_obtained":["Injury"]},{"damage_healed":0,"gold_gain":0,"player_choice":"Searched \u00273\u0027 times","damage_taken":0,"relics_obtained":["Tiny Chest"],"max_hp_gain":0,"max_hp_loss":0,"event_name":"Dead Adventurer","floor":11,"gold_loss":0},{"cards_removed":["LessonLearned"],"damage_healed":0,"gold_gain":0,"player_choice":"Gave Gold","damage_taken":0,"max_hp_gain":0,"max_hp_loss":0,"event_name":"Beggar","floor":20,"gold_loss":75},{"damage_healed":0,"gold_gain":0,"player_choice":"Bought 1 Potion","damage_taken":0,"max_hp_gain":0,"max_hp_loss":0,"event_name":"The Woman in Blue","floor":21,"gold_loss":0},{"damage_healed":0,"gold_gain":0,"player_choice":"Obtained Book","damage_taken":16,"max_hp_gain":0,"max_hp_loss":0,"event_name":"Cursed Tome","floor":27,"gold_loss":0},{"damage_healed":0,"gold_gain":0,"player_choice":"Ignored","damage_taken":0,"max_hp_gain":0,"max_hp_loss":0,"event_name":"Vampires","floor":31,"gold_loss":0}],"is_beta":false,"boss_relics":[{"not_picked":["Cursed Key","Black Star"],"picked":"Philosopher\u0027s Stone"}],"items_purged_floors":[],"is_endless":false,"potions_floor_spawned":[6,8,10,11,14,16,18,33],"killed_by":"Collector","ascension_level":0}}