{"host":"vumwfieg2b2mnrfl","time":1612304764,"event":{"mods":["AchievementEnabler","BaseMod","Minty Spire (QoL Compilation)","Rare Cards Sparkle","Relic Stats"],"gold_per_floor":[116,129,129,129,144,172,172,322,322,355,80,80,49,82,82,82,82],"floor_reached":16,"language":"ENG","playtime":417,"items_purged":["Doubt"],"score":282,"play_id":"f68a6d5d-9537-4c42-93e8-500108550b61","local_time":"20210202162604","is_ascension_mode":true,"campfire_choices":[{"floor":7,"key":"REST"},{"floor":15,"key":"REST"}],"circlet_count":0,"master_deck":["AscendersBane","Strike_G","Strike_G","Strike_G","Defend_G","Defend_G","Defend_G","Defend_G","Defend_G","Survivor","Neutralize","Unload","Flying Knee","Calculated Gamble","Finisher","Noxious Fumes","Poisoned Stab","Blade Dance","Leg Sweep","Tactician"],"relics":["Ring of the Snake","InkBottle","HornCleat","Bag of Marbles","Anchor","The Courier","Frozen Egg 2"],"acts_visited":["Exordium"],"potions_floor_usage":[10,16],"damage_taken":[{"damage":0,"enemies":"2 Louse","floor":1,"turns":2},{"damage":2,"enemies":"Jaw Worm","floor":2,"turns":5},{"damage":0,"enemies":"Cultist","floor":5,"turns":3},{"damage":52,"enemies":"Gremlin Nob","floor":6,"turns":5},{"damage":20,"enemies":"3 Sentries","floor":10,"turns":10},{"damage":0,"enemies":"Gremlin Nob","floor":14,"turns":3},{"damage":40,"enemies":"Slime Boss","floor":16,"turns":7}],"seed_played":"4516359310280267313","potions_obtained":[{"floor":5,"key":"Regen Potion"},{"floor":14,"key":"DuplicationPotion"}],"is_trial":false,"path_per_floor":["M","M","?","?","M","E","R","?","T","E","$","T","$","E","R","B"],"character_chosen":"THE_SILENT","items_purchased":["Leg Sweep","Anchor","Tactician"],"campfire_rested":2,"item_purchase_floors":[11,11,13],"current_hp_per_floor":[59,57,57,57,57,5,24,24,24,19,19,19,19,19,38,0,0],"gold":82,"neow_bonus":"ONE_RANDOM_RARE_CARD","is_daily":false,"chose_seed":false,"campfire_upgraded":0,"win_rate":0.0,"timestamp":1612304764,"path_taken":["M","M","?","?","?","E","R","?","T","E","$","?","?","E","R","BOSS"],"items_purchased_type":["Card","Relic","Card"],"build_version":"2020-12-22","purchased_purges":1,"victory":false,"max_hp_per_floor":[66,66,66,66,66,66,66,66,66,66,66,66,66,66,66,66,66],"relic_stats":{"counters":[7,35],"obtain_stats":[{"Anchor":11,"HornCleat":9,"The Courier":12,"Bag of Marbles":10,"Frozen Egg 2":14,"InkBottle":6,"Ring of the Snake":0},{"Anchor":5,"HornCleat":4,"The Courier":5,"Bag of Marbles":5,"Frozen Egg 2":6,"InkBottle":4,"Ring of the Snake":0},{"Anchor":25,"HornCleat":15,"The Courier":25,"Bag of Marbles":25,"Frozen Egg 2":28,"InkBottle":15,"Ring of the Snake":0}],"InkBottle":[5],"Ring of the Snake":[14]},"card_choices":[{"not_picked":["Concentrate","Deflect"],"picked":"Flying Knee","floor":1},{"not_picked":["Skewer","Outmaneuver"],"picked":"Calculated Gamble","floor":2},{"not_picked":["Cloak And Dagger","Sucker Punch"],"picked":"Noxious Fumes","floor":5},{"not_picked":["Glass Knife","Quick Slash"],"picked":"Poisoned Stab","floor":6},{"not_picked":["Finisher","Bane"],"picked":"Blade Dance","floor":10},{"not_picked":["Flechettes","Slice","Quick Slash"],"picked":"SKIP","floor":14}],"player_experience":516434,"relics_obtained":[{"floor":6,"key":"InkBottle"},{"floor":9,"key":"HornCleat"},{"floor":10,"key":"Bag of Marbles"},{"floor":12,"key":"The Courier"},{"floor":14,"key":"Frozen Egg 2"}],"event_choices":[{"damage_healed":0,"gold_gain":0,"cards_transformed":["Strike_G"],"player_choice":"Change","damage_taken":0,"max_hp_gain":0,"max_hp_loss":0,"event_name":"Living Wall","floor":3,"gold_loss":0,"cards_obtained":["Finisher"]},{"cards_removed":["Strike_G"],"damage_healed":0,"gold_gain":0,"player_choice":"Offered Basic","damage_taken":0,"max_hp_gain":0,"max_hp_loss":0,"event_name":"Bonfire Elementals","floor":4,"gold_loss":0},{"damage_healed":0,"gold_gain":150,"player_choice":"AGREE","damage_taken":0,"max_hp_gain":0,"max_hp_loss":0,"event_name":"Liars Game","floor":8,"gold_loss":0,"cards_obtained":["Doubt"]}],"is_beta":false,"boss_relics":[],"items_purged_floors":[11],"is_endless":false,"potions_floor_spawned":[5,14],"killed_by":"Slime Boss","ascension_level":20}}