{"host":"v0byp44r5syn346h","time":1612232599,"event":{"mods":["2.2 Compatiblity","AchievementEnabler","Act Like it!","AlwaysNeverKeys","Aspiration","BaseMod","Bestiary","Better Altar","Better Match","Better Note","Better Sensory Stone","Better Skull","Better Third Choice","Better Vampires","BetterRewards","Card Filter","Colored Map","Colored Powertips","Conspire","Defuse TimeMaze Blight","Displayed Cursed Tome","Downfall","Friendly Minions","Gremlin Skip","Halation","Hallownest","Highlight Path","Hubris","Infinite Spire","Minty Spire (QoL Compilation)","Monster B Gone","Pale of the Ancients","Quarter Circle Forward PUNCH!","Quick Restart","Random Character Button","Rare Cards Sparkle","Relic Filter","Relic Stats","Reliquary","Reorder Act Four","Replay The Spire","Reworked Bosses","Shop Mod","Spicy Shops","Spikes Relics","StSLib","SuperFastMode","The Blue Laboratory","The Construct","Thieving Mod","Trackpad","Unknown Chances","egg"],"gold_per_floor":[116,116,41,51,81,115,130,146,170,198,209,241,261,291,291,368,368,383,394,394,414,431,464,464,489,489,489,509,544,563,576,576,647,647,661,661,678,691,394,394,405,405,405,424,455,469,480,499,499,499,519,535,535,41,41,58,58,358,358,358],"floor_reached":61,"language":"ENG","playtime":2271,"items_purged":["Strike_P","Strike_P+1"],"score":2183,"play_id":"359c200e-cdcc-436a-a376-9aa4e8144b2a","local_time":"20210202032319","is_ascension_mode":true,"campfire_choices":[{"data":"AscendersBane","floor":15,"key":"SMITH"},{"floor":24,"key":"REST"},{"floor":27,"key":"REST"},{"floor":32,"key":"DIG"},{"floor":40,"key":"REST"},{"data":"Corruption","floor":42,"key":"SMITH"},{"floor":49,"key":"REST"},{"data":"Alpha","floor":55,"key":"SMITH"},{"data":"DevaForm","floor":57,"key":"SMITH"}],"circlet_count":0,"master_deck":["Strike_P+1","Strike_P+1","Defend_P+1","Defend_P+1","Defend_P+1","Defend_P+1","Eruption+1","Vigilance+1","ThirdEye+1","LessonLearned+1","Protect+1","hubris:Fate+1","DeusExMachina+1","CutThroughFate+1","Blasphemy+1","FearNoEvil+1","TalkToTheHand+1","Alpha+1","Corruption+1","Glass Knife+1","Omniscience+1","hubris:Fate+1","ReplayTheSpireMod:From All Sides+1","DevaForm+1","Wireheading+1","ReplayUltimateDefense+1"],"relics":["PureWater","hubris:FunFungus","Whetstone","Kunai","PreservedInsect","halation:PrussianBluePaint","trackpad:RapidFire","Damaru","reliquary:RosewoodLute","conspire:SeveredTorchhead","Lantern","SpikesRelics:DaevaFist","halation:Toothbrush","qcfpunch:School_Backpack","Vajra","Painkiller Herb","TheAbacus","MerchantsRug","Bronze Scales","Frozen Egg 2","paleoftheancients:Timepiece","paleoftheancients:KeyRelic","paleoftheancients:SoulOfTheShowman","Incense Burner","hubris:NiceRug","Pantograph","Akabeko","reliquary:Buckler","ReplayTheSpireMod:Ninjato","HandDrill"],"acts_visited":["Exordium","TheCity","TheBeyond","TheBeyond"],"potions_floor_usage":[4,6,9,19,19,19,29,33,45,50],"damage_taken":[{"damage":0,"enemies":"Small Slimes","floor":1,"turns":3},{"damage":1,"enemies":"Cultist","floor":4,"turns":4},{"damage":7,"enemies":"Lagavulin","floor":5,"turns":6},{"damage":0,"enemies":"Gremlin Nob","floor":6,"turns":4},{"damage":7,"enemies":"Jaw Worm","floor":7,"turns":15},{"damage":3,"enemies":"Exordium Wildlife","floor":8,"turns":4},{"damage":0,"enemies":"Lagavulin","floor":10,"turns":2},{"damage":2,"enemies":"3 Louse","floor":11,"turns":6},{"damage":33,"enemies":"Gremlin Nob","floor":12,"turns":5},{"damage":0,"enemies":"Lots of Slimes","floor":13,"turns":1},{"damage":0,"enemies":"3 Sentries","floor":14,"turns":8},{"damage":0,"enemies":"Fading Forest","floor":16,"turns":2},{"damage":1,"enemies":"2 Thieves","floor":18,"turns":3},{"damage":13,"enemies":"3 Byrds","floor":19,"turns":5},{"damage":2,"enemies":"Shelled Parasite and Fungi","floor":21,"turns":5},{"damage":18,"enemies":"Snake Plant","floor":22,"turns":3},{"damage":0,"enemies":"Gremlin Leader","floor":23,"turns":3},{"damage":4,"enemies":"Slavers","floor":25,"turns":5},{"damage":8,"enemies":"Cultist and Chosen","floor":28,"turns":5},{"damage":5,"enemies":"Book of Stabbing","floor":29,"turns":4},{"damage":0,"enemies":"3 Cultists","floor":30,"turns":1},{"damage":14,"enemies":"Shelled Parasite and Fungi","floor":31,"turns":5},{"damage":41,"enemies":"bossMod:newChamp","floor":33,"turns":9},{"damage":31,"enemies":"3 Darklings","floor":35,"turns":4},{"damage":0,"enemies":"3 Shapes","floor":37,"turns":4},{"damage":8,"enemies":"Sphere and 2 Shapes","floor":38,"turns":3},{"damage":0,"enemies":"Transient","floor":41,"turns":2},{"damage":0,"enemies":"Spire Growth","floor":44,"turns":2},{"damage":39,"enemies":"Reptomancer","floor":45,"turns":3},{"damage":1,"enemies":"3 Darklings","floor":46,"turns":3},{"damage":0,"enemies":"Jaw Worm Horde","floor":47,"turns":2},{"damage":0,"enemies":"Spire Growth","floor":48,"turns":1},{"damage":29,"enemies":"infinitespire:MassOfShapes","floor":50,"turns":3},{"damage":5,"enemies":"infinitespire:MassOfShapes","floor":51,"turns":2},{"damage":18,"enemies":"infinitespire:MassOfShapes","floor":52,"turns":4},{"damage":5,"enemies":"infinitespire:MassOfShapes","floor":56,"turns":6},{"damage":0,"enemies":"hubris:Merchant","floor":58,"turns":2},{"damage":443,"enemies":"paleoftheancients:N","floor":60,"turns":8}],"seed_played":"-7980704195139157406","potions_obtained":[{"floor":4,"key":"blueLaboratory:AlphaPotion"},{"floor":5,"key":"Slimebound:ThreeZeroPotion"},{"floor":7,"key":"blueLaboratory:BottledTrinity"},{"floor":11,"key":"BlessingOfTheForge"},{"floor":16,"key":"EntropicBrew"},{"floor":18,"key":"blueLaboratory:PhilterOfMotion"},{"floor":22,"key":"LiquidBronze"},{"floor":30,"key":"Dexterity Potion"},{"floor":33,"key":"blueLaboratory:BottledTrinity"},{"floor":45,"key":"Milkshake"},{"floor":51,"key":"FearPotion"}],"is_trial":false,"path_per_floor":["M","?","$","M","E","E","M","M","T","E","M","E","M","E","R","B",null,"M","M","?","M","M","E","R","E","T","R","M","E","M","M","R_BF","B",null,"?","?","?","?","T","T","?","T","T","?","E","?","?","?","T","B","?","?","?","T","T","?","T","T","?","B",null],"character_chosen":"WATCHER","items_purchased":["qcfpunch:Challenger_Coin","ThirdEye","LessonLearned+1","Whetstone","Protect","TheAbacus","MerchantsRug","ReplayUltimateDefense+1","Incense Burner","Regen Potion"],"campfire_rested":4,"item_purchase_floors":[0,0,0,0,0,39,39,54,54,54],"current_hp_per_floor":[30,30,30,30,29,29,42,40,40,43,46,17,17,26,26,26,58,57,46,46,47,32,36,56,55,55,68,66,62,62,50,50,13,54,26,26,28,20,20,40,40,40,40,41,5,6,6,6,26,55,69,65,61,64,64,74,74,74,74,74],"gold":358,"neow_bonus":"","is_daily":false,"chose_seed":false,"campfire_upgraded":4,"win_rate":0.0,"timestamp":1612232599,"path_taken":["M","?","?","?","E","E","M","M","T","E","M","E","M","E","R","BOSS","M","M","?","M","?","E","R","E","T","R","M","E","M","M","R_BF","BOSS","?","?","?","?","T","T","?","T","T","?","E","?","?","?","T","BOSS","?","?","?","T","T","?","T","T","?","BOSS"],"items_purchased_type":["Potion","Card","Card","Relic","Card","Relic","Relic","Card","Relic","Potion"],"build_version":"2020-12-22","purchased_purges":2,"victory":true,"max_hp_per_floor":[68,68,68,68,68,68,68,68,68,68,68,68,68,68,68,68,68,68,68,68,68,68,68,68,68,68,68,68,68,68,68,68,68,68,68,68,68,68,68,68,68,68,68,68,68,68,68,68,68,71,71,71,71,74,74,74,74,74,74,74],"relic_stats":{"TheAbacus":[24],"counters":[66,280],"Bronze Scales":[110],"Pantograph":0,"PreservedInsect":275,"HandDrill":[0],"Whetstone":["Strike_P","Strike_P"],"Kunai":[46],"obtain_stats":[{"champ:DuelingGlove":0,"reliquary:FeatherDuster":2,"trackpad:Mousetrap":14,"Hallownest:UnbreakableCardRelic":22,"Vajra":32,"halation:Komachan":29,"qcfpunch:Red_Beret":23,"Whetstone":0,"AdjustmentMirror":10,"Boot":20,"trackpad:SneckoScepter":0,"conspire:SeveredTorchhead":17,"Replay:Ringing Soul":27,"halation:PrussianBluePaint":25,"HandDrill":58,"Kunai":5,"MerchantsRug":39,"paleoftheancients:KeyRelic":50,"construct:RocketBooster":0,"hubris:DuctTape":29,"ReplayTheSpireMod:SealedPack":17,"conspire:Boomerang":0,"Guardian:PocketSentry":0,"Akabeko":58,"hubris:Zylophone":9,"paleoftheancients:Timepiece":50,"qcfpunch:Broken_Tusk":28,"Hallownest:BankAccountRelic":13,"qcfpunch:School_Backpack":29,"Bronze Scales":43,"hubris:TenFootPole":0,"StrikeDummy":0,"paleoftheancients:SoulOfTheShowman":52,"Hallownest:StagBellRelic1":4,"Lantern":25,"reliquary:SilkGlove":0,"sneckomod:BlankCard":9,"trackpad:PetRock":25,"Painkiller Herb":34,"Juzu Bracelet":0,"Incense Burner":6,"Pet Ghost":14,"qcfpunch:Wild_Herbs_Ointment":11,"trackpad:Coffee":17,"CogitoBucket":0,"hubris:Backtick":0,"TheAbacus":39,"trackpad:RapidFire":10,"Pantograph":58,"reliquary:Buckler":58,"hubris:FunFungus":0,"halation:Toothbrush":26,"Chemical X":0,"trackpad:GuardianSpirit":2,"Gremlin Food":6,"Lee\u0027s Waffle":7,"BargainBundle":0,"ReplayTheSpireMod:Ninjato":58,"Guide Book":0,"Damaru":12,"champ:DeflectingBracers":0,"PreservedInsect":26,"aspiration:HummingbirdHeart":0,"Odd Mushroom":10,"reliquary:RosewoodLute":14,"Frozen Egg 2":45,"Durian":0,"SpikesRelics:DaevaFist":25,"PureWater":0,"hubris:NiceRug":58},{"champ:DuelingGlove":13,"reliquary:FeatherDuster":15,"trackpad:Mousetrap":20,"Hallownest:UnbreakableCardRelic":23,"Vajra":50,"halation:Komachan":26,"qcfpunch:Red_Beret":24,"Whetstone":28,"AdjustmentMirror":7,"Boot":22,"trackpad:SneckoScepter":28,"conspire:SeveredTorchhead":40,"Replay:Ringing Soul":25,"halation:PrussianBluePaint":24,"HandDrill":65,"Kunai":31,"MerchantsRug":54,"paleoftheancients:KeyRelic":61,"construct:RocketBooster":13,"hubris:DuctTape":26,"ReplayTheSpireMod:SealedPack":11,"conspire:Boomerang":13,"Guardian:PocketSentry":28,"Akabeko":65,"hubris:Zylophone":5,"paleoftheancients:Timepiece":61,"qcfpunch:Broken_Tusk":26,"Hallownest:BankAccountRelic":20,"qcfpunch:School_Backpack":48,"Bronze Scales":55,"hubris:TenFootPole":13,"StrikeDummy":13,"paleoftheancients:SoulOfTheShowman":63,"Hallownest:StagBellRelic1":16,"Lantern":24,"reliquary:SilkGlove":13,"sneckomod:BlankCard":19,"trackpad:PetRock":24,"Painkiller Herb":51,"Juzu Bracelet":13,"Incense Burner":18,"Pet Ghost":10,"qcfpunch:Wild_Herbs_Ointment":8,"trackpad:Coffee":21,"CogitoBucket":0,"hubris:Backtick":13,"TheAbacus":54,"trackpad:RapidFire":35,"Pantograph":65,"reliquary:Buckler":65,"hubris:FunFungus":28,"halation:Toothbrush":46,"Chemical X":13,"trackpad:GuardianSpirit":2,"Gremlin Food":5,"Lee\u0027s Waffle":5,"BargainBundle":13,"ReplayTheSpireMod:Ninjato":65,"Guide Book":13,"Damaru":37,"champ:DeflectingBracers":13,"PreservedInsect":24,"aspiration:HummingbirdHeart":28,"Odd Mushroom":19,"reliquary:RosewoodLute":39,"Frozen Egg 2":57,"Durian":13,"SpikesRelics:DaevaFist":46,"PureWater":0,"hubris:NiceRug":65},{"champ:DuelingGlove":76,"reliquary:FeatherDuster":82,"trackpad:Mousetrap":95,"Hallownest:UnbreakableCardRelic":106,"Vajra":222,"halation:Komachan":120,"qcfpunch:Red_Beret":110,"Whetstone":123,"AdjustmentMirror":33,"Boot":104,"trackpad:SneckoScepter":123,"conspire:SeveredTorchhead":183,"Replay:Ringing Soul":116,"halation:PrussianBluePaint":110,"HandDrill":272,"Kunai":136,"MerchantsRug":242,"paleoftheancients:KeyRelic":258,"construct:RocketBooster":76,"hubris:DuctTape":120,"ReplayTheSpireMod:SealedPack":73,"conspire:Boomerang":76,"Guardian:PocketSentry":123,"Akabeko":272,"hubris:Zylophone":23,"paleoftheancients:Timepiece":258,"qcfpunch:Broken_Tusk":120,"Hallownest:BankAccountRelic":95,"qcfpunch:School_Backpack":216,"Bronze Scales":244,"hubris:TenFootPole":76,"StrikeDummy":76,"paleoftheancients:SoulOfTheShowman":264,"Hallownest:StagBellRelic1":85,"Lantern":110,"reliquary:SilkGlove":76,"sneckomod:BlankCard":93,"trackpad:PetRock":110,"Painkiller Herb":231,"Juzu Bracelet":76,"Incense Burner":89,"Pet Ghost":62,"qcfpunch:Wild_Herbs_Ointment":40,"trackpad:Coffee":101,"CogitoBucket":0,"hubris:Backtick":76,"TheAbacus":242,"trackpad:RapidFire":161,"Pantograph":272,"reliquary:Buckler":272,"hubris:FunFungus":123,"halation:Toothbrush":207,"Chemical X":76,"trackpad:GuardianSpirit":8,"Gremlin Food":23,"Lee\u0027s Waffle":23,"BargainBundle":76,"ReplayTheSpireMod:Ninjato":272,"Guide Book":76,"Damaru":172,"champ:DeflectingBracers":76,"PreservedInsect":110,"aspiration:HummingbirdHeart":123,"Odd Mushroom":93,"reliquary:RosewoodLute":181,"Frozen Egg 2":249,"Durian":76,"SpikesRelics:DaevaFist":207,"PureWater":0,"hubris:NiceRug":272}]},"card_choices":[{"not_picked":["Protect","JustLucky","FollowUp"],"picked":"SKIP","floor":1},{"not_picked":["WreathOfFlame","ClearTheMind","Wireheading"],"picked":"SKIP","floor":4},{"not_picked":["ClearTheMind","Nirvana"],"picked":"DeusExMachina","floor":5},{"not_picked":["EmptyMind","Protect","Replay:ManipulateFuture"],"picked":"SKIP","floor":6},{"not_picked":["WindmillStrike","JustLucky","Protect"],"picked":"SKIP","floor":7},{"not_picked":["WheelKick","WaveOfTheHand"],"picked":"CutThroughFate","floor":8},{"not_picked":["EmptyFist","Prostrate","FlyingSleeves"],"picked":"SKIP","floor":10},{"not_picked":["EmptyFist","FlurryOfBlows","ReachHeaven"],"picked":"SKIP","floor":11},{"not_picked":["Consecrate","Replay:Anticipation","Replay:Cycle"],"picked":"SKIP","floor":12},{"not_picked":["CrushJoints","WindmillStrike","JustLucky"],"picked":"SKIP","floor":13},{"not_picked":["Evaluate","Replay:ManipulateFuture","Replay:Hum"],"picked":"SKIP","floor":14},{"not_picked":["Ragnarok","LessonLearned"],"picked":"Blasphemy","floor":16},{"not_picked":["Prostrate+1","BowlingBash","Nirvana"],"picked":"SKIP","floor":18},{"not_picked":["ReachHeaven","Meditate+1","CutThroughFate"],"picked":"SKIP","floor":19},{"not_picked":["Replay:ManipulateFuture","SashWhip"],"picked":"FearNoEvil+1","floor":21},{"not_picked":["FlyingSleeves","Protect"],"picked":"TalkToTheHand","floor":22},{"not_picked":["InnerPeace","CrushJoints","FlyingSleeves"],"picked":"SKIP","floor":23},{"not_picked":["Conclude","Crescendo","Consecrate"],"picked":"SKIP","floor":25},{"not_picked":["FlurryOfBlows","Prostrate","ThirdEye"],"picked":"SKIP","floor":28},{"not_picked":["Indignation","Evaluate"],"picked":"Alpha","floor":29},{"not_picked":["Wild Strike","Replay:Undeath\u0027s Touch"],"picked":"Corruption","floor":30},{"not_picked":["Replay:ManipulateFuture","ThirdEye","Crescendo"],"picked":"SKIP","floor":30},{"not_picked":["Redo","Conserve Battery","aspiration:Polymerization"],"picked":"SKIP","floor":31},{"not_picked":["FollowUp","CutThroughFate+1","FlyingSleeves"],"picked":"SKIP","floor":31},{"not_picked":["Atom Bomb","Venomology"],"picked":"Glass Knife","floor":33},{"not_picked":["Alpha","Ragnarok"],"picked":"Omniscience","floor":33},{"not_picked":["Sweeping Beam","Genetic Algorithm","Storm"],"picked":"SKIP","floor":35},{"not_picked":["Prostrate","JustLucky","CutThroughFate"],"picked":"SKIP","floor":35},{"not_picked":["ShadowRift","Dagger Spray"],"picked":"ReplayTheSpireMod:From All Sides","floor":37},{"not_picked":["Tantrum","Replay:BluntJabs","Swivel+1"],"picked":"SKIP","floor":37},{"not_picked":["ThirdEye","Consecrate","EmptyMind"],"picked":"SKIP","floor":38},{"not_picked":["PathToVictory","WheelKick"],"picked":"DevaForm","floor":41},{"not_picked":["Replay:ManipulateFuture","Evaluate","EmptyMind"],"picked":"SKIP","floor":44},{"not_picked":["EmptyMind","ThirdEye","FlyingSleeves+1"],"picked":"SKIP","floor":45},{"not_picked":["InnerPeace+1","EmptyBody"],"picked":"Wireheading+1","floor":46},{"not_picked":["ClearTheMind+1","CutThroughFate","Replay:AtTheReady+1"],"picked":"SKIP","floor":47},{"not_picked":["FlurryOfBlows+1","Replay:Anticipation","Evaluate"],"picked":"SKIP","floor":48},{"not_picked":["Replay:DivineShield","ClearTheMind","FollowUp"],"picked":"SKIP","floor":51},{"not_picked":["Weave+1","Worship","FlyingSleeves"],"picked":"SKIP","floor":52},{"not_picked":["CrushJoints","Prostrate","Perseverance+1"],"picked":"SKIP","floor":56},{"not_picked":["Conclude"],"picked":"SKIP","floor":58},{"not_picked":["Tantrum"],"picked":"SKIP","floor":58},{"not_picked":["DeceiveReality"],"picked":"SKIP","floor":58},{"not_picked":["SpiritShield"],"picked":"SKIP","floor":58},{"not_picked":["LikeWater+1"],"picked":"SKIP","floor":58},{"not_picked":["Sharp Hide"],"picked":"SKIP","floor":58},{"not_picked":["Sadistic Nature+1"],"picked":"SKIP","floor":58}],"player_experience":864824,"relics_obtained":[{"floor":5,"key":"Kunai"},{"floor":6,"key":"PreservedInsect"},{"floor":9,"key":"halation:PrussianBluePaint"},{"floor":10,"key":"trackpad:RapidFire"},{"floor":12,"key":"Damaru"},{"floor":14,"key":"reliquary:RosewoodLute"},{"floor":23,"key":"Lantern"},{"floor":25,"key":"SpikesRelics:DaevaFist"},{"floor":26,"key":"halation:Toothbrush"},{"floor":29,"key":"qcfpunch:School_Backpack"},{"floor":32,"key":"Vajra"},{"floor":43,"key":"Bronze Scales"},{"floor":45,"key":"Frozen Egg 2"},{"floor":52,"key":"paleoftheancients:SoulOfTheShowman"},{"floor":58,"key":"Pantograph"},{"floor":58,"key":"Akabeko"},{"floor":58,"key":"reliquary:Buckler"},{"floor":58,"key":"ReplayTheSpireMod:Ninjato"},{"floor":58,"key":"HandDrill"}],"event_choices":[{"cards_removed":["hubris:Fate"],"damage_healed":0,"gold_gain":0,"player_choice":"Take \u0026 Give","damage_taken":0,"max_hp_gain":0,"max_hp_loss":0,"event_name":"betterNote:BetterNote","floor":2,"gold_loss":0,"cards_obtained":["hubris:Fate"]},{"damage_healed":0,"gold_gain":0,"player_choice":"Upgraded","damage_taken":0,"max_hp_gain":0,"max_hp_loss":0,"event_name":"Upgrade Shrine","floor":20,"gold_loss":0,"cards_upgraded":["Defend_P"]},{"damage_healed":0,"gold_gain":0,"player_choice":"Copied","damage_taken":0,"max_hp_gain":0,"max_hp_loss":0,"event_name":"Duplicator","floor":36,"gold_loss":0,"cards_obtained":["hubris:Fate"]},{"damage_healed":0,"gold_gain":0,"player_choice":"Leave","damage_taken":0,"max_hp_gain":0,"max_hp_loss":0,"event_name":"conspire:Investor","floor":53,"gold_loss":0}],"is_beta":false,"boss_relics":[{"not_picked":["bronze:MakeshiftBattery","Runic Dome"],"picked":"conspire:SeveredTorchhead"},{"not_picked":["aspiration:SecretTechniqueScroll","CosmicIsotope"],"picked":"Painkiller Herb"}],"items_purged_floors":[3,54],"is_endless":false,"potions_floor_spawned":[4,5,7,11,16,18,22,25,30,33,38,44,45,47,51,56],"ascension_level":15}}