{"host":"f76wcztdlwlduum6","time":1612232318,"event":{"mods":["BaseMod","BetterRewards","Colored Powertips","Downfall","Minty Spire (QoL Compilation)","Quick Restart","Rare Cards Sparkle","Relic Stats","StSLib","SuperFastMode","everything is the same but u backflip on backflip"],"gold_per_floor":[117,117,131,67,84,110,110,129,184,214,232,69,97,116,116,195,195,205,224,235,249,260,291,291,291,342,267,341,441,7,35,35,107,107,127,127,127,143,143,143,180,213,236,250,250,322,347,363,363,363,363,363,50,81,81],"floor_reached":56,"language":"ENG","playtime":2152,"items_purged":["Defend_G","Writhe","Injury"],"score":3164,"play_id":"d9b78e00-e439-4691-8f73-f8da3e25ff2c","local_time":"20210201201838","is_ascension_mode":true,"campfire_choices":[{"data":"Noxious Fumes","floor":7,"key":"SMITH"},{"data":"Noxious Fumes","floor":15,"key":"SMITH"},{"floor":25,"key":"RECALL"},{"data":"Envenom","floor":32,"key":"SMITH"},{"data":"After Image","floor":40,"key":"SMITH"},{"data":"After Image","floor":45,"key":"SMITH"},{"data":"Footwork","floor":49,"key":"SMITH"},{"data":"Sadistic Nature","floor":52,"key":"SMITH"}],"circlet_count":0,"master_deck":["AscendersBane","Survivor","Neutralize","Noxious Fumes+1","Skewer+1","Noxious Fumes+1","Noxious Fumes+1","Dodge and Roll+1","Dodge and Roll+1","Dodge and Roll","Footwork","Envenom+1","Dodge and Roll","Escape Plan","PiercingWail","Footwork+1","Leg Sweep","After Image+1","Finesse","Finesse","Escape Plan","After Image+1","Noxious Fumes","Sadistic Nature+1","Noxious Fumes+1","downfall:Malfunctioning","PiercingWail","Well Laid Plans+1","Finesse"],"relics":["Ring of the Snake","Chemical X","Eternal Feather","Pocketwatch","downfall:HeartBlessingBlue","Pear","Peace Pipe","Prayer Wheel","Letter Opener","Vajra","Mummified Hand","Snake Skull","Medical Kit","Sundial","Cursed Key","sneckomod:BlankCard","Regal Pillow","Paper Crane","Shovel","Thread and Needle","Art of War","Coffee Dripper","Lee\u0027s Waffle","Juzu Bracelet","Smiling Mask","hexamod:CandleOfCauterizing","Mango","Strawberry","Boot"],"acts_visited":["Exordium","TheCity","TheBeyond","TheEnding"],"potions_floor_usage":[29,47,55,55],"damage_taken":[{"damage":1,"enemies":"Small Slimes","floor":1,"turns":3},{"damage":0,"enemies":"Cultist","floor":3,"turns":2},{"damage":0,"enemies":"Jaw Worm","floor":5,"turns":2},{"damage":0,"enemies":"Lagavulin","floor":6,"turns":4},{"damage":0,"enemies":"2 Fungi Beasts","floor":8,"turns":3},{"damage":0,"enemies":"Gremlin Nob","floor":10,"turns":2},{"damage":0,"enemies":"Large Slime","floor":11,"turns":2},{"damage":0,"enemies":"Lagavulin","floor":13,"turns":4},{"damage":0,"enemies":"Blue Slaver","floor":14,"turns":3},{"damage":0,"enemies":"Hexaghost","floor":16,"turns":5},{"damage":0,"enemies":"Chosen","floor":18,"turns":4},{"damage":1,"enemies":"Shell Parasite","floor":19,"turns":3},{"damage":6,"enemies":"Cultist and Chosen","floor":20,"turns":4},{"damage":16,"enemies":"Snake Plant","floor":21,"turns":4},{"damage":3,"enemies":"Sentry and Sphere","floor":22,"turns":4},{"damage":12,"enemies":"Slavers","floor":23,"turns":5},{"damage":3,"enemies":"Colosseum Slavers","floor":29,"turns":4},{"damage":0,"enemies":"Colosseum Nobs","floor":29,"turns":3},{"damage":0,"enemies":"Gremlin Leader","floor":31,"turns":6},{"damage":0,"enemies":"Collector","floor":33,"turns":8},{"damage":25,"enemies":"3 Shapes","floor":35,"turns":4},{"damage":0,"enemies":"Orb Walker","floor":38,"turns":3},{"damage":33,"enemies":"Reptomancer","floor":42,"turns":5},{"damage":12,"enemies":"3 Darklings","floor":44,"turns":5},{"damage":0,"enemies":"Nemesis","floor":47,"turns":5},{"damage":0,"enemies":"Spire Growth","floor":48,"turns":4},{"damage":13,"enemies":"Donu and Deca","floor":50,"turns":7},{"damage":23,"enemies":"Shield and Spear","floor":54,"turns":8},{"damage":43,"enemies":"The Heart","floor":55,"turns":9}],"seed_played":"4594661911679860904","potions_obtained":[{"floor":6,"key":"CunningPotion"},{"floor":8,"key":"Energy Potion"},{"floor":33,"key":"Poison Potion"},{"floor":54,"key":"Ancient Potion"}],"is_trial":false,"path_per_floor":["M","?","M","?","M","E","R","M","T","E","M","$","E","M","R","B",null,"M","M","M","M","M","E","?","R","T","?","T","?","$","E","R","B",null,"M","?","?","M","?","R","$","E","T","M","R","T","E","M","R","B",null,"R","$","E","B",null],"character_chosen":"THE_SILENT","items_purchased":["Chemical X","Footwork","Eternal Feather","Pear","Noxious Fumes","Peace Pipe","Noxious Fumes","Prayer Wheel","Medical Kit","Thread and Needle","Sadistic Nature","Lee\u0027s Waffle","Finesse","Strawberry"],"campfire_rested":0,"item_purchase_floors":[0,0,0,0,0,0,0,0,12,30,41,41,53,53],"current_hp_per_floor":[78,71,71,71,71,71,74,74,74,74,74,74,74,74,80,80,85,85,84,78,62,59,47,47,56,56,56,56,53,53,53,62,62,80,55,45,45,45,45,57,89,56,56,44,59,59,73,73,88,75,96,103,110,87,44],"gold":81,"neow_bonus":"","is_daily":false,"chose_seed":false,"campfire_upgraded":7,"win_rate":0.0,"timestamp":1612232318,"path_taken":["M","?","M","?","M","E","R","M","T","E","M","$","E","?","R","BOSS","M","?","M","M","M","E","?","R","T","?","?","?","$","E","R","BOSS","M","?","?","M","?","R","?","E","T","M","R","?","E","M","R","BOSS","R","$","E","BOSS"],"items_purchased_type":["Relic","Card","Relic","Relic","Card","Relic","Card","Relic","Relic","Relic","Card","Relic","Card","Relic"],"build_version":"2020-12-22","purchased_purges":3,"victory":true,"max_hp_per_floor":[86,86,86,86,86,86,86,86,86,86,86,86,86,86,86,86,86,86,86,86,86,86,86,86,86,86,86,86,86,86,86,86,86,86,86,86,82,82,82,82,89,89,89,89,89,89,103,103,103,103,103,103,110,110,110],"relic_stats":{"Regal Pillow":0,"Lee\u0027s Waffle":32,"counters":[55,213],"Eternal Feather":76,"Snake Skull":[288],"Juzu Bracelet":2,"Letter Opener":[444],"Medical Kit":[110],"Cursed Key":4,"Smiling Mask":75,"Boot":[21],"Peace Pipe":0,"Shovel":0,"Mummified Hand":[228],"Sundial":[22],"Prayer Wheel":32,"Art of War":[23],"Chemical X":[57],"obtain_stats":[{"Nilry\u0027s Codex":28,"Vajra":6,"Boot":8,"Sling":21,"Blood Vial":48,"Centennial Puzzle":41,"DollysMirror":35,"Sundial":13,"Strawberry":53,"Prayer Wheel":0,"Kunai":12,"Pear":0,"Blue Candle":14,"Eternal Feather":0,"Letter Opener":4,"Paper Crane":28,"Question Card":0,"OrangePellets":48,"Bottled Flame":21,"Bronze Scales":7,"Black Star":17,"Unceasing Top":8,"Pocketwatch":0,"Lantern":29,"bronze:ElectromagneticCoil":34,"Regal Pillow":26,"bronze:BronzeCore":0,"Singing Bowl":0,"sneckomod:BlankCard":23,"Mango":47,"Snake Skull":10,"Juzu Bracelet":0,"Cursed Key":17,"Smiling Mask":43,"Shovel":29,"Mummified Hand":31,"downfall:HeartBlessingBlue":0,"Toolbox":47,"Chemical X":0,"Lee\u0027s Waffle":41,"hexamod:CandleOfCauterizing":46,"Thread and Needle":30,"Frozen Egg 2":21,"Medical Kit":8,"Mercury Hourglass":2,"bronze:BronzeIdol":43,"Peace Pipe":46,"Art of War":31,"Coffee Dripper":34,"Membership Card":8,"hexamod:BolsterEngine":43},{"Nilry\u0027s Codex":13,"Vajra":30,"Boot":4,"Sling":11,"Blood Vial":24,"Centennial Puzzle":20,"DollysMirror":17,"Sundial":34,"Strawberry":53,"Prayer Wheel":0,"Kunai":6,"Pear":26,"Blue Candle":6,"Eternal Feather":26,"Letter Opener":28,"Paper Crane":42,"Question Card":0,"OrangePellets":24,"Bottled Flame":11,"Bronze Scales":3,"Black Star":8,"Unceasing Top":4,"Pocketwatch":26,"Lantern":14,"bronze:ElectromagneticCoil":17,"Regal Pillow":42,"bronze:BronzeCore":0,"Singing Bowl":0,"sneckomod:BlankCard":42,"Mango":51,"Snake Skull":32,"Juzu Bracelet":0,"Cursed Key":36,"Smiling Mask":49,"Shovel":44,"Mummified Hand":15,"downfall:HeartBlessingBlue":26,"Toolbox":24,"Chemical X":26,"Lee\u0027s Waffle":48,"hexamod:CandleOfCauterizing":50,"Thread and Needle":44,"Frozen Egg 2":11,"Medical Kit":4,"Mercury Hourglass":1,"bronze:BronzeIdol":22,"Peace Pipe":24,"Art of War":45,"Coffee Dripper":46,"Membership Card":4,"hexamod:BolsterEngine":22},{"Nilry\u0027s Codex":45,"Vajra":99,"Boot":22,"Sling":37,"Blood Vial":79,"Centennial Puzzle":70,"DollysMirror":60,"Sundial":110,"Strawberry":196,"Prayer Wheel":0,"Kunai":25,"Pear":88,"Blue Candle":25,"Eternal Feather":88,"Letter Opener":93,"Paper Crane":142,"Question Card":0,"OrangePellets":79,"Bottled Flame":37,"Bronze Scales":18,"Black Star":27,"Unceasing Top":20,"Pocketwatch":88,"Lantern":46,"bronze:ElectromagneticCoil":60,"Regal Pillow":142,"bronze:BronzeCore":0,"Singing Bowl":0,"sneckomod:BlankCard":142,"Mango":185,"Snake Skull":104,"Juzu Bracelet":0,"Cursed Key":118,"Smiling Mask":175,"Shovel":149,"Mummified Hand":48,"downfall:HeartBlessingBlue":88,"Toolbox":79,"Chemical X":88,"Lee\u0027s Waffle":170,"hexamod:CandleOfCauterizing":180,"Thread and Needle":149,"Frozen Egg 2":37,"Medical Kit":20,"Mercury Hourglass":3,"bronze:BronzeIdol":73,"Peace Pipe":79,"Art of War":155,"Coffee Dripper":163,"Membership Card":22,"hexamod:BolsterEngine":73}],"Ring of the Snake":[58],"Pocketwatch":[10]},"card_choices":[{"not_picked":["Flying Knee","Backflip","Predator"],"picked":"SKIP","floor":1},{"not_picked":["Masterful Stab","Finisher","Flying Knee"],"picked":"SKIP","floor":1},{"not_picked":["Distraction","Predator","Bane"],"picked":"SKIP","floor":3},{"not_picked":["Blur","PiercingWail","Sucker Punch"],"picked":"SKIP","floor":3},{"not_picked":["Backflip","Blur","Night Terror"],"picked":"SKIP","floor":5},{"not_picked":["Setup","Blade Dance","Backstab"],"picked":"SKIP","floor":5},{"not_picked":["Deflect","Underhanded Strike","Dash"],"picked":"SKIP","floor":6},{"not_picked":["Deflect","Prepared","Flying Knee"],"picked":"SKIP","floor":8},{"not_picked":["Deflect","Sucker Punch","Blade Dance"],"picked":"SKIP","floor":8},{"not_picked":["Expertise","Underhanded Strike","Storm of Steel"],"picked":"SKIP","floor":10},{"not_picked":["Quick Slash","Finisher"],"picked":"Dodge and Roll","floor":11},{"not_picked":["Sucker Punch","Quick Slash","Distraction"],"picked":"SKIP","floor":11},{"not_picked":["Expertise","Bane"],"picked":"Footwork","floor":13},{"not_picked":["Flying Knee","Bouncing Flask","Die Die Die"],"picked":"SKIP","floor":14},{"not_picked":["Flying Knee","Well Laid Plans","Deflect"],"picked":"SKIP","floor":14},{"not_picked":["Burst","Grand Finale"],"picked":"Envenom","floor":16},{"not_picked":["Prepared","Well Laid Plans"],"picked":"Dodge and Roll","floor":18},{"not_picked":["Sucker Punch","Outmaneuver"],"picked":"Escape Plan","floor":18},{"not_picked":["Caltrops","Slice"],"picked":"PiercingWail","floor":19},{"not_picked":["Blade Dance","Dagger Throw","Quick Slash"],"picked":"SKIP","floor":19},{"not_picked":["Blur","Noxious Fumes"],"picked":"Footwork","floor":20},{"not_picked":["Heel Hook+1","Backflip","Tactician"],"picked":"SKIP","floor":20},{"not_picked":["Eviscerate","Sucker Punch","Cloak And Dagger"],"picked":"SKIP","floor":21},{"not_picked":["Bane","Grand Finale","Riddle With Holes"],"picked":"SKIP","floor":21},{"not_picked":["Dash","Slice","Dagger Throw"],"picked":"SKIP","floor":22},{"not_picked":["Reflex","Dagger Spray","Prepared"],"picked":"SKIP","floor":22},{"not_picked":["Heel Hook","Poisoned Stab"],"picked":"Leg Sweep","floor":23},{"not_picked":["Backflip","Outmaneuver","Glass Knife"],"picked":"SKIP","floor":31},{"not_picked":["Corpse Explosion","Wraith Form v2"],"picked":"After Image","floor":33},{"not_picked":["Acrobatics","Masterful Stab","Prepared"],"picked":"SKIP","floor":35},{"not_picked":["Flying Knee","Reflex","Calculated Gamble"],"picked":"SKIP","floor":35},{"not_picked":["Reflex","Underhanded Strike+1"],"picked":"Escape Plan","floor":38},{"not_picked":["Dagger Spray","Underhanded Strike","Cloak And Dagger+1"],"picked":"SKIP","floor":38},{"not_picked":["Dagger Throw","Underhanded Strike","Backflip"],"picked":"SKIP","floor":42},{"not_picked":["Dodge and Roll","Outmaneuver+1"],"picked":"Noxious Fumes+1","floor":44},{"not_picked":["Terror","Leg Sweep","Flying Knee"],"picked":"SKIP","floor":44},{"not_picked":["Glass Knife","Cloak And Dagger","Slice+1"],"picked":"SKIP","floor":47},{"not_picked":["Predator","Slice+1"],"picked":"PiercingWail","floor":48},{"not_picked":["Quick Slash+1","Slice"],"picked":"Well Laid Plans+1","floor":48},{"not_picked":["Poisoned Stab","Heel Hook","Distraction+1"],"picked":"SKIP","floor":54}],"player_experience":258872,"relics_obtained":[{"floor":6,"key":"Vajra"},{"floor":10,"key":"Snake Skull"},{"floor":13,"key":"Sundial"},{"floor":23,"key":"sneckomod:BlankCard"},{"floor":26,"key":"Regal Pillow"},{"floor":28,"key":"Paper Crane"},{"floor":29,"key":"Shovel"},{"floor":31,"key":"Art of War"},{"floor":42,"key":"Juzu Bracelet"},{"floor":43,"key":"Smiling Mask"},{"floor":46,"key":"hexamod:CandleOfCauterizing"},{"floor":47,"key":"Mango"},{"floor":54,"key":"Boot"}],"event_choices":[{"cards_removed":["Defend_G"],"damage_healed":0,"gold_gain":0,"player_choice":"Card Removal","damage_taken":7,"max_hp_gain":0,"max_hp_loss":0,"event_name":"Golden Wing","floor":2,"gold_loss":0},{"damage_healed":0,"gold_gain":0,"player_choice":"Paid Gold","damage_taken":0,"relics_obtained":["Letter Opener"],"max_hp_gain":0,"max_hp_loss":0,"event_name":"WeMeetAgain","floor":4,"gold_loss":64},{"damage_healed":0,"gold_gain":0,"player_choice":"Ignored","damage_taken":0,"max_hp_gain":0,"max_hp_loss":0,"event_name":"Vampires","floor":24,"gold_loss":0},{"cards_removed":["Injury"],"damage_healed":0,"gold_gain":0,"player_choice":"Gave Gold","damage_taken":0,"max_hp_gain":0,"max_hp_loss":0,"event_name":"Beggar","floor":27,"gold_loss":75},{"damage_healed":0,"gold_gain":0,"player_choice":"Fight","damage_taken":0,"max_hp_gain":0,"max_hp_loss":0,"event_name":"Colosseum","floor":29,"gold_loss":0},{"damage_healed":0,"gold_gain":0,"player_choice":"Fought Nobs","damage_taken":0,"max_hp_gain":0,"max_hp_loss":0,"event_name":"Colosseum","floor":29,"gold_loss":0},{"damage_healed":0,"gold_gain":0,"player_choice":"Memory 3","damage_taken":10,"max_hp_gain":0,"max_hp_loss":0,"event_name":"SensoryStone","floor":36,"gold_loss":0},{"damage_healed":0,"gold_gain":0,"player_choice":"Max HP","damage_taken":0,"max_hp_gain":0,"max_hp_loss":4,"event_name":"Winding Halls","floor":37,"gold_loss":0},{"damage_healed":0,"gold_gain":0,"player_choice":"2 cards matched","damage_taken":0,"max_hp_gain":0,"max_hp_loss":0,"event_name":"Match and Keep!","floor":39,"gold_loss":0,"cards_obtained":["After Image","Noxious Fumes"]}],"is_beta":false,"boss_relics":[{"not_picked":["bronze:MakeshiftBattery","SacredBark"],"picked":"Cursed Key"},{"not_picked":["Pandora\u0027s Box","Snecko Eye"],"picked":"Coffee Dripper"}],"items_purged_floors":[0,30,53],"is_endless":false,"potions_floor_spawned":[6,8,10,11,21,23,33,35,38,44,54],"ascension_level":18}}