{"host":"yqw1zpryoutrnocq","time":1612272661,"event":{"mods":["2.2 Compatiblity","AchievementEnabler","BaseMod","Colored Map","Custom Start","DeckTracker","Minty Spire (QoL Compilation)","StSLib","SuperFastMode"],"gold_per_floor":[159,159,34,72,72,72,129,129,177,212,212,212,212,250,250,376,376,462,504,572,70,160,160,259,290,290,290,333,333,43,88,88,88,88],"floor_reached":33,"language":"KOR","playtime":844,"items_purged":["Strike_R","Strike_R"],"score":328,"play_id":"b8ae5c3a-e1b8-40a5-98d1-48f33f7ee630","local_time":"20210202073101","is_ascension_mode":true,"campfire_choices":[{"data":"HandOfGreed","floor":6.0,"key":"SMITH"},{"data":"Burning Pact","floor":8.0,"key":"SMITH"},{"data":"Inflame","floor":11.0,"key":"SMITH"},{"floor":15.0,"key":"REST"},{"floor":23.0,"key":"REST"},{"data":"Seeing Red","floor":27.0,"key":"SMITH"},{"floor":32.0,"key":"REST"}],"circlet_count":0,"master_deck":["Strike_R","Strike_R","Strike_R","Defend_R","Defend_R","Defend_R","Defend_R","Bash","HandOfGreed+1","Pommel Strike","Wild Strike","Burning Pact+1","Inflame+1","Impervious","Reaper","Seeing Red+1","Body Slam","HandOfGreed+1","Feel No Pain+1","True Grit+1","Body Slam","Sentinel+1"],"relics":["Burning Blood","Unceasing Top","Bag of Marbles","Tiny Chest","Frozen Egg 2","Ancient Tea Set","Sozu","DollysMirror","Bottled Tornado","StrikeDummy","Charon\u0027s Ashes","Calipers","Girya"],"acts_visited":["Exordium","TheCity"],"potions_floor_usage":[],"damage_taken":[{"damage":7.0,"enemies":"2 Louse","floor":1.0,"turns":4.0},{"damage":8.0,"enemies":"Jaw Worm","floor":4.0,"turns":4.0},{"damage":22.0,"enemies":"Gremlin Nob","floor":7.0,"turns":4.0},{"damage":35.0,"enemies":"3 Sentries","floor":10.0,"turns":8.0},{"damage":0.0,"enemies":"Cultist","floor":14.0,"turns":4.0},{"damage":39.0,"enemies":"The Guardian","floor":16.0,"turns":11.0},{"damage":27.0,"enemies":"3 Byrds","floor":18.0,"turns":6.0},{"damage":31.0,"enemies":"2 Thieves","floor":19.0,"turns":5.0},{"damage":26.0,"enemies":"Centurion and Healer","floor":20.0,"turns":7.0},{"damage":44.0,"enemies":"3 Cultists","floor":22.0,"turns":6.0},{"damage":23.0,"enemies":"Book of Stabbing","floor":25.0,"turns":4.0},{"damage":0.0,"enemies":"Snake Plant","floor":28.0,"turns":2.0},{"damage":33.0,"enemies":"Shelled Parasite and Fungi","floor":31.0,"turns":5.0},{"damage":66,"enemies":"Collector","floor":33,"turns":7}],"seed_played":"2302241715036127051","potions_obtained":[{"floor":1.0,"key":"BlessingOfTheForge"},{"floor":16.0,"key":"ElixirPotion"}],"is_trial":false,"path_per_floor":["M","?","$","M","$","R","E","R","T","E","R","T","?","M","R","B",null,"M","M","M","$","M","R","?","E","T","R","M","T","$","M","R","B"],"character_chosen":"IRONCLAD","items_purchased":["Wild Strike","DollysMirror","Bottled Tornado","Girya"],"campfire_rested":3,"item_purchase_floors":[3,21,21,30],"current_hp_per_floor":[55,60,60,58,58,58,42,42,42,13,13,13,10,16,41,8,85,65,54,34,34,10,35,35,18,18,18,24,24,24,15,40,0,0],"gold":88,"neow_bonus":"RANDOM_COLORLESS_2","is_daily":false,"chose_seed":false,"campfire_upgraded":4,"win_rate":0.0,"timestamp":1612272661,"path_taken":["M","?","$","M","$","R","E","R","T","E","R","?","?","M","R","BOSS","M","M","M","$","M","R","?","E","T","R","M","?","?","M","R","BOSS"],"items_purchased_type":["Card","Relic","Relic","Relic"],"build_version":"2020-12-22","purchased_purges":2,"victory":false,"max_hp_per_floor":[80,85,85,85,85,85,85,85,85,85,85,85,85,85,85,85,85,85,85,85,85,85,85,85,85,85,85,85,85,85,85,85,85,85],"card_choices":[{"not_picked":["Mayhem","Metamorphosis"],"picked":"HandOfGreed","floor":0.0},{"not_picked":["Clash","Thunderclap"],"picked":"Pommel Strike","floor":1.0},{"not_picked":["Flame Barrier","Hemokinesis"],"picked":"Burning Pact","floor":4.0},{"not_picked":["Iron Wave","Whirlwind"],"picked":"Inflame","floor":7.0},{"not_picked":["Disarm","Warcry"],"picked":"Impervious","floor":10.0},{"not_picked":["Bloodletting","Clothesline","Cleave"],"picked":"SKIP","floor":14.0},{"not_picked":["Impervious","Fiend Fire"],"picked":"Reaper","floor":16.0},{"not_picked":["True Grit","Perfected Strike"],"picked":"Seeing Red","floor":18.0},{"not_picked":["Iron Wave","Metallicize+1","True Grit"],"picked":"SKIP","floor":19.0},{"not_picked":["Perfected Strike","Clothesline+1"],"picked":"Body Slam","floor":20.0},{"not_picked":["Sever Soul+1","Perfected Strike"],"picked":"Feel No Pain+1","floor":22.0},{"not_picked":["Demon Form+1","Sword Boomerang"],"picked":"True Grit+1","floor":25.0},{"not_picked":["Thunderclap","Wild Strike"],"picked":"Body Slam","floor":28.0},{"not_picked":["Twin Strike","Second Wind"],"picked":"Sentinel+1","floor":31.0}],"player_experience":261796,"relics_obtained":[{"floor":7.0,"key":"Unceasing Top"},{"floor":9.0,"key":"Bag of Marbles"},{"floor":10.0,"key":"Tiny Chest"},{"floor":12.0,"key":"Frozen Egg 2"},{"floor":25.0,"key":"StrikeDummy"},{"floor":26.0,"key":"Charon\u0027s Ashes"},{"floor":29.0,"key":"Calipers"}],"event_choices":[{"damage_healed":0.0,"max_hp_gain":5.0,"max_hp_loss":0.0,"gold_gain":0.0,"event_name":"Big Fish","player_choice":"Donut","floor":2.0,"gold_loss":0.0,"damage_taken":0.0},{"damage_healed":0.0,"max_hp_gain":0.0,"max_hp_loss":0.0,"gold_gain":0.0,"event_name":"Scrap Ooze","player_choice":"Success","floor":13.0,"gold_loss":0.0,"damage_taken":3.0,"relics_obtained":["Ancient Tea Set"]},{"damage_healed":0.0,"max_hp_gain":0.0,"max_hp_loss":0.0,"gold_gain":99.0,"event_name":"Nest","player_choice":"Stole From Cult","floor":24.0,"gold_loss":0.0,"damage_taken":0.0}],"is_beta":false,"boss_relics":[{"not_picked":["Runic Cube","Fusion Hammer"],"picked":"Sozu"}],"items_purged_floors":[3,21],"is_endless":false,"potions_floor_spawned":[1,16,18,22,25],"killed_by":"Collector","ascension_level":4}}