{"host":"b2j09bgckbzjrujr","time":1612243839,"event":{"mods":["AchievementEnabler","Aspiration","BaseMod","BetterRewards","Colored Map","Colored Powertips","Conspire","Friendly Minions","Infinite Spire","Marisa£®ÏF”Í°°ƒß¿Ì…≥£©","Minty Spire (QoL Compilation)","Quick Restart","Rare Cards Sparkle","Reimu£®≤©¿ˆ¡È√Œ£©","Remilia£®¿Ÿ√◊¿Ú—«£©","Replay The Spire","Shop Mod","StSLib","SuperFastMode","TestMod","The Cursed","The Jungle","The Servant 0.9.4","Waifu the Spire","Youmu£®ªÍ∆«—˝√Œ£©","Yuyuko","[IsaacMod]“‘»ˆº‚À˛","°æπ¶ƒ‹Mod°øªÏ„Á÷Æª∑–ﬁ∏¥≤π∂°"],"gold_per_floor":[114,129,144,144,144,144,182,182,182,201,220,220,239,277,277,402,402,421,421,421,440,440,440,459,459,459,478,497,497,272,232,232,357,357,376,395,414,414,433,433,433,433],"floor_reached":41,"language":"ZHS","playtime":1504,"items_purged":[],"score":480,"play_id":"632caff0-59fd-48ad-81e4-cac0a6810ef1","local_time":"20210202133039","daily_mods":["Chimera","Green Cards","Binary"],"is_ascension_mode":false,"campfire_choices":[{"floor":6,"key":"REST"},{"floor":8,"key":"REST"},{"data":"Eruption","floor":15,"key":"SMITH"},{"floor":23,"key":"REST"},{"floor":29,"key":"REST"},{"data":"DependentForm:ReiMu","floor":32,"key":"SMITH"},{"data":"Determination:ReiMu","floor":40,"key":"SMITH"}],"circlet_count":0,"master_deck":["Bash","Survivor","Zap","Eruption+1","Strike_R","Strike_G","Strike_B","Defend_R","Defend_G","Defend_P","Amulet:ReiMu","Intuition:ReiMu+1","Amnesia","Amulet:ReiMu","Authority:ReiMu","Determination:ReiMu+1","DependentForm:ReiMu+1","SpreadBorder2:ReiMu+1","LovePray:ReiMu","Conquer:ReiMu+1","Parasite"],"relics":["FlyPower:ReiMu","testmod-TestBox","HushsDoor","testmod-DragonStarHat","DeadEye","Golden Idol","ReplayTheSpireMod:Ring of Collecting","Ring of Peace","Ring of Searing","Replay:Bottled Eggs","Ring of Peace","ReplayTheSpireMod:Ring of Challenge","testmod-Brilliant","Pantograph","testmod-HarvestTotem","GuppysPaw","MutagenicStrength","Membership Card","Runic Pyramid","aspiration:RitualStick","ReplayTheSpireMod:Ring of Exchange","aspiration:AnachronicSnailShell","CheatingSign:ReiMu","testmod-IndustrialRevolution","MerchantsRug","ZunR:ReiMu","Black Star","Succubus","GuppysTail","testmod-SaigiyounoYou","Thread and Needle"],"acts_visited":["Exordium","TheCity","TheBeyond"],"potions_floor_usage":[16,18,24],"damage_taken":[{"damage":0,"enemies":"Cultist","floor":1,"turns":2},{"damage":2,"enemies":"Small Slimes","floor":2,"turns":5},{"damage":0,"enemies":"2 Louse","floor":3,"turns":3},{"damage":32,"enemies":"Lagavulin","floor":7,"turns":5},{"damage":5,"enemies":"Blue Slaver","floor":10,"turns":3},{"damage":0,"enemies":"Looter","floor":11,"turns":4},{"damage":0,"enemies":"Exordium Thugs","floor":13,"turns":1},{"damage":0,"enemies":"3 Sentries","floor":14,"turns":2},{"damage":30,"enemies":"Hexaghost","floor":16,"turns":8},{"damage":28,"enemies":"Shell Parasite","floor":18,"turns":6},{"damage":0,"enemies":"3 Byrds","floor":21,"turns":1},{"damage":30,"enemies":"Snecko","floor":24,"turns":5},{"damage":0,"enemies":"Cultist and Chosen","floor":27,"turns":3},{"damage":0,"enemies":"Shelled Parasite and Fungi","floor":28,"turns":2},{"damage":37,"enemies":"conspire:MysteriousRune","floor":33,"turns":7},{"damage":0,"enemies":"3 Shapes","floor":35,"turns":2},{"damage":0,"enemies":"3 Darklings","floor":36,"turns":2},{"damage":28,"enemies":"Writhing Mass","floor":37,"turns":4},{"damage":0,"enemies":"Jaw Worm Horde","floor":39,"turns":1},{"damage":0,"enemies":"infinitespire:Three Voidlings","floor":41,"turns":2},{"damage":85,"enemies":"Nightmare_Alpha","floor":41,"turns":5}],"seed_played":"-9070903199233054170","potions_obtained":[{"floor":1,"key":"GamblersBrew"},{"floor":11,"key":"MagicPotion:ReiMu"},{"floor":13,"key":"Flashbang"},{"floor":21,"key":"PinkPotion:ReiMu"},{"floor":33,"key":"LifebloodPotion"},{"floor":35,"key":"Adrenaline Potion"}],"is_trial":false,"path_per_floor":["M","M","M","?","?","R","E","R","T","M","M","T","M","E","R","B",null,"M","?","AVR","M","?","R","M","?","T","M","M","R","$","?","R","B",null,"M","M","M","AVR","M","R","?"],"character_chosen":"REIMU","items_purchased":["GuppysPaw","DependentForm:ReiMu","CheatingSign:ReiMu","testmod-IndustrialRevolution","MerchantsRug","Succubus","GuppysTail"],"campfire_rested":4,"item_purchase_floors":[17,17,30,30,30,34,34],"current_hp_per_floor":[65,63,63,47,47,65,33,52,52,47,47,47,47,47,47,35,116,73,73,73,73,53,101,71,71,71,71,71,101,101,101,101,64,76,76,76,48,48,60,60,0,0],"gold":433,"neow_bonus":"","is_daily":true,"chose_seed":false,"campfire_upgraded":3,"win_rate":0.0,"timestamp":1612243839,"path_taken":["M","M","?","?","?","R","E","R","T","M","M","?","?","E","R","BOSS","M","?","AVR","M","?","R","M","?","T","M","M","R","$","?","R","BOSS","M","M","M","AVR","M","R","?"],"items_purchased_type":["Relic","Card","Relic","Relic","Relic","Relic","Relic"],"build_version":"2020-12-22","purchased_purges":0,"victory":false,"max_hp_per_floor":[65,65,65,65,65,65,65,65,65,65,65,65,65,65,65,65,116,101,101,101,101,101,101,101,101,101,101,101,101,101,101,101,101,76,76,76,76,76,76,76,76,76],"card_choices":[{"not_picked":[],"picked":"Bomb","floor":0},{"not_picked":["SafetyPray:ReiMu"],"picked":"Amulet:ReiMu","floor":1},{"not_picked":["TakeOff:ReiMu","Gathering:ReiMu"],"picked":"SKIP","floor":2},{"not_picked":["SafetyPray:ReiMu"],"picked":"Intuition:ReiMu","floor":3},{"not_picked":["Meditation:ReiMu","TightArray:ReiMu"],"picked":"SKIP","floor":7},{"not_picked":["PassingAway:ReiMu"],"picked":"Amulet:ReiMu","floor":10},{"not_picked":["EmergencyTakeOff:ReiMu","AlertArray:ReiMu"],"picked":"SKIP","floor":11},{"not_picked":["UpKicking:ReiMu"],"picked":"Authority:ReiMu","floor":13},{"not_picked":["SpreadBorder2:ReiMu","WonderfulDomain:ReiMu"],"picked":"SKIP","floor":14},{"not_picked":["BlastKick2:ReiMu"],"picked":"Determination:ReiMu","floor":16},{"not_picked":["SafetyPray:ReiMu+1"],"picked":"SpreadBorder2:ReiMu+1","floor":18},{"not_picked":["Meditation:ReiMu"],"picked":"LovePray:ReiMu","floor":21},{"not_picked":["FoulBorder2:ReiMu","Revelation:ReiMu"],"picked":"SKIP","floor":24},{"not_picked":["PayForSelf:ReiMu"],"picked":"Conquer:ReiMu+1","floor":27},{"not_picked":["RainPray2:ReiMu","WonderfulDomain:ReiMu"],"picked":"SKIP","floor":28},{"not_picked":["CareerPray:ReiMu","RainPray2:ReiMu+1"],"picked":"SKIP","floor":35},{"not_picked":["AirManeuver:ReiMu+1","SafetyPray:ReiMu+1"],"picked":"SKIP","floor":36},{"not_picked":["ManaGlint:ReiMu","Meditation:ReiMu+1"],"picked":"SKIP","floor":37},{"not_picked":["SealNeedle:ReiMu+1","PayForSelf:ReiMu"],"picked":"SKIP","floor":39}],"player_experience":93000,"relics_obtained":[{"floor":5,"key":"ReplayTheSpireMod:Ring of Collecting"},{"floor":5,"key":"Ring of Peace"},{"floor":7,"key":"Diplopia"},{"floor":9,"key":"Ring of Searing"},{"floor":9,"key":"Replay:Bottled Eggs"},{"floor":12,"key":"ReplayTheSpireMod:Ring of Challenge"},{"floor":12,"key":"testmod-Brilliant"},{"floor":14,"key":"Pantograph"},{"floor":26,"key":"ReplayTheSpireMod:Ring of Exchange"},{"floor":26,"key":"aspiration:AnachronicSnailShell"}],"event_choices":[{"damage_healed":0,"gold_gain":0,"player_choice":"Take Damage","damage_taken":16,"relics_obtained":["Golden Idol"],"max_hp_gain":0,"max_hp_loss":0,"event_name":"Golden Idol","floor":4,"gold_loss":0},{"damage_healed":0,"gold_gain":0,"player_choice":"Inject Mutagens","damage_taken":0,"relics_obtained":["MutagenicStrength"],"max_hp_gain":0,"max_hp_loss":0,"event_name":"Drug Dealer","floor":19,"gold_loss":0},{"damage_healed":0,"gold_gain":0,"player_choice":"π∫¬Ú…Òæ∆","damage_taken":0,"relics_obtained":["ZunR:ReiMu"],"max_hp_gain":0,"max_hp_loss":0,"event_name":"ZunEvent","floor":31,"gold_loss":40}],"is_beta":false,"boss_relics":[{"not_picked":["testmod-BloodSacrificeSpiritualization","aspiration:RunicSpoon"],"picked":"testmod-HarvestTotem"},{"not_picked":[]},{"not_picked":["testmod-Recursion","Snecko Eye"],"picked":"Black Star"},{"not_picked":[]}],"items_purged_floors":[],"is_endless":false,"potions_floor_spawned":[1,11,13,21,33,35,39,41],"killed_by":"Nightmare_Alpha","ascension_level":0}}