{"host":"eaiphzh066bwqdh7","time":1612228304,"event":{"mods":["BaseMod","Better Note","Halation","Hubris","Minty Spire (QoL Compilation)","Reliquary","Replay The Spire","StSLib"],"gold_per_floor":[114,128,128,128,149,149,192,213,213,213,269,269,83,107,107,227,227,247,247,247,2,2,2,2,2,2,2,40,40,54,68,68,68,68],"floor_reached":33,"language":"ENG","playtime":907,"items_purged":["Strike_B","Strike_B"],"score":312,"play_id":"f35d79c6-3f31-48bf-84ba-5eac3aa00207","local_time":"20210201201144","is_ascension_mode":true,"campfire_choices":[{"floor":6,"key":"REST"},{"floor":10,"key":"REST"},{"floor":12,"key":"REST"},{"data":"Streamline","floor":15,"key":"SMITH"},{"floor":24,"key":"REST"},{"floor":27,"key":"REST"},{"data":"Fusion","floor":29,"key":"SMITH"},{"floor":32,"key":"REST"}],"circlet_count":0,"master_deck":["Strike_B","Defend_B","Defend_B+1","Defend_B","Defend_B","Zap","Dualcast","Lockon+1","Conserve Battery+1","Flash of Steel","Streamline+1","Fusion+1","Gash","Lockon","Machine Learning+1","Seek+1","Streamline+1","Conserve Battery"],"relics":["Cracked Core","Pen Nib","Golden Idol","Question Card","Symbiotic Virus","Pantograph","halation:PinkAlligatorPlush","MutagenicStrength","Guide Book","halation:EternalFortune","Gremlin Food","Solar Panel"],"acts_visited":["Exordium","TheCity"],"potions_floor_usage":[11,16,16,16,31],"damage_taken":[{"damage":1,"enemies":"Cultist","floor":1,"turns":3},{"damage":3,"enemies":"Small Slimes","floor":2,"turns":2},{"damage":0,"enemies":"Jaw Worm","floor":5,"turns":3},{"damage":10,"enemies":"Gremlin Nob","floor":7,"turns":3},{"damage":24,"enemies":"Gremlin Gang","floor":8,"turns":4},{"damage":35,"enemies":"3 Sentries","floor":11,"turns":5},{"damage":8,"enemies":"Blue Slaver","floor":14,"turns":3},{"damage":4,"enemies":"Fading Forest","floor":16,"turns":11},{"damage":58,"enemies":"2 Thieves","floor":18,"turns":4},{"damage":66,"enemies":"Book of Stabbing","floor":28,"turns":4},{"damage":34,"enemies":"3 Byrds","floor":30,"turns":5},{"damage":17,"enemies":"3 Cultists","floor":31,"turns":4},{"damage":82,"enemies":"hubris:MusketHawk","floor":33,"turns":6}],"seed_played":"947660966503070775","potions_obtained":[{"floor":5,"key":"ColorlessPotion"},{"floor":7,"key":"PotionOfCapacity"},{"floor":8,"key":"LiquidBronze"},{"floor":14,"key":"AttackPotion"},{"floor":30,"key":"PowerPotion"}],"is_trial":false,"path_per_floor":["M","M","?","?","M","R","E","M","T","R","E","R","$","M","R","B",null,"M","?","?","$","?","?","R","?","T","R","E","R","M","M","R","B"],"character_chosen":"DEFECT","items_purchased":["Machine Learning+1","Guide Book"],"campfire_rested":6,"item_purchase_floors":[13,21],"current_hp_per_floor":[74,71,53,53,53,75,65,41,41,63,28,50,50,42,42,71,75,17,17,17,17,17,17,39,42,42,65,78,78,47,36,60,0,0],"gold":68,"neow_bonus":"RANDOM_COMMON_RELIC","is_daily":false,"chose_seed":false,"campfire_upgraded":2,"win_rate":0.0,"timestamp":1612228304,"path_taken":["M","?","?","?","?","R","E","M","T","R","E","R","$","M","R","BOSS","M","?","?","?","?","?","R","?","T","R","E","R","M","M","R","BOSS"],"items_purchased_type":["Card","Relic"],"build_version":"2020-12-22","purchased_purges":2,"victory":false,"max_hp_per_floor":[75,75,75,75,75,75,75,75,75,75,75,75,75,75,75,75,75,75,75,75,75,75,75,75,78,78,78,78,78,81,81,81,81,81],"card_choices":[{"not_picked":["Steam","Cold Snap"],"picked":"Lockon","floor":1},{"not_picked":["Ball Lightning","Compile Driver"],"picked":"Conserve Battery","floor":2},{"not_picked":["Coolheaded","ReplaySort"],"picked":"Streamline","floor":5},{"not_picked":["ReplaySolidLightProjector","Redo"],"picked":"Fusion","floor":7},{"not_picked":["Rip and Tear","FTL","Hologram"],"picked":"Gash","floor":8},{"not_picked":["Rebound","Tempest","Ball Lightning"],"picked":"Lockon","floor":11},{"not_picked":["Compile Driver","Rebound","Reinforced Body","Force Field"],"picked":"SKIP","floor":14},{"not_picked":["Machine Learning","ReplayRNGCard","Creative AI"],"picked":"Seek","floor":16},{"not_picked":["Double Energy","Barrage","Beam Cell"],"picked":"Streamline+1","floor":18},{"not_picked":["Double Energy","Genetic Algorithm","ReplayTheSpireMod:Reroute Power+1"],"picked":"Conserve Battery","floor":28},{"not_picked":["Sweeping Beam","Beam Cell","Coolheaded","Stack"],"picked":"SKIP","floor":30},{"not_picked":["Sweeping Beam","Reprogram","Conserve Battery","Beam Cell"],"picked":"SKIP","floor":31}],"player_experience":229507,"relics_obtained":[{"floor":7,"key":"Question Card"},{"floor":9,"key":"Symbiotic Virus"},{"floor":11,"key":"Pantograph"},{"floor":26,"key":"Gremlin Food"},{"floor":28,"key":"Solar Panel"},{"floor":30,"key":"halation:EternalFortune"}],"event_choices":[{"damage_healed":0,"gold_gain":0,"player_choice":"Take Damage","damage_taken":18,"relics_obtained":["Golden Idol"],"max_hp_gain":0,"max_hp_loss":0,"event_name":"Golden Idol","floor":3,"gold_loss":0},{"damage_healed":0,"gold_gain":0,"player_choice":"1 cards matched","damage_taken":0,"max_hp_gain":0,"max_hp_loss":0,"event_name":"Match and Keep!","floor":4,"gold_loss":0,"cards_obtained":["Flash of Steel"]},{"damage_healed":0,"gold_gain":0,"player_choice":"Ignored","damage_taken":0,"max_hp_gain":0,"max_hp_loss":0,"event_name":"Vampires","floor":19,"gold_loss":0},{"damage_healed":0,"gold_gain":0,"player_choice":"Inject Mutagens","damage_taken":0,"relics_obtained":["MutagenicStrength"],"max_hp_gain":0,"max_hp_loss":0,"event_name":"Drug Dealer","floor":20,"gold_loss":0},{"cards_removed":["Strike_B"],"damage_healed":0,"gold_gain":0,"player_choice":"Elegance","damage_taken":0,"max_hp_gain":0,"max_hp_loss":0,"event_name":"Back to Basics","floor":23,"gold_loss":0}],"is_beta":false,"boss_relics":[{"not_picked":["Busted Crown","hubris:VirtuousBlindfold"],"picked":"halation:PinkAlligatorPlush"}],"items_purged_floors":[13,21],"is_endless":false,"potions_floor_spawned":[5,7,8,14,30],"killed_by":"hubris:MusketHawk","ascension_level":3}}