{"host":"j7koecyuyeg298fi","time":1612288737,"event":{"mods":["BaseMod","Minty Spire (QoL Compilation)"],"gold_per_floor":[113,113,38,53,69,69,83,113,113,131,131,141,141,41,41,139,139,154,154,154,165,14,14,25,25,50,50,3,22,22,41,41,41,41],"floor_reached":33,"language":"ENG","playtime":2654,"items_purged":["Defend_G","Defend_G"],"score":247,"play_id":"2228f823-5c99-42f8-a3c6-d1630297796e","local_time":"20210202195857","is_ascension_mode":false,"campfire_choices":[{"data":"Deadly Poison","floor":6,"key":"SMITH"},{"data":"Infinite Blades","floor":11,"key":"SMITH"},{"floor":15,"key":"REST"},{"floor":23,"key":"REST"},{"floor":25,"key":"REST"},{"floor":27,"key":"REST"},{"floor":32,"key":"REST"}],"circlet_count":0,"master_deck":["Strike_G","Strike_G","Strike_G","Defend_G","Survivor","Neutralize","Deadly Poison+1","Backflip","Deflect","Infinite Blades+1","Well Laid Plans+1","Outmaneuver","Venomology","Noxious Fumes+1","Dodge and Roll","Die Die Die","Cloak And Dagger","Acrobatics","PiercingWail","Acrobatics+1"],"relics":["Ring of the Snake","Ginger","Frozen Egg 2","Empty Cage","Bronze Scales"],"acts_visited":["Exordium","TheCity"],"potions_floor_usage":[16,18,21,21,21,21,21,24,24,29,29,31,33],"damage_taken":[{"damage":0,"enemies":"Small Slimes","floor":1,"turns":3},{"damage":1,"enemies":"Cultist","floor":4,"turns":4},{"damage":0,"enemies":"Jaw Worm","floor":5,"turns":4},{"damage":5,"enemies":"Looter","floor":7,"turns":3},{"damage":32,"enemies":"Gremlin Nob","floor":8,"turns":5},{"damage":0,"enemies":"Large Slime","floor":10,"turns":6},{"damage":15,"enemies":"Exordium Wildlife","floor":12,"turns":5},{"damage":24,"enemies":"Hexaghost","floor":16,"turns":10},{"damage":27,"enemies":"Spheric Guardian","floor":18,"turns":5},{"damage":12,"enemies":"Chosen","floor":21,"turns":5},{"damage":9,"enemies":"Centurion and Healer","floor":24,"turns":6},{"damage":31,"enemies":"Sentry and Sphere","floor":29,"turns":6},{"damage":13,"enemies":"Snecko","floor":31,"turns":6},{"damage":67,"enemies":"Automaton","floor":33,"turns":12}],"seed_played":"3052093083635094330","potions_obtained":[{"floor":7,"key":"Weak Potion"},{"floor":8,"key":"GamblersBrew"},{"floor":16,"key":"LiquidBronze"},{"floor":21,"key":"PowerPotion"},{"floor":29,"key":"Swift Potion"}],"is_trial":false,"path_per_floor":["M","?","$","M","M","R","M","E","T","M","R","M","?","$","R","B",null,"M","?","?","M","$","R","M","R","T","R","$","M","?","M","R","B"],"character_chosen":"THE_SILENT","items_purchased":["Die Die Die","Acrobatics"],"campfire_rested":5,"item_purchase_floors":[22,28],"current_hp_per_floor":[70,70,70,69,69,69,64,32,32,32,32,17,40,40,61,37,70,43,30,30,18,18,40,31,53,53,75,75,44,44,31,53,0,0],"gold":41,"neow_bonus":"REMOVE_CARD","is_daily":false,"chose_seed":false,"campfire_upgraded":2,"win_rate":0.0,"timestamp":1612288737,"path_taken":["M","?","?","M","M","R","?","E","T","?","R","M","?","?","R","BOSS","M","?","?","M","$","R","M","R","T","R","?","?","?","M","R","BOSS"],"items_purchased_type":["Card","Card"],"build_version":"2020-12-22","purchased_purges":2,"victory":false,"max_hp_per_floor":[70,70,70,70,70,70,70,70,70,70,70,70,70,70,70,70,70,70,75,75,75,75,75,75,75,75,75,75,75,75,75,75,75,75],"card_choices":[{"not_picked":["Bane","Underhanded Strike"],"picked":"Deflect","floor":1},{"not_picked":["Dagger Spray","Deflect"],"picked":"Deadly Poison","floor":4},{"not_picked":["Underhanded Strike","Flechettes"],"picked":"Backflip","floor":5},{"not_picked":["Cloak And Dagger","Slice"],"picked":"Deflect","floor":7},{"not_picked":["Envenom","Quick Slash"],"picked":"Infinite Blades","floor":8},{"not_picked":["Dodge and Roll","Skewer"],"picked":"Well Laid Plans+1","floor":10},{"not_picked":["Underhanded Strike","Eviscerate"],"picked":"Outmaneuver","floor":12},{"not_picked":["Wraith Form v2+1","Phantasmal Killer"],"picked":"Venomology","floor":16},{"not_picked":["Dagger Spray","Calculated Gamble"],"picked":"Noxious Fumes+1","floor":18},{"not_picked":["Infinite Blades+1","Slice"],"picked":"Dodge and Roll","floor":21},{"not_picked":["Eviscerate+1","Flechettes+1"],"picked":"Cloak And Dagger","floor":24},{"not_picked":["Sucker Punch","Blade Dance"],"picked":"PiercingWail","floor":29},{"not_picked":["Dash+1","Deadly Poison"],"picked":"Acrobatics+1","floor":31}],"player_experience":212643,"relics_obtained":[{"floor":8,"key":"Ginger"},{"floor":9,"key":"Frozen Egg 2"},{"floor":26,"key":"Bronze Scales"}],"event_choices":[{"cards_removed":["Deflect"],"damage_healed":5,"gold_gain":0,"player_choice":"Offered Common","damage_taken":0,"max_hp_gain":0,"max_hp_loss":0,"event_name":"Bonfire Elementals","floor":2,"gold_loss":0},{"cards_removed":["Deflect"],"damage_healed":5,"gold_gain":0,"player_choice":"Offered Special","damage_taken":0,"max_hp_gain":0,"max_hp_loss":0,"event_name":"Bonfire Elementals","floor":2,"gold_loss":0},{"damage_healed":23,"gold_gain":0,"player_choice":"Banana","damage_taken":0,"max_hp_gain":0,"max_hp_loss":0,"event_name":"Big Fish","floor":13,"gold_loss":0},{"damage_healed":0,"gold_gain":0,"player_choice":"Shed Blood","damage_taken":18,"max_hp_gain":5,"max_hp_loss":0,"event_name":"Forgotten Altar","floor":19,"gold_loss":0},{"damage_healed":0,"gold_gain":0,"player_choice":"Ignored","damage_taken":0,"max_hp_gain":0,"max_hp_loss":0,"event_name":"Ghosts","floor":20,"gold_loss":0},{"cards_removed":["Strike_G"],"damage_healed":0,"gold_gain":0,"player_choice":"Elegance","damage_taken":0,"max_hp_gain":0,"max_hp_loss":0,"event_name":"Back to Basics","floor":30,"gold_loss":0}],"is_beta":false,"boss_relics":[{"not_picked":["Philosopher\u0027s Stone","Runic Dome"],"picked":"Empty Cage"}],"items_purged_floors":[3,14],"is_endless":false,"potions_floor_spawned":[7,8,16,21,29],"killed_by":"Automaton","ascension_level":0}}