{"host":"y7b1p9nkx4idorr2","time":1612265701,"event":{"mods":["AchievementEnabler","Act Like it!","BaseMod","Colored Map","Downfall","GifTheSpireLib","Googly Eyes","Highlight Path","Mimic Mod","Minty Spire (QoL Compilation)","Shop Mod","Spicy Shops","StSLib","Unceasing Turn Reminder"],"gold_per_floor":[111,142,254,277,289,201,246,271,297,309,354,381,409,421,445,560,572,484,507,533,564,426,464,511,523,548,460,488,500,118,130,143,247,247,247,260,260,29,44,60,85,115,131,131,6,41,65,81,93,93,93,93,93,93],"floor_reached":52,"language":"ENG","playtime":4272,"items_purged":["downfall:Malfunctioning","Pride","Pride"],"score":877,"play_id":"a28f9004-2973-4a0d-94da-c4fcd827f207","local_time":"20210202053501","is_ascension_mode":true,"campfire_choices":[{"floor":1,"key":"RECALL"},{"data":"champ:RageSigil","floor":6,"key":"SMITH"},{"data":"champ:FancyFootwork","floor":10,"key":"SMITH"},{"data":"champ:CheapShot","floor":18,"key":"SMITH"},{"data":"champ:PreemptiveStrike","floor":27,"key":"SMITH"},{"floor":29,"key":"REST"},{"data":"champ:EnchantCrown","floor":35,"key":"SMITH"},{"data":"champ:CrookedStrike","floor":44,"key":"SMITH"}],"circlet_count":0,"master_deck":["champ:Strike","champ:Strike+1","champ:Strike","champ:Defend","champ:Defend","champ:Defend","champ:Defend","champ:Execute+1","champ:Taunt","champ:PreciseThrust+1","champ:RageSigil+1","champ:AdrenalArmor","champ:EnchantSword","champ:FancyFootwork+1","champ:DefensiveShout","champ:ArenaPreparation","champ:CrookedStrike+1","champ:ShieldThrow","champ:CheapShot+1","champ:GutPunch+1","champ:SkillfulDodge","champ:Duel+1","champ:EnGarde+1","champ:ArenaPreparation+1","champ:PreemptiveStrike+1","champ:Backstep","champ:Haymaker","champ:Parry+1","champ:FanOfKnives","champ:FocusedDefense+1","champ:EnchantCrown+1","champ:Shatter+1","champ:DeathBlow+1","champ:BringItOn+1","champ:RisingSlash","champ:Circumvent+1","champ:FlashCut","Parasite","champ:SkillfulDodge"],"relics":["champ:ChampionCrown","MawBank","downfall:HeartBlessingRed","Akabeko","Dream Catcher","SlaversCollar","downfall:HeartBlessingGreen","Mango","downfall:HeartBlessingBlue","champ:BerserkersGuideToSlaughter","Anchor","Sozu","Thread and Needle","Bag of Marbles","Oddly Smooth Stone","Lantern","Happy Flower","Vajra"],"acts_visited":["Exordium","TheCity","TheBeyond","TheEnding"],"potions_floor_usage":[16,32,50,50],"damage_taken":[{"damage":13,"enemies":"Small Slimes","floor":2,"turns":4},{"damage":11,"enemies":"Jaw Worm","floor":4,"turns":4},{"damage":20,"enemies":"2 Louse","floor":7,"turns":6},{"damage":10,"enemies":"2 Louse","floor":8,"turns":2},{"damage":19,"enemies":"Blue Slaver","floor":9,"turns":4},{"damage":34,"enemies":"Lagavulin","floor":11,"turns":7},{"damage":10,"enemies":"Red Slaver","floor":12,"turns":3},{"damage":13,"enemies":"Exordium Thugs","floor":13,"turns":5},{"damage":25,"enemies":"Lots of Slimes","floor":15,"turns":4},{"damage":59,"enemies":"IC_STATUS_ARCHETYPE","floor":16,"turns":9},{"damage":20,"enemies":"Spheric Guardian","floor":19,"turns":3},{"damage":26,"enemies":"Chosen","floor":20,"turns":4},{"damage":25,"enemies":"Snecko","floor":21,"turns":4},{"damage":38,"enemies":"Book of Stabbing","floor":23,"turns":6},{"damage":20,"enemies":"Cultist and Chosen","floor":24,"turns":8},{"damage":46,"enemies":"Cultist and Chosen","floor":26,"turns":7},{"damage":74,"enemies":"Centurion and Healer","floor":28,"turns":7},{"damage":70,"enemies":"downfall:FleeingMerchant","floor":30,"turns":5},{"damage":52,"enemies":"3 Cultists","floor":31,"turns":7},{"damage":0,"enemies":"Snake Plant","floor":32,"turns":2},{"damage":115,"enemies":"DF_ARCHETYPE_CLAW","floor":33,"turns":11},{"damage":0,"enemies":"Orb Walker","floor":36,"turns":3},{"damage":85,"enemies":"downfall:FleeingMerchant","floor":38,"turns":5},{"damage":30,"enemies":"3 Darklings","floor":39,"turns":5},{"damage":34,"enemies":"Sphere and 2 Shapes","floor":40,"turns":5},{"damage":80,"enemies":"Reptomancer","floor":42,"turns":10},{"damage":15,"enemies":"4 Shapes","floor":43,"turns":4},{"damage":85,"enemies":"Giant Head","floor":46,"turns":7},{"damage":51,"enemies":"Writhing Mass","floor":48,"turns":5},{"damage":36,"enemies":"Transient","floor":49,"turns":5},{"damage":102,"enemies":"WA_ARCHETYPE_DIVINITY","floor":50,"turns":11},{"damage":183,"enemies":"downfall:CharBossMerchant","floor":52,"turns":8}],"seed_played":"-6657202251320723968","potions_obtained":[{"floor":4,"key":"Dexterity Potion"},{"floor":9,"key":"FearPotion"},{"floor":11,"key":"EssenceOfSteel"},{"floor":16,"key":"Energy Potion"},{"floor":32,"key":"Fire Potion"}],"is_trial":false,"path_per_floor":["R","M","?","M","?","R","MIM","M","M","R","E","M","M","?","M","B",null,"R","M","M","M","?","E","MIM","?","M","R","M","R","$","M","M","B",null,"R","M","?","$","M","M","T","E","M","R","$","E","?","M","M","B",null,"E"],"character_chosen":"THE_CHAMP","items_purchased":["champ:BerserkersGuideToSlaughter","Anchor","Thread and Needle","Bag of Marbles"],"campfire_rested":1,"item_purchase_floors":[30,30,38,38],"current_hp_per_floor":[90,87,87,86,86,86,86,86,77,77,73,73,70,70,65,26,90,90,90,84,84,100,96,96,96,75,85,76,113,113,106,116,54,124,124,124,89,99,104,110,110,120,124,124,124,124,124,123,112,105,124,0,0,0],"gold":93,"neow_bonus":"RANDOM_COMMON_RELIC","is_daily":false,"chose_seed":false,"campfire_upgraded":6,"win_rate":0.0,"timestamp":1612265701,"path_taken":["R","M","?","M","?","R","MIM","M","M","R","E","M","M","?","M","BOSS","R","M","M","M","?","E","MIM","?","?","R","M","R","$","?","M","BOSS","R","M","?","$","?","M","T","E","M","R","?","E","?","?","M","BOSS","E"],"items_purchased_type":["Relic","Relic","Relic","Relic"],"build_version":"2020-12-22","purchased_purges":3,"victory":false,"max_hp_per_floor":[90,90,90,90,90,90,90,90,90,90,90,90,90,90,90,90,90,90,90,90,90,100,114,114,114,114,124,124,124,124,124,124,124,124,124,124,124,124,124,124,124,124,124,124,124,124,124,124,124,124,124,124,124,124],"card_choices":[{"not_picked":["champ:BringItOn","champ:BerserkersShout"],"picked":"champ:PreciseThrust","floor":2},{"not_picked":["champ:GutPunch","champ:Encircle"],"picked":"champ:RageSigil","floor":4},{"not_picked":["champ:SetATrap","champ:Shatter"],"picked":"champ:AdrenalArmor","floor":7},{"not_picked":["champ:Encircle","champ:AdrenalArmor"],"picked":"champ:EnchantSword","floor":8},{"not_picked":["champ:RapidStrikes","champ:ShieldSigil"],"picked":"champ:FancyFootwork","floor":9},{"not_picked":["champ:PerfectedStrike","champ:StanceDance"],"picked":"champ:DefensiveShout","floor":11},{"not_picked":["champ:FaceSlap","champ:Shatter"],"picked":"champ:ArenaPreparation","floor":12},{"not_picked":["champ:CrownThrow","champ:GladiatorStyle"],"picked":"champ:CrookedStrike","floor":13},{"not_picked":["champ:ViciousMockery","champ:CalledShot"],"picked":"champ:ShieldThrow","floor":15},{"not_picked":["champ:EnchantShield","champ:HoldFirm"],"picked":"champ:CheapShot","floor":16},{"not_picked":["champ:TornadoPunch","champ:Haymaker"],"picked":"champ:GutPunch+1","floor":19},{"not_picked":["champ:AdrenalArmor+1","champ:Backstep"],"picked":"champ:SkillfulDodge","floor":20},{"not_picked":["champ:GladiatorStyle+1","champ:BerserkersShout+1"],"picked":"champ:Duel+1","floor":21},{"not_picked":["champ:FalseCounter","champ:IronFortress"],"picked":"champ:EnGarde+1","floor":23},{"not_picked":["champ:CrownThrow","champ:FocusedDefense"],"picked":"champ:ArenaPreparation+1","floor":24},{"not_picked":["champ:Circumvent","champ:FocusedBerserking"],"picked":"champ:PreemptiveStrike","floor":26},{"not_picked":["champ:BladeFlurry+1","champ:Duel"],"picked":"champ:Backstep","floor":28},{"not_picked":["champ:FocusedBerserking","champ:GutPunch"],"picked":"champ:Haymaker","floor":29},{"not_picked":["champ:PreciseThrust","champ:Backstep"],"picked":"champ:Parry+1","floor":30},{"not_picked":["champ:EndlessRage","champ:CalledShot"],"picked":"champ:FanOfKnives","floor":31},{"not_picked":["champ:Backstep","champ:BringItOn"],"picked":"champ:FocusedDefense+1","floor":32},{"not_picked":["champ:EnchantSword","champ:StrikeOfGenius"],"picked":"champ:EnchantCrown","floor":33},{"not_picked":["champ:Circumvent+1","champ:DefensiveStyle"],"picked":"champ:Shatter+1","floor":36},{"not_picked":["champ:FocusedBerserking","champ:PreciseThrust+1"],"picked":"champ:DeathBlow+1","floor":38},{"not_picked":["champ:Circumvent","champ:EnGarde+1"],"picked":"champ:BringItOn+1","floor":39},{"not_picked":["champ:ArenaPreparation","champ:FanOfKnives"],"picked":"champ:RisingSlash","floor":40},{"not_picked":["champ:FalseCounter+1","champ:DefensiveShout+1"],"picked":"champ:Circumvent+1","floor":42},{"not_picked":["champ:PerfectedStrike+1","champ:AdrenalArmor","champ:BringItOn"],"picked":"SKIP","floor":43},{"not_picked":["champ:EnchantSword","champ:BerserkersShout"],"picked":"champ:FlashCut","floor":46},{"not_picked":["champ:BladeFlurry+1","champ:FocusedDefense"],"picked":"champ:SkillfulDodge","floor":48},{"not_picked":["champ:ArenaPreparation","champ:Shatter","champ:BladeFlurry"],"picked":"SKIP","floor":49}],"player_experience":2260300,"relics_obtained":[{"floor":7,"key":"Akabeko"},{"floor":11,"key":"Dream Catcher"},{"floor":23,"key":"Mango"},{"floor":41,"key":"Oddly Smooth Stone"},{"floor":42,"key":"Lantern"},{"floor":46,"key":"Happy Flower"},{"floor":47,"key":"Vajra"}],"event_choices":[{"cards_removed":["champ:Strike"],"damage_healed":0,"gold_gain":0,"player_choice":"Card Removal","damage_taken":0,"max_hp_gain":0,"max_hp_loss":0,"event_name":"The Cleric","floor":5,"gold_loss":0},{"damage_healed":0,"gold_gain":0,"player_choice":"Ignored","damage_taken":0,"max_hp_gain":0,"max_hp_loss":0,"event_name":"Vampires","floor":25,"gold_loss":0}],"is_beta":false,"boss_relics":[{"not_picked":["Runic Pyramid","Philosopher\u0027s Stone"],"picked":"SlaversCollar"},{"not_picked":["Tiny House","bronze:MakeshiftBattery"],"picked":"Sozu"}],"items_purged_floors":[30,38,45],"is_endless":false,"potions_floor_spawned":[4,9,11,12,13,16,19,20,26,31,32,36,39,46,48],"killed_by":"downfall:CharBossMerchant","ascension_level":1}}