{"host":"2htk0ftrajbcnypf","time":1612245521,"event":{"mods":["AchievementEnabler","BaseMod","Better Note","Custom Start","Minty Spire (QoL Compilation)","Rare Cards Sparkle","Relic Filter Mod","Remove Card Discount Mod","Replay The Spire","StSLib","SuperFastMode"],"gold_per_floor":[159,334,508,508,169,247,337,439,439,538,595,694,706,718,820,218,218,524,524,578,587,635,683,162,258,342,447,497,596,238,328,427,453,453,798,798,856,856,65,65,119,216,286,399,399,505,622,622,719,811,811,857,857,857,32,136,178],"floor_reached":58,"language":"ZHS","playtime":1988,"items_purged":["Strike_G","Strike_G","Strike_G","Defend_G","Defend_G","Doubt","ReplayTheSpireMod:Splinters","Defend_G","Defend_G","Defend_G","Strike_G","Strike_G","Survivor","ReplayTheSpireMod:Speed Training+1","Tactician+1"],"score":2416,"play_id":"aa3dd7ce-6391-41ea-91bd-8f41592602eb","local_time":"20210202135841","daily_mods":["Flight","DeadlyEvents","Elite Swarm","Lethality","Midas"],"is_ascension_mode":false,"campfire_choices":[{"floor":17,"key":"RECALL"},{"floor":34,"key":"DIG"},{"floor":51,"key":"DIG"},{"floor":54,"key":"DIG"}],"circlet_count":0,"master_deck":["Terror+1","Infinite Blades+1","Slice+1","Venomology+1","Adrenaline+1","Blade Dance+1","Envenom+1","Panache+1","Setup+1","Pot Of Greed+1"],"relics":["Ring of the Snake","Membership Card","Frozen Egg 2","Toxic Egg 2","Molten Egg 2","Quantum Egg","Singing Bowl","Black Star","Sundial","Matryoshka","Strange Spoon","Anchor","ReplayTheSpireMod:Ninjato","Replay:Bottled Flurry","Mirror","Durian","Ice Cream","Happy Flower","Letter Opener","MawBank","Kunai","Toy Ornithopter","FossilizedHelix","Akabeko","The Courier","Boot","CeramicFish","Mummified Hand","Mercury Hourglass","Pen Nib","Potion Belt","Replay:Ringing Soul","The Specimen","HoveringKite","Garlic","Vajra","Ninja Scroll","Ornamental Fan","OrangePellets","Chameleon Ring","Replay:Wax Seal","Paper Crane","Shuriken","Omamori","Divine Protection","Dream Catcher","Shovel","ReplayTheSpireMod:TigerMarble","Replay:Rubber Ducky","Prayer Wheel","InkBottle","Replay:WaspNest","Torii","ReplayFunnel","Replay:Bandana","Replay:Baseball","Question Card","Fusion Hammer","Sling","PreservedInsect","ReplayTheSpireMod:Lightbulb","Bag of Preparation","Calipers","Ancient Tea Set","Blue Candle","ReplayTheSpireMod:Shallot","Onion Ring","Centennial Puzzle","Lantern","Replay:Arrowhead","Gremlin Horn","Pear","Snake Skull","StrikeDummy","Unceasing Top","Art of War","Grinning Jar","Replay:Accelerometer","Nunchaku","Ginger","White Beast Statue","Blood Vial","Byrd Skull","Snack Pack","Bottled Tornado","Replay:Multitool","Pantograph","Bronze Scales","HornCleat","Bag of Marbles","Oddly Smooth Stone","Pocketwatch","TungstenRod","Bird Faced Urn","Incense Burner"],"acts_visited":["Exordium","TheCity","TheBeyond","TheEnding"],"potions_floor_usage":[7,8,8,8,12,12,18,20,20,22,22,23,25,26,27,27,27,29,29,31,32,32,35,35,35,41,42,42,43,47,50,52,52,52,52,56,57,57,57],"damage_taken":[{"damage":0,"enemies":"2 Louse","floor":1,"turns":3},{"damage":7,"enemies":"Lagavulin","floor":6,"turns":3},{"damage":0,"enemies":"Gremlin Nob","floor":7,"turns":2},{"damage":0,"enemies":"3 Sentries","floor":8,"turns":3},{"damage":0,"enemies":"Gremlin Nob","floor":10,"turns":1},{"damage":0,"enemies":"Small Slimes","floor":11,"turns":1},{"damage":0,"enemies":"3 Sentries","floor":12,"turns":1},{"damage":0,"enemies":"Gremlin Nob","floor":15,"turns":1},{"damage":0,"enemies":"Hexaghost","floor":18,"turns":1},{"damage":0,"enemies":"3 Byrds","floor":20,"turns":1},{"damage":0,"enemies":"Spheric Guardian","floor":22,"turns":1},{"damage":0,"enemies":"Snake Plant","floor":23,"turns":1},{"damage":0,"enemies":"Book of Stabbing","floor":25,"turns":1},{"damage":0,"enemies":"Slavers","floor":26,"turns":1},{"damage":0,"enemies":"Replay:Snechameleon","floor":27,"turns":1},{"damage":0,"enemies":"Book of Stabbing","floor":29,"turns":1},{"damage":0,"enemies":"Gremlin Leader","floor":31,"turns":1},{"damage":0,"enemies":"Slavers","floor":32,"turns":1},{"damage":0,"enemies":"Pondfish","floor":35,"turns":2},{"damage":0,"enemies":"3 Darklings","floor":37,"turns":1},{"damage":0,"enemies":"Orb Walker","floor":41,"turns":1},{"damage":0,"enemies":"R_Hoarder","floor":42,"turns":2},{"damage":0,"enemies":"Spire Growth","floor":43,"turns":1},{"damage":0,"enemies":"Nemesis","floor":44,"turns":1},{"damage":0,"enemies":"R_Hoarder","floor":46,"turns":2},{"damage":0,"enemies":"Reptomancer","floor":47,"turns":1},{"damage":0,"enemies":"Nemesis","floor":49,"turns":1},{"damage":0,"enemies":"R_Hoarder","floor":50,"turns":1},{"damage":0,"enemies":"Awakened One","floor":52,"turns":2},{"damage":0,"enemies":"Shield and Spear","floor":56,"turns":1},{"damage":0,"enemies":"The Heart","floor":57,"turns":3}],"seed_played":"4152905959071642284","potions_obtained":[{"floor":1,"key":"CultistPotion"},{"floor":10,"key":"Explosive Potion"},{"floor":20,"key":"SpeedPotion"},{"floor":26,"key":"Explosive Potion"},{"floor":31,"key":"Regen Potion"},{"floor":32,"key":"Swift Potion"},{"floor":42,"key":"SteroidPotion"},{"floor":46,"key":"GamblersBrew"},{"floor":50,"key":"LiquidBronze"},{"floor":56,"key":"Energy Potion"}],"is_trial":true,"path_per_floor":["M","?","?","?","$","E","E","E","T","E","M","E","PTL","PTL","E","$","R","B",null,"M","?","M","M","$","E","E","E","T","E","$","E","E","T","R","B",null,"M","?","$","?","M","E","M","E","T","E","E","T","E","E","R","B",null,"R","$","E","B",null],"character_chosen":"THE_SILENT","items_purchased":["Infinite Blades+1","Matryoshka","Strange Spoon","Anchor","Slice+1","CeramicFish","Mummified Hand","Mercury Hourglass","Pen Nib","Potion Belt","Replay:Ringing Soul","The Specimen","Blade Dance+1","Garlic","Vajra","Ninja Scroll","Ornamental Fan","OrangePellets","Chameleon Ring","Tactician+1","Panache+1","Replay:Rubber Ducky","Prayer Wheel","InkBottle","Sling","PreservedInsect","ReplayTheSpireMod:Lightbulb","Bag of Preparation","Calipers","Ancient Tea Set","Blue Candle","ReplayTheSpireMod:Shallot","Onion Ring","Centennial Puzzle","Bottled Tornado","Replay:Multitool","Pantograph","Bronze Scales","HornCleat","Bag of Marbles","Oddly Smooth Stone","Pocketwatch","TungstenRod"],"campfire_rested":0,"item_purchase_floors":[5,5,5,5,5,16,16,16,16,16,16,16,16,24,24,24,24,24,24,30,30,30,30,30,39,39,39,39,39,39,39,39,39,39,55,55,55,55,55,55,55,55,55],"current_hp_per_floor":[70,70,74,74,74,67,72,74,74,76,78,87,87,87,89,92,92,94,94,96,99,101,103,103,105,108,110,110,113,116,118,120,120,120,122,122,126,126,126,126,131,133,137,149,149,151,156,156,158,160,160,160,160,160,160,162,162],"gold":178,"neow_bonus":"","is_daily":false,"chose_seed":false,"campfire_upgraded":0,"win_rate":0.0,"timestamp":1612245521,"path_taken":["M","?","?","?","$","E","E","E","T","E","M","E","PTL","PTL","?","$","R","BOSS","M","?","?","M","?","E","E","E","T","E","$","?","E","?","R","BOSS","M","?","$","?","M","E","M","E","T","E","?","?","E","E","R","BOSS","R","$","E","BOSS"],"items_purchased_type":["Card","Relic","Relic","Relic","Card","Relic","Relic","Relic","Relic","Relic","Relic","Relic","Card","Relic","Relic","Relic","Relic","Relic","Relic","Card","Card","Relic","Relic","Relic","Relic","Relic","Relic","Relic","Relic","Relic","Relic","Relic","Relic","Relic","Relic","Relic","Relic","Relic","Relic","Relic","Relic","Relic","Relic"],"build_version":"2020-12-22","purchased_purges":15,"victory":true,"max_hp_per_floor":[70,70,74,74,74,74,79,81,81,83,85,87,87,87,89,92,92,94,94,96,99,101,103,103,105,108,110,110,113,116,118,120,120,120,122,122,126,126,126,126,131,133,137,149,149,151,156,156,158,160,160,160,160,160,160,162,162],"card_choices":[{"not_picked":["Deadly Poison+1","Outmaneuver+1"],"picked":"Terror+1","floor":1},{"not_picked":["Dagger Spray+1","Heel Hook+1","Well Laid Plans+1"],"picked":"Singing Bowl","floor":3},{"not_picked":["Skewer+1","Dagger Throw+1","Deflect+1"],"picked":"Singing Bowl","floor":3},{"not_picked":["Wraith Form v2+1","Malaise+1"],"picked":"Venomology+1","floor":6},{"not_picked":["Venomology+1","Replay:Bag of Tricks+1"],"picked":"Adrenaline+1","floor":7},{"not_picked":["Unload+1","Bullet Time+1","Atom Bomb+1"],"picked":"Singing Bowl","floor":8},{"not_picked":["Corpse Explosion+1","Glass Knife+1","Atom Bomb+1"],"picked":"Singing Bowl","floor":10},{"not_picked":["Blur+1","PiercingWail+1","Backflip+1"],"picked":"Singing Bowl","floor":11},{"not_picked":["Venomology+1","Adrenaline+1","ReplayTheSpireMod:From All Sides+1"],"picked":"Singing Bowl","floor":12},{"not_picked":["Wraith Form v2+1","Adrenaline+1","Night Terror+1"],"picked":"Singing Bowl","floor":15},{"not_picked":["ReplayTheSpireMod:Necrosis+1","Adrenaline+1","Grand Finale+1"],"picked":"Singing Bowl","floor":18},{"not_picked":["Sucker Punch+1","Terror+1","Dagger Throw+1"],"picked":"Singing Bowl","floor":20},{"not_picked":["PiercingWail+1","Hidden Blade+1","All Out Attack+1"],"picked":"Singing Bowl","floor":22},{"not_picked":["Infinite Blades+1","Outmaneuver+1","Blade Dance+1"],"picked":"Singing Bowl","floor":23},{"not_picked":["Burst+1","Bullet Time+1","ReplayTheSpireMod:From All Sides+1"],"picked":"Singing Bowl","floor":25},{"not_picked":["Malaise+1","Adrenaline+1"],"picked":"Envenom+1","floor":26},{"not_picked":["Die Die Die+1","Wraith Form v2+1","ReplayTheSpireMod:From All Sides+1"],"picked":"Singing Bowl","floor":27},{"not_picked":["Grand Finale+1","Storm of Steel+1"],"picked":"Tools of the Trade+1","floor":29},{"not_picked":["After Image+1","Burst+1","Grand Finale+1"],"picked":"Singing Bowl","floor":31},{"not_picked":["Envenom+1","Venomology+1","Wraith Form v2+1"],"picked":"Singing Bowl","floor":32},{"not_picked":["Bullet Time+1","Venomology+1","Die Die Die+1","Storm of Steel+1"],"picked":"Singing Bowl","floor":35},{"not_picked":["Flying Knee+1","Dagger Throw+1","Poisoned Stab+1","Dodge and Roll+1"],"picked":"Singing Bowl","floor":37},{"not_picked":["Hidden Blade+1","Bane+1","Eviscerate+1","Acrobatics+1"],"picked":"Singing Bowl","floor":37},{"not_picked":["Flying Knee+1","Sucker Punch+1","Underhanded Strike+1"],"picked":"Setup+1","floor":41},{"not_picked":["Atom Bomb+1","Quick Slash+1","Dagger Spray+1","PiercingWail+1"],"picked":"Singing Bowl","floor":41},{"not_picked":["Tools of the Trade+1","Storm of Steel+1","Burst+1","Night Terror+1"],"picked":"Singing Bowl","floor":42},{"not_picked":["All Out Attack+1","Quick Slash+1","Masterful Stab+1","Dagger Throw+1"],"picked":"Singing Bowl","floor":43},{"not_picked":["Riddle With Holes+1","Hidden Blade+1","Bouncing Flask+1","Underhanded Strike+1"],"picked":"Singing Bowl","floor":43},{"not_picked":["Replay:Bag of Tricks+1","Unload+1","Atom Bomb+1","A Thousand Cuts+1"],"picked":"Singing Bowl","floor":44},{"not_picked":["Storm of Steel+1","Unload+1","Wraith Form v2+1","Atom Bomb+1"],"picked":"Singing Bowl","floor":46},{"not_picked":["Night Terror+1","Adrenaline+1","Atom Bomb+1","Glass Knife+1"],"picked":"Singing Bowl","floor":47},{"not_picked":["Corpse Explosion+1","Adrenaline+1","Night Terror+1","Wraith Form v2+1"],"picked":"Singing Bowl","floor":49},{"not_picked":["Venomology+1","ReplayTheSpireMod:From All Sides+1","Replay:Bag of Tricks+1","Tools of the Trade+1"],"picked":"Singing Bowl","floor":50},{"not_picked":["ReplayTheSpireMod:Necrosis+1","Malaise+1","A Thousand Cuts+1","Grand Finale+1"],"picked":"Singing Bowl","floor":56}],"player_experience":25575,"relics_obtained":[{"floor":3,"key":"Sundial"},{"floor":6,"key":"ReplayTheSpireMod:Ninjato"},{"floor":6,"key":"Replay:Bottled Flurry"},{"floor":7,"key":"Mirror"},{"floor":7,"key":"Durian"},{"floor":8,"key":"Ice Cream"},{"floor":8,"key":"Happy Flower"},{"floor":9,"key":"Letter Opener"},{"floor":9,"key":"MawBank"},{"floor":10,"key":"Kunai"},{"floor":10,"key":"Toy Ornithopter"},{"floor":12,"key":"FossilizedHelix"},{"floor":12,"key":"Akabeko"},{"floor":15,"key":"The Courier"},{"floor":15,"key":"Boot"},{"floor":25,"key":"Replay:Wax Seal"},{"floor":25,"key":"Paper Crane"},{"floor":26,"key":"Shuriken"},{"floor":26,"key":"Omamori"},{"floor":27,"key":"Divine Protection"},{"floor":28,"key":"Dream Catcher"},{"floor":29,"key":"Shovel"},{"floor":29,"key":"ReplayTheSpireMod:TigerMarble"},{"floor":31,"key":"Replay:WaspNest"},{"floor":31,"key":"Torii"},{"floor":32,"key":"ReplayFunnel"},{"floor":32,"key":"Replay:Bandana"},{"floor":33,"key":"Replay:Baseball"},{"floor":34,"key":"Question Card"},{"floor":42,"key":"Lantern"},{"floor":42,"key":"Replay:Arrowhead"},{"floor":44,"key":"Gremlin Horn"},{"floor":44,"key":"Pear"},{"floor":45,"key":"Snake Skull"},{"floor":46,"key":"StrikeDummy"},{"floor":46,"key":"Unceasing Top"},{"floor":47,"key":"Art of War"},{"floor":47,"key":"Grinning Jar"},{"floor":48,"key":"Replay:Accelerometer"},{"floor":49,"key":"Nunchaku"},{"floor":49,"key":"Ginger"},{"floor":50,"key":"White Beast Statue"},{"floor":50,"key":"Blood Vial"},{"floor":51,"key":"Byrd Skull"},{"floor":54,"key":"Snack Pack"},{"floor":56,"key":"Bird Faced Urn"},{"floor":56,"key":"Incense Burner"}],"event_choices":[{"damage_healed":0,"gold_gain":175,"player_choice":"AGREE","damage_taken":0,"max_hp_gain":0,"max_hp_loss":0,"event_name":"Liars Game","floor":2,"gold_loss":0,"cards_obtained":["Doubt"]},{"damage_healed":0,"gold_gain":0,"player_choice":"Full Heal","damage_taken":0,"max_hp_gain":0,"max_hp_loss":0,"event_name":"Wheel of Change","floor":4,"gold_loss":0},{"damage_healed":0,"gold_gain":0,"cards_transformed":["Neutralize"],"player_choice":"Transformed","damage_taken":0,"max_hp_gain":0,"max_hp_loss":0,"event_name":"Transmorgrifier","floor":21,"gold_loss":0,"cards_obtained":["ReplayTheSpireMod:Speed Training"]},{"cards_removed":["Tools of the Trade"],"damage_healed":0,"gold_gain":0,"player_choice":"Removed Power","damage_taken":0,"max_hp_gain":0,"max_hp_loss":0,"event_name":"Falling","floor":38,"gold_loss":0},{"damage_healed":0,"gold_gain":0,"player_choice":"Full Heal","damage_taken":0,"max_hp_gain":0,"max_hp_loss":0,"event_name":"Wheel of Change","floor":40,"gold_loss":0}],"is_beta":false,"boss_relics":[{"not_picked":["Abe\u0027s Treasure","Empty Cage"],"picked":"HoveringKite"},{"not_picked":["Replay:Grab Bag","SacredBark"],"picked":"Fusion Hammer"}],"items_purged_floors":[5,5,5,5,5,5,5,5,5,5,5,16,16,24,39],"is_endless":false,"potions_floor_spawned":[1,10,11,15,20,25,26,31,32,42,43,44,46,50,56],"ascension_level":0}}