{"host":"bg0cyinkrjnqf173","time":1612243849,"event":{"mods":["2.2 Compatiblity","Aspiration","BaseMod","Beaked The Cultist","Better Third Choice","BetterRewards","Colored Map","Conspire","Curses Come First","Defuse TimeMaze Blight","Displayed Cursed Tome","Googly Eyes","Halation","Hubris","Infinite Spire","Jedi Mod","Minty Spire (QoL Compilation)","Permanent Neow","Quick Restart","Rare Cards Sparkle","Relic Sorter","Replay The Spire","Shop Mod","Spicy Shops","Spikes Relics","StSLib","The Bladedancer","The Construct","The Valiant"],"gold_per_floor":[119,135,148,148,161,189,301,346,358,398,425,437,465,511,523,638,650,673,669,696,708,720,732,520,520,520,320,343,438,438,496,496,632,632,649,549,549,567,567,567,567,687,687],"floor_reached":42,"language":"ENG","playtime":2971,"items_purged":["Shame","beaked:Ceremony"],"score":569,"play_id":"deb4d863-e595-4073-8b91-efdfca150ee8","local_time":"20210202003049","is_ascension_mode":true,"campfire_choices":[{"data":"infinitespire:NeuralNetwork","floor":15.0,"key":"SMITH"},{"data":"beaked:AwakenedForm","floor":23.0,"key":"SMITH"},{"data":"ReplayTheSpireMod:Prepare the Ceremony","floor":25.0,"key":"SMITH"},{"floor":32.0,"key":"REST"},{"floor":40.0,"key":"REST"},{"floor":41.0,"key":"REST"}],"circlet_count":0,"master_deck":["beaked:Strike_Y","beaked:Strike_Y","beaked:Strike_Y","beaked:Strike_Y","beaked:Strike_Y","beaked:Strike_Y","beaked:Defend_Y","beaked:Defend_Y","beaked:Defend_Y","beaked:Defend_Y","beaked:Ceremony","beaked:Ceremony","beaked:Windmill","ReplayTheSpireMod:Prepare the Ceremony+1","infinitespire:NeuralNetwork+1","beaked:Insight","beaked:Daydream+1","beaked:LiftOff","beaked:Struggle","beaked:Evade+1","beaked:Daydream","beaked:Negation","beaked:AwakenedForm+1","beaked:MimicWarrior","beaked:StickSmack+1","conspire:SpireCoStock","conspire:SpireCoStock","conspire:SpireCoStock","conspire:SpireCoStock","beaked:Foresight","beaked:Evade+1","beaked:LiftOff"],"relics":["beaked:MendingPlumage","jedi:matchstick","aspiration:RunicSpoon","aspiration:Nostalgia","PureWater","MawBank","ReplayTheSpireMod:Lightbulb","Blue Candle","Replay:Bottled Steam","Meat on the Bone","hubris:Icosahedron","War Paint","Ancient Tea Set","infinitespire:Beetle Shell","Replay:Bronze Core","halation:QuantumPhysicsTextbook","hubris:EvacipatedBox"],"acts_visited":["Exordium","TheCity","TheBeyond"],"potions_floor_usage":[],"damage_taken":[{"damage":0.0,"enemies":"2 Louse","floor":1.0,"turns":3.0},{"damage":11.0,"enemies":"Jaw Worm","floor":2.0,"turns":4.0},{"damage":1.0,"enemies":"Cultist","floor":3.0,"turns":3.0},{"damage":11.0,"enemies":"2 Fungi Beasts","floor":5.0,"turns":4.0},{"damage":20.0,"enemies":"Gremlin Nob","floor":6.0,"turns":4.0},{"damage":18.0,"enemies":"Lagavulin","floor":8.0,"turns":5.0},{"damage":21.0,"enemies":"3 Sentries","floor":10.0,"turns":6.0},{"damage":14.0,"enemies":"Blue Slaver","floor":11.0,"turns":3.0},{"damage":5.0,"enemies":"Looter","floor":13.0,"turns":2.0},{"damage":0.0,"enemies":"Lagavulin","floor":14.0,"turns":4.0},{"damage":40.0,"enemies":"Hexaghost","floor":16.0,"turns":8.0},{"damage":32.0,"enemies":"Chosen","floor":18.0,"turns":5.0},{"damage":30.0,"enemies":"2 Thieves","floor":19.0,"turns":4.0},{"damage":51.0,"enemies":"Centurion and Healer","floor":20.0,"turns":6.0},{"damage":19.0,"enemies":"Replay:Snechameleon","floor":29.0,"turns":5.0},{"damage":71.0,"enemies":"Cultist and Chosen","floor":31.0,"turns":7.0},{"damage":37.0,"enemies":"Champ","floor":33.0,"turns":6.0},{"damage":23.0,"enemies":"Orb Walker","floor":35.0,"turns":3.0},{"damage":15.0,"enemies":"3 Shapes","floor":38.0,"turns":3.0},{"damage":102,"enemies":"Nightmare","floor":42,"turns":8}],"seed_played":"708612175945170868","potions_obtained":[{"floor":1.0,"key":"DistilledChaos"},{"floor":5.0,"key":"jedi:StrikingPotion"},{"floor":8.0,"key":"Venom Potion"},{"floor":14.0,"key":"Adrenaline Potion"}],"is_trial":false,"path_per_floor":["M","M","M","?","M","E","?","E","T","E","M","?","M","E","R_BF","B",null,"M","M","M","?","?","R","$","R","T","?","T","E","?","M","R","B",null,"M","$","?","M","$","R","R","NM"],"character_chosen":"BEAKED_THE_CULTIST","items_purchased":["War Paint","halation:QuantumPhysicsTextbook","hubris:EvacipatedBox"],"campfire_rested":3,"item_purchase_floors":[24,39,39],"current_hp_per_floor":[50,48,50,38,41,37,37,38,38,44,41,41,46,50,50,36,50,32,35,31,31,31,31,31,31,31,31,31,47,47,21,36,50,50,50,50,50,50,11,26,41,0,0],"gold":687,"neow_bonus":"NOSTALGIA","is_daily":false,"chose_seed":false,"campfire_upgraded":3,"win_rate":0.0,"timestamp":1612243849,"path_taken":["M","M","M","?","M","E","?","E","T","E","?","?","M","E","R_BF","BOSS","M","M","M","?","?","R","$","R","T","?","?","E","?","?","R","BOSS","M","$","?","M","?","R","R","NM"],"items_purchased_type":["Relic","Relic","Relic"],"build_version":"2020-12-22","purchased_purges":2,"victory":false,"max_hp_per_floor":[50,50,50,50,50,50,50,50,50,50,50,50,50,50,50,50,50,50,50,50,50,50,50,50,50,50,50,50,50,50,50,50,50,50,50,50,50,50,50,50,50,50,50],"card_choices":[{"not_picked":["beaked:DigDeep","beaked:Recite"],"picked":"beaked:Windmill","floor":1.0},{"not_picked":["beaked:VigorBurst","beaked:SacrificialDive"],"picked":"ReplayTheSpireMod:Prepare the Ceremony","floor":2.0},{"not_picked":["beaked:HuntressSpirit","beaked:Tradeoff","beaked:Cower"],"picked":"SKIP","floor":3.0},{"not_picked":["infinitespire:Starlight","hubris:Fate"],"picked":"infinitespire:NeuralNetwork","floor":4.0},{"not_picked":["beaked:SacrificialScars","beaked:RitualOfBody"],"picked":"beaked:Insight","floor":5.0},{"not_picked":["beaked:DigDeep","beaked:Brace"],"picked":"beaked:Daydream","floor":6.0},{"not_picked":["beaked:Pecker","beaked:DigDeeper"],"picked":"beaked:LiftOff","floor":8.0},{"not_picked":["beaked:SurvivalInstinct","beaked:Mantra"],"picked":"beaked:Struggle","floor":10.0},{"not_picked":["beaked:DigDeep","beaked:Cower"],"picked":"beaked:Evade","floor":11.0},{"not_picked":["beaked:Roost","beaked:WindBringer"],"picked":"beaked:Daydream","floor":13.0},{"not_picked":["beaked:Replenish","beaked:Tradeoff"],"picked":"beaked:Negation","floor":14.0},{"not_picked":["beaked:FakeOut","beaked:FullHouse"],"picked":"beaked:AwakenedForm","floor":16.0},{"not_picked":["beaked:FeelMyPain","beaked:Replenish"],"picked":"beaked:MimicWarrior","floor":18.0},{"not_picked":["beaked:FeelMyPain","beaked:Brace","beaked:DesperateSwing"],"picked":"SKIP","floor":19.0},{"not_picked":["beaked:Daydream","beaked:Redirect"],"picked":"beaked:StickSmack+1","floor":20.0},{"not_picked":["beaked:StickSmack","beaked:Replenish","beaked:Resilience+1"],"picked":"SKIP","floor":29.0},{"not_picked":["beaked:Insight","beaked:Tradeoff+1"],"picked":"beaked:Evade+1","floor":31.0},{"not_picked":["beaked:SacrificialScars","beaked:Brainwash"],"picked":"beaked:LiftOff","floor":33.0},{"not_picked":["beaked:MimicHuntress","beaked:Tweet","beaked:BraceForImpact"],"picked":"SKIP","floor":35.0},{"not_picked":["beaked:BounceBack+1","beaked:CursingBlood","beaked:DigDeep+1"],"picked":"SKIP","floor":38.0}],"player_experience":759621,"relics_obtained":[{"floor":6.0,"key":"MawBank"},{"floor":8.0,"key":"ReplayTheSpireMod:Lightbulb"},{"floor":9.0,"key":"Blue Candle"},{"floor":10.0,"key":"Replay:Bottled Steam"},{"floor":14.0,"key":"Meat on the Bone"},{"floor":26.0,"key":"Ancient Tea Set"},{"floor":28.0,"key":"infinitespire:Beetle Shell"},{"floor":29.0,"key":"jedi:matchstick"}],"event_choices":[{"damage_healed":0.0,"max_hp_gain":0.0,"max_hp_loss":0.0,"gold_gain":100.0,"event_name":"Wheel of Change","player_choice":"Gold","floor":7.0,"gold_loss":0.0,"damage_taken":0.0},{"damage_healed":0.0,"max_hp_gain":0.0,"max_hp_loss":0.0,"gold_gain":0.0,"event_name":"conspire:Investor","player_choice":"Invest 4","floor":27.0,"gold_loss":0.0,"damage_taken":0.0}],"is_beta":false,"boss_relics":[{"not_picked":["Sandwich","Replay:Drink Me"],"picked":"aspiration:RunicSpoon"},{"not_picked":["jedi:battlestandard","halation:Yufonium"],"picked":"Replay:Bronze Core"}],"items_purged_floors":[24,36],"is_endless":false,"potions_floor_spawned":[1,5,8,14,16,18,29,33,38],"killed_by":"Nightmare","ascension_level":1}}