{"host":"xltl1aroowo69o4n","time":1612252784,"event":{"mods":["BaseMod","Colored Map","Colored Powertips","Downfall","Minty Spire (QoL Compilation)","StSLib"],"gold_per_floor":[99,114,214,233,247,247,247,262,281,281,23,53,53,63,74,173,173,73,90,90,90,109,109,109,10,10,29,44,55,55,70,90,191,191,91,110,126,144,160,160,160,160,186,186,205,20,20,13,23,23],"floor_reached":51,"language":"ENG","playtime":2898,"items_purged":[],"score":735,"play_id":"d8acc6b1-adfd-4bd4-916b-a8cafbe101fd","local_time":"20210202025944","is_ascension_mode":false,"campfire_choices":[{"floor":1,"key":"RECALL"},{"floor":10,"key":"REST"},{"data":"hexamod:ForkedFlame","floor":18,"key":"SMITH"},{"floor":30,"key":"REST"},{"data":"hexamod:SearingWound","floor":35,"key":"SMITH"},{"floor":42,"key":"REST"},{"data":"expansioncontent:InvincibleStrength","floor":47,"key":"SMITH"}],"circlet_count":0,"master_deck":["hexamod:Strike","hexamod:Strike","hexamod:Strike","hexamod:Strike","hexamod:Defend","hexamod:Defend","hexamod:Defend","hexamod:Defend","hexamod:Sear","hexamod:Float","hexamod:FlamesFromBeyond","hexamod:FastForward","hexamod:SwordOfDarkness","hexamod:InspiringFlames","hexamod:SwordOfDarkness","hexamod:AdvancingGuard","expansioncontent:LastStand+1","hexamod:GhostOfSpirePast+1","Normality","hexamod:ShieldOfDarkness","hexamod:NightmareStrike","hexamod:ForkedFlame+1","downfall:Bewildered","hexamod:ExtraCrispy","hexamod:FirstSeal","hexamod:Firestarter","hexamod:HeatCrush","hexamod:BurningTouch","hexamod:SpectersWail","hexamod:InspiringFlames","hexamod:BacktrackSmack","hexamod:EtherealExpedition","hexamod:RecurringNightmare","hexamod:SearingWound+1","hexamod:GhostLash","hexamod:Incineration","hexamod:SpectersWail","hexamod:Hexaguard+1","expansioncontent:InvincibleStrength+1","hexamod:Hexaguard","hexamod:ThermalTransfer","hexamod:SwordOfDarkness","hexamod:BacktrackSmack+1","expansioncontent:DashGenerateEvil","hexamod:Toasty","hexamod:HauntingEcho+1"],"relics":["hexamod:SpiritBrand","Bronze Scales","Pocketwatch","Strange Spoon","PreservedInsect","Busted Crown","downfall:HeartBlessingBlue","sneckomod:BabySnecko","Mango","Enchiridion","hexamod:IceCube","downfall:HeartBlessingRed","Omamori","MealTicket","Vajra"],"acts_visited":["Exordium","TheCity","TheBeyond"],"potions_floor_usage":[27,33,33,37,39,43,50],"damage_taken":[{"damage":0,"enemies":"Cultist","floor":2,"turns":3},{"damage":6,"enemies":"Jaw Worm","floor":4,"turns":3},{"damage":6,"enemies":"2 Louse","floor":5,"turns":2},{"damage":17,"enemies":"Exordium Thugs","floor":8,"turns":3},{"damage":0,"enemies":"Exordium Wildlife","floor":9,"turns":2},{"damage":0,"enemies":"downfall:FleeingMerchant","floor":11,"turns":4},{"damage":20,"enemies":"Lagavulin","floor":12,"turns":6},{"damage":5,"enemies":"Large Slime","floor":14,"turns":6},{"damage":17,"enemies":"Exordium Thugs","floor":15,"turns":4},{"damage":33,"enemies":"SI_SHIV_ARCHETYPE","floor":16,"turns":11},{"damage":12,"enemies":"Shell Parasite","floor":19,"turns":4},{"damage":0,"enemies":"Chosen","floor":22,"turns":2},{"damage":5,"enemies":"downfall:FleeingMerchant","floor":25,"turns":4},{"damage":17,"enemies":"Centurion and Healer","floor":27,"turns":4},{"damage":2,"enemies":"3 Cultists","floor":28,"turns":5},{"damage":6,"enemies":"Shelled Parasite and Fungi","floor":29,"turns":3},{"damage":0,"enemies":"Snecko","floor":31,"turns":3},{"damage":12,"enemies":"Snake Plant","floor":32,"turns":3},{"damage":60,"enemies":"IC_MUSHROOM_ARCHETYPE","floor":33,"turns":9},{"damage":45,"enemies":"3 Darklings","floor":36,"turns":5},{"damage":5,"enemies":"Orb Walker","floor":37,"turns":3},{"damage":41,"enemies":"Jaw Worm Horde","floor":38,"turns":4},{"damage":12,"enemies":"3 Darklings","floor":39,"turns":4},{"damage":41,"enemies":"Reptomancer","floor":43,"turns":5},{"damage":20,"enemies":"4 Shapes","floor":45,"turns":4},{"damage":5,"enemies":"downfall:FleeingMerchant","floor":46,"turns":4},{"damage":0,"enemies":"downfall:FleeingMerchant","floor":48,"turns":1},{"damage":4,"enemies":"Maw","floor":49,"turns":5},{"damage":79,"enemies":"WA_ARCHETYPE_DIVINITY","floor":50,"turns":9}],"seed_played":"-6353259288264652795","potions_obtained":[{"floor":8,"key":"Swift Potion"},{"floor":12,"key":"Explosive Potion"},{"floor":15,"key":"hexamod:EctoCoolerPotion"},{"floor":21,"key":"DistilledChaos"},{"floor":28,"key":"hexamod:EctoCoolerPotion"},{"floor":37,"key":"Fire Potion"},{"floor":39,"key":"Fruit Juice"},{"floor":45,"key":"Weak Potion"},{"floor":49,"key":"hexamod:DoubleChargePotion"}],"is_trial":false,"path_per_floor":["R","M","?","M","M","?","T","M","M","R","$","E","?","M","M","B",null,"R","M","?","?","M","?","T","$","?","M","M","M","R","M","M","B",null,"R","M","M","M","M","?","T","R","E","?","M","$","R","$","M","B",null],"character_chosen":"THE_SPIRIT","items_purchased":["Strange Spoon","expansioncontent:LastStand","hexamod:HeatCrush","hexamod:BurningTouch","Vajra","hexamod:SwordOfDarkness","expansioncontent:DashGenerateEvil","hexamod:Toasty"],"campfire_rested":3,"item_purchase_floors":[11,11,25,25,46,46,48,48],"current_hp_per_floor":[70,70,70,64,58,55,55,38,38,59,59,39,39,44,27,4,70,80,68,68,68,68,61,75,77,61,58,63,57,85,85,73,23,94,94,56,58,27,20,20,20,49,18,99,79,89,89,99,95,16],"gold":23,"neow_bonus":"RANDOM_COMMON_RELIC","is_daily":false,"chose_seed":false,"campfire_upgraded":3,"win_rate":0.0,"timestamp":1612252784,"path_taken":["R","M","?","M","M","?","T","M","M","R","$","E","?","?","M","BOSS","R","M","?","?","?","?","T","$","?","M","M","M","R","M","M","BOSS","R","M","M","M","M","?","T","R","E","?","M","$","R","$","M","BOSS"],"items_purchased_type":["Relic","Card","Card","Card","Relic","Card","Card","Card"],"build_version":"2020-12-13","purchased_purges":0,"victory":true,"max_hp_per_floor":[70,70,70,70,70,70,70,70,70,70,70,70,70,70,70,70,70,80,80,80,80,80,80,94,94,94,94,94,94,94,94,94,94,94,94,94,94,94,99,99,99,99,99,99,99,99,99,99,99,99],"card_choices":[{"not_picked":["hexamod:ShieldOfDarkness","hexamod:ThermalTransfer"],"picked":"hexamod:FlamesFromBeyond","floor":2},{"not_picked":["hexamod:FourthSeal","hexamod:GhostflameBarrier"],"picked":"hexamod:FastForward","floor":4},{"not_picked":["hexamod:FourthSeal","hexamod:SoulSteal"],"picked":"hexamod:SwordOfDarkness","floor":5},{"not_picked":["hexamod:GhostLash","hexamod:NightmareStrike"],"picked":"hexamod:InspiringFlames","floor":8},{"not_picked":["hexamod:FastForward","hexamod:TimeWarp"],"picked":"hexamod:SwordOfDarkness","floor":9},{"not_picked":["hexamod:BacktrackSmack","hexamod:GhostLash"],"picked":"hexamod:AdvancingGuard","floor":11},{"not_picked":["hexamod:Hexaguard","hexamod:GhostOfSpirePresent"],"picked":"hexamod:GhostOfSpirePast","floor":12},{"not_picked":["hexamod:BurningTouch","hexamod:GhostflameBarrier"],"picked":"hexamod:ShieldOfDarkness","floor":14},{"not_picked":["hexamod:ShieldOfDarkness","hexamod:InspiringFlames"],"picked":"hexamod:NightmareStrike","floor":15},{"not_picked":["hexamod:WildfireWeapon","hexamod:ParanormalForm"],"picked":"hexamod:ForkedFlame","floor":16},{"not_picked":["hexamod:PhantomCloak"],"picked":"SKIP","floor":19},{"not_picked":[],"picked":"hexamod:ExtraCrispy","floor":22},{"not_picked":[],"picked":"hexamod:Firestarter","floor":25},{"not_picked":[],"picked":"hexamod:SpectersWail","floor":27},{"not_picked":[],"picked":"hexamod:InspiringFlames","floor":28},{"not_picked":[],"picked":"hexamod:BacktrackSmack","floor":29},{"not_picked":[],"picked":"hexamod:EtherealExpedition","floor":31},{"not_picked":[],"picked":"hexamod:RecurringNightmare","floor":32},{"not_picked":[],"picked":"hexamod:SearingWound","floor":33},{"not_picked":[],"picked":"hexamod:GhostLash","floor":36},{"not_picked":[],"picked":"hexamod:Incineration","floor":37},{"not_picked":[],"picked":"hexamod:SpectersWail","floor":38},{"not_picked":[],"picked":"hexamod:Hexaguard+1","floor":39},{"not_picked":["expansioncontent:LastStand","expansioncontent:PolyBeam"],"picked":"expansioncontent:InvincibleStrength","floor":40},{"not_picked":["hexamod:ExtraCrispy"],"picked":"SKIP","floor":43},{"not_picked":[],"picked":"hexamod:Hexaguard","floor":45},{"not_picked":[],"picked":"hexamod:ThermalTransfer","floor":46},{"not_picked":[],"picked":"hexamod:BacktrackSmack+1","floor":48},{"not_picked":[],"picked":"hexamod:HauntingEcho+1","floor":49}],"player_experience":95155,"relics_obtained":[{"floor":12,"key":"PreservedInsect"},{"floor":24,"key":"Mango"},{"floor":26,"key":"Enchiridion"},{"floor":41,"key":"Omamori"},{"floor":43,"key":"MealTicket"}],"event_choices":[{"damage_healed":0,"gold_gain":0,"player_choice":"Success","damage_taken":3,"relics_obtained":["Pocketwatch"],"max_hp_gain":0,"max_hp_loss":0,"event_name":"Scrap Ooze","floor":6,"gold_loss":0},{"damage_healed":0,"gold_gain":0,"player_choice":"Got Potions","damage_taken":0,"max_hp_gain":0,"max_hp_loss":0,"event_name":"Lab","floor":21,"gold_loss":0}],"is_beta":false,"boss_relics":[{"not_picked":["Snecko Eye","Calling Bell"],"picked":"Busted Crown"},{"not_picked":["Black Star","Runic Dome"],"picked":"hexamod:IceCube"}],"items_purged_floors":[],"is_endless":false,"potions_floor_spawned":[8,12,15,19,22,28,29,37,39,45,49],"ascension_level":0}}