{"host":"6h0diz2ap0m56grs","time":1612305995,"event":{"mods":["2.2 Compatiblity","BaseMod","Colored Map","Marisa????????","Minty Spire (QoL Compilation)","Quick Restart","Replay The Spire","Shop Mod","StSLib","The Servant 0.9.4"],"gold_per_floor":[115,135,135,148,148,177,212,246,271,302,333,333,358,84,84,179,179,194,194,194,48,48,77,108,137,137,170,197,112,112,112],"floor_reached":30,"language":"ENG","playtime":1070,"items_purged":["Amplify"],"score":628,"play_id":"0cd0c357-0e8a-4db4-b24b-58c4f7036b49","local_time":"20210202164635","daily_mods":["SealedDeck","Heirloom","Time Dilation","Flight"],"is_ascension_mode":true,"campfire_choices":[{"data":"ReplayTheSpireMod:Fabricate Wheel","floor":12,"key":"SMITH"},{"data":"BasicCrystalCard","floor":15,"key":"SMITH"}],"circlet_count":0,"master_deck":["Barrage","Leap","Cold Snap","ReplayTheSpireMod:Calculation Training","Ball Lightning","BasicCrystalCard+1","Ball Lightning","Defragment","Chill+1","Genetic Algorithm","Genetic Algorithm","Consume","Conserve Battery","Coolheaded","BasicCrystalCard+1","Glacier","Defragment","BasicCrystalCard","Pot Of Greed","Pot Of Greed","Core Surge","Loop"],"relics":["Cracked Core","replay:Trail_Library","Replay:Kaleidoscope","Ornamental Fan","Akabeko","Replay:Baseball","Nunchaku","Chameleon Ring","Pen Nib","Prayer Wheel","Replay:Rubber Ducky","OrangePellets","MerchantsRug","Velvet Choker","PreservedInsect","Replay:Multitool","Symbiotic Virus","Grinning Jar","Strawberry","Potion Belt","Lantern"],"acts_visited":["Exordium","TheCity"],"potions_floor_usage":[6],"damage_taken":[{"damage":0,"enemies":"2 Louse","floor":1,"turns":2},{"damage":3,"enemies":"Jaw Worm","floor":2,"turns":2},{"damage":7,"enemies":"Small Slimes","floor":4,"turns":3},{"damage":0,"enemies":"3 Sentries","floor":6,"turns":6},{"damage":0,"enemies":"Lagavulin","floor":7,"turns":6},{"damage":0,"enemies":"3 Sentries","floor":8,"turns":4},{"damage":3,"enemies":"Lagavulin","floor":10,"turns":7},{"damage":0,"enemies":"Gremlin Nob","floor":11,"turns":3},{"damage":0,"enemies":"Lagavulin","floor":13,"turns":5},{"damage":0,"enemies":"Slime Boss","floor":16,"turns":4},{"damage":0,"enemies":"2 Thieves","floor":18,"turns":4},{"damage":0,"enemies":"Replay:Snechameleon","floor":23,"turns":7},{"damage":0,"enemies":"Slavers","floor":24,"turns":6},{"damage":2,"enemies":"Book of Stabbing","floor":25,"turns":5},{"damage":0,"enemies":"Gremlin Leader","floor":27,"turns":7}],"seed_played":"-6796942043833680521","potions_obtained":[{"floor":2,"key":"Swift Potion"},{"floor":6,"key":"Elixir"},{"floor":10,"key":"BlessingOfTheForge"},{"floor":13,"key":"Energy Potion"},{"floor":18,"key":"PowerPotion"},{"floor":23,"key":"PotionOfCapacity"}],"is_trial":true,"path_per_floor":["M","M","?","M","?","E","E","E","T","E","E","R","E","$","R","B",null,"M","?","?","$","?","E","E","E","T","E","T","?","R"],"character_chosen":"DEFECT","items_purchased":["OrangePellets","MerchantsRug","Defragment"],"campfire_rested":0,"item_purchase_floors":[14,14,21],"current_hp_per_floor":[75,72,72,65,50,50,50,50,50,47,47,47,47,47,47,47,75,75,75,75,75,75,75,75,73,73,80,80,80,80,80],"gold":112,"neow_bonus":"","is_daily":false,"chose_seed":false,"campfire_upgraded":2,"win_rate":0.0,"timestamp":1612305995,"path_taken":["M","M","?","M","?","E","E","E","T","E","E","R","E","$","R","BOSS","M","?","?","$","?","E","E","E","T","E","?","?","R"],"items_purchased_type":["Relic","Relic","Card"],"build_version":"2020-12-22","purchased_purges":1,"victory":false,"max_hp_per_floor":[75,75,75,75,75,75,75,75,75,75,75,75,75,75,75,75,75,75,75,75,75,75,75,75,75,75,82,82,82,82,82],"card_choices":[{"not_picked":["Coolheaded","Ball Lightning"],"picked":"Genetic Algorithm","floor":1},{"not_picked":["ReplayGash","Leap"],"picked":"Consume","floor":2},{"not_picked":["Coolheaded","FIFO Queue"],"picked":"Conserve Battery","floor":4},{"not_picked":["BootSequence","Heatsinks","All For One"],"picked":"SKIP","floor":6},{"not_picked":["Stack","Double Energy"],"picked":"Coolheaded","floor":7},{"not_picked":["Beam Cell","Ball Lightning","Force Field"],"picked":"SKIP","floor":8},{"not_picked":["ReplaySort","Capacitor","Fusion"],"picked":"SKIP","floor":10},{"not_picked":["Sunder","Stack"],"picked":"BasicCrystalCard","floor":11},{"not_picked":["Meteor Strike","Rip and Tear","Hello World"],"picked":"SKIP","floor":13},{"not_picked":["Steam+1","Gash","Hologram"],"picked":"SKIP","floor":18},{"not_picked":["Sweeping Beam+1","Redo","Heatsinks"],"picked":"SKIP","floor":18},{"not_picked":["Lockon","Fusion","Darkness"],"picked":"SKIP","floor":23},{"not_picked":["Force Field","Stack","Barrage"],"picked":"SKIP","floor":24},{"not_picked":["Conserve Battery+1","Tempest"],"picked":"BasicCrystalCard","floor":25},{"not_picked":["Redo","Beam Cell"],"picked":"Core Surge","floor":27}],"player_experience":242710,"relics_obtained":[{"floor":6,"key":"Ornamental Fan"},{"floor":7,"key":"Akabeko"},{"floor":8,"key":"Replay:Baseball"},{"floor":9,"key":"Nunchaku"},{"floor":10,"key":"Chameleon Ring"},{"floor":11,"key":"Pen Nib"},{"floor":13,"key":"Replay:Rubber Ducky"},{"floor":23,"key":"PreservedInsect"},{"floor":24,"key":"Replay:Multitool"},{"floor":25,"key":"Symbiotic Virus"},{"floor":26,"key":"Grinning Jar"},{"floor":27,"key":"Strawberry"},{"floor":28,"key":"Potion Belt"}],"event_choices":[{"damage_healed":0,"gold_gain":0,"player_choice":"Ignored","damage_taken":0,"max_hp_gain":0,"max_hp_loss":0,"event_name":"Liars Game","floor":3,"gold_loss":0},{"damage_healed":0,"gold_gain":0,"player_choice":"Entered Light","damage_taken":15,"max_hp_gain":0,"max_hp_loss":0,"event_name":"Shining Light","floor":5,"gold_loss":0,"cards_upgraded":["Chill","BasicCrystalCard"]},{"damage_healed":0,"gold_gain":0,"player_choice":"Read","damage_taken":0,"max_hp_gain":0,"max_hp_loss":0,"event_name":"The Library","floor":19,"gold_loss":0,"cards_obtained":["Glacier"]},{"damage_healed":0,"gold_gain":0,"player_choice":"Ignored","damage_taken":0,"max_hp_gain":0,"max_hp_loss":0,"event_name":"Ghosts","floor":20,"gold_loss":0},{"damage_healed":0,"gold_gain":0,"player_choice":"Ignored","damage_taken":0,"max_hp_gain":0,"max_hp_loss":0,"event_name":"The Mausoleum","floor":22,"gold_loss":0},{"damage_healed":0,"gold_gain":0,"player_choice":"Obtained Relic","damage_taken":0,"relics_obtained":["Lantern"],"max_hp_gain":0,"max_hp_loss":0,"event_name":"Addict","floor":29,"gold_loss":85}],"is_beta":false,"boss_relics":[{"not_picked":["Replay:Wanted Poster","Snecko Heart"],"picked":"Velvet Choker"}],"items_purged_floors":[21],"is_endless":false,"potions_floor_spawned":[2,6,10,13,18,23,25],"ascension_level":1}}