{"host":"Sylvester","time":1612255332,"event":{"mods":["BaseMod","Filter the Spire","Lobotomy","Minty Spire (QoL Compilation)","Replay The Spire","StSLib"],"gold_per_floor":[110,128,128,142,153,179,179,210,210,237,237,257,267,293,305,305,305,379,379,397,408,420,433,433,466,466,163,215,229,259,279,305,305,305,376,376,386,286,304,304,304,321,332,332,382,409,409,450,472,488,513,537,537,537,537,537,537,537,36,64,64,64],"floor_reached":61,"language":"ENG","playtime":2728,"items_purged":["Strike_B","Strike_B"],"score":2475,"play_id":"f97c91a0-6c92-40db-9927-5051da709f66","local_time":"20210202004212","is_ascension_mode":true,"campfire_choices":[{"data":"Sunder","floor":7.0,"key":"SMITH"},{"data":"Sunder","floor":16.0,"key":"SMITH"},{"data":"Mirror Shield","floor":17.0,"key":"SMITH"},{"data":"Sunder","floor":34.0,"key":"SMITH"},{"floor":44,"key":"RECALL"},{"data":"Strike_B+1","floor":53,"key":"PURGE"},{"floor":58,"key":"REST"}],"circlet_count":0,"master_deck":["AscendersBane","Defend_B","Defend_B","Defend_B+1","Defend_B","Sunder+1","Vigilance","Eruption","Mirror Shield+1","Rebound","Cold Snap","Rebound","Sunder+1","Electrodynamics","Undo+1","Sunder+1","Redo+1","Echo Form","Time Bomb","Echo Form","AbeCurse","Sunder","Echo Form","Conserve Battery","Sunder","Undo+1","Auto Shields","Meteor Strike"],"relics":["Snecko Eye","ReplayTheSpireMod:Ninjato","Geode","Anchor","Bronze Scales","FaceOfCleric","Replay:Ringing Soul","Replay:Bronze Core","Gremlin Food","ReplayTheSpireMod:Lightbulb","Replay:Antivirus Software","Simple Rune","Calipers","Abe\u0027s Treasure","StoneCalendar","Boot","CeramicFish","Kunai","Replay:Kaleidoscope","Lantern"],"acts_visited":["Exordium","TheCity","TheBeyond","TheEnding"],"potions_floor_usage":[54,61],"damage_taken":[{"damage":8.0,"enemies":"2 Louse","floor":1.0,"turns":4.0},{"damage":8.0,"enemies":"Small Slimes","floor":2.0,"turns":3.0},{"damage":0.0,"enemies":"Cultist","floor":4.0,"turns":2.0},{"damage":0.0,"enemies":"Gremlin Gang","floor":5.0,"turns":4.0},{"damage":0.0,"enemies":"3 Sentries","floor":6.0,"turns":3.0},{"damage":0.0,"enemies":"Lagavulin","floor":8.0,"turns":3.0},{"damage":0.0,"enemies":"Lots of Slimes","floor":12.0,"turns":2.0},{"damage":0.0,"enemies":"3 Louse","floor":13.0,"turns":2.0},{"damage":0.0,"enemies":"3 Sentries","floor":14.0,"turns":2.0},{"damage":0.0,"enemies":"Blue Slaver","floor":15.0,"turns":2.0},{"damage":0.0,"enemies":"Slime Boss","floor":18.0,"turns":2.0},{"damage":0.0,"enemies":"Spheric Guardian","floor":20.0,"turns":1.0},{"damage":13.0,"enemies":"Chosen","floor":21.0,"turns":3.0},{"damage":4.0,"enemies":"Snake Plant","floor":22.0,"turns":2.0},{"damage":0.0,"enemies":"Centurion and Healer","floor":23.0,"turns":3.0},{"damage":17.0,"enemies":"Book of Stabbing","floor":25.0,"turns":5.0},{"damage":0.0,"enemies":"Snecko","floor":29.0,"turns":2.0},{"damage":1.0,"enemies":"Replay:Snechameleon","floor":30.0,"turns":3.0},{"damage":0.0,"enemies":"Cultist and Chosen","floor":31.0,"turns":2.0},{"damage":10.0,"enemies":"Gremlin Leader","floor":32.0,"turns":3.0},{"damage":15.0,"enemies":"Champ","floor":35.0,"turns":5.0},{"damage":0,"enemies":"3 Darklings","floor":37,"turns":4},{"damage":0,"enemies":"Orb Walker","floor":39,"turns":2},{"damage":2,"enemies":"Writhing Mass","floor":42,"turns":5},{"damage":0,"enemies":"Spire Growth","floor":43,"turns":2},{"damage":9,"enemies":"2 Orb Walkers","floor":45,"turns":2},{"damage":10,"enemies":"Nemesis","floor":46,"turns":3},{"damage":9,"enemies":"Giant Head","floor":48,"turns":5},{"damage":16,"enemies":"Maw","floor":49,"turns":3},{"damage":3,"enemies":"Transient","floor":50,"turns":6},{"damage":4,"enemies":"R_Hoarder","floor":51,"turns":3},{"damage":0,"enemies":"3 Darklings","floor":52,"turns":3},{"damage":48,"enemies":"Awakened One","floor":54,"turns":7},{"damage":0,"enemies":"Time Eater","floor":55,"turns":7},{"damage":93,"enemies":"Shield and Spear","floor":60,"turns":8},{"damage":56,"enemies":"The Heart","floor":61,"turns":3}],"seed_played":"670685626830765252","potions_obtained":[{"floor":1.0,"key":"Weak Potion"},{"floor":2.0,"key":"SneckoOil"},{"floor":5.0,"key":"Explosive Potion"},{"floor":14.0,"key":"PowerPotion"},{"floor":21.0,"key":"BlessingOfTheForge"},{"floor":22.0,"key":"Milkshake"},{"floor":43,"key":"Languid Potion"}],"is_trial":false,"path_per_floor":["M","M","?","M","M","E","R","E","T","T","?","M","M","E","M","R","R","B",null,"M","M","M","M","?","E","?","$","T","M","E","M","E","?","R","B",null,"M","$","M","PTL","PTL","M","M","R","?","E","T","E","M","M","E","M","R","B","B",null,null,"R","$","E","B"],"character_chosen":"DEFECT","items_purchased":["ReplayTheSpireMod:Lightbulb","Meteor Strike","Replay:Kaleidoscope"],"campfire_rested":1,"item_purchase_floors":[27,59,59],"current_hp_per_floor":[56,48,48,48,48,48,48,48,48,48,48,49,50,54,55,55,55,59,76,77,65,62,66,69,53,56,56,56,57,60,64,55,58,58,44,97,98,98,102,102,102,101,102,102,97,91,91,86,74,72,69,73,73,26,27,27,115,144,147,55,0,0],"gold":64,"neow_bonus":"BOSS_RELIC","is_daily":false,"chose_seed":false,"campfire_upgraded":4,"win_rate":0.0,"timestamp":1612255332,"path_taken":["M","M","?","M","M","E","R","E","T","T","?","?","M","E","M","R","R","BOSS","M","M","?","?","?","E","?","$","T","?","E","M","E","?","R","BOSS","M","$","M","PTL","PTL","M","M","R","?","E","T","E","M","M","E","M","R","BOSS","BOSS","R","$","E","BOSS"],"items_purchased_type":["Relic","Card","Relic"],"build_version":"2020-11-17","purchased_purges":2,"victory":false,"max_hp_per_floor":[71,71,71,71,71,71,71,71,71,71,71,72,73,77,78,78,78,82,82,83,84,85,89,92,93,96,96,96,97,101,105,106,109,109,110,113,114,114,118,118,118,119,120,120,124,128,128,132,136,137,138,142,142,143,144,144,144,144,147,148,148,148],"card_choices":[{"not_picked":["Cold Snap","Streamline"],"picked":"Sunder","floor":1.0},{"not_picked":["BootSequence","Darkness","Panic Button"],"picked":"SKIP","floor":2.0},{"not_picked":["Ball Lightning","Steam"],"picked":"Mirror Shield","floor":4.0},{"not_picked":["Steam","Stack","Rebound"],"picked":"SKIP","floor":5.0},{"not_picked":["Steam","Stack"],"picked":"Rebound","floor":5.0},{"not_picked":["Beam Cell","Loop","Hello World"],"picked":"SKIP","floor":6.0},{"not_picked":["Consume","Recycle"],"picked":"Cold Snap","floor":8.0},{"not_picked":["Blizzard","Conserve Battery"],"picked":"Rebound","floor":12.0},{"not_picked":["Crystallizer","Turbo","ReplayTheSpireMod:GoodbyeWorld"],"picked":"SKIP","floor":13.0},{"not_picked":["Barrage","Melter"],"picked":"Sunder","floor":14.0},{"not_picked":["Go for the Eyes","Compile Driver","FTL"],"picked":"SKIP","floor":15.0},{"not_picked":["Amplify","Machine Learning"],"picked":"Electrodynamics","floor":18.0},{"not_picked":["Turbo","ReplayTheSpireMod:System Scan+1","Beam Cell"],"picked":"SKIP","floor":20.0},{"not_picked":["Hello World","Storm+1","Conserve Battery"],"picked":"SKIP","floor":21.0},{"not_picked":["Beam Cell","Coolheaded","Gash"],"picked":"SKIP","floor":22.0},{"not_picked":["Genetic Algorithm","Steam+1"],"picked":"Undo+1","floor":23.0},{"not_picked":["Sweeping Beam","ReplayTheSpireMod:Reroute Power","Panic Button"],"picked":"SKIP","floor":25.0},{"not_picked":["Coolheaded","Turbo","BasicCrystalCard+1"],"picked":"SKIP","floor":29.0},{"not_picked":["Cold Snap","Consume"],"picked":"Echo Form","floor":30.0},{"not_picked":["Redo","Sweeping Beam"],"picked":"Time Bomb","floor":31.0},{"not_picked":["Darkness+1","Fusion","Hello World"],"picked":"SKIP","floor":32.0},{"not_picked":["Barrage","Steam+1","Rebound"],"picked":"SKIP","floor":37},{"not_picked":["Steam Power","Recycle"],"picked":"Sunder","floor":39},{"not_picked":["Rebound","Steam","BootSequence+1"],"picked":"SKIP","floor":42},{"not_picked":["Rebound","Steam","BootSequence+1"],"picked":"SKIP","floor":42},{"not_picked":["Barrage","Beam Cell","Panic Button"],"picked":"SKIP","floor":43},{"not_picked":["Aggregate","BasicCrystalCard+1"],"picked":"Echo Form","floor":45},{"not_picked":["Time Bomb+1","Hologram"],"picked":"Conserve Battery","floor":46},{"not_picked":["Aggregate","Double Energy"],"picked":"Sunder","floor":48},{"not_picked":["Rebound","Steam"],"picked":"Undo+1","floor":49},{"not_picked":["Panic Button","Double Energy+1","Steam+1"],"picked":"SKIP","floor":50},{"not_picked":["Fusion","Redo+1","Thunder Strike"],"picked":"SKIP","floor":51},{"not_picked":["Chaos","Beam Cell"],"picked":"Auto Shields","floor":52},{"not_picked":["Barrage","Stack","Leap"],"picked":"SKIP","floor":60}],"player_experience":190222,"relics_obtained":[{"floor":6.0,"key":"ReplayTheSpireMod:Ninjato"},{"floor":8.0,"key":"Geode"},{"floor":9.0,"key":"Anchor"},{"floor":10.0,"key":"Bronze Scales"},{"floor":14.0,"key":"Replay:Ringing Soul"},{"floor":25.0,"key":"Gremlin Food"},{"floor":28.0,"key":"Replay:Antivirus Software"},{"floor":30.0,"key":"Simple Rune"},{"floor":32.0,"key":"Calipers"},{"floor":45,"key":"StoneCalendar"},{"floor":46,"key":"Boot"},{"floor":48,"key":"CeramicFish"},{"floor":51,"key":"Kunai"},{"floor":60,"key":"Lantern"}],"event_choices":[{"damage_healed":0.0,"max_hp_gain":0.0,"max_hp_loss":0.0,"gold_gain":0.0,"event_name":"FaceTrader","player_choice":"Trade","floor":11.0,"gold_loss":0.0,"damage_taken":0.0,"relics_obtained":["FaceOfCleric"]},{"damage_healed":0.0,"max_hp_gain":0.0,"max_hp_loss":0.0,"gold_gain":0.0,"event_name":"The Library","player_choice":"Read","floor":24.0,"gold_loss":0.0,"damage_taken":0.0,"cards_obtained":["Sunder"]},{"damage_healed":0.0,"max_hp_gain":0.0,"max_hp_loss":0.0,"gold_gain":0.0,"cards_transformed":["Strike_B"],"event_name":"Transmorgrifier","player_choice":"Transformed","floor":26.0,"gold_loss":0.0,"damage_taken":0.0,"cards_obtained":["Redo"]},{"damage_healed":0.0,"max_hp_gain":0.0,"max_hp_loss":0.0,"gold_gain":0.0,"event_name":"Duplicator","player_choice":"Copied","floor":33.0,"gold_loss":0.0,"damage_taken":0.0,"cards_obtained":["Echo Form"]},{"damage_healed":0,"gold_gain":0,"player_choice":"Fight","damage_taken":0,"max_hp_gain":0,"max_hp_loss":0,"event_name":"Mysterious Sphere","floor":45,"gold_loss":0}],"is_beta":true,"boss_relics":[{"not_picked":["Empty Cage","Replay:Wanted Poster"],"picked":"Replay:Bronze Core"},{"not_picked":["Cursed Key","Ring of Chaos"],"picked":"Abe\u0027s Treasure"}],"items_purged_floors":[27,38],"is_endless":false,"potions_floor_spawned":[1,2,5,14,21,22,23,31,35,37,39,43,46,51,52],"killed_by":"The Heart","ascension_level":20}}