{"host":"m8d0q1obfsrpi6km","time":1612281115,"event":{"mods":["2.2 Compatiblity","AchievementEnabler","Act Like it!","BaseMod","Better Altar","Better Match","Better Note","Better Sensory Stone","Better Third Choice","BetterRewards","DeckTracker","Fox Events","Gensokyo","Hallownest","Hubris","Infinite Spire","Magitek Elite","Minty Spire (QoL Compilation)","Permanent Neow","Quick Restart","Reliquary","Replay The Spire","Reworked Bosses","Shop Mod","StSLib","SuperFastMode","Synergy Search","The Alterego","The Animator","TheWitcher","Waifu the Spire","??????REMEMod"],"gold_per_floor":[359,359,375,388,313,313,347,347,371,284,303,303,1,11,11,107,207,219,230,71,71,31,31,50,50,50],"floor_reached":25,"language":"ENG","playtime":971,"items_purged":["Strike_L"],"score":201,"play_id":"35c7a335-d929-445d-9a99-aae54cdfe67d","local_time":"20210202165155","is_ascension_mode":false,"campfire_choices":[{"data":"Blizzard_P","floor":6.0,"key":"SMITH"},{"floor":8.0,"key":"REST"},{"data":"Cure","floor":15.0,"key":"SMITH"},{"data":"Cure","floor":23,"key":"SMITH"}],"circlet_count":0,"master_deck":["Strike_L","Strike_L","Strike_L","Defend_L","Defend_L","Defend_L","Fire2","Cure+2","Blizzard_P+2","Protect_M+1","Reflect+1","Gensokyo:Shovel","Gensokyo:BlemishedSteel","Gensokyo:TarnishedGold","Aero"],"relics":["Pendant","REME_ComplimentaryCards","hubris:CrystalStatue","reliquary:Stiletto","Boot","Genji_Glove","reliquary:Knoch","Replay:Wanted Poster"],"acts_visited":["Gensokyo:Gensokyo","Gensokyo:Gensokyoer"],"potions_floor_usage":[25],"damage_taken":[{"damage":17.0,"enemies":"Gensokyo:2_Kodama","floor":1.0,"turns":6.0},{"damage":7.0,"enemies":"Gensokyo:Gryphon","floor":3.0,"turns":4.0},{"damage":0.0,"enemies":"Gensokyo:3_Fairies","floor":4.0,"turns":6.0},{"damage":27.0,"enemies":"Gensokyo:Aya","floor":7.0,"turns":8.0},{"damage":0.0,"enemies":"Gensokyo:LivingMonolith","floor":11.0,"turns":4.0},{"damage":0.0,"enemies":"Gensokyo:VengefulSpirit","floor":14.0,"turns":2.0},{"damage":32.0,"enemies":"Gensokyo:Kokoro","floor":16.0,"turns":9.0},{"damage":0.0,"enemies":"Gensokyo:CosmicMonolith","floor":18.0,"turns":2.0},{"damage":12,"enemies":"Gensokyo:2_Gloops","floor":19,"turns":4},{"damage":47,"enemies":"Gensokyo:Monolith_and_Dog","floor":24,"turns":7},{"damage":16,"enemies":"Gensokyo:Wraith","floor":25,"turns":1}],"seed_played":"-2727792934114252415","potions_obtained":[{"floor":3.0,"key":"Adrenaline Potion"},{"floor":4.0,"key":"Reflective Coating"},{"floor":11.0,"key":"Regen Potion"},{"floor":16.0,"key":"Fire Potion"}],"is_trial":false,"path_per_floor":["M","?","M","M","$","R","E","R","T","COS","M","?","$","M","R","B",null,"M","M","COS","?","?","R","M","M"],"character_chosen":"MAGITEKELITE","items_purchased":["Boot","Genji_Glove"],"campfire_rested":1,"item_purchase_floors":[13,13],"current_hp_per_floor":[34,34,33,39,39,39,18,36,36,36,36,36,36,36,36,28,63,63,51,51,51,51,51,16,0,0],"gold":50,"neow_bonus":"TWO_FIFTY_GOLD","is_daily":false,"chose_seed":false,"campfire_upgraded":3,"win_rate":0.0,"timestamp":1612281115,"path_taken":["M","?","M","M","$","R","E","R","T","COS","M","?","?","M","R","BOSS","M","M","COS","?","?","R","?","M"],"items_purchased_type":["Relic","Relic"],"build_version":"2020-12-22","purchased_purges":1,"victory":false,"max_hp_per_floor":[63,63,63,63,63,63,63,63,63,63,63,63,63,63,63,63,63,63,63,63,63,63,63,63,63,63],"card_choices":[{"not_picked":["Throw","Haste"],"picked":"Blizzard_P","floor":1.0},{"not_picked":["Mythril_Knife","Heavy_Shield","Quake"],"picked":"SKIP","floor":3.0},{"not_picked":["Man_Eater","Lightbringer","Crystal_Sword"],"picked":"SKIP","floor":4.0},{"not_picked":["Flare","Flametongue"],"picked":"Protect_M","floor":7.0},{"not_picked":["Flare","Blizzard_P","Mythril_Knife"],"picked":"SKIP","floor":11.0},{"not_picked":["Enhancer","Gladius","Circlet"],"picked":"SKIP","floor":14.0},{"not_picked":["Thousand_Needles","Quick"],"picked":"Reflect","floor":16.0},{"not_picked":["Heavy_Shield","Vox+1","Blizzard_P"],"picked":"SKIP","floor":18.0},{"not_picked":["Gladius","Faith","Wall"],"picked":"SKIP","floor":19},{"not_picked":["Falchion","Thornlet"],"picked":"Aero","floor":24}],"player_experience":291936,"relics_obtained":[{"floor":7.0,"key":"hubris:CrystalStatue"},{"floor":9.0,"key":"reliquary:Stiletto"}],"event_choices":[],"is_beta":false,"boss_relics":[{"not_picked":["REME_ChargedStone","Black Star"],"picked":"Replay:Wanted Poster"}],"items_purged_floors":[5],"is_endless":false,"potions_floor_spawned":[3,4,11,16],"killed_by":"Gensokyo:Wraith","ascension_level":0}}