{"host":"njo8qgvy2a57fcny","time":1612230140,"event":{"mods":["Aspiration","BaseMod","BetterRewards","CCEM2","Colored Map","Colored Powertips","Conspire","Custom Start","Downfall","Energized Spire","GifTheSpireLib","Halation","Hermit","Hubris","Infinite Spire","Jedi Mod","Jorbs\u0027s Wanderer Trilogy","Mimic Mod","Minty Spire (QoL Compilation)","Quick Restart","Random Character Button","Random Character Mod","Rare Cards Sparkle","Relic Sorter","Reliquary","Replay The Spire","Shop Mod","StSLib","Stuff the Spire","The Animator","The Jungle","The Runesmith","The Servant 0.9.4","Unceasing Turn Reminder","thorton"],"gold_per_floor":[99,110,127,127,141,141,141,141],"floor_reached":6,"language":"ENG","playtime":431,"items_purged":[],"score":37,"play_id":"f1ffc317-13ae-4f70-87fa-37782d6cbf3b","local_time":"20210202124220","is_ascension_mode":true,"campfire_choices":[{"floor":1,"key":"DIG"}],"circlet_count":0,"master_deck":["hexamod:Strike+1","hexamod:Strike","hexamod:Strike+1","hexamod:Strike","hexamod:Defend+1","hexamod:Defend","hexamod:Defend","hexamod:Defend","hexamod:Sear","hexamod:Float","hexamod:SixthSeal","hexamod:FirstSeal","hexamod:GhostLash","hexamod:HeatMetal"],"relics":["hexamod:SpiritBrand","aspiration:FetidBarrel","Spirit Poop"],"acts_visited":["Exordium"],"potions_floor_usage":[3],"damage_taken":[{"damage":11,"enemies":"Jaw Worm","floor":2,"turns":4},{"damage":19,"enemies":"Cultist","floor":3,"turns":6},{"damage":7,"enemies":"Small Slimes","floor":5,"turns":3},{"damage":54,"enemies":"Lagavulin","floor":6,"turns":5}],"seed_played":"-2262693614914074204","potions_obtained":[{"floor":2,"key":"jedi:tentaclejuice"}],"is_trial":false,"path_per_floor":["R_BF","M","M","?","M","E"],"character_chosen":"THE_SPIRIT","items_purchased":[],"campfire_rested":0,"item_purchase_floors":[],"current_hp_per_floor":[70,59,47,47,47,0,0,0],"gold":141,"neow_bonus":"THREE_RARE_CARDS","is_daily":false,"chose_seed":false,"campfire_upgraded":0,"win_rate":0.0,"timestamp":1612230140,"path_taken":["R_BF","M","M","?","?","E"],"items_purchased_type":[],"build_version":"2020-12-22","purchased_purges":0,"victory":false,"max_hp_per_floor":[70,70,70,70,70,70,70,70],"card_choices":[{"not_picked":["hexamod:HexaLevel","hexamod:GhostflameInferno"],"picked":"hexamod:SixthSeal","floor":0},{"not_picked":["hexamod:HauntingEcho","hexamod:FastForward"],"picked":"hexamod:FirstSeal","floor":2},{"not_picked":["hexamod:RecurringNightmare","hexamod:HeatMetal"],"picked":"hexamod:GhostLash","floor":3},{"not_picked":["hexamod:Firestarter","hexamod:SpectersWail"],"picked":"hexamod:HeatMetal","floor":5}],"player_experience":751941,"relics_obtained":[{"floor":1,"key":"aspiration:FetidBarrel"}],"event_choices":[{"cards_removed":["hubris:Sloth"],"damage_healed":0,"gold_gain":0,"player_choice":"Offered Curse","damage_taken":0,"relics_obtained":["Spirit Poop"],"max_hp_gain":0,"max_hp_loss":0,"event_name":"Bonfire Elementals","floor":4,"gold_loss":0}],"is_beta":false,"boss_relics":[],"items_purged_floors":[],"is_endless":false,"potions_floor_spawned":[2],"killed_by":"Lagavulin","ascension_level":1}}