{"host":"g7mkzn6qfoxkk5sz","time":1612249290,"event":{"mods":["BaseMod","Colored Map","Colored Powertips","Downfall","Minty Spire (QoL Compilation)","StSLib"],"gold_per_floor":[99,114,126,140,152,152,200,200,210,210,235,246,260,410,423,525,525,525,539,553,653,653,653,653,672,672,357,357,60,60,95,111,207,207,207,220,236,250,350,368,394,429,429,210,255,327,327,327,327],"floor_reached":47,"language":"ENG","playtime":3188,"items_purged":["Guardian:Strike_Guardian","Guardian:Strike_Guardian","Normality"],"score":527,"play_id":"01863e98-9b3b-4749-a293-0abb6a4b9f36","local_time":"20210202090130","is_ascension_mode":false,"campfire_choices":[{"data":"Guardian:StasisStrike","floor":1,"key":"SMITH"},{"data":"Guardian:ChargeCore","floor":8,"key":"SMITH"},{"data":"Guardian:DecasProtection","floor":10,"key":"SMITH"},{"data":"Guardian:PiercingHide","floor":18,"key":"SMITH"},{"data":"Guardian:StasisField","floor":23,"key":"SMITH"},{"floor":30,"key":"REST"},{"data":"Guardian:SpikerProtocol","floor":35,"key":"SMITH"}],"circlet_count":0,"master_deck":["Guardian:Strike_Guardian+1","Guardian:Defend_Guardian","Guardian:Defend_Guardian+1","Guardian:Defend_Guardian+1","Guardian:Defend_Guardian","Guardian:CurlUp","Guardian:TwinSlam","Guardian:StasisStrike+1","Guardian:TemporalShield","Guardian:TemporalStrike+1","Guardian:ChargeCore+1","Guardian:DecasProtection+1","Guardian:PiercingHide+1","Guardian:VentSteam","Guardian:StasisField+1","Guardian:DonusPower+1","Guardian:ShieldSpikes","Guardian:Planning+1","Guardian:SpikerProtocol","Guardian:SpikerProtocol+1","Guardian:SpikerProtocol+1","Guardian:FloatingOrbs","Pain","Pain","Guardian:PrimingBeam+1","Doubt","Clumsy"],"relics":["Guardian:ModeShifter","War Paint","Black Star","WingedGreaves","Matryoshka","Slimebound:StickyStick","Dream Catcher","The Courier","DollysMirror","Nilry\u0027s Codex","Mummified Hand","Tiny Chest","Ginger","Busted Crown","downfall:ExtraCursedKey","Art of War","Bag of Preparation","Regal Pillow","Whetstone","Bird Faced Urn","Bottled Tornado"],"acts_visited":["Exordium","TheCity","TheBeyond"],"potions_floor_usage":[16,16,21,31,31,31,33,33,33,42,44],"damage_taken":[{"damage":8,"enemies":"2 Louse","floor":2,"turns":3},{"damage":1,"enemies":"Cultist","floor":3,"turns":3},{"damage":0,"enemies":"Small Slimes","floor":4,"turns":2},{"damage":17,"enemies":"Exordium Thugs","floor":5,"turns":5},{"damage":2,"enemies":"Blue Slaver","floor":9,"turns":4},{"damage":12,"enemies":"Lagavulin","floor":11,"turns":6},{"damage":0,"enemies":"Exordium Wildlife","floor":12,"turns":3},{"damage":3,"enemies":"Large Slime","floor":13,"turns":4},{"damage":0,"enemies":"Exordium Wildlife","floor":15,"turns":4},{"damage":11,"enemies":"SI_SHIV_ARCHETYPE","floor":16,"turns":9},{"damage":0,"enemies":"Chosen","floor":19,"turns":5},{"damage":8,"enemies":"Shell Parasite","floor":20,"turns":6},{"damage":17,"enemies":"WA_ARCHETYPE_RETAIN","floor":21,"turns":9},{"damage":14,"enemies":"Snecko","floor":25,"turns":6},{"damage":1,"enemies":"downfall:FleeingMerchant","floor":27,"turns":4},{"damage":0,"enemies":"downfall:FleeingMerchant","floor":29,"turns":4},{"damage":23,"enemies":"Gremlin Leader","floor":31,"turns":9},{"damage":0,"enemies":"Chosen and Byrds","floor":32,"turns":8},{"damage":5,"enemies":"IC_MUSHROOM_ARCHETYPE","floor":33,"turns":10},{"damage":0,"enemies":"Orb Walker","floor":36,"turns":4},{"damage":0,"enemies":"3 Shapes","floor":37,"turns":5},{"damage":2,"enemies":"Jaw Worm Horde","floor":38,"turns":6},{"damage":10,"enemies":"Transient","floor":40,"turns":5},{"damage":33,"enemies":"Giant Head","floor":42,"turns":12},{"damage":9,"enemies":"downfall:FleeingMerchant","floor":44,"turns":4},{"damage":19,"enemies":"2 Orb Walkers","floor":45,"turns":5},{"damage":19,"enemies":"Maw","floor":47,"turns":4}],"seed_played":"3913227785056484814","potions_obtained":[{"floor":2,"key":"SkillPotion"},{"floor":5,"key":"ColorlessPotion"},{"floor":6,"key":"Block Potion"},{"floor":6,"key":"Ancient Potion"},{"floor":6,"key":"LiquidBronze"},{"floor":20,"key":"Strength Potion"},{"floor":21,"key":"EntropicBrew"},{"floor":32,"key":"champ:CounterPotion"},{"floor":36,"key":"ColorlessPotion"},{"floor":37,"key":"bronze:BurnAndBuffPotion"},{"floor":42,"key":"champ:CounterPotion"}],"is_trial":false,"path_per_floor":["R","M","M","M","M","?","T","R","M","R","E","M","M","?","M","B",null,"R","M","M","?","?","R","T","M","?","$","?","$","R","E","M","B",null,"R","M","M","M","?","M","T","E","?","$","?","T","M"],"character_chosen":"GUARDIAN","items_purchased":["Guardian:Gem_Synthetic","DollysMirror","Guardian:Gem_Purple","Mummified Hand","EssenceOfSteel","Strength Potion"],"campfire_rested":1,"item_purchase_floors":[27,27,27,29,44,44],"current_hp_per_floor":[80,72,71,71,54,54,54,54,52,52,40,40,37,37,37,26,80,80,80,72,55,55,55,55,41,41,40,24,24,48,25,25,20,80,80,80,80,78,78,68,68,35,35,26,7,7,0,0,0],"gold":327,"neow_bonus":"ONE_RANDOM_RARE_CARD","is_daily":false,"chose_seed":false,"campfire_upgraded":6,"win_rate":0.0,"timestamp":1612249290,"path_taken":["R","M","M","M","M","?","T","R","M","R","E","?","?","?","M","BOSS","R","M","M","?","?","R","T","?","?","$","?","$","R","E","M","BOSS","R","M","M","M","?","M","T","E","?","$","?","?","?"],"items_purchased_type":["Card","Relic","Card","Relic","Potion","Potion"],"build_version":"2020-12-22","purchased_purges":3,"victory":false,"max_hp_per_floor":[80,80,80,80,80,80,80,80,80,80,80,80,80,80,80,80,80,80,80,80,80,80,80,80,80,80,80,80,80,80,80,80,80,80,80,80,80,80,80,80,80,80,80,80,80,80,80,80,80],"card_choices":[{"not_picked":["Guardian:Clone","Guardian:Planning"],"picked":"Guardian:TemporalShield","floor":2},{"not_picked":["Guardian:ShieldCharger","Guardian:Recover"],"picked":"Guardian:TemporalStrike","floor":3},{"not_picked":["Guardian:TemporalStrike","Guardian:VentSteam"],"picked":"Guardian:Gem_Yellow","floor":4},{"not_picked":["Guardian:Gem_Fragmented","Guardian:TemporalShield"],"picked":"Guardian:ChargeCore","floor":5},{"not_picked":["Guardian:Recover","Guardian:Reroute"],"picked":"Guardian:DecasProtection","floor":9},{"not_picked":["Guardian:WalkerClaw","Guardian:Suspension","Guardian:FierceBash"],"picked":"SKIP","floor":11},{"not_picked":["Guardian:WalkerClaw","Guardian:Suspension","Guardian:FierceBash"],"picked":"SKIP","floor":11},{"not_picked":["Guardian:Preprogram","Guardian:Planning"],"picked":"Guardian:Gem_White","floor":12},{"not_picked":["Guardian:Gem_Lightblue","Guardian:Planning"],"picked":"Guardian:PiercingHide","floor":13},{"not_picked":["Guardian:Suspension","Guardian:Recover"],"picked":"Guardian:VentSteam","floor":15},{"not_picked":["Guardian:FastForward","Guardian:GatlingBeam"],"picked":"Guardian:StasisField","floor":16},{"not_picked":["Guardian:Gem_Lightblue","Guardian:Preprogram"],"picked":"Guardian:Gem_Purple","floor":19},{"not_picked":["Guardian:RollAttack","Guardian:TemporalStrike"],"picked":"Guardian:DonusPower+1","floor":20},{"not_picked":["Guardian:Gem_Red","Guardian:Gem_Fragmented"],"picked":"Guardian:ShieldSpikes","floor":21},{"not_picked":["Guardian:PolyBeam","Guardian:Reroute"],"picked":"Guardian:Planning+1","floor":25},{"not_picked":["Guardian:WalkerClaw","Guardian:PiercingHide"],"picked":"Guardian:SpikerProtocol","floor":27},{"not_picked":["Guardian:Gem_Fragmented","Guardian:BronzeArmor"],"picked":"Guardian:SpikerProtocol+1","floor":29},{"not_picked":["Guardian:MultiBeam+1","Guardian:Reroute"],"picked":"Guardian:Gem_Yellow","floor":30},{"not_picked":["Guardian:Planning","Guardian:CrystalBeam","Guardian:Incinerate"],"picked":"SKIP","floor":31},{"not_picked":["Guardian:CrystalBeam+1","Guardian:HyperBeam_Guardian","Guardian:ChargeCore"],"picked":"SKIP","floor":32},{"not_picked":["Guardian:HyperBeam_Guardian","Guardian:GatlingBeam"],"picked":"Guardian:Gem_Orange","floor":33},{"not_picked":[],"picked":"Guardian:FloatingOrbs","floor":36},{"not_picked":["Guardian:Gem_Purple"],"picked":"SKIP","floor":37},{"not_picked":["Guardian:WalkerClaw"],"picked":"SKIP","floor":38},{"not_picked":["Guardian:Planning"],"picked":"SKIP","floor":40},{"not_picked":["Guardian:ChargeCore+1"],"picked":"SKIP","floor":42},{"not_picked":[],"picked":"Guardian:PrimingBeam+1","floor":44}],"player_experience":463976,"relics_obtained":[{"floor":7,"key":"Ancient Tea Set"},{"floor":11,"key":"War Paint"},{"floor":21,"key":"WingedGreaves"},{"floor":21,"key":"Matryoshka"},{"floor":24,"key":"Dream Catcher"},{"floor":24,"key":"The Courier"},{"floor":28,"key":"Nilry\u0027s Codex"},{"floor":31,"key":"Tiny Chest"},{"floor":31,"key":"Ginger"},{"floor":41,"key":"Art of War"},{"floor":41,"key":"Bag of Preparation"},{"floor":42,"key":"Regal Pillow"},{"floor":42,"key":"Whetstone"},{"floor":45,"key":"Bird Faced Urn"},{"floor":46,"key":"Bottled Tornado"}],"event_choices":[{"damage_healed":0,"gold_gain":0,"player_choice":"Got Potions","damage_taken":0,"max_hp_gain":0,"max_hp_loss":0,"event_name":"Lab","floor":6,"gold_loss":0},{"damage_healed":0,"gold_gain":0,"player_choice":"Fight","damage_taken":0,"max_hp_gain":0,"max_hp_loss":0,"event_name":"Mysterious Sphere","floor":45,"gold_loss":0}],"is_beta":false,"boss_relics":[{"not_picked":["Coffee Dripper","Velvet Choker"],"picked":"Black Star"},{"not_picked":["SlaversCollar","Guardian:ModeShifterPlus"],"picked":"Busted Crown"}],"items_purged_floors":[27,29,44],"is_endless":false,"potions_floor_spawned":[2,5,11,20,21,32,36,37,42,45],"killed_by":"Maw","ascension_level":0}}