{"host":"ooy9sn8qgs7oliwr","time":1612267392,"event":{"mods":["ATMod(阿瑾Mod)","Act Like it!","BaseMod","BetterRewards","Minty Spire (QoL Compilation)","Pale of the Ancients","Reliquary","Remilia_Scarlet Moed（蕾米莉亚・斯卡雷特）3.3.5","Replay The Spire","RumiaBox-露米娅的神秘盒子","StSLib","The Alterego","The Jungle","Warlord Emblem","Yakumo Yukari mod","【遗物卡牌】REMEMod"],"gold_per_floor":[109,127,77,25,44,77,87,120,120,131,131,160,171,181,181,279,279,299,61,61,76,92,92,111,127,202,231,330,330,330,330,330],"floor_reached":31,"language":"ZHS","playtime":1591,"items_purged":[],"score":279,"play_id":"d8f67d0d-4e40-4ef7-9425-49fd44539139","local_time":"20210202200312","is_ascension_mode":false,"campfire_choices":[{"floor":11,"key":"REST"},{"floor":15,"key":"REST"},{"data":"WarlordEmblem:FrozenTouch","floor":23,"key":"SMITH"},{"floor":30,"key":"REST"}],"circlet_count":0,"master_deck":["WarlordEmblem:RuneStrike","WarlordEmblem:RuneStrike","WarlordEmblem:RuneStrike","WarlordEmblem:Defend_DK","WarlordEmblem:Defend_DK","WarlordEmblem:Defend_DK","WarlordEmblem:Defend_DK","WarlordEmblem:RuneDefend","WarlordEmblem:RuneHeavyStrike","Sadistic Nature","WarlordEmblem:HeartStrike","WarlordEmblem:SwordWave","WarlordEmblem:VoidStrike","WarlordEmblem:WinterHorn","WarlordEmblem:FrozenTouch+1","WarlordEmblem:LichBody","WarlordEmblem:WindStrike","WarlordEmblem:Execute","WarlordEmblem:FrozenDeath","WarlordEmblem:CurseBlade","WarlordEmblem:RuneDiffer","WarlordEmblem:FrozenChain","WarlordEmblem:RuneRecover","WarlordEmblem:RuneMultiplex","Sickly"],"relics":["WarlordEmblem:RuneSword","WarlordEmblem:BloodRealm","AT_ATBox","REME_ComplimentaryCards","NeowsBlessing","Replay:Mystery Machine","WarlordEmblem:Gargoyle","reliquary:NewFriend","reliquary:BoilingFlask","WarlordEmblem:DKHelm","reliquary:TridentHead","MagicDraw4","Prayer Wheel","Meat on the Bone"],"acts_visited":["Exordium","TheCity"],"potions_floor_usage":[6,10,10],"damage_taken":[{"damage":0,"enemies":"Jaw Worm","floor":1,"turns":1},{"damage":0,"enemies":"Small Slimes","floor":2,"turns":1},{"damage":0,"enemies":"Cultist","floor":5,"turns":1},{"damage":49,"enemies":"Gremlin Nob","floor":6,"turns":6},{"damage":0,"enemies":"3 Louse","floor":7,"turns":2},{"damage":25,"enemies":"Lagavulin","floor":8,"turns":10},{"damage":4,"enemies":"Blue Slaver","floor":10,"turns":4},{"damage":1,"enemies":"Replay:BlueRogue","floor":12,"turns":5},{"damage":1,"enemies":"Looter","floor":13,"turns":3},{"damage":0,"enemies":"2 Fungi Beasts","floor":14,"turns":3},{"damage":16,"enemies":"Slime Boss","floor":16,"turns":10},{"damage":15,"enemies":"Chosen","floor":18,"turns":6},{"damage":0,"enemies":"3 Byrds","floor":21,"turns":2},{"damage":10,"enemies":"Centurion and Healer","floor":22,"turns":3},{"damage":8,"enemies":"Snecko","floor":24,"turns":7},{"damage":28,"enemies":"Snake Plant","floor":25,"turns":6},{"damage":24,"enemies":"Book of Stabbing","floor":27,"turns":7},{"damage":36,"enemies":"REME_1_Revenger","floor":31,"turns":3}],"seed_played":"-3493214882305532804","potions_obtained":[{"floor":2,"key":"Energy Potion"},{"floor":5,"key":"Languid Potion"},{"floor":8,"key":"DistilledChaos"},{"floor":12,"key":"Death Potion"},{"floor":13,"key":"DuplicationPotion"},{"floor":16,"key":"AttackPotion"}],"is_trial":false,"path_per_floor":["M","M","?","$","M","E","M","E","T","M","R","E","M","M","R","B",null,"M","$","?","M","M","R","M","M","T","E","?","?","R","E"],"character_chosen":"DeathKnight","items_purchased":["WarlordEmblem:VoidStrike","reliquary:TridentHead"],"campfire_rested":3,"item_purchase_floors":[4,19],"current_hp_per_floor":[80,80,80,80,80,31,31,6,6,2,26,25,24,24,48,32,80,65,65,65,65,55,55,51,29,29,5,5,5,29,0,0],"gold":330,"neow_bonus":"THREE_ENEMY_KILL","is_daily":false,"chose_seed":false,"campfire_upgraded":1,"win_rate":0.0,"timestamp":1612267392,"path_taken":["M","M","?","$","M","E","M","E","T","M","R","E","M","M","R","BOSS","M","$","?","M","?","R","M","M","T","E","?","?","R","E"],"items_purchased_type":["Card","Relic"],"build_version":"2020-12-22","purchased_purges":0,"victory":false,"max_hp_per_floor":[80,80,80,80,80,80,80,80,80,80,80,80,80,80,80,80,80,80,80,80,80,80,80,80,80,80,80,80,80,80,80,80],"card_choices":[{"not_picked":["WarlordEmblem:VoidDefend","WarlordEmblem:DeathCoil"],"picked":"WarlordEmblem:HeartStrike","floor":1},{"not_picked":["WarlordEmblem:Infect","WarlordEmblem:Withstand"],"picked":"WarlordEmblem:SwordWave","floor":2},{"not_picked":["WarlordEmblem:EvilSee","WarlordEmblem:Withstand"],"picked":"WarlordEmblem:WinterHorn","floor":5},{"not_picked":["WarlordEmblem:RuneMelter","WarlordEmblem:RuneBlade"],"picked":"WarlordEmblem:FrozenTouch","floor":6},{"not_picked":["WarlordEmblem:RuneBlade","WarlordEmblem:WinterHorn"],"picked":"WarlordEmblem:LichBody","floor":7},{"not_picked":["WarlordEmblem:WillOfTheNecropolis","WarlordEmblem:RuneFocus"],"picked":"WarlordEmblem:WindStrike","floor":8},{"not_picked":["WarlordEmblem:RuneFocus","WarlordEmblem:EvilSee"],"picked":"WarlordEmblem:Execute","floor":10},{"not_picked":["WarlordEmblem:DeathGateway","WarlordEmblem:CurseStrike","WarlordEmblem:WinterHorn"],"picked":"SKIP","floor":12},{"not_picked":["WarlordEmblem:VoidStrike","WarlordEmblem:CurseStrike"],"picked":"WarlordEmblem:FrozenDeath","floor":13},{"not_picked":["WarlordEmblem:BlackCommand","WarlordEmblem:DeathCoil","WarlordEmblem:VoidDefend"],"picked":"SKIP","floor":14},{"not_picked":["WarlordEmblem:FrozenTouch","WarlordEmblem:LichkingWraith"],"picked":"WarlordEmblem:CurseBlade","floor":16},{"not_picked":["WarlordEmblem:HeartStrike+1","WarlordEmblem:EvilStrike"],"picked":"WarlordEmblem:RuneDiffer","floor":18},{"not_picked":["WarlordEmblem:BodyStrike","WarlordEmblem:BloodMask"],"picked":"WarlordEmblem:FrozenChain","floor":21},{"not_picked":["WarlordEmblem:RuneDiffer","WarlordEmblem:DeathShake"],"picked":"WarlordEmblem:RuneRecover","floor":22},{"not_picked":["WarlordEmblem:RuneFocus","WarlordEmblem:RuneDiffer","WarlordEmblem:Execute"],"picked":"SKIP","floor":24},{"not_picked":["WarlordEmblem:WillOfTheNecropolis","WarlordEmblem:DiseaseCloud","WarlordEmblem:NoLightShield"],"picked":"SKIP","floor":25},{"not_picked":["WarlordEmblem:RuneInspire+1","WarlordEmblem:Potential"],"picked":"WarlordEmblem:RuneMultiplex","floor":27}],"player_experience":40396,"relics_obtained":[{"floor":6,"key":"Replay:Mystery Machine"},{"floor":8,"key":"WarlordEmblem:Gargoyle"},{"floor":9,"key":"reliquary:NewFriend"},{"floor":12,"key":"reliquary:BoilingFlask"},{"floor":26,"key":"MagicDraw4"},{"floor":27,"key":"Prayer Wheel"}],"event_choices":[{"cards_removed":["WarlordEmblem:RuneStrike"],"damage_healed":0,"gold_gain":0,"player_choice":"Card Removal","damage_taken":0,"max_hp_gain":0,"max_hp_loss":0,"event_name":"The Cleric","floor":3,"gold_loss":50},{"damage_healed":0,"gold_gain":0,"player_choice":"Bought 0 Potions","damage_taken":0,"max_hp_gain":0,"max_hp_loss":0,"event_name":"The Woman in Blue","floor":20,"gold_loss":0},{"damage_healed":0,"gold_gain":99,"player_choice":"Stole From Cult","damage_taken":0,"max_hp_gain":0,"max_hp_loss":0,"event_name":"Nest","floor":28,"gold_loss":0}],"is_beta":false,"boss_relics":[{"not_picked":["Snecko Eye","Honey Jar"],"picked":"WarlordEmblem:DKHelm"}],"items_purged_floors":[],"is_endless":false,"potions_floor_spawned":[2,5,8,12,13,16,18,24],"killed_by":"REME_1_Revenger","ascension_level":0}}