{"host":"Qube","time":1612226992,"event":{"mods":["AchievementEnabler","BaseMod","Colored Map","Colored Powertips","Highlight Path","Minty Spire (QoL Compilation)","Permanent Neow","Quick Restart","Random Character Button","StSLib"],"gold_per_floor":[114,114,128,144,162,162,193,205,217,243,280,305,331,357,369,381,381],"floor_reached":16,"language":"ENG","playtime":818,"items_purged":[],"score":232,"play_id":"3e62347f-2904-44c0-a042-2332345cf563","local_time":"20210201164952","is_ascension_mode":true,"campfire_choices":[{"floor":6.0,"key":"REST"},{"floor":8,"key":"REST"},{"floor":15,"key":"REST"}],"circlet_count":0,"master_deck":["AscendersBane","Strike_P","Strike_P","Strike_P","Strike_P","Defend_P","Defend_P","Defend_P","Eruption","Vigilance","SandsOfTime","CutThroughFate","FlurryOfBlows","Ragnarok","FlurryOfBlows","BattleHymn","Ragnarok","EmptyBody","Fasting2","Meditate"],"relics":["Fusion Hammer","MawBank","Art of War","Eternal Feather"],"acts_visited":["Exordium"],"potions_floor_usage":[11,14],"damage_taken":[{"damage":1.0,"enemies":"Cultist","floor":1.0,"turns":5.0},{"damage":0.0,"enemies":"Small Slimes","floor":3.0,"turns":3.0},{"damage":7.0,"enemies":"Jaw Worm","floor":4.0,"turns":3.0},{"damage":1.0,"enemies":"2 Fungi Beasts","floor":5.0,"turns":3.0},{"damage":28,"enemies":"Gremlin Nob","floor":7,"turns":4},{"damage":6,"enemies":"Looter","floor":10,"turns":3},{"damage":20,"enemies":"3 Sentries","floor":11,"turns":4},{"damage":10,"enemies":"Large Slime","floor":12,"turns":4},{"damage":0,"enemies":"2 Fungi Beasts","floor":13,"turns":2},{"damage":17,"enemies":"Exordium Wildlife","floor":14,"turns":5},{"damage":18,"enemies":"The Guardian","floor":16,"turns":4}],"seed_played":"-5645659952754454977","potions_obtained":[{"floor":4.0,"key":"Ancient Potion"},{"floor":7,"key":"Dexterity Potion"},{"floor":10,"key":"Regen Potion"},{"floor":12,"key":"Strength Potion"},{"floor":14,"key":"LiquidBronze"}],"is_trial":false,"path_per_floor":["M","?","M","M","M","R","E","R","T","M","E","M","M","M","R","B"],"character_chosen":"WATCHER","items_purchased":[],"campfire_rested":3,"item_purchase_floors":[],"current_hp_per_floor":[60,60,60,53,52,68,40,60,60,54,46,36,36,19,51,33,33],"gold":381,"neow_bonus":"BOSS_RELIC","is_daily":false,"chose_seed":false,"campfire_upgraded":0,"win_rate":0.0,"timestamp":1612226992,"path_taken":["M","?","M","M","M","R","E","R","T","M","E","?","M","?","R","BOSS"],"items_purchased_type":[],"build_version":"2020-12-18","purchased_purges":0,"victory":false,"max_hp_per_floor":[68,68,68,68,68,68,68,68,68,68,68,68,68,68,68,68,68],"card_choices":[{"not_picked":["PathToVictory","Crescendo"],"picked":"SandsOfTime","floor":1.0},{"not_picked":["InnerPeace","CarveReality"],"picked":"CutThroughFate","floor":3.0},{"not_picked":["JustLucky","EmptyBody"],"picked":"FlurryOfBlows","floor":4.0},{"not_picked":["Crescendo","DeceiveReality"],"picked":"Ragnarok","floor":5.0},{"not_picked":["JustLucky","Consecrate"],"picked":"FlurryOfBlows","floor":7},{"not_picked":["Study","EmptyBody"],"picked":"BattleHymn","floor":10},{"not_picked":["FollowUp","BowlingBash"],"picked":"Ragnarok","floor":11},{"not_picked":["ForeignInfluence","ClearTheMind"],"picked":"EmptyBody","floor":12},{"not_picked":["Consecrate","Study"],"picked":"Fasting2","floor":13},{"not_picked":["EmptyFist","Pray"],"picked":"Meditate","floor":14}],"player_experience":1038512,"relics_obtained":[{"floor":7,"key":"MawBank"},{"floor":9,"key":"Art of War"},{"floor":11,"key":"Eternal Feather"}],"event_choices":[{"cards_removed":["Defend_P"],"damage_healed":0.0,"max_hp_gain":0.0,"max_hp_loss":0.0,"gold_gain":0.0,"event_name":"Purifier","player_choice":"Purged","floor":2.0,"gold_loss":0.0,"damage_taken":0.0}],"is_beta":true,"boss_relics":[],"items_purged_floors":[],"is_endless":false,"potions_floor_spawned":[4,7,10,12,14],"killed_by":"The Guardian","ascension_level":20}}