{"host":"rqs2099buorjjoja","time":1612306442,"event":{"mods":["AchievementEnabler","Aspiration","BaseMod","Beaked The Cultist","Colored Powertips","Downfall","Hermit","Hubris","Infinite Spire","Jorbs\u0027s Wanderer Trilogy","Minty Spire (QoL Compilation)","Quick Restart","Rare Cards Sparkle","Replay The Spire","StSLib","The Bug Knight","The Construct","The Necromancer","The Servant 0.9.4"],"gold_per_floor":[110,120,120,120,120,120,137,137,189,201,218,228,228,239,239,339,339,351,366,366,366,366,378,396,396,443,443,443,443],"floor_reached":28,"language":"ENG","playtime":1570,"items_purged":[],"score":212,"play_id":"0280b649-60a1-47b1-9eef-b5223ff315f6","local_time":"20210202175402","is_ascension_mode":false,"campfire_choices":[{"floor":6,"key":"RECALL"},{"floor":13,"key":"REST"},{"floor":15,"key":"REST"},{"floor":25,"key":"REST"}],"circlet_count":0,"master_deck":["Strike_B","Strike_B","Strike_B","Strike_B","Defend_B","Defend_B","Defend_B","Defend_B","Zap","Dualcast","Time Bomb","Hologram","Panic Button","ReplayTheSpireMod:Reroute Power","Ball Lightning","Conserve Battery","BasicCrystalCard","Biased Cognition","Cold Snap","Reprogram+1","FTL","Static Discharge+1"],"relics":["Cracked Core","hubris:Icosahedron","Vajra","hubris:Backtick","Tiny Chest","Juzu Bracelet","hubris:TenFootPole"],"acts_visited":["Exordium","TheCity"],"potions_floor_usage":[11,19,24],"damage_taken":[{"damage":0,"enemies":"2 Louse","floor":1,"turns":2},{"damage":12,"enemies":"Small Slimes","floor":2,"turns":3},{"damage":1,"enemies":"Cultist","floor":7,"turns":4},{"damage":12,"enemies":"Looter","floor":10,"turns":3},{"damage":12,"enemies":"Red Slaver","floor":11,"turns":1},{"damage":0,"enemies":"Large Slime","floor":12,"turns":2},{"damage":2,"enemies":"Blue Slaver","floor":14,"turns":2},{"damage":39,"enemies":"The Guardian","floor":16,"turns":8},{"damage":0,"enemies":"Spheric Guardian","floor":18,"turns":3},{"damage":7,"enemies":"Shell Parasite","floor":19,"turns":4},{"damage":37,"enemies":"Centurion and Healer","floor":23,"turns":8},{"damage":31,"enemies":"Chosen and Byrds","floor":24,"turns":5},{"damage":40,"enemies":"3 Cultists","floor":28,"turns":5}],"seed_played":"1672079034759617925","potions_obtained":[{"floor":2,"key":"Death Potion"},{"floor":12,"key":"SpeedPotion"},{"floor":16,"key":"hexamod:SoulburnPotion"},{"floor":19,"key":"Energy Potion"}],"is_trial":false,"path_per_floor":["M","M","$","?","?","R","M","?","T","M","M","M","R","M","R","B",null,"M","M","?","?","T","M","M","R","T","T","M"],"character_chosen":"DEFECT","items_purchased":[],"campfire_rested":3,"item_purchase_floors":[],"current_hp_per_floor":[82,70,70,70,70,70,69,69,69,57,45,45,69,67,82,43,82,82,75,75,75,75,38,7,31,31,31,0,0],"gold":443,"neow_bonus":"TEN_PERCENT_HP_BONUS","is_daily":false,"chose_seed":false,"campfire_upgraded":0,"win_rate":0.0,"timestamp":1612306442,"path_taken":["M","M","$","?","?","R","?","?","T","M","M","M","R","?","R","BOSS","M","M","?","?","?","M","M","R","T","?","M"],"items_purchased_type":[],"build_version":"2020-12-22","purchased_purges":0,"victory":false,"max_hp_per_floor":[82,82,82,82,82,82,82,82,82,82,82,82,82,82,82,82,82,82,82,82,82,82,82,82,82,82,82,82,82],"card_choices":[{"not_picked":["Sweeping Beam","ReplaySort"],"picked":"Time Bomb","floor":1},{"not_picked":["hubris:Ukulele","Streamline"],"picked":"Hologram","floor":2},{"not_picked":["Rainbow","Cold Snap"],"picked":"Panic Button","floor":7},{"not_picked":["Blizzard","Streamline"],"picked":"ReplayTheSpireMod:Reroute Power","floor":10},{"not_picked":["Compile Driver","Auto Shields"],"picked":"Ball Lightning","floor":11},{"not_picked":["ReplaySort","Barrage"],"picked":"Conserve Battery","floor":12},{"not_picked":["Turbo","ReplayTheSpireMod:Reroute Power"],"picked":"BasicCrystalCard","floor":14},{"not_picked":["All For One","Reboot"],"picked":"Biased Cognition","floor":16},{"not_picked":["Capacitor","ReplaySolidLightProjector"],"picked":"Cold Snap","floor":18},{"not_picked":["Compile Driver","Steam Power"],"picked":"Reprogram+1","floor":19},{"not_picked":["ReplayTheSpireMod:System Scan","Turbo"],"picked":"FTL","floor":23},{"not_picked":["Go for the Eyes","Conserve Battery"],"picked":"Static Discharge+1","floor":24}],"player_experience":208323,"relics_obtained":[{"floor":9,"key":"Vajra"},{"floor":26,"key":"Juzu Bracelet"},{"floor":27,"key":"hubris:TenFootPole"}],"event_choices":[{"damage_healed":0,"gold_gain":0,"player_choice":"Ignored","damage_taken":0,"max_hp_gain":0,"max_hp_loss":0,"event_name":"Purifier","floor":5,"gold_loss":0},{"damage_healed":0,"gold_gain":0,"player_choice":"Bought 0 Potions","damage_taken":0,"max_hp_gain":0,"max_hp_loss":0,"event_name":"The Woman in Blue","floor":8,"gold_loss":0},{"damage_healed":0,"gold_gain":0,"player_choice":"Ignored","damage_taken":0,"max_hp_gain":0,"max_hp_loss":0,"event_name":"Beggar","floor":20,"gold_loss":0},{"damage_healed":0,"gold_gain":0,"player_choice":"Ignored","damage_taken":0,"max_hp_gain":0,"max_hp_loss":0,"event_name":"Vampires","floor":21,"gold_loss":0}],"is_beta":false,"boss_relics":[{"not_picked":["construct:WeddingRing","aspiration:RitualDagger"],"picked":"hubris:Backtick"}],"items_purged_floors":[],"is_endless":false,"potions_floor_spawned":[2,12,16,19],"killed_by":"3 Cultists","ascension_level":0}}