{"host":"d52brwsy6af8zvaq","time":1612241001,"event":{"mods":["AchievementEnabler","BaseMod","Bestiary","Highlight Path","Minty Spire (QoL Compilation)","Quick Restart","Relic Stats","ojb\u0027s Better Paths Mod"],"gold_per_floor":[360,182,182,200,214,243,243,278,330,330,86,105,125,159,159,233,233,250,260,260,274,294,322,322,348,348,3,13,13,31,48,48,48,48],"floor_reached":33,"language":"ENG","playtime":1953,"items_purged":["Strike_G"],"score":718,"play_id":"a22e7485-0561-4635-8770-55d614c3dddf","local_time":"20210201214321","is_ascension_mode":true,"campfire_choices":[{"data":"Noxious Fumes","floor":7.0,"key":"SMITH"},{"floor":10.0,"key":"REST"},{"floor":15.0,"key":"REST"},{"floor":24.0,"key":"REST"},{"data":"Footwork","floor":32,"key":"SMITH"}],"circlet_count":0,"master_deck":["AscendersBane","Strike_G","Strike_G","Strike_G","Strike_G","Defend_G+1","Defend_G+1","Defend_G","Defend_G","Defend_G","Survivor","Neutralize","All Out Attack","Noxious Fumes+1","Sucker Punch","Leg Sweep","Flying Knee","Corpse Explosion","Burst","Sadistic Nature","Backstab","Prepared","Dodge and Roll","A Thousand Cuts","Leg Sweep","Slice+1","Slice","Backflip","Cloak And Dagger","Footwork+1","Dash","Backflip+1"],"relics":["Ring of the Snake","Bottled Flame","War Paint","Anchor","Bag of Marbles","WristBlade","Paper Crane","Eternal Feather","Matryoshka","Meat on the Bone"],"acts_visited":["Exordium","TheCity"],"potions_floor_usage":[],"damage_taken":[{"damage":4.0,"enemies":"Cultist","floor":1.0,"turns":6.0},{"damage":2.0,"enemies":"Jaw Worm","floor":4.0,"turns":5.0},{"damage":0.0,"enemies":"Small Slimes","floor":5.0,"turns":4.0},{"damage":24.0,"enemies":"3 Sentries","floor":6.0,"turns":8.0},{"damage":32.0,"enemies":"Gremlin Nob","floor":8.0,"turns":6.0},{"damage":0.0,"enemies":"Gremlin Gang","floor":12.0,"turns":2.0},{"damage":6.0,"enemies":"Exordium Thugs","floor":13.0,"turns":4.0},{"damage":0.0,"enemies":"3 Sentries","floor":14.0,"turns":3.0},{"damage":18.0,"enemies":"The Guardian","floor":16.0,"turns":10.0},{"damage":25.0,"enemies":"Chosen","floor":18.0,"turns":7.0},{"damage":6.0,"enemies":"3 Byrds","floor":19.0,"turns":4.0},{"damage":4.0,"enemies":"Snake Plant","floor":21.0,"turns":4.0},{"damage":15.0,"enemies":"Shelled Parasite and Fungi","floor":22.0,"turns":9.0},{"damage":14.0,"enemies":"Gremlin Leader","floor":23.0,"turns":5.0},{"damage":20,"enemies":"Slavers","floor":25,"turns":3},{"damage":12,"enemies":"3 Cultists","floor":28,"turns":5},{"damage":0,"enemies":"Cultist and Chosen","floor":30,"turns":5},{"damage":9,"enemies":"Shelled Parasite and Fungi","floor":31,"turns":7},{"damage":47,"enemies":"Collector","floor":33,"turns":7}],"seed_played":"-1586038013925659573","potions_obtained":[{"floor":6.0,"key":"Block Potion"},{"floor":8.0,"key":"BlessingOfTheForge"},{"floor":12.0,"key":"AttackPotion"},{"floor":14.0,"key":"LiquidMemories"},{"floor":16.0,"key":"FairyPotion"},{"floor":25,"key":"SpeedPotion"},{"floor":31,"key":"FearPotion"}],"is_trial":false,"path_per_floor":["M","$","?","M","M","E","R","E","T","R","$","M","M","E","R","B",null,"M","M","?","M","M","E","R","E","T","$","M","?","M","M","R","B"],"character_chosen":"THE_SILENT","items_purchased":["Noxious Fumes","Sucker Punch","Sadistic Nature","Backstab","Meat on the Bone","Footwork"],"campfire_rested":3,"item_purchase_floors":[2,2,11,11,27,27],"current_hp_per_floor":[55,55,60,58,58,34,34,2,2,21,21,21,15,15,34,16,53,28,22,22,18,3,19,38,18,18,18,18,12,24,27,45,0,0],"gold":48,"neow_bonus":"TWO_FIFTY_GOLD","is_daily":false,"chose_seed":false,"campfire_upgraded":2,"win_rate":0.0,"timestamp":1612241001,"path_taken":["M","$","?","M","M","E","R","E","T","R","$","M","M","E","R","BOSS","M","M","?","M","M","E","R","E","T","$","M","?","?","M","R","BOSS"],"items_purchased_type":["Card","Card","Card","Card","Relic","Card"],"build_version":"2020-12-22","purchased_purges":1,"victory":false,"max_hp_per_floor":[60,60,65,65,65,65,65,65,65,65,65,65,65,65,65,65,65,65,65,65,65,65,65,65,65,65,65,65,65,65,65,65,65,65],"relic_stats":{"counters":[19,104],"Eternal Feather":18,"War Paint":["Defend_G","Defend_G"],"obtain_stats":[{"Bottled Flame":6,"Anchor":9,"Matryoshka":26,"WristBlade":17,"Eternal Feather":25,"Bag of Marbles":14,"War Paint":8,"Paper Crane":23,"Ring of the Snake":0,"Meat on the Bone":27},{"Bottled Flame":4,"Anchor":5,"Matryoshka":15,"WristBlade":9,"Eternal Feather":15,"Bag of Marbles":8,"War Paint":5,"Paper Crane":14,"Ring of the Snake":0,"Meat on the Bone":15},{"Bottled Flame":23,"Anchor":29,"Matryoshka":80,"WristBlade":48,"Eternal Feather":80,"Bag of Marbles":38,"War Paint":29,"Paper Crane":77,"Ring of the Snake":0,"Meat on the Bone":80}],"Ring of the Snake":[38],"Meat on the Bone":36},"card_choices":[{"not_picked":["Prepared","Expertise"],"picked":"All Out Attack","floor":1.0},{"not_picked":["Dagger Throw","Outmaneuver"],"picked":"Leg Sweep","floor":4.0},{"not_picked":["Tactician","Acrobatics"],"picked":"Flying Knee","floor":5.0},{"not_picked":["Dodge and Roll","PiercingWail"],"picked":"Corpse Explosion","floor":6.0},{"not_picked":["Poisoned Stab","Dagger Throw"],"picked":"Burst","floor":8.0},{"not_picked":["Deflect","Caltrops"],"picked":"Prepared","floor":12.0},{"not_picked":["Sucker Punch","Underhanded Strike","Bane"],"picked":"SKIP","floor":13.0},{"not_picked":["Finisher","Deflect"],"picked":"Dodge and Roll","floor":14.0},{"not_picked":["Unload","Storm of Steel"],"picked":"A Thousand Cuts","floor":16.0},{"not_picked":["Dagger Spray","Quick Slash+1"],"picked":"Leg Sweep","floor":18.0},{"not_picked":["Dodge and Roll","Distraction","Quick Slash"],"picked":"SKIP","floor":19.0},{"not_picked":["Terror","PiercingWail"],"picked":"Slice+1","floor":21.0},{"not_picked":["Dash+1","Acrobatics"],"picked":"Slice","floor":22.0},{"not_picked":["Accuracy","Infinite Blades"],"picked":"Backflip","floor":23.0},{"not_picked":["Doppelganger","All Out Attack"],"picked":"Cloak And Dagger","floor":25},{"not_picked":["Caltrops","Cloak And Dagger"],"picked":"Dash","floor":28},{"not_picked":["Outmaneuver","Blade Dance"],"picked":"Backflip+1","floor":30},{"not_picked":["Choke","Acrobatics","Riddle With Holes"],"picked":"SKIP","floor":31}],"player_experience":2113129,"relics_obtained":[{"floor":6.0,"key":"Bottled Flame"},{"floor":8.0,"key":"War Paint"},{"floor":9.0,"key":"Anchor"},{"floor":14.0,"key":"Bag of Marbles"},{"floor":23.0,"key":"Paper Crane"},{"floor":25,"key":"Eternal Feather"},{"floor":26,"key":"Matryoshka"}],"event_choices":[{"damage_healed":0.0,"max_hp_gain":5.0,"max_hp_loss":0.0,"gold_gain":0.0,"event_name":"Big Fish","player_choice":"Donut","floor":3.0,"gold_loss":0.0,"damage_taken":0.0},{"damage_healed":0.0,"max_hp_gain":0.0,"max_hp_loss":0.0,"gold_gain":0.0,"event_name":"The Mausoleum","player_choice":"Ignored","floor":20.0,"gold_loss":0.0,"damage_taken":0.0},{"damage_healed":0,"gold_gain":0,"player_choice":"","damage_taken":6,"max_hp_gain":0,"max_hp_loss":0,"event_name":"Knowing Skull","floor":29,"potions_obtained":[],"gold_loss":0,"cards_obtained":[]}],"is_beta":false,"boss_relics":[{"not_picked":["Tiny House","Fusion Hammer"],"picked":"WristBlade"}],"items_purged_floors":[2],"is_endless":false,"potions_floor_spawned":[6,8,12,14,16,22,25,31],"killed_by":"Collector","ascension_level":20}}