{"host":"8xzc7f3sd104n9ql","time":1612308473,"event":{"mods":["Ascension Reborn","Aspiration","BaseMod","Better Altar","Better Match","Better Note","Better Sensory Stone","Better Skull","Better Third Choice","Better Vampires","Colored Map","Colored Powertips","Colorless Booster Pack","Conspire","DeckTracker","Downfall","Energized Spire","Halation","Highlight Path","Hubris","Infinite Spire","Minty Spire (QoL Compilation)","Rare Cards Sparkle","RatMod","Reliquary","Replay The Spire","Spicy Shops","Spikes Relics","StSLib","The Blue Laboratory","Transform Curses","Unceasing Turn Reminder","UnlockEverythingMod"],"gold_per_floor":[115,115,125,70,85,117,134,134,134,134,134,145,161,173,173,271,271,291,308,5,17,35,35,35,35,35],"floor_reached":25,"language":"ENG","playtime":1428,"items_purged":["Strike_R"],"score":232,"play_id":"2430fa14-4778-4862-9946-984616335b2c","local_time":"20210202172753","is_ascension_mode":false,"campfire_choices":[{"data":"Bash","floor":8,"key":"SMITH"},{"data":"Flame Barrier","floor":15,"key":"SMITH"}],"circlet_count":0,"master_deck":["Strike_R","Strike_R","Strike_R","Defend_R","Defend_R","Defend_R","Defend_R","Bash+1","Heavy Blade+1","BarbarianYell","Spot Weakness","Spot Weakness","Iron Wave","Infernal Blade","Flame Barrier+1","conspire:HitWhereItHurts","BarbarianYell+1","Dropkick","Dropkick"],"relics":["bronze:BronzeCore","reliquary:SilkGlove","Nunchaku","infinitespire:Cubic Diamond","hubris:Towel","hubris:Backtick","halation:Sosunser","rat:PhantomDancer"],"acts_visited":["Exordium","TheCity"],"potions_floor_usage":[12,16,25,25],"damage_taken":[{"damage":2,"enemies":"Small Slimes","floor":1,"turns":4},{"damage":21,"enemies":"infinitespire:Voidling","floor":3,"turns":3},{"damage":1,"enemies":"Jaw Worm","floor":5,"turns":3},{"damage":16,"enemies":"Lagavulin","floor":6,"turns":6},{"damage":12,"enemies":"Blue Slaver","floor":7,"turns":2},{"damage":6,"enemies":"3 Louse","floor":12,"turns":5},{"damage":16,"enemies":"Large Slime","floor":13,"turns":2},{"damage":9,"enemies":"conspire:2 RoseBushes","floor":14,"turns":4},{"damage":36,"enemies":"The Guardian","floor":16,"turns":11},{"damage":10,"enemies":"Chosen","floor":18,"turns":3},{"damage":30,"enemies":"Shell Parasite","floor":19,"turns":5},{"damage":19,"enemies":"Centurion and Healer","floor":21,"turns":4},{"damage":21,"enemies":"Snake Plant","floor":22,"turns":3},{"damage":31,"enemies":"Chosen and Byrds","floor":25,"turns":5}],"seed_played":"1917831844907711078","potions_obtained":[{"floor":3,"key":"Toxic Potion"},{"floor":6,"key":"BloodPotion"},{"floor":7,"key":"FairyPotion"},{"floor":12,"key":"FearPotion"},{"floor":18,"key":"blueLaboratory:BottleOfRum"}],"is_trial":false,"path_per_floor":["M","?","M","$","M","E","M","R","T","?","?","M","M","M","R","B",null,"M","M","$","M","M","PTL","PTL","M"],"character_chosen":"IRONCLAD","items_purchased":["Spot Weakness","rat:PhantomDancer","Dropkick"],"campfire_rested":0,"item_purchase_floors":[4,20,20],"current_hp_per_floor":[80,80,65,65,70,60,54,54,54,54,54,64,48,39,39,3,80,70,40,40,21,24,24,24,0,0],"gold":35,"neow_bonus":"RANDOM_EVENT","is_daily":false,"chose_seed":false,"campfire_upgraded":2,"win_rate":0.0,"timestamp":1612308473,"path_taken":["M","?","?","$","M","E","M","R","T","?","?","M","M","M","R","BOSS","M","M","$","M","M","PTL","PTL","M"],"items_purchased_type":["Card","Relic","Card"],"build_version":"2020-12-22","purchased_purges":1,"victory":false,"max_hp_per_floor":[80,80,80,80,80,80,80,80,80,80,80,80,80,80,80,80,80,80,80,80,80,80,80,80,80,80],"card_choices":[{"not_picked":["Dark Embrace","Replay:Undeath\u0027s Touch"],"picked":"Heavy Blade","floor":1},{"not_picked":["Thunderclap","Infernal Blade"],"picked":"BarbarianYell","floor":3},{"not_picked":["Reckless Charge","Perfected Strike","Abandon"],"picked":"SKIP","floor":5},{"not_picked":["Carnage","ReplayReversal"],"picked":"Iron Wave","floor":6},{"not_picked":["Bludgeon","Entrench","Warcry"],"picked":"SKIP","floor":7},{"not_picked":["Sword Boomerang","Metallicize","Fiend Fire"],"picked":"SKIP","floor":12},{"not_picked":["Wild Strike","Intimidate"],"picked":"Infernal Blade","floor":13},{"not_picked":["ReplayTheSpireMod:Corrosion Curse","Pommel Strike"],"picked":"Flame Barrier","floor":14},{"not_picked":["Immolate","conspire:Purge"],"picked":"conspire:HitWhereItHurts","floor":16},{"not_picked":["Pummel","Second Wind"],"picked":"BarbarianYell+1","floor":18},{"not_picked":["Headbutt+1","Burning Pact+1","Anger"],"picked":"SKIP","floor":19},{"not_picked":["Clothesline","Burning Pact"],"picked":"Dropkick","floor":21},{"not_picked":["Fire Breathing+1","hubris:ReadiedAction","Sever Soul"],"picked":"SKIP","floor":22}],"player_experience":437943,"relics_obtained":[{"floor":6,"key":"reliquary:SilkGlove"},{"floor":9,"key":"Nunchaku"}],"event_choices":[{"damage_healed":0,"gold_gain":0,"player_choice":"Upgraded","damage_taken":0,"max_hp_gain":0,"max_hp_loss":0,"event_name":"Upgrade Shrine","floor":2,"gold_loss":0,"cards_upgraded":["Heavy Blade"]}],"is_beta":false,"boss_relics":[{"not_picked":["halation:CatFaceCupcake","halation:LoveArrow"],"picked":"hubris:Backtick"}],"items_purged_floors":[20],"is_endless":false,"potions_floor_spawned":[3,6,7,12,14,18,21],"killed_by":"Chosen and Byrds","ascension_level":0}}