{"host":"iilsbsc0nnz3b4nr","time":1612224640,"event":{"mods":["BaseMod","Downfall","Hubris","Infinite Spire","Minty Spire (QoL Compilation)","Shade Mod","Shedinja","StSLib","??????REMEMod"],"gold_per_floor":[99,114,114,114,129,129,154,54,69,69,54,54,69,84,99,199,199,199,214,229,244,259,259,271,283,325,337,349,161,188,400,412,412,412],"floor_reached":32,"language":"ENG","playtime":1587,"items_purged":["sneckomod:UnlimitedRolls"],"score":502,"play_id":"bd54b8c0-221d-49f7-82e7-6d579dcb5739","local_time":"20210201191040","daily_mods":["Specialized","Hoarder","downfall:WorldOfGoo"],"is_ascension_mode":false,"campfire_choices":[{"floor":1,"key":"RECALL"},{"data":"sneckomod:SnekBite","floor":8,"key":"SMITH"},{"data":"sneckomod:Unknown","floor":10,"key":"SMITH"},{"data":"sneckomod:Unknown","floor":18,"key":"SMITH"},{"data":"sneckomod:TailWhip","floor":29,"key":"SMITH"}],"circlet_count":0,"master_deck":["sneckomod:TailWhip+1","sneckomod:SnekBite+1","sneckomod:Unknown+1","sneckomod:Unknown+1","sneckomod:ImprovisedAttack","sneckomod:ImprovisedAttack","sneckomod:ImprovisedAttack","sneckomod:ImprovisedAttack","sneckomod:ImprovisedAttack","sneckomod:ImprovisedAttack","sneckomod:ImprovisedAttack","sneckomod:ImprovisedAttack","sneckomod:ImprovisedAttack","sneckomod:ImprovisedAttack","sneckomod:ImprovisedAttack","sneckomod:ImprovisedAttack","sneckomod:ImprovisedAttack","sneckomod:ImprovisedAttack","sneckomod:ImprovisedAttack","Shedinja:BugBuzz","Shedinja:BugBuzz","Shedinja:BugBuzz","sneckomod:UnknownCommonAttack","sneckomod:UnknownCommonAttack","sneckomod:UnknownCommonAttack","sneckomod:UnknownCommonSkill","sneckomod:UnknownCommonSkill","sneckomod:UnknownCommonSkill","Shedinja:AerialAce","Shedinja:AerialAce","Shedinja:AerialAce","sneckomod:PureSnecko","sneckomod:PureSnecko","sneckomod:PureSnecko","sneckomod:UnknownUncommonSkill","sneckomod:UnknownUncommonSkill","sneckomod:UnknownUncommonSkill","sneckomod:Unknown1Cost","sneckomod:Unknown1Cost","sneckomod:Unknown1Cost","sneckomod:IronFang","sneckomod:IronFang","sneckomod:IronFang","sneckomod:UnknownBlock","sneckomod:UnknownBlock","sneckomod:UnknownBlock","sneckomod:UnlimitedRolls","sneckomod:UnlimitedRolls","sneckomod:UnknownCommonSkill+1","sneckomod:UnknownCommonSkill+1","sneckomod:UnknownCommonSkill+1","sneckomod:Unknown1Cost+1","sneckomod:Unknown1Cost+1","sneckomod:Unknown1Cost+1","sneckomod:WideSting","sneckomod:WideSting","sneckomod:WideSting","sneckomod:UnknownClassINFINITE_BLACK","sneckomod:UnknownClassINFINITE_BLACK","sneckomod:UnknownClassINFINITE_BLACK","infinitespire:Collect","infinitespire:Collect","infinitespire:Collect","sneckomod:UnknownExhaust","sneckomod:UnknownExhaust","sneckomod:UnknownExhaust","sneckomod:UnknownUncommonPower","sneckomod:UnknownUncommonPower","sneckomod:UnknownUncommonPower","sneckomod:UnknownUncommonAttack","sneckomod:UnknownUncommonAttack","sneckomod:UnknownUncommonAttack","sneckomod:UnknownBoss","sneckomod:UnknownBoss","sneckomod:UnknownBoss","sneckomod:UnknownBlock","sneckomod:UnknownBlock","sneckomod:UnknownBlock","sneckomod:UnknownColorless","sneckomod:UnknownColorless","sneckomod:UnknownColorless","sneckomod:UnknownUncommonPower","sneckomod:UnknownUncommonPower","sneckomod:UnknownUncommonPower","infinitespire:Gouge","infinitespire:Gouge","infinitespire:Gouge","sneckomod:UnknownDraw+1","sneckomod:UnknownDraw+1","sneckomod:UnknownDraw+1"],"relics":["REME_ComplimentaryCards","hubris:Towel","Shedinja:EnergyLoss","sneckomod:BlankCard","downfall:HeartBlessingRed","hubris:BlackHole","Philosopher\u0027s Stone","MawBank","Guardian:PocketSentry","Nloth\u0027s Gift","downfall:HeartBlessingGreen","downfall:HeartBlessingBlue"],"acts_visited":["Exordium","TheCity"],"potions_floor_usage":[11,14,16,22],"damage_taken":[{"damage":6,"enemies":"Jaw Worm","floor":2,"turns":2},{"damage":0,"enemies":"Small Slimes","floor":5,"turns":2},{"damage":0,"enemies":"Cultist","floor":9,"turns":2},{"damage":3,"enemies":"downfall:FleeingMerchant","floor":11,"turns":4},{"damage":0,"enemies":"Looter","floor":13,"turns":1},{"damage":10,"enemies":"Exordium Thugs","floor":14,"turns":3},{"damage":0,"enemies":"2 Fungi Beasts","floor":15,"turns":2},{"damage":19,"enemies":"Slime Boss","floor":16,"turns":5},{"damage":11,"enemies":"Chosen","floor":19,"turns":4},{"damage":7,"enemies":"3 Byrds","floor":20,"turns":4},{"damage":4,"enemies":"Snecko","floor":21,"turns":4},{"damage":14,"enemies":"Snake Plant","floor":22,"turns":4},{"damage":0,"enemies":"Nightmare","floor":26,"turns":1},{"damage":0,"enemies":"3 Cultists","floor":30,"turns":2},{"damage":65,"enemies":"Centurion and Healer","floor":32,"turns":6}],"seed_played":"-6699970657251824518","potions_obtained":[{"floor":2,"key":"sneckomod:DiceRollPotion"},{"floor":9,"key":"Fruit Juice"},{"floor":12,"key":"Guardian:BlockOnCardUsePotion"},{"floor":12,"key":"champ:CounterPotion"},{"floor":13,"key":"Energy Potion"},{"floor":14,"key":"Guardian:BlockOnCardUsePotion"},{"floor":20,"key":"Weak Potion"},{"floor":30,"key":"Block Potion"}],"is_trial":false,"path_per_floor":["R","M","?","?","M","?","T","R","M","R","$","?","M","M","M","B",null,"R","M","M","M","M","AVR","T","?","NM","?","?","R","M","?","M"],"character_chosen":"THE_SNECKO","items_purchased":[],"campfire_rested":0,"item_purchase_floors":[],"current_hp_per_floor":[90,84,84,84,84,84,84,84,84,84,81,81,81,76,76,57,95,95,89,82,85,71,71,71,71,71,48,48,58,58,58,0,0,0],"gold":412,"neow_bonus":"","is_daily":true,"chose_seed":false,"campfire_upgraded":4,"win_rate":0.0,"timestamp":1612224640,"path_taken":["R","M","?","?","M","?","T","R","M","R","$","?","M","?","M","BOSS","R","M","M","M","M","AVR","T","?","NM","?","?","R","?","?","M"],"items_purchased_type":[],"build_version":"2020-12-22","purchased_purges":1,"victory":false,"max_hp_per_floor":[90,90,90,90,90,90,90,90,90,90,90,90,90,95,95,95,95,95,95,95,95,95,95,95,95,95,95,95,105,105,105,105,105,105],"card_choices":[{"not_picked":["sneckomod:Unknown1Cost","sneckomod:RainOfDice"],"picked":"sneckomod:UnknownCommonAttack","floor":2},{"not_picked":["sneckomod:ImprovisedGuard","sneckomod:UnknownX"],"picked":"sneckomod:UnknownCommonSkill","floor":5},{"not_picked":["sneckomod:SoulDraw","sneckomod:SoulRoll"],"picked":"sneckomod:PureSnecko","floor":9},{"not_picked":["sneckomod:DiceCrush","sneckomod:UnknownCommonSkill"],"picked":"sneckomod:UnknownUncommonSkill","floor":11},{"not_picked":["sneckomod:DiceCrush","sneckomod:SnekBeam"],"picked":"sneckomod:Unknown1Cost","floor":13},{"not_picked":["sneckomod:SerpentIdol","sneckomod:Nope"],"picked":"sneckomod:IronFang","floor":14},{"not_picked":["sneckomod:Unknown3Cost","sneckomod:Unknown1Cost"],"picked":"sneckomod:UnknownBlock","floor":15},{"not_picked":["sneckomod:Unknown3Cost","sneckomod:SoulExchange"],"picked":"sneckomod:UnlimitedRolls","floor":16},{"not_picked":["sneckomod:IronFang+1","sneckomod:Memorize"],"picked":"sneckomod:UnknownCommonSkill+1","floor":19},{"not_picked":["sneckomod:TrashToTreasure","sneckomod:SnekBeam"],"picked":"sneckomod:Unknown1Cost+1","floor":20},{"not_picked":["sneckomod:UnknownCommonAttack","sneckomod:Unknown1Cost+1"],"picked":"sneckomod:WideSting","floor":21},{"not_picked":["sneckomod:UnknownCommonAttack","sneckomod:UnknownDexterity"],"picked":"sneckomod:UnknownClassINFINITE_BLACK","floor":22},{"not_picked":["sneckomod:PureSnecko","sneckomod:WideSting"],"picked":"sneckomod:UnknownUncommonPower","floor":26},{"not_picked":["infinitespire:Oblivion","infinitespire:FutureSight"],"picked":"infinitespire:Gouge","floor":27},{"not_picked":["sneckomod:SoulRoll","sneckomod:UnknownUncommonPower+1"],"picked":"sneckomod:UnknownDraw+1","floor":30}],"player_experience":202440,"relics_obtained":[{"floor":7,"key":"sneckomod:BlankCard"},{"floor":26,"key":"Guardian:PocketSentry"}],"event_choices":[{"damage_healed":0,"gold_gain":0,"player_choice":"Got Potions","damage_taken":0,"max_hp_gain":0,"max_hp_loss":0,"event_name":"Lab","floor":12,"gold_loss":0}],"is_beta":false,"boss_relics":[{"not_picked":["hubris:CrackedHourglass","Ectoplasm"],"picked":"hubris:BlackHole"}],"items_purged_floors":[23],"is_endless":true,"potions_floor_spawned":[2,9,13,14,20,21,30],"killed_by":"Centurion and Healer","ascension_level":0}}