{"host":"sav7uxregyirlf69","time":1612246767,"event":{"mods":["AchievementEnabler","BaseMod","Colored Map","DeckTracker","Keyboard Shortcuts","Minty Spire (QoL Compilation)","READ ME - Guardian Mod","StSLib","SuperFastMode"],"gold_per_floor":[112,112,128,145,70,85,118,30,57,70,90,109,121,140,140,140,140],"floor_reached":16,"language":"KOR","playtime":259,"items_purged":["Strike_R"],"score":216,"play_id":"348fa555-9179-44ab-b49c-ef10552082aa","local_time":"20210202151927","is_ascension_mode":true,"campfire_choices":[{"floor":15,"key":"REST"}],"circlet_count":0,"master_deck":["AscendersBane","Strike_R","Strike_R","Strike_R","Strike_R","Defend_R","Defend_R","Defend_R","Defend_R","Bash","Sword Boomerang","Pommel Strike","Shrug It Off","Disarm","Hemokinesis","Evolve","Demon Form","Twin Strike"],"relics":["Burning Blood","NeowsBlessing","Pen Nib","Anchor"],"acts_visited":["Exordium"],"potions_floor_usage":[7,13],"damage_taken":[{"damage":0.0,"enemies":"Jaw Worm","floor":1.0,"turns":1.0},{"damage":0.0,"enemies":"Cultist","floor":3.0,"turns":1.0},{"damage":0.0,"enemies":"Small Slimes","floor":4.0,"turns":1.0},{"damage":11.0,"enemies":"3 Louse","floor":6.0,"turns":5.0},{"damage":31,"enemies":"Lagavulin","floor":7,"turns":6},{"damage":22,"enemies":"Large Slime","floor":10,"turns":6},{"damage":2,"enemies":"2 Fungi Beasts","floor":11,"turns":3},{"damage":15,"enemies":"3 Louse","floor":12,"turns":4},{"damage":15,"enemies":"Lots of Slimes","floor":13,"turns":5},{"damage":21,"enemies":"Exordium Thugs","floor":14,"turns":5},{"damage":38,"enemies":"Slime Boss","floor":16,"turns":3}],"seed_played":"-6072229040972182751","potions_obtained":[{"floor":1.0,"key":"CultistPotion"},{"floor":2.0,"key":"Regen Potion"},{"floor":7,"key":"SpeedPotion"},{"floor":13,"key":"Ancient Potion"}],"is_trial":false,"path_per_floor":["M","?","M","M","$","M","E","$","T","M","M","M","M","M","R","B"],"character_chosen":"IRONCLAD","items_purchased":["Evolve"],"campfire_rested":1,"item_purchase_floors":[8],"current_hp_per_floor":[74,74,75,75,75,70,45,45,45,29,33,24,29,14,36,0,0],"gold":140,"neow_bonus":"THREE_ENEMY_KILL","is_daily":false,"chose_seed":false,"campfire_upgraded":0,"win_rate":0.0,"timestamp":1612246767,"path_taken":["M","?","?","M","$","M","E","$","T","M","M","M","?","?","R","BOSS"],"items_purchased_type":["Card"],"build_version":"2020-12-22","purchased_purges":1,"victory":false,"max_hp_per_floor":[75,75,75,75,75,75,75,75,75,75,75,75,75,75,75,75,75],"card_choices":[{"not_picked":["Burning Pact","Warcry"],"picked":"Sword Boomerang","floor":1.0},{"not_picked":["Sentinel","Entrench"],"picked":"Pommel Strike","floor":3.0},{"not_picked":["Uppercut","Clash"],"picked":"Shrug It Off","floor":4.0},{"not_picked":["Pummel","Headbutt"],"picked":"Disarm","floor":6.0},{"not_picked":["Sword Boomerang","True Grit"],"picked":"Hemokinesis","floor":7},{"not_picked":["Uppercut","Armaments"],"picked":"Demon Form","floor":10},{"not_picked":["Armaments","Thunderclap","Warcry"],"picked":"SKIP","floor":11},{"not_picked":["Pommel Strike","Clash"],"picked":"Twin Strike","floor":12},{"not_picked":["Havoc","Armaments","Cleave"],"picked":"SKIP","floor":13},{"not_picked":["Rampage","Clash","Sentinel"],"picked":"SKIP","floor":14}],"player_experience":1456993,"relics_obtained":[{"floor":7,"key":"Pen Nib"},{"floor":9,"key":"Anchor"}],"event_choices":[{"damage_healed":0.0,"max_hp_gain":0.0,"max_hp_loss":0.0,"gold_gain":0.0,"event_name":"Lab","player_choice":"Got Potions","floor":2.0,"gold_loss":0.0,"damage_taken":0.0}],"is_beta":false,"boss_relics":[],"items_purged_floors":[5],"is_endless":false,"potions_floor_spawned":[1,4,7,13],"killed_by":"Slime Boss","ascension_level":20}}