{"host":"sc0o2qwpf9j16a4i","time":1612269404,"event":{"mods":["AchievementEnabler","BaseMod","BetterRewards","Block Reminder","Colored Map","Colored Powertips","Custom Start","Highlight Path","Minty Spire (QoL Compilation)","Relic Stats"],"gold_per_floor":[110,122,148,323,11,39,39,51,75,75,75,86,115,141,141,245,245,258,258,258,34,34,65,65,95,95,122,122,138,149,164,164,262,262,277,303,303,303,12,38,73,108,108,0,0,11,11,11,11,11],"floor_reached":51,"language":"ENG","playtime":1693,"items_purged":[],"score":1104,"play_id":"a26012c8-d659-4630-a350-c82fef846ff4","local_time":"20210202143644","daily_mods":["SealedDeck","Flight","Terminal"],"is_ascension_mode":false,"campfire_choices":[{"data":"Beam Cell","floor":10,"key":"SMITH"},{"floor":15,"key":"DIG"},{"floor":28,"key":"DIG"},{"floor":32,"key":"REST"},{"floor":49,"key":"DIG"}],"circlet_count":0,"master_deck":["Barrage+1","Reinforced Body+1","Beam Cell+1","White Noise+1","Cold Snap+1","Turbo+1","Glacier+1","FTL+1","Conserve Battery+1","Go for the Eyes+1","Coolheaded+1","Doubt","Defragment+1","Undo+1","Compile Driver+1","Blizzard+1","Biased Cognition+1","Meteor Strike+1","White Noise+1","Creative AI+1","RitualDagger+1","Writhe","Biased Cognition+1","Loop+1","Shame","Machine Learning+1","Loop+1","Barrage+1","Conserve Battery+1","Hologram+1","Seek+1","Stack+1","Leap+1","Go for the Eyes+1"],"relics":["Cracked Core","Regal Pillow","Sling","Lizard Tail","WarpedTongs","War Paint","Spirit Poop","Shovel","Whetstone","Smiling Mask","Astrolabe","Tiny Chest","DollysMirror","Bronze Scales","InkBottle","Strawberry","Gremlin Horn","Cables","Lantern","Black Star","Toy Ornithopter","Membership Card","Ice Cream","MealTicket","Omamori","Emotion Chip","Calipers","Anchor","Bottled Tornado","Ornamental Fan","Red Mask","Potion Belt","Mark of the Bloom","Pear"],"acts_visited":["Exordium","TheCity","TheBeyond"],"potions_floor_usage":[6,23,25,25,25,33,40,40,50,50],"damage_taken":[{"damage":0,"enemies":"Jaw Worm","floor":1,"turns":2},{"damage":0,"enemies":"2 Louse","floor":2,"turns":2},{"damage":0,"enemies":"Gremlin Nob","floor":6,"turns":3},{"damage":5,"enemies":"Small Slimes","floor":8,"turns":3},{"damage":0,"enemies":"Looter","floor":12,"turns":3},{"damage":0,"enemies":"3 Sentries","floor":13,"turns":5},{"damage":0,"enemies":"Lagavulin","floor":14,"turns":3},{"damage":0,"enemies":"The Guardian","floor":16,"turns":7},{"damage":0,"enemies":"3 Byrds","floor":18,"turns":4},{"damage":0,"enemies":"Book of Stabbing","floor":23,"turns":5},{"damage":0,"enemies":"Slavers","floor":25,"turns":5},{"damage":1,"enemies":"Gremlin Leader","floor":27,"turns":4},{"damage":15,"enemies":"2 Thieves","floor":29,"turns":3},{"damage":0,"enemies":"Snecko","floor":30,"turns":4},{"damage":15,"enemies":"Shelled Parasite and Fungi","floor":31,"turns":4},{"damage":10,"enemies":"Collector","floor":33,"turns":8},{"damage":6,"enemies":"3 Darklings","floor":35,"turns":4},{"damage":10,"enemies":"Reptomancer","floor":40,"turns":5},{"damage":0,"enemies":"Nemesis","floor":41,"turns":9},{"damage":0,"enemies":"Reptomancer","floor":42,"turns":7},{"damage":0,"enemies":"Orb Walker","floor":46,"turns":3},{"damage":4,"enemies":"Time Eater","floor":50,"turns":10}],"seed_played":"-1704823508141484343","potions_obtained":[{"floor":1,"key":"Weak Potion"},{"floor":8,"key":"Dexterity Potion"},{"floor":14,"key":"EssenceOfSteel"},{"floor":23,"key":"Strength Potion"},{"floor":27,"key":"Strength Potion"},{"floor":31,"key":"Fire Potion"},{"floor":33,"key":"BlessingOfTheForge"},{"floor":42,"key":"LiquidMemories"},{"floor":46,"key":"Swift Potion"}],"is_trial":true,"path_per_floor":["M","M","T","?","$","E","?","M","T","R","?","M","E","E","R","B",null,"M","?","?","$","?","E","?","E","T","E","R","M","M","M","R","B",null,"M","T","?","?","$","E","E","E","T","?","T","M","$","?","R","B",null],"character_chosen":"DEFECT","items_purchased":["Defragment","Sling","Undo","AttackPotion","DollysMirror","Loop","Membership Card","Ice Cream"],"campfire_rested":1,"item_purchase_floors":[5,5,5,5,21,21,39,39],"current_hp_per_floor":[73,72,71,70,69,68,67,62,62,62,62,62,61,60,59,58,57,56,50,50,50,50,50,50,56,55,54,53,38,38,23,49,39,47,41,41,41,41,40,30,30,30,30,30,30,30,32,31,31,27],"gold":11,"neow_bonus":"","is_daily":false,"chose_seed":false,"campfire_upgraded":1,"win_rate":0.0,"timestamp":1612269404,"path_taken":["M","M","?","?","$","E","?","?","T","R","?","?","E","E","R","BOSS","M","?","?","$","?","E","?","E","T","E","R","?","M","M","R","BOSS","M","?","?","?","$","E","E","E","T","?","?","?","?","?","R","BOSS"],"items_purchased_type":["Card","Relic","Card","Potion","Relic","Card","Relic","Relic"],"build_version":"2020-12-22","purchased_purges":0,"victory":true,"max_hp_per_floor":[73,72,71,70,69,68,67,66,65,64,63,62,61,60,59,58,57,56,55,54,53,52,51,50,56,55,54,53,52,51,50,49,48,47,46,45,42,41,40,39,38,37,36,35,34,33,32,31,40,39],"relic_stats":{"Regal Pillow":12,"Mark of the Bloom":20,"Gremlin Horn":[20,20],"counters":[22,101],"Astrolabe":["Meteor Strike","White Noise","Creative AI"],"Whetstone":["FTL","Cold Snap"],"War Paint":["Glacier","White Noise"],"Smiling Mask":0,"WarpedTongs":[92],"Cables":[50,30,16,0,4],"Lizard Tail":0,"Emotion Chip":[6,1,5,0,0],"Shovel":3,"Ornamental Fan":[12],"Bronze Scales":[248],"Tiny Chest":2,"MealTicket":3,"Black Star":3,"obtain_stats":[{"Ice Cream":39,"Regal Pillow":3,"Lantern":28,"Mark of the Bloom":48,"Calipers":41,"Gremlin Horn":26,"Spirit Poop":11,"Whetstone":14,"Bottled Tornado":42,"Sling":5,"Smiling Mask":15,"Lizard Tail":6,"Emotion Chip":41,"Shovel":13,"DollysMirror":21,"Strawberry":25,"Tiny Chest":20,"MealTicket":40,"Red Mask":44,"Cracked Core":0,"InkBottle":23,"Potion Belt":45,"Pear":49,"Astrolabe":17,"Omamori":40,"War Paint":9,"WarpedTongs":7,"Cables":27,"Anchor":42,"Ornamental Fan":43,"Bronze Scales":22,"Black Star":34,"Membership Card":39,"Toy Ornithopter":36},{"Ice Cream":17,"Regal Pillow":2,"Lantern":12,"Mark of the Bloom":21,"Calipers":19,"Gremlin Horn":11,"Spirit Poop":4,"Whetstone":7,"Bottled Tornado":20,"Sling":2,"Smiling Mask":7,"Lizard Tail":3,"Emotion Chip":19,"Shovel":6,"DollysMirror":9,"Strawberry":11,"Tiny Chest":9,"MealTicket":18,"Red Mask":20,"Cracked Core":0,"InkBottle":10,"Potion Belt":20,"Pear":21,"Astrolabe":8,"Omamori":18,"War Paint":4,"WarpedTongs":3,"Cables":12,"Anchor":20,"Ornamental Fan":20,"Bronze Scales":9,"Black Star":16,"Membership Card":17,"Toy Ornithopter":17},{"Ice Cream":67,"Regal Pillow":4,"Lantern":45,"Mark of the Bloom":91,"Calipers":81,"Gremlin Horn":41,"Spirit Poop":10,"Whetstone":21,"Bottled Tornado":88,"Sling":4,"Smiling Mask":21,"Lizard Tail":7,"Emotion Chip":81,"Shovel":18,"DollysMirror":32,"Strawberry":41,"Tiny Chest":32,"MealTicket":72,"Red Mask":88,"Cracked Core":0,"InkBottle":36,"Potion Belt":88,"Pear":91,"Astrolabe":28,"Omamori":72,"War Paint":10,"WarpedTongs":7,"Cables":45,"Anchor":88,"Ornamental Fan":88,"Bronze Scales":32,"Black Star":63,"Membership Card":67,"Toy Ornithopter":67}],"InkBottle":[30],"Toy Ornithopter":0},"card_choices":[{"not_picked":["Reprogram","Redo"],"picked":"Coolheaded","floor":1},{"not_picked":["Redo","Self Repair"],"picked":"Cold Snap","floor":2},{"not_picked":["Capacitor","Scrape","Redo"],"picked":"SKIP","floor":6},{"not_picked":["Undo","Force Field"],"picked":"Barrage","floor":8},{"not_picked":["Capacitor","Beam Cell"],"picked":"Compile Driver","floor":12},{"not_picked":["Blizzard","BootSequence","Go for the Eyes"],"picked":"SKIP","floor":13},{"not_picked":["BootSequence","Go for the Eyes"],"picked":"Blizzard","floor":13},{"not_picked":["Rip and Tear","Gash"],"picked":"Genetic Algorithm","floor":14},{"not_picked":["Electrodynamics","Fission"],"picked":"Biased Cognition","floor":16},{"not_picked":["Glacier","Rebound"],"picked":"Ball Lightning","floor":18},{"not_picked":["Rebound","Streamline+1"],"picked":"Machine Learning","floor":23},{"not_picked":["Turbo","Consume"],"picked":"Loop","floor":25},{"not_picked":["Sweeping Beam","Rebound"],"picked":"Barrage+1","floor":27},{"not_picked":["Hologram","Consume"],"picked":"Conserve Battery+1","floor":29},{"not_picked":["Cold Snap","Reprogram"],"picked":"Hologram","floor":30},{"not_picked":["Barrage","Rebound","Gash"],"picked":"SKIP","floor":31},{"not_picked":["Buffer","Amplify"],"picked":"Seek","floor":33},{"not_picked":["Reprogram","Cold Snap+1","Chaos"],"picked":"SKIP","floor":35},{"not_picked":["Glacier+1","Leap+1"],"picked":"Stack","floor":40},{"not_picked":["Darkness","Genetic Algorithm+1"],"picked":"Leap+1","floor":41},{"not_picked":["Scrape","Self Repair","White Noise"],"picked":"SKIP","floor":42},{"not_picked":["Redo","Auto Shields"],"picked":"Go for the Eyes+1","floor":46}],"player_experience":1134386,"relics_obtained":[{"floor":3,"key":"Regal Pillow"},{"floor":6,"key":"Lizard Tail"},{"floor":9,"key":"War Paint"},{"floor":13,"key":"Shovel"},{"floor":14,"key":"Whetstone"},{"floor":15,"key":"Smiling Mask"},{"floor":23,"key":"InkBottle"},{"floor":25,"key":"Strawberry"},{"floor":26,"key":"Gremlin Horn"},{"floor":27,"key":"Cables"},{"floor":28,"key":"Lantern"},{"floor":36,"key":"Toy Ornithopter"},{"floor":40,"key":"MealTicket"},{"floor":40,"key":"Omamori"},{"floor":41,"key":"Emotion Chip"},{"floor":41,"key":"Calipers"},{"floor":42,"key":"Anchor"},{"floor":42,"key":"Bottled Tornado"},{"floor":43,"key":"Ornamental Fan"},{"floor":45,"key":"Potion Belt"},{"floor":49,"key":"Pear"}],"event_choices":[{"damage_healed":0,"gold_gain":175,"player_choice":"AGREE","damage_taken":0,"max_hp_gain":0,"max_hp_loss":0,"event_name":"Liars Game","floor":4,"gold_loss":0,"cards_obtained":["Doubt"]},{"damage_healed":0,"gold_gain":0,"player_choice":"Rummage","damage_taken":0,"relics_obtained":["WarpedTongs"],"max_hp_gain":0,"max_hp_loss":0,"event_name":"Accursed Blacksmith","floor":7,"gold_loss":0,"cards_obtained":["Pain"]},{"cards_removed":["Pain"],"damage_healed":0,"gold_gain":0,"player_choice":"Offered Curse","damage_taken":0,"relics_obtained":["Spirit Poop"],"max_hp_gain":0,"max_hp_loss":0,"event_name":"Bonfire Elementals","floor":11,"gold_loss":0},{"damage_healed":0,"gold_gain":0,"player_choice":"Joined the Cult","damage_taken":6,"max_hp_gain":0,"max_hp_loss":0,"event_name":"Nest","floor":19,"gold_loss":0,"cards_obtained":["RitualDagger"]},{"damage_healed":0,"gold_gain":0,"player_choice":"Opened","damage_taken":0,"relics_obtained":["Tiny Chest"],"max_hp_gain":0,"max_hp_loss":0,"event_name":"The Mausoleum","floor":20,"gold_loss":0,"cards_obtained":["Writhe"]},{"damage_healed":0,"gold_gain":0,"player_choice":"Stole Relic","damage_taken":0,"relics_obtained":["Bronze Scales"],"max_hp_gain":0,"max_hp_loss":0,"event_name":"Addict","floor":22,"gold_loss":0,"cards_obtained":["Shame"]},{"damage_healed":0,"gold_gain":0,"player_choice":"Bought 0 Potions","damage_taken":0,"max_hp_gain":0,"max_hp_loss":0,"event_name":"The Woman in Blue","floor":24,"gold_loss":0},{"damage_healed":0,"gold_gain":0,"player_choice":"Max HP","damage_taken":0,"max_hp_gain":0,"max_hp_loss":2,"event_name":"Winding Halls","floor":37,"gold_loss":0},{"cards_removed":["Ball Lightning"],"damage_healed":0,"gold_gain":0,"player_choice":"Removed Attack","damage_taken":0,"max_hp_gain":0,"max_hp_loss":0,"event_name":"Falling","floor":38,"gold_loss":0},{"damage_healed":0,"gold_gain":0,"player_choice":"Paid","damage_taken":0,"relics_obtained":["Red Mask"],"max_hp_gain":0,"max_hp_loss":0,"event_name":"Tomb of Lord Red Mask","floor":44,"gold_loss":108},{"damage_healed":0,"gold_gain":0,"player_choice":"Upgrade","damage_taken":0,"relics_obtained":["Mark of the Bloom"],"max_hp_gain":0,"max_hp_loss":0,"event_name":"MindBloom","floor":48,"gold_loss":0,"cards_upgraded":["Barrage","Reinforced Body","Turbo","Conserve Battery","Go for the Eyes","Coolheaded","Defragment","Undo","Compile Driver","Blizzard","Biased Cognition","RitualDagger","Biased Cognition","Loop","Machine Learning","Loop","Hologram","Seek","Stack"]}],"is_beta":false,"boss_relics":[{"not_picked":["SacredBark","Runic Pyramid"],"picked":"Astrolabe"},{"not_picked":["Fusion Hammer","Cursed Key"],"picked":"Black Star"}],"items_purged_floors":[],"is_endless":false,"potions_floor_spawned":[1,8,14,16,23,27,31,33,42,46],"ascension_level":0}}