{"host":"3vgzk5mhz751jdrj","time":1612305071,"event":{"mods":["2.2 Compatiblity","AchievementEnabler","Act Like it!","Aspiration","BaseMod","Better Altar","Better Match","Better Note","Better Sensory Stone","Better Skull","Better Third Choice","Block Reminder","Colored Map","Conspire","Curses Come First","Dark Map","Displayed Cursed Tome","Downfall","Friendly Minions","GifTheSpireLib","Halation","Hubris","Ironclad Rager","Marked Mod","Mimic Mod","Minty Spire (QoL Compilation)","Quick Restart","Rare Cards Sparkle","Replay The Spire","Reworked Bosses","Shop Mod","Smile Girya","Spicy Shops","Spikes Relics","Spire Arcade","StSLib","Stuff the Spire","Trackpad"],"gold_per_floor":[199,218,230,230,249,307,359,153,163,197,97,130,30,69,83,83,83,83],"floor_reached":16,"language":"ENG","playtime":1372,"items_purged":[],"score":110,"play_id":"125aff84-a8ce-4c78-b39a-4d562eccda69","local_time":"20210202173111","is_ascension_mode":false,"campfire_choices":[{"data":"bronze:Goto","floor":1,"key":"SMITH"},{"floor":11,"key":"REST"},{"data":"bronze:BuggyMess","floor":13,"key":"SMITH"}],"circlet_count":0,"master_deck":["bronze:Strike","bronze:Strike","bronze:Strike","bronze:Strike","bronze:Defend","bronze:Defend","bronze:Defend","bronze:Defend","bronze:Replicate","bronze:Goto+1","bronze:OilSpill","bronze:BuggyMess+1","bronze:ChildClass","ReplayTheSpireMod:Splinters","bronze:OilSpill","bronze:Repulsor","bronze:Assembly","bronze:Flail","bronze:WhirlingStrike","bronze:BugBarrage","bronze:Overheat"],"relics":["bronze:BronzeCore","Happy Flower","Replay:Bottled Snecko","downfall:HeartBlessingBlue","Dream Catcher","downfall:HeartBlessingGreen"],"acts_visited":["Exordium"],"potions_floor_usage":[12,12,16],"damage_taken":[{"damage":0,"enemies":"conspire:RoseBush","floor":2,"turns":4},{"damage":0,"enemies":"Small Slimes","floor":3,"turns":3},{"damage":3,"enemies":"2 Louse","floor":5,"turns":3},{"damage":5,"enemies":"downfall:FleeingMerchant","floor":8,"turns":4},{"damage":2,"enemies":"Large Slime","floor":9,"turns":5},{"damage":33,"enemies":"3 Sentries","floor":10,"turns":6},{"damage":17,"enemies":"Lagavulin","floor":12,"turns":5},{"damage":0,"enemies":"3 Louse","floor":14,"turns":5},{"damage":0,"enemies":"3 Louse","floor":15,"turns":1},{"damage":50,"enemies":"WA_ARCHETYPE_RETAIN","floor":16,"turns":6}],"seed_played":"5199011331694967132","potions_obtained":[{"floor":3,"key":"Guardian:BlockOnCardUsePotion"},{"floor":5,"key":"SmokeBomb"},{"floor":6,"key":"Milkshake"},{"floor":15,"key":"Adrenaline Potion"}],"is_trial":false,"path_per_floor":["R","M","M","?","M","?","T","$","M","E","R","E","R","MIM","M","B"],"character_chosen":"THE_AUTOMATON","items_purchased":["bronze:Repulsor","bronze:Assembly"],"campfire_rested":1,"item_purchase_floors":[8,8],"current_hp_per_floor":[70,70,70,70,67,67,67,62,60,27,61,44,44,44,44,0,0,0],"gold":83,"neow_bonus":"HUNDRED_GOLD","is_daily":false,"chose_seed":false,"campfire_upgraded":2,"win_rate":0.0,"timestamp":1612305071,"path_taken":["R","M","M","?","M","?","T","$","M","E","R","E","R","?","M","BOSS"],"items_purchased_type":["Card","Card"],"build_version":"2020-12-22","purchased_purges":0,"victory":false,"max_hp_per_floor":[70,70,70,70,70,70,70,70,70,70,80,80,80,80,80,80,80,80],"card_choices":[{"not_picked":["bronze:Branch","bronze:MaxOutput"],"picked":"bronze:OilSpill","floor":2},{"not_picked":["bronze:Optimize","bronze:DigitalCarnage"],"picked":"bronze:BuggyMess","floor":3},{"not_picked":["bronze:BugBarrage","bronze:WildBeam"],"picked":"bronze:ChildClass","floor":5},{"not_picked":["bronze:HardenedForm","bronze:Fortify"],"picked":"bronze:OilSpill","floor":6},{"not_picked":["bronze:ForceShield","bronze:GetLatest","bronze:WildBeam"],"picked":"SKIP","floor":8},{"not_picked":["bronze:Overheat","bronze:Philosophize"],"picked":"bronze:Flail","floor":9},{"not_picked":["bronze:Iterate","bronze:Overload"],"picked":"bronze:WhirlingStrike","floor":10},{"not_picked":["bronze:CutThrough","bronze:DelayedSlice"],"picked":"bronze:BugBarrage","floor":12},{"not_picked":["bronze:MaxOutput","bronze:DelayedGuard"],"picked":"bronze:Overheat","floor":15}],"player_experience":427334,"relics_obtained":[{"floor":6,"key":"Happy Flower"},{"floor":10,"key":"Replay:Bottled Snecko"},{"floor":12,"key":"Dream Catcher"}],"event_choices":[],"is_beta":false,"boss_relics":[],"items_purged_floors":[],"is_endless":false,"potions_floor_spawned":[3,5,15],"killed_by":"WA_ARCHETYPE_RETAIN","ascension_level":0}}