{"host":"Ryley","time":1612285773,"event":{"mods":["BaseMod","Downfall","Minty Spire (QoL Compilation)","StSLib"],"gold_per_floor":[99,116,136,42,27,177,204,223,9,21,21,51,76,86,97,97,97,97],"floor_reached":16,"language":"ENG","playtime":561,"items_purged":[],"score":102,"play_id":"8c471f19-1f96-43ea-af8d-240daae1b23e","local_time":"20210202110933","is_ascension_mode":false,"campfire_choices":[{"floor":1,"key":"RECALL"}],"circlet_count":0,"master_deck":["bronze:Strike","bronze:Strike","bronze:Strike","bronze:Strike","bronze:Defend","bronze:Defend","bronze:Defend","bronze:Defend","bronze:Replicate+1","bronze:Goto","bronze:Separator","bronze:WhirlingStrike","bronze:ChosenStrike","bronze:ShipIt","downfall:Icky","bronze:Overload","bronze:WildBeam","bronze:BugBarrage","bronze:BuggyMess","bronze:BugBarrage"],"relics":["bronze:BronzeCore","Blood Vial","Lee\u0027s Waffle","downfall:BrokenWingStatue","Juzu Bracelet","Happy Flower"],"acts_visited":["Exordium"],"potions_floor_usage":[16,16],"damage_taken":[{"damage":1,"enemies":"Cultist","floor":2,"turns":4},{"damage":0,"enemies":"Small Slimes","floor":3,"turns":2},{"damage":0,"enemies":"downfall:FleeingMerchant","floor":4,"turns":4},{"damage":5,"enemies":"downfall:FleeingMerchant","floor":5,"turns":4},{"damage":0,"enemies":"Jaw Worm","floor":8,"turns":1},{"damage":15,"enemies":"downfall:FleeingMerchant","floor":9,"turns":4},{"damage":13,"enemies":"Red Slaver","floor":10,"turns":2},{"damage":12,"enemies":"3 Sentries","floor":12,"turns":5},{"damage":0,"enemies":"2 Fungi Beasts","floor":14,"turns":1},{"damage":7,"enemies":"Blue Slaver","floor":15,"turns":2},{"damage":54,"enemies":"WA_ARCHETYPE_RETAIN","floor":16,"turns":6}],"seed_played":"-1728196636229931810","potions_obtained":[{"floor":2,"key":"Dexterity Potion"},{"floor":8,"key":"DuplicationPotion"},{"floor":10,"key":"SteroidPotion"}],"is_trial":false,"path_per_floor":["R","M","M","$","$","?","T","M","$","M","?","E","T","M","M","B"],"character_chosen":"THE_AUTOMATON","items_purchased":["bronze:ChosenStrike","Lee\u0027s Waffle","bronze:BugBarrage"],"campfire_rested":0,"item_purchase_floors":[4,9,9],"current_hp_per_floor":[70,69,69,69,64,64,64,66,77,64,64,54,54,56,51,0,0,0],"gold":97,"neow_bonus":"UPGRADE_CARD","is_daily":false,"chose_seed":false,"campfire_upgraded":0,"win_rate":0.0,"timestamp":1612285773,"path_taken":["R","M","M","?","$","?","T","?","?","M","?","E","?","M","M","BOSS"],"items_purchased_type":["Card","Relic","Card"],"build_version":"2020-12-18","purchased_purges":0,"victory":false,"max_hp_per_floor":[70,70,70,70,70,70,70,70,77,77,77,77,77,77,77,77,77,77],"card_choices":[{"not_picked":["bronze:Allocate","bronze:Philosophize","bronze:Deprecate"],"picked":"SKIP","floor":2},{"not_picked":["bronze:ForceShield","bronze:Backtrace"],"picked":"bronze:Separator","floor":3},{"not_picked":["bronze:CutThrough","bronze:ForLoop"],"picked":"bronze:WhirlingStrike","floor":4},{"not_picked":["bronze:Separator","bronze:Invalidate"],"picked":"bronze:ShipIt","floor":5},{"not_picked":["bronze:Philosophize","bronze:GetLatest"],"picked":"bronze:Overload","floor":8},{"not_picked":["bronze:ShipIt","bronze:Flail"],"picked":"bronze:WildBeam","floor":9},{"not_picked":["bronze:Fortify","bronze:ForLoop"],"picked":"bronze:BuggyMess","floor":10},{"not_picked":["bronze:BronzeOrb","bronze:MaxOutput","bronze:Deprecate"],"picked":"SKIP","floor":12},{"not_picked":["bronze:Return","bronze:ChildClass","bronze:Safeguard"],"picked":"SKIP","floor":14},{"not_picked":["bronze:DelayedGuard","bronze:Iterate"],"picked":"bronze:BugBarrage","floor":15}],"player_experience":372364,"relics_obtained":[{"floor":7,"key":"Blood Vial"},{"floor":12,"key":"Juzu Bracelet"},{"floor":13,"key":"Happy Flower"}],"event_choices":[],"is_beta":true,"boss_relics":[],"items_purged_floors":[],"is_endless":false,"potions_floor_spawned":[2,8,10,12],"killed_by":"WA_ARCHETYPE_RETAIN","ascension_level":0}}