{"host":"gk5m6v7zec9neb0j","time":1612227753,"event":{"mods":["AchievementEnabler","AlwaysNeverKeys","BaseMod","BetterRewards","Block Reminder","Minty Spire (QoL Compilation)","Rare Cards Sparkle","Relic Stats","StSLib"],"gold_per_floor":[114,133,408,428,441,263,276,18,94,94,94,22,53,66,66,187,250,271,83,102,102,102,137,137,155,229,144,187,211,229,260,260,380,380,380,101,101,125,143,143,143,163,163,163,194,209,233,257,257,257,257,257,5,40,40],"floor_reached":56,"language":"ENG","playtime":2996,"items_purged":["Strike_B","Regret","Strike_B","Strike_B+1"],"score":1562,"play_id":"c478cc87-66b6-420e-879a-207db85e532d","local_time":"20210201200233","is_ascension_mode":false,"campfire_choices":[{"data":"Fission","floor":11.0,"key":"SMITH"},{"data":"Defragment","floor":15.0,"key":"SMITH"},{"data":"Creative AI","floor":24.0,"key":"SMITH"},{"floor":32.0,"key":"REST"},{"data":"Echo Form","floor":40,"key":"SMITH"},{"data":"Echo Form","floor":44,"key":"SMITH"},{"data":"Loop","floor":49,"key":"SMITH"},{"data":"Loop","floor":52,"key":"SMITH"}],"circlet_count":0,"master_deck":["Defend_B+1","Defend_B+1","Defend_B+1","Defend_B+1","Zap","Dualcast","Gash+1","Self Repair","Leap","Coolheaded","Glacier","Capacitor","Fusion","Fission+1","Capacitor","Defragment+1","Creative AI+1","Loop+1","Coolheaded","Loop+1","Echo Form+1","Echo Form+1","Meteor Strike","Electrodynamics+1","Defragment+1","BootSequence"],"relics":["Cracked Core","Emotion Chip","OrangePellets","Membership Card","Symbiotic Virus","Golden Idol","Orrery","Prayer Wheel","Tiny House","Tiny Chest","Lantern","Cables","Smiling Mask","Art of War","Dream Catcher","HornCleat","SacredBark","TungstenRod","Strange Spoon","Darkstone Periapt","Frozen Egg 2","Akabeko","Bottled Tornado","Pear","Boot"],"acts_visited":["Exordium","TheCity","TheBeyond","TheEnding"],"potions_floor_usage":[35,50,55,55,55],"damage_taken":[{"damage":3.0,"enemies":"Small Slimes","floor":1.0,"turns":3.0},{"damage":0.0,"enemies":"Cultist","floor":2.0,"turns":4.0},{"damage":3.0,"enemies":"2 Louse","floor":4.0,"turns":3.0},{"damage":4.0,"enemies":"Exordium Thugs","floor":5.0,"turns":6.0},{"damage":0.0,"enemies":"2 Fungi Beasts","floor":7.0,"turns":6.0},{"damage":7.0,"enemies":"Lagavulin","floor":13.0,"turns":10.0},{"damage":6.0,"enemies":"Large Slime","floor":14.0,"turns":5.0},{"damage":6.0,"enemies":"The Guardian","floor":16.0,"turns":18.0},{"damage":17.0,"enemies":"3 Byrds","floor":18.0,"turns":4.0},{"damage":0.0,"enemies":"Shell Parasite","floor":20.0,"turns":13.0},{"damage":12.0,"enemies":"Gremlin Leader","floor":23.0,"turns":7.0},{"damage":9.0,"enemies":"Centurion and Healer","floor":25.0,"turns":10.0},{"damage":19.0,"enemies":"Book of Stabbing","floor":28.0,"turns":7.0},{"damage":14.0,"enemies":"3 Cultists","floor":30.0,"turns":6.0},{"damage":37.0,"enemies":"Gremlin Leader","floor":31.0,"turns":13.0},{"damage":12.0,"enemies":"Automaton","floor":33.0,"turns":8.0},{"damage":0,"enemies":"3 Darklings","floor":35,"turns":1},{"damage":9,"enemies":"Orb Walker","floor":38,"turns":4},{"damage":7,"enemies":"Transient","floor":39,"turns":5},{"damage":3,"enemies":"Sphere and 2 Shapes","floor":42,"turns":6},{"damage":5,"enemies":"Nemesis","floor":45,"turns":7},{"damage":9,"enemies":"Jaw Worm Horde","floor":46,"turns":4},{"damage":15,"enemies":"Transient","floor":48,"turns":5},{"damage":61,"enemies":"Awakened One","floor":50,"turns":14},{"damage":16,"enemies":"Shield and Spear","floor":54,"turns":5},{"damage":71,"enemies":"The Heart","floor":55,"turns":14}],"seed_played":"8061337942721856718","potions_obtained":[{"floor":2.0,"key":"DistilledChaos"},{"floor":16.0,"key":"FairyPotion"},{"floor":17.0,"key":"ColorlessPotion"},{"floor":33.0,"key":"Dexterity Potion"},{"floor":37,"key":"EssenceOfDarkness"},{"floor":48,"key":"Energy Potion"},{"floor":54,"key":"EntropicBrew"}],"is_trial":false,"path_per_floor":["M","M","?","M","M","$","M","$","T","?","R","$","E","M","R","B",null,"M","$","M","?","?","E","R","M","T","?","E","T","M","E","R","B",null,"M","$","?","M","M","R","?","M","T","R","E","M","T","M","R","B",null,"R","$","E","B",null],"character_chosen":"DEFECT","items_purchased":["Gash","Self Repair","OrangePellets","Leap","Coolheaded","Fusion","Membership Card","Fission","Capacitor","Orrery","Tiny Chest","SmokeBomb","TungstenRod","Strange Spoon","Bottled Tornado","Pear"],"campfire_rested":1,"item_purchase_floors":[0,0,0,0,0,6,8,8,8,12,19,19,36,36,53,53],"current_hp_per_floor":[47,54,54,58,61,61,68,68,68,50,50,50,50,51,51,52,80,70,70,77,77,77,72,72,77,77,77,72,72,65,35,59,54,80,80,80,80,71,78,78,78,80,80,80,80,78,78,70,70,23,80,80,90,74,17],"gold":40,"neow_bonus":"","is_daily":false,"chose_seed":false,"campfire_upgraded":7,"win_rate":0.0,"timestamp":1612227753,"path_taken":["M","M","?","M","?","$","M","$","T","?","R","?","E","M","R","BOSS","M","$","M","?","?","E","R","M","T","?","E","?","M","E","R","BOSS","M","$","?","?","M","R","?","M","T","R","E","M","?","M","R","BOSS","R","$","E","BOSS"],"items_purchased_type":["Card","Card","Relic","Card","Card","Card","Relic","Card","Card","Relic","Relic","Potion","Relic","Relic","Relic","Relic"],"build_version":"2020-12-22","purchased_purges":4,"victory":true,"max_hp_per_floor":[75,75,75,75,75,75,75,75,75,75,75,75,75,75,75,75,80,80,80,80,80,80,80,80,80,80,80,80,80,80,80,80,80,80,80,80,80,80,80,80,80,80,80,80,80,80,80,80,80,80,80,80,90,90,90],"relic_stats":{"Darkstone Periapt":0,"counters":[146,924],"Golden Idol":194,"Smiling Mask":25,"Boot":[0],"Cables":[321,131,141,14,35],"OrangePellets":[58],"Strange Spoon":[8],"Emotion Chip":[126,49,56,12,9],"Dream Catcher":1,"Prayer Wheel":10,"Tiny Chest":2,"Art of War":[43],"obtain_stats":[{"Ice Cream":0,"Tiny House":17,"Calipers":23,"CeramicFish":26,"Vajra":39,"Runic Capacitor":0,"Whetstone":9,"Bottled Tornado":53,"Boot":44,"Old Coin":38,"FrozenCore":17,"Sozu":34,"Lizard Tail":0,"HornCleat":42,"DollysMirror":45,"Strawberry":8,"Prayer Wheel":13,"Kunai":0,"Toxic Egg 2":37,"Pear":37,"Happy Flower":45,"Blue Candle":43,"War Paint":54,"Question Card":9,"Akabeko":47,"Cables":0,"Du-Vu Doll":40,"OrangePellets":0,"Bronze Scales":0,"Black Star":34,"Symbiotic Virus":26,"StrikeDummy":47,"Darkstone Periapt":41,"Regal Pillow":47,"Lantern":54,"SacredBark":34,"Mango":0,"Smiling Mask":27,"ClockworkSouvenir":0,"Emotion Chip":0,"Dream Catcher":29,"Matryoshka":9,"Mummified Hand":25,"Gambling Chip":0,"Tiny Chest":20,"Chemical X":0,"Cracked Core":0,"Potion Belt":43,"Inserter":34,"Golden Idol":3,"PreservedInsect":40,"Omamori":43,"Frozen Egg 2":39,"Orichalcum":20,"White Beast Statue":54,"Mercury Hourglass":9,"Nuclear Battery":17,"Peace Pipe":9,"Strange Spoon":36,"CaptainsWheel":11,"Orrery":12,"Bag of Marbles":47,"Art of War":28,"Membership Card":8,"TungstenRod":54,"Toy Ornithopter":26},{"Ice Cream":66,"Tiny House":38,"Calipers":41,"CeramicFish":53,"Vajra":86,"Runic Capacitor":0,"Whetstone":72,"Bottled Tornado":144,"Boot":88,"Old Coin":59,"FrozenCore":100,"Sozu":108,"Lizard Tail":66,"HornCleat":22,"DollysMirror":88,"Strawberry":45,"Prayer Wheel":126,"Kunai":30,"Toxic Egg 2":109,"Pear":109,"Happy Flower":24,"Blue Candle":22,"War Paint":29,"Question Card":34,"Akabeko":142,"Cables":66,"Du-Vu Doll":111,"OrangePellets":66,"Bronze Scales":30,"Black Star":84,"Symbiotic Virus":13,"StrikeDummy":26,"Darkstone Periapt":87,"Regal Pillow":90,"Lantern":119,"SacredBark":136,"Mango":30,"Smiling Mask":132,"ClockworkSouvenir":94,"Emotion Chip":120,"Dream Catcher":133,"Matryoshka":99,"Mummified Hand":13,"Gambling Chip":30,"Tiny Chest":78,"Chemical X":30,"Cracked Core":0,"Potion Belt":87,"Inserter":15,"Golden Idol":31,"PreservedInsect":20,"Omamori":59,"Frozen Egg 2":59,"Orichalcum":102,"White Beast Statue":93,"Mercury Hourglass":5,"Nuclear Battery":49,"Peace Pipe":45,"Strange Spoon":137,"CaptainsWheel":6,"Orrery":125,"Bag of Marbles":90,"Art of War":133,"Membership Card":125,"TungstenRod":65,"Toy Ornithopter":81},{"Ice Cream":367,"Tiny House":167,"Calipers":179,"CeramicFish":245,"Vajra":473,"Runic Capacitor":0,"Whetstone":385,"Bottled Tornado":905,"Boot":491,"Old Coin":298,"FrozenCore":564,"Sozu":629,"Lizard Tail":367,"HornCleat":90,"DollysMirror":491,"Strawberry":191,"Prayer Wheel":768,"Kunai":131,"Toxic Egg 2":637,"Pear":637,"Happy Flower":96,"Blue Candle":90,"War Paint":121,"Question Card":145,"Akabeko":886,"Cables":367,"Du-Vu Doll":657,"OrangePellets":367,"Bronze Scales":131,"Black Star":464,"Symbiotic Virus":49,"StrikeDummy":105,"Darkstone Periapt":482,"Regal Pillow":504,"Lantern":722,"SacredBark":859,"Mango":131,"Smiling Mask":825,"ClockworkSouvenir":536,"Emotion Chip":736,"Dream Catcher":832,"Matryoshka":555,"Mummified Hand":49,"Gambling Chip":131,"Tiny Chest":418,"Chemical X":131,"Cracked Core":0,"Potion Belt":482,"Inserter":60,"Golden Idol":133,"PreservedInsect":82,"Omamori":298,"Frozen Egg 2":298,"Orichalcum":574,"White Beast Statue":527,"Mercury Hourglass":15,"Nuclear Battery":225,"Peace Pipe":191,"Strange Spoon":860,"CaptainsWheel":19,"Orrery":758,"Bag of Marbles":504,"Art of War":832,"Membership Card":758,"TungstenRod":359,"Toy Ornithopter":442}],"TungstenRod":53},"card_choices":[{"not_picked":["Rebound","Streamline"],"picked":"Glacier","floor":1.0},{"not_picked":["Turbo","Sweeping Beam","Consume"],"picked":"SKIP","floor":2.0},{"not_picked":["Barrage","Steam","Auto Shields"],"picked":"SKIP","floor":4.0},{"not_picked":["Fusion","Double Energy"],"picked":"Capacitor","floor":5.0},{"not_picked":["Rebound","Hello World","Skim"],"picked":"SKIP","floor":7.0},{"not_picked":["Thunder Strike","Gash"],"picked":"Defragment","floor":12.0},{"not_picked":["Heatsinks","FTL","Redo"],"picked":"SKIP","floor":13.0},{"not_picked":["Barrage","FTL","Steam"],"picked":"SKIP","floor":14.0},{"not_picked":["Coolheaded","Compile Driver","Barrage"],"picked":"SKIP","floor":14.0},{"not_picked":["Thunder Strike","Hyperbeam"],"picked":"Creative AI","floor":16.0},{"not_picked":["Redo","Beam Cell"],"picked":"Loop","floor":17.0},{"not_picked":["Beam Cell","Barrage"],"picked":"Coolheaded","floor":18.0},{"not_picked":["Rip and Tear+1","Steam+1","Aggregate+1"],"picked":"SKIP","floor":18.0},{"not_picked":["Leap","Lockon"],"picked":"Loop","floor":20.0},{"not_picked":["FTL","Storm+1","Glacier"],"picked":"SKIP","floor":20.0},{"not_picked":["Streamline+1","Loop","Hologram"],"picked":"SKIP","floor":23.0},{"not_picked":["Hologram","Heatsinks"],"picked":"Echo Form","floor":25.0},{"not_picked":["Go for the Eyes","Lockon","Hologram"],"picked":"SKIP","floor":25.0},{"not_picked":["Chaos","Leap","Gash"],"picked":"SKIP","floor":28.0},{"not_picked":["Barrage+1","Leap","Static Discharge"],"picked":"SKIP","floor":30.0},{"not_picked":["Gash","Go for the Eyes+1","Sunder"],"picked":"SKIP","floor":30.0},{"not_picked":["Consume+1","Skim","Sunder"],"picked":"SKIP","floor":31.0},{"not_picked":["Hyperbeam","Multi-Cast"],"picked":"Echo Form","floor":33.0},{"not_picked":["Hello World","Rip and Tear","Coolheaded+1"],"picked":"SKIP","floor":38},{"not_picked":["Ball Lightning","Sweeping Beam+1","Undo"],"picked":"SKIP","floor":38},{"not_picked":["Gash+1","Turbo","Leap"],"picked":"SKIP","floor":39},{"not_picked":["Steam","Redo+1","BootSequence+1"],"picked":"SKIP","floor":39},{"not_picked":["Sweeping Beam+1","Heatsinks","Hologram"],"picked":"SKIP","floor":42},{"not_picked":["White Noise+1","Heatsinks+1","Redo+1"],"picked":"SKIP","floor":42},{"not_picked":["Turbo","Lockon+1"],"picked":"Electrodynamics+1","floor":45},{"not_picked":["Double Energy+1","Chill","Chaos"],"picked":"SKIP","floor":46},{"not_picked":["Sunder","Conserve Battery","Barrage+1"],"picked":"SKIP","floor":46},{"not_picked":["Beam Cell+1","BootSequence"],"picked":"Defragment+1","floor":48},{"not_picked":["Blizzard","Redo","Scrape+1"],"picked":"SKIP","floor":48},{"not_picked":["Steam","Creative AI+1"],"picked":"BootSequence","floor":54}],"player_experience":774745,"relics_obtained":[{"floor":9.0,"key":"Symbiotic Virus"},{"floor":13.0,"key":"Prayer Wheel"},{"floor":23.0,"key":"Lantern"},{"floor":26.0,"key":"Cables"},{"floor":28.0,"key":"Art of War"},{"floor":29.0,"key":"Dream Catcher"},{"floor":31.0,"key":"HornCleat"},{"floor":43,"key":"Darkstone Periapt"},{"floor":45,"key":"Frozen Egg 2"},{"floor":47,"key":"Akabeko"},{"floor":54,"key":"Boot"}],"event_choices":[{"damage_healed":0.0,"max_hp_gain":0.0,"max_hp_loss":0.0,"gold_gain":275.0,"event_name":"Golden Shrine","player_choice":"Desecrate","floor":3.0,"gold_loss":0.0,"damage_taken":0.0,"cards_obtained":["Regret"]},{"damage_healed":0.0,"max_hp_gain":0.0,"max_hp_loss":0.0,"gold_gain":0.0,"event_name":"Golden Idol","player_choice":"Take Damage","floor":10.0,"gold_loss":0.0,"damage_taken":18.0,"relics_obtained":["Golden Idol"]},{"damage_healed":0.0,"max_hp_gain":0.0,"max_hp_loss":0.0,"gold_gain":0.0,"event_name":"Vampires","player_choice":"Ignored","floor":21.0,"gold_loss":0.0,"damage_taken":0.0},{"damage_healed":0.0,"max_hp_gain":0.0,"max_hp_loss":0.0,"gold_gain":0.0,"event_name":"Back to Basics","player_choice":"Simplicity","floor":22.0,"gold_loss":0.0,"damage_taken":0.0,"cards_upgraded":["Strike_B","Strike_B","Defend_B","Defend_B","Defend_B","Defend_B"]},{"damage_healed":0.0,"max_hp_gain":0.0,"max_hp_loss":0.0,"gold_gain":0.0,"event_name":"Addict","player_choice":"Obtained Relic","floor":27.0,"gold_loss":85.0,"damage_taken":0.0,"relics_obtained":["Smiling Mask"]},{"damage_healed":0,"gold_gain":0,"player_choice":"Got Potions","damage_taken":0,"max_hp_gain":0,"max_hp_loss":0,"event_name":"Lab","floor":37,"gold_loss":0},{"damage_healed":0,"gold_gain":0,"cards_transformed":["Strike_B"],"player_choice":"Transformed","damage_taken":0,"max_hp_gain":0,"max_hp_loss":0,"event_name":"Transmorgrifier","floor":41,"gold_loss":0,"cards_obtained":["Meteor Strike"]}],"is_beta":false,"boss_relics":[{"not_picked":["Fusion Hammer","Velvet Choker"],"picked":"Tiny House"},{"not_picked":["Cursed Key","Pandora\u0027s Box"],"picked":"SacredBark"}],"items_purged_floors":[0,6,19,36],"is_endless":false,"potions_floor_spawned":[2,16,20,31,33,35,39,42,45,48,54],"ascension_level":0}}