{"host":"Sylvester","time":1612287729,"event":{"mods":["BaseMod","Filter the Spire","Lobotomy","Minty Spire (QoL Compilation)","Replay The Spire","StSLib"],"gold_per_floor":[116,126,126,146,94,123,123,143,169,194,194,227,227,227,227,323,323,343,343,268,287,316,341,341,341,416,416,433,461,461,461,461],"floor_reached":31,"language":"ENG","playtime":1211,"items_purged":[],"score":330,"play_id":"66e039a0-9553-4cc5-bfee-5393927c6319","local_time":"20210202094209","is_ascension_mode":true,"campfire_choices":[{"data":"ParadiseLost","floor":27,"key":"SMITH"},{"data":"ParadiseLost+1","floor":30,"key":"SMITH"}],"circlet_count":0,"master_deck":["SpecialBullet","SpecialBullet","SpecialBullet","SpecialBullet","SpecialBullet","SpecialBullet","SpecialBullet","InformationCode","CentralCode","DisciplinaryCode","GreenStem+1","MagicBullet","WristCuter+1","CherryBlossom+1","ParadiseLost+2","ScreamingWedge","Regret_ego","FourthMatchFlame","Parasite","Sickly","Regret_ego"],"relics":["Snecko Eye","Replay:Rubber Ducky","Vajra","Bottled Tornado","Cursed Key","MutagenicStrength","Red Mask","Dream Catcher","Blue Doll","Blue Candle","MealTicket"],"acts_visited":["Exordium","TheCity"],"potions_floor_usage":[23],"damage_taken":[{"damage":6.0,"enemies":"Cultist","floor":1.0,"turns":3.0},{"damage":1.0,"enemies":"Small Slimes","floor":2.0,"turns":2.0},{"damage":0.0,"enemies":"2 Louse","floor":4.0,"turns":2.0},{"damage":12.0,"enemies":"Lagavulin","floor":6.0,"turns":5.0},{"damage":3.0,"enemies":"2 Fungi Beasts","floor":8.0,"turns":2.0},{"damage":6.0,"enemies":"Gremlin Nob","floor":10.0,"turns":3.0},{"damage":0.0,"enemies":"Lagavulin","floor":12.0,"turns":7.0},{"damage":18,"enemies":"Hexaghost","floor":16,"turns":8},{"damage":0,"enemies":"Spheric Guardian","floor":18,"turns":3},{"damage":1,"enemies":"Chosen","floor":21,"turns":4},{"damage":0,"enemies":"Masked Bandits","floor":22,"turns":2},{"damage":35,"enemies":"Book of Stabbing","floor":23,"turns":5},{"damage":1,"enemies":"Snake Plant","floor":28,"turns":3},{"damage":3,"enemies":"Gremlin Leader","floor":29,"turns":5},{"damage":33,"enemies":"Shelled Parasite and Fungi","floor":31,"turns":2}],"seed_played":"-963420432007973599","potions_obtained":[{"floor":2.0,"key":"Explosive Potion"},{"floor":4.0,"key":"Languid Potion"},{"floor":6.0,"key":"Swift Potion"},{"floor":18,"key":"Adrenaline Potion"},{"floor":23,"key":"GamblersBrew"}],"is_trial":false,"path_per_floor":["M","M","?","M","$","E","R","M","T","E","R","E","?","?","R","B",null,"M","?","$","M","?","E","R","?","T","R","M","E","R","M"],"character_chosen":"Angela","items_purchased":["WristCuter","Regret_ego","FourthMatchFlame"],"campfire_rested":0,"item_purchase_floors":[5,20,20],"current_hp_per_floor":[64,63,63,63,63,51,51,48,48,42,42,42,42,28,28,10,70,70,70,70,69,69,34,34,34,34,34,33,30,30,0,0],"gold":461,"neow_bonus":"BOSS_RELIC","is_daily":false,"chose_seed":false,"campfire_upgraded":2,"win_rate":0.0,"timestamp":1612287729,"path_taken":["M","?","?","M","$","E","R","M","T","E","R","E","?","?","R","BOSS","M","?","$","M","?","E","R","?","T","R","M","E","R","M"],"items_purchased_type":["Card","Card","Card"],"build_version":"2020-11-17","purchased_purges":0,"victory":false,"max_hp_per_floor":[70,70,70,70,70,70,70,70,70,70,70,70,70,70,70,70,70,70,70,70,70,70,70,70,70,70,70,70,70,70,70,70],"card_choices":[{"not_picked":["Pleasure"],"picked":"GreenStem","floor":1.0},{"not_picked":["Reverberation"],"picked":"Diffraction","floor":2.0},{"not_picked":["Loneliness","GreenStem"],"picked":"SKIP","floor":4.0},{"not_picked":["CherryBlossom","Tough"],"picked":"SKIP","floor":6.0},{"not_picked":["Penitence","CherryBlossom"],"picked":"SKIP","floor":8.0},{"not_picked":["WristCuter","Penitence"],"picked":"SKIP","floor":10.0},{"not_picked":["Tough","Spore"],"picked":"SKIP","floor":12.0},{"not_picked":["DaCapo"],"picked":"ParadiseLost","floor":16},{"not_picked":["Lamp"],"picked":"ScreamingWedge","floor":18},{"not_picked":["Penitence","Gaze"],"picked":"SKIP","floor":21},{"not_picked":["Noise+1","BlueScar"],"picked":"SKIP","floor":23},{"not_picked":["Wingbeat+1"],"picked":"Regret_ego","floor":28},{"not_picked":["SwordSharpenedByTears","Spore"],"picked":"SKIP","floor":29}],"player_experience":196217,"relics_obtained":[{"floor":6.0,"key":"Replay:Rubber Ducky"},{"floor":10.0,"key":"Vajra"},{"floor":12.0,"key":"Bottled Tornado"},{"floor":22,"key":"Red Mask"},{"floor":23,"key":"Dream Catcher"},{"floor":26,"key":"Blue Candle"},{"floor":29,"key":"MealTicket"}],"event_choices":[{"damage_healed":0.0,"max_hp_gain":0.0,"max_hp_loss":0.0,"gold_gain":0.0,"cards_transformed":["Diffraction"],"event_name":"Living Wall","player_choice":"Change","floor":3.0,"gold_loss":0.0,"damage_taken":0.0,"cards_obtained":["MagicBullet"]},{"damage_healed":0,"gold_gain":0,"player_choice":"Entered Light","damage_taken":14,"max_hp_gain":0,"max_hp_loss":0,"event_name":"Shining Light","floor":14,"gold_loss":0,"cards_upgraded":["GreenStem","WristCuter"]},{"damage_healed":0,"gold_gain":0,"player_choice":"Inject Mutagens","damage_taken":0,"relics_obtained":["MutagenicStrength"],"max_hp_gain":0,"max_hp_loss":0,"event_name":"Drug Dealer","floor":19,"gold_loss":0},{"damage_healed":0,"gold_gain":0,"player_choice":"Fought Bandits","damage_taken":0,"max_hp_gain":0,"max_hp_loss":0,"event_name":"Masked Bandits","floor":22,"gold_loss":0}],"is_beta":true,"boss_relics":[{"not_picked":["Ring of Chaos","Empty Cage"],"picked":"Cursed Key"}],"items_purged_floors":[],"is_endless":false,"potions_floor_spawned":[2,4,6,10,18,23],"killed_by":"Shelled Parasite and Fungi","ascension_level":1}}