{"host":"n43wxkei7kulhi8o","time":1612293740,"event":{"mods":["AchievementEnabler","BaseMod","Bestiary","Block Reminder","Colored Map","Colored Powertips","Curses Come First","Custom Start","Dark Map","Highlight Path","Minty Spire (QoL Compilation)","Quick Restart","Relic Stats","StSLib"],"gold_per_floor":[111,30,46,46,61,61,77,87,87,106,123,141,156,167,167,268,268,282,282,282,282],"floor_reached":20,"language":"ENG","playtime":745,"items_purged":[],"score":247,"play_id":"b7478c78-6d20-49de-b4b0-732ee3b5b2f9","local_time":"20210202142220","is_ascension_mode":false,"campfire_choices":[{"floor":6,"key":"REST"},{"floor":15,"key":"REST"}],"circlet_count":0,"master_deck":["Defend_B","Defend_B","Defend_B","Defend_B","Zap","Dualcast","Cold Snap","Capacitor","Conserve Battery","Ball Lightning","Barrage","Machine Learning","White Noise","Ball Lightning","Multi-Cast","White Noise+1","Bite","Bite","Bite","Bite","Bite"],"relics":["Fusion Hammer","Bottled Tornado","Runic Pyramid"],"acts_visited":["Exordium","TheCity"],"potions_floor_usage":[20],"damage_taken":[{"damage":0,"enemies":"Cultist","floor":1,"turns":4},{"damage":0,"enemies":"Small Slimes","floor":3,"turns":4},{"damage":12,"enemies":"Jaw Worm","floor":5,"turns":4},{"damage":0,"enemies":"Exordium Wildlife","floor":7,"turns":3},{"damage":2,"enemies":"2 Fungi Beasts","floor":8,"turns":4},{"damage":12,"enemies":"Large Slime","floor":10,"turns":4},{"damage":4,"enemies":"Blue Slaver","floor":11,"turns":4},{"damage":11,"enemies":"Red Slaver","floor":12,"turns":4},{"damage":9,"enemies":"Large Slime","floor":13,"turns":4},{"damage":22,"enemies":"Exordium Wildlife","floor":14,"turns":3},{"damage":0,"enemies":"Slime Boss","floor":16,"turns":7},{"damage":14,"enemies":"Spheric Guardian","floor":18,"turns":5},{"damage":62,"enemies":"Masked Bandits","floor":20,"turns":4}],"seed_played":"3154188179939202464","potions_obtained":[{"floor":5,"key":"SpeedPotion"},{"floor":7,"key":"EssenceOfSteel"},{"floor":10,"key":"GamblersBrew"},{"floor":16,"key":"FocusPotion"},{"floor":18,"key":"DistilledChaos"}],"is_trial":false,"path_per_floor":["M","$","M","$","M","R","M","M","T","M","M","M","M","M","R","B",null,"M","?","?"],"character_chosen":"DEFECT","items_purchased":["Capacitor","Conserve Battery"],"campfire_rested":2,"item_purchase_floors":[2,2],"current_hp_per_floor":[75,75,75,75,63,75,75,73,73,61,57,46,37,15,37,37,75,61,52,0,0],"gold":282,"neow_bonus":"BOSS_RELIC","is_daily":false,"chose_seed":false,"campfire_upgraded":0,"win_rate":0.0,"timestamp":1612293740,"path_taken":["M","?","?","$","M","R","?","M","T","M","M","M","M","M","R","BOSS","M","?","?"],"items_purchased_type":["Card","Card"],"build_version":"2020-12-22","purchased_purges":0,"victory":false,"max_hp_per_floor":[75,75,75,75,75,75,75,75,75,75,75,75,75,75,75,75,75,75,52,52,52],"relic_stats":{"counters":[13,54],"obtain_stats":[{"Fusion Hammer":0,"Bottled Tornado":9,"Cracked Core":0,"Runic Pyramid":17},{"Fusion Hammer":0,"Bottled Tornado":5,"Cracked Core":0,"Runic Pyramid":11},{"Fusion Hammer":0,"Bottled Tornado":19,"Cracked Core":0,"Runic Pyramid":45}]},"card_choices":[{"not_picked":["Steam","Barrage"],"picked":"Cold Snap","floor":1},{"not_picked":["Steam Power","Gash","Compile Driver"],"picked":"SKIP","floor":3},{"not_picked":["Undo","Leap"],"picked":"Ball Lightning","floor":5},{"not_picked":["Rebound","Reprogram"],"picked":"Barrage","floor":7},{"not_picked":["Gash","Chaos"],"picked":"Machine Learning","floor":8},{"not_picked":["Barrage","Genetic Algorithm"],"picked":"White Noise","floor":10},{"not_picked":["Skim","Gash","Rip and Tear"],"picked":"SKIP","floor":11},{"not_picked":["Rebound","Heatsinks"],"picked":"Ball Lightning","floor":12},{"not_picked":["Recycle","Conserve Battery","Self Repair"],"picked":"SKIP","floor":13},{"not_picked":["Steam Power","Static Discharge"],"picked":"Multi-Cast","floor":14},{"not_picked":["Rebound","Doom and Gloom"],"picked":"White Noise+1","floor":18}],"player_experience":668611,"relics_obtained":[{"floor":9,"key":"Bottled Tornado"}],"event_choices":[{"damage_healed":0,"gold_gain":0,"player_choice":"Became a vampire","damage_taken":0,"max_hp_gain":0,"max_hp_loss":23,"event_name":"Vampires","floor":19,"gold_loss":0,"cards_obtained":["Bite","Bite","Bite","Bite","Bite"]},{"damage_healed":0,"gold_gain":0,"player_choice":"Fought Bandits","damage_taken":0,"max_hp_gain":0,"max_hp_loss":0,"event_name":"Masked Bandits","floor":20,"gold_loss":0}],"is_beta":false,"boss_relics":[{"not_picked":["Tiny House","Black Star"],"picked":"Runic Pyramid"}],"items_purged_floors":[],"is_endless":false,"potions_floor_spawned":[5,7,10,14,16,18],"killed_by":"Masked Bandits","ascension_level":0}}