{"host":"su878r6uzygfa166","time":1612233077,"event":{"mods":["BaseMod","MarisaÅiñ∂âJÅ@ñÇóùçπÅj","Minty Spire (QoL Compilation)","StSLib"],"gold_per_floor":[117,128,148,148,160,160,191,191,236,236,261,261,108,127,127,127,127],"floor_reached":16,"language":"ZHS","playtime":365,"items_purged":["Strike_MRS"],"score":175,"play_id":"4de378fc-07a0-48a4-9043-36f70df49f66","local_time":"20210202103117","is_ascension_mode":true,"campfire_choices":[{"data":"TreasureHunter","floor":6.0,"key":"SMITH"},{"floor":8.0,"key":"REST"},{"data":"ShootTheMoon","floor":10.0,"key":"SMITH"},{"data":"EscapeVelocity","floor":15.0,"key":"SMITH"}],"circlet_count":0,"master_deck":["AscendersBane","Strike_MRS","Strike_MRS","Strike_MRS","Defend_MRS","Defend_MRS","Defend_MRS","Defend_MRS","MasterSpark","UpSweep","GrandCross","Acceleration","ShootTheMoon+1","MilkyWay","TreasureHunter+1","PulseMagic","EscapeVelocity+1","EarthLightRay"],"relics":["MiniHakkero","Omamori","Lantern","Blood Vial","Potion Belt"],"acts_visited":["Exordium"],"potions_floor_usage":[16],"damage_taken":[{"damage":2.0,"enemies":"Jaw Worm","floor":1.0,"turns":3.0},{"damage":0.0,"enemies":"Cultist","floor":2.0,"turns":3.0},{"damage":6.0,"enemies":"2 Louse","floor":3.0,"turns":2.0},{"damage":0.0,"enemies":"Large Slime","floor":5.0,"turns":3.0},{"damage":44.0,"enemies":"Lagavulin","floor":7.0,"turns":10.0},{"damage":0.0,"enemies":"Blue Slaver","floor":14.0,"turns":1.0},{"damage":4,"enemies":"Slime Boss","floor":16,"turns":5}],"seed_played":"-445605366223748061","potions_obtained":[{"floor":5.0,"key":"GamblersBrew"},{"floor":7.0,"key":"AttackPotion"}],"is_trial":false,"path_per_floor":["M","M","M","?","M","R","E","R","T","R","T","?","$","M","R","B"],"character_chosen":"MARISA","items_purchased":["EscapeVelocity"],"campfire_rested":1,"item_purchase_floors":[13],"current_hp_per_floor":[61,61,55,55,55,55,11,32,32,32,32,14,14,16,16,18,18],"gold":127,"neow_bonus":"THREE_CARDS","is_daily":false,"chose_seed":false,"campfire_upgraded":3,"win_rate":0.0,"timestamp":1612233077,"path_taken":["M","M","M","?","?","R","E","R","T","R","?","?","$","M","R","BOSS"],"items_purchased_type":["Card"],"build_version":"2020-12-22","purchased_purges":1,"victory":false,"max_hp_per_floor":[70,70,70,70,70,70,70,70,70,70,70,70,70,70,70,70,70],"card_choices":[{"not_picked":["RefractionSpark","UnstableBomb"],"picked":"GrandCross","floor":0.0},{"not_picked":["PowerUp","IllusionStar"],"picked":"Acceleration","floor":1.0},{"not_picked":["DoubleSpark","AsteroidBelt"],"picked":"ShootTheMoon","floor":2.0},{"not_picked":["BlazeAway","GravityBeat"],"picked":"MilkyWay","floor":3.0},{"not_picked":["PulseMagic","SporeBomb","ShootingEcho"],"picked":"SKIP","floor":5.0},{"not_picked":["NonDirectionalLaser","WitchOfGreed","AlicesGift"],"picked":"SKIP","floor":7.0},{"not_picked":["AlicesGift","DC"],"picked":"EarthLightRay","floor":14.0}],"player_experience":382998,"relics_obtained":[{"floor":7.0,"key":"Omamori"},{"floor":7.0,"key":"Lantern"},{"floor":9.0,"key":"Blood Vial"}],"event_choices":[{"damage_healed":0.0,"max_hp_gain":0.0,"max_hp_loss":0.0,"gold_gain":0.0,"event_name":"Match and Keep!","player_choice":"2 cards matched","floor":4.0,"gold_loss":0.0,"damage_taken":0.0,"cards_obtained":["TreasureHunter","PulseMagic"]},{"damage_healed":0.0,"max_hp_gain":0.0,"max_hp_loss":0.0,"gold_gain":0.0,"event_name":"Scrap Ooze","player_choice":"Success","floor":12.0,"gold_loss":0.0,"damage_taken":18.0,"relics_obtained":["Potion Belt"]}],"is_beta":false,"boss_relics":[],"items_purged_floors":[13],"is_endless":false,"potions_floor_spawned":[5,7],"killed_by":"Slime Boss","ascension_level":15}}