{"host":"qlcznyjbdbexmcve","time":1612225797,"event":{"mods":["BaseMod","Minty Spire (QoL Compilation)","StSLib"],"gold_per_floor":[118,128,143,157,232,232,249,249,298,318,351,351,102,114,114,210,210,229,229,245,256,256,256,256],"floor_reached":23,"language":"ENG","playtime":1096,"items_purged":["Strike_R"],"score":263,"play_id":"29336257-100f-41a6-b696-323b6415521b","local_time":"20210202012957","is_ascension_mode":true,"campfire_choices":[{"data":"Searing Blow","floor":6,"key":"SMITH"},{"data":"Searing Blow+1","floor":8,"key":"SMITH"},{"data":"Searing Blow+2","floor":12,"key":"SMITH"},{"data":"Searing Blow+3","floor":15,"key":"SMITH"}],"circlet_count":0,"master_deck":["Strike_R+1","Strike_R+1","Strike_R+1","Defend_R+1","Defend_R+1","Defend_R+1","Defend_R+1","Bash","Immolate","Searing Blow+4","Shockwave","Demon Form","Headbutt","Spot Weakness","Limit Break","Pummel","Shrug It Off"],"relics":["Burning Blood","Centennial Puzzle","Sundial","Oddly Smooth Stone","Empty Cage"],"acts_visited":["Exordium","TheCity"],"potions_floor_usage":[11,16,16,16,18],"damage_taken":[{"damage":0,"enemies":"2 Louse","floor":1,"turns":1},{"damage":1,"enemies":"Cultist","floor":2,"turns":3},{"damage":0,"enemies":"Small Slimes","floor":3,"turns":2},{"damage":12,"enemies":"Looter","floor":4,"turns":3},{"damage":0,"enemies":"Exordium Wildlife","floor":7,"turns":1},{"damage":11,"enemies":"Large Slime","floor":10,"turns":5},{"damage":10,"enemies":"3 Sentries","floor":11,"turns":6},{"damage":4,"enemies":"Exordium Thugs","floor":14,"turns":4},{"damage":33,"enemies":"The Guardian","floor":16,"turns":7},{"damage":13,"enemies":"Shell Parasite","floor":18,"turns":3},{"damage":18,"enemies":"2 Thieves","floor":20,"turns":4},{"damage":26,"enemies":"3 Cultists","floor":21,"turns":4},{"damage":35,"enemies":"Gremlin Leader","floor":23,"turns":6}],"seed_played":"8711527257408679923","potions_obtained":[{"floor":1,"key":"Fruit Juice"},{"floor":2,"key":"Weak Potion"},{"floor":4,"key":"EssenceOfSteel"},{"floor":11,"key":"SkillPotion"},{"floor":14,"key":"Energy Potion"},{"floor":16,"key":"Energy Potion"},{"floor":18,"key":"Explosive Potion"}],"is_trial":false,"path_per_floor":["M","M","M","M","?","R","M","R","T","M","E","R","$","M","R","B",null,"M","T","M","M","?","E"],"character_chosen":"IRONCLAD","items_purchased":["Headbutt","Oddly Smooth Stone"],"campfire_rested":0,"item_purchase_floors":[13,13],"current_hp_per_floor":[72,72,72,66,59,59,65,65,65,60,61,61,61,63,63,36,67,60,60,48,28,28,0,0],"gold":256,"neow_bonus":"THREE_RARE_CARDS","is_daily":false,"chose_seed":false,"campfire_upgraded":4,"win_rate":0.0,"timestamp":1612225797,"path_taken":["M","M","M","M","?","R","M","R","T","M","E","R","$","M","R","BOSS","M","?","M","M","?","E"],"items_purchased_type":["Card","Relic"],"build_version":"2020-12-22","purchased_purges":1,"victory":false,"max_hp_per_floor":[72,72,72,72,72,72,72,72,72,72,77,77,77,77,77,77,77,77,77,77,77,77,77,77],"card_choices":[{"not_picked":["Corruption","Impervious"],"picked":"Immolate","floor":0},{"not_picked":["Sever Soul","Second Wind","Clothesline"],"picked":"SKIP","floor":1},{"not_picked":["Clash","Warcry","Sword Boomerang"],"picked":"SKIP","floor":2},{"not_picked":["Feel No Pain","Thunderclap"],"picked":"Searing Blow","floor":3},{"not_picked":["Searing Blow","Dropkick","Havoc"],"picked":"SKIP","floor":4},{"not_picked":["Rampage","Anger"],"picked":"Shockwave","floor":7},{"not_picked":["Bloodletting","Twin Strike"],"picked":"Clothesline","floor":10},{"not_picked":["Headbutt","Thunderclap"],"picked":"Demon Form","floor":11},{"not_picked":["Rage","Metallicize"],"picked":"Spot Weakness","floor":14},{"not_picked":["Feed","Brutality"],"picked":"Limit Break","floor":16},{"not_picked":["Perfected Strike","Reckless Charge","True Grit"],"picked":"SKIP","floor":18},{"not_picked":["Pommel Strike","Dropkick"],"picked":"Pummel","floor":20},{"not_picked":["Rage","Dual Wield"],"picked":"Shrug It Off","floor":21}],"player_experience":211421,"relics_obtained":[{"floor":9,"key":"Centennial Puzzle"},{"floor":11,"key":"Sundial"}],"event_choices":[{"damage_healed":0,"gold_gain":75,"player_choice":"Touch","damage_taken":7,"max_hp_gain":0,"max_hp_loss":0,"event_name":"FaceTrader","floor":5,"gold_loss":0},{"damage_healed":0,"gold_gain":0,"player_choice":"Simplicity","damage_taken":0,"max_hp_gain":0,"max_hp_loss":0,"event_name":"Back to Basics","floor":22,"gold_loss":0,"cards_upgraded":["Strike_R","Strike_R","Strike_R","Defend_R","Defend_R","Defend_R","Defend_R"]}],"is_beta":false,"boss_relics":[{"not_picked":["Busted Crown","Snecko Eye"],"picked":"Empty Cage"}],"items_purged_floors":[13],"is_endless":false,"potions_floor_spawned":[1,2,4,11,14,16,18],"killed_by":"Gremlin Leader","ascension_level":7}}