{"host":"17uu0q65fspg4e3h","time":1612269699,"event":{"mods":["Alarm Clock","BaseMod","Colored Map","Colored Powertips","Highlight Path","Minty Spire (QoL Compilation)","Quick Restart","Relic Stats","SOS（斯巴达之子）","Shop Mod","StSLib","The Administrix","The Runesmith","篝火指南"],"gold_per_floor":[117,192,138,138,153,186,186,214,214,214,232,247,247,247,247,247,247],"floor_reached":16,"language":"ZHS","playtime":410,"items_purged":[],"score":166,"play_id":"77a74082-18f7-40d2-8325-fb3f4972bb79","local_time":"20210202204139","is_ascension_mode":true,"campfire_choices":[{"floor":7,"key":"REST"},{"floor":13,"key":"REST"},{"floor":15,"key":"REST"}],"circlet_count":0,"master_deck":["Strike_B","Strike_B","Strike_B","Defend_B","Defend_B","Defend_B","Defend_B","Zap","Dualcast","Beam Cell","Gash","Leap","Redo","Hologram","Regret","Go for the Eyes+1","Streamline+1"],"relics":["Cracked Core","NeowsBlessing","Ancient Tea Set","Question Card","Mummified Hand","Molten Egg 2","Golden Idol"],"acts_visited":["Exordium"],"potions_floor_usage":[11,16],"damage_taken":[{"damage":0,"enemies":"Jaw Worm","floor":1,"turns":1},{"damage":0,"enemies":"Small Slimes","floor":5,"turns":1},{"damage":0,"enemies":"3 Sentries","floor":6,"turns":1},{"damage":40,"enemies":"Gremlin Nob","floor":8,"turns":5},{"damage":0,"enemies":"Cultist","floor":11,"turns":2},{"damage":7,"enemies":"Blue Slaver","floor":12,"turns":3},{"damage":61,"enemies":"Slime Boss","floor":16,"turns":6}],"seed_played":"-1993689129561377790","potions_obtained":[{"floor":8,"key":"Fire Potion"},{"floor":12,"key":"PowerPotion"}],"is_trial":false,"path_per_floor":["M","?","$","?","M","E","R","E","T","?","M","M","R","?","R","B"],"character_chosen":"DEFECT","items_purchased":["Gash"],"campfire_rested":3,"item_purchase_floors":[3],"current_hp_per_floor":[75,64,64,57,57,57,75,35,35,35,35,28,50,32,54,0,0],"gold":247,"neow_bonus":"THREE_ENEMY_KILL","is_daily":false,"chose_seed":false,"campfire_upgraded":0,"win_rate":0.0,"timestamp":1612269699,"path_taken":["M","?","$","?","M","E","R","E","T","?","?","M","R","?","R","BOSS"],"items_purchased_type":["Card"],"build_version":"2020-12-22","purchased_purges":0,"victory":false,"max_hp_per_floor":[75,75,75,75,75,75,75,75,75,75,75,75,75,75,75,75,75],"relic_stats":{"counters":[7,19],"Mummified Hand":[1],"Golden Idol":0,"Question Card":2,"obtain_stats":[{"NeowsBlessing":0,"Mummified Hand":9,"Golden Idol":14,"Molten Egg 2":10,"Cracked Core":0,"Ancient Tea Set":6,"Question Card":8},{"NeowsBlessing":0,"Mummified Hand":4,"Golden Idol":6,"Molten Egg 2":4,"Cracked Core":0,"Ancient Tea Set":3,"Question Card":4},{"NeowsBlessing":0,"Mummified Hand":8,"Golden Idol":13,"Molten Egg 2":8,"Cracked Core":0,"Ancient Tea Set":3,"Question Card":8}]},"card_choices":[{"not_picked":["Rebound","Coolheaded"],"picked":"Beam Cell","floor":1},{"not_picked":["Storm","Sweeping Beam"],"picked":"Leap","floor":5},{"not_picked":["Fission","Reinforced Body"],"picked":"Redo","floor":6},{"not_picked":["Steam","Redo"],"picked":"Hologram","floor":8},{"not_picked":["Compile Driver+1","Capacitor","Streamline+1"],"picked":"Go for the Eyes+1","floor":11},{"not_picked":["Steam Power","Leap","Coolheaded"],"picked":"Streamline+1","floor":12}],"player_experience":650170,"relics_obtained":[{"floor":6,"key":"Ancient Tea Set"},{"floor":8,"key":"Question Card"},{"floor":9,"key":"Mummified Hand"}],"event_choices":[{"damage_healed":0,"gold_gain":75,"player_choice":"Gather Gold","damage_taken":11,"max_hp_gain":0,"max_hp_loss":0,"event_name":"World of Goop","floor":2,"gold_loss":0},{"cards_removed":["Strike_B"],"damage_healed":0,"gold_gain":0,"player_choice":"Card Removal","damage_taken":7,"max_hp_gain":0,"max_hp_loss":0,"event_name":"Golden Wing","floor":4,"gold_loss":0},{"damage_healed":0,"gold_gain":0,"player_choice":"Box","damage_taken":0,"relics_obtained":["Molten Egg 2"],"max_hp_gain":0,"max_hp_loss":0,"event_name":"Big Fish","floor":10,"gold_loss":0,"cards_obtained":["Regret"]},{"damage_healed":0,"gold_gain":0,"player_choice":"Take Damage","damage_taken":18,"relics_obtained":["Golden Idol"],"max_hp_gain":0,"max_hp_loss":0,"event_name":"Golden Idol","floor":14,"gold_loss":0}],"is_beta":false,"boss_relics":[],"items_purged_floors":[],"is_endless":false,"potions_floor_spawned":[8,12],"killed_by":"Slime Boss","ascension_level":5}}