{"host":"sbes2ysx244eovb1","time":1612263689,"event":{"mods":["Act Like it!","Aspiration","BaseMod","BetterRewards","Colored Map","Colored Powertips","Hallownest","Hubris","KomeijiMod","Minty Spire (QoL Compilation)","Quick Restart","StSLib","SuperFastMode","The Bug Knight"],"gold_per_floor":[116,126,126,138,57,91,91,116,169,196,212,143,174,186,186,291,291,305,316,316,316,330,356,356,370,370,387,415,415,415,415,415,529,529,549,558,244,168,140,180,204,239,239,239,239,259,259,40,40,40,40,40,189,223,223],"floor_reached":56,"language":"ENG","playtime":2938,"items_purged":["Pride"],"score":1922,"play_id":"c86faf82-0fb0-41aa-b5a6-51550f554efa","local_time":"20210202180129","is_ascension_mode":true,"campfire_choices":[{"data":"HollowMod:SoulVessel","floor":15,"key":"SMITH"},{"data":"HollowMod:MothsMistake","floor":24,"key":"SMITH"},{"floor":32,"key":"DIG"},{"floor":47,"key":"DIG"},{"floor":49,"key":"DIG"},{"floor":52,"key":"DIG"}],"circlet_count":0,"master_deck":["HollowMod:NailStrikeStart","HollowMod:NailStrikeStart","HollowMod:NailStrikeStart","HollowMod:NailStrikeStart","HollowMod:QuickDashStart","HollowMod:QuickDashStart","HollowMod:QuickDashStart","HollowMod:QuickDashStart","HollowMod:FocusHealStart+1","HollowMod:PogoStrike","HollowMod:SoulVessel+1","HollowMod:MothsMistake+1","HollowMod:BaldurShell","HollowMod:BrokenVessel+1","HollowMod:SoulSplash+1","HollowMod:InfectedCysts+1","HollowMod:Grubsong+1","HollowMod:CoiledNail+1","HollowMod:CloakDash+1","HollowMod:CoiledNail+1","HollowMod:DashSlash+1","HollowMod:MothsMistake+1","HollowMod:SoulStrike+1","HollowMod:theNailsmith+1","HollowMod:PureVessel+1","HollowMod:TaintedHusks+1","HollowMod:BrokenVessel+1","HollowMod:MawleksShell+1","HollowMod:GoodIntentions+1","HollowMod:MothsMistake+1","HollowMod:InfectedCysts+1","HollowMod:HuntersJournal+1","HollowMod:SoulVessel+1","HollowMod:DoubleDash+1","HollowMod:SlysStrikes+1","HollowMod:MantisMark+1","Hallownest:skillKingdomsEdgeMap+1","HollowMod:SoulEater+1","HollowMod:VengefulSpirit+1","HollowMod:SharpenedNail+1","HollowMod:LifebloodCocoon+1","HollowMod:CloakDash+1","HollowMod:NewGlowingWomb+1","Chrysalis+1","HollowMod:TaintedHusks+1"],"relics":["HollowMod:KingsSoulRelic","Bird Faced Urn","HollowMod:LumaflyLanternRelic","Ornamental Fan","Shovel","TungstenRod","Shuriken","hubris:EmptyBottle","Molten Egg 2","Frozen Egg 2","Toxic Egg 2","Mummified Hand","hubris:SphereOfDissonance","Hallownest:DreamNailRelic","StrikeDummy","aspiration:VileToxins","ShirouKen","Juzu Bracelet","Boot","hubris:RunicObelisk","hubris:Towel","Regal Pillow","Mercury Hourglass","Lantern","Hallownest:WatcherSealRelic","CeramicFish","aspiration:StickyExplosives_weak","hubris:Metronome","aspiration:Lifesprig","Question Card","HollowMod:MantisClawRelic","hubris:Icosahedron","Lizard Tail","ClockworkSouvenir","aspiration:ChemicalBlood","HornCleat","aspiration:SneckoTail","hubris:PeanutButter","Medical Kit","aspiration:FetidBarrel"],"acts_visited":["Exordium","Hallownest:Greenpath","Hallownest:CityofTears","TheEnding"],"potions_floor_usage":[23,23,33,33,42,46,46,46,50,50,50,50,54,54,55,55,55,55,55,55,55,55,55,55,55,55,55,55],"damage_taken":[{"damage":14,"enemies":"Hallownest:2_Tiktiks_and_1_Crawlid","floor":1,"turns":4},{"damage":9,"enemies":"Hallownest:monsterHuskGuard","floor":2,"turns":4},{"damage":3,"enemies":"2_ Uuma","floor":4,"turns":4},{"damage":20,"enemies":"Hallownest:eliteCrystalGuardian","floor":6,"turns":4},{"damage":9,"enemies":"Hallownest:eliteMossKnight","floor":8,"turns":4},{"damage":0,"enemies":"Hallownest:eliteVengeflyKing","floor":10,"turns":4},{"damage":0,"enemies":"Hallownest:monsterMossCharger","floor":11,"turns":2},{"damage":0,"enemies":"Hallownest:eliteMossKnight","floor":13,"turns":2},{"damage":2,"enemies":"Hallownest:Guard_and_Warrior","floor":14,"turns":3},{"damage":0,"enemies":"Hallownest:BossBrokenVessel","floor":16,"turns":4},{"damage":0,"enemies":"Hallownest:Flukemon_and_Top","floor":18,"turns":4},{"damage":1,"enemies":"Hallownest:Guard_and_Sentry","floor":19,"turns":3},{"damage":1,"enemies":"Hallownest:monsterShrumalOgre","floor":22,"turns":4},{"damage":35,"enemies":"Hallownest:eliteWatcherKnight","floor":23,"turns":8},{"damage":5,"enemies":"Hallownest:Master_and_Novice","floor":25,"turns":3},{"damage":0,"enemies":"Hallownest:monsterMisterMushroom","floor":27,"turns":3},{"damage":12,"enemies":"Hallownest:eliteSoulWarrior","floor":28,"turns":3},{"damage":0,"enemies":"Hallownest:BossSoulMaster","floor":33,"turns":4},{"damage":35,"enemies":"Hallownest:2_Littles","floor":35,"turns":4},{"damage":48,"enemies":"Hallownest:eliteHiveKnight","floor":40,"turns":4},{"damage":17,"enemies":"Hallownest:Shield_Heavy","floor":41,"turns":3},{"damage":0,"enemies":"Hallownest:StalkingDevout","floor":42,"turns":3},{"damage":33,"enemies":"Hallownest:Xero_Hu_Marmu","floor":46,"turns":4},{"damage":48,"enemies":"Hallownest:BossGreyPrinceZote","floor":50,"turns":4},{"damage":20,"enemies":"Shield and Spear","floor":54,"turns":5},{"damage":100,"enemies":"The Heart","floor":55,"turns":6}],"seed_played":"-243923948064252953","potions_obtained":[{"floor":1,"key":"AttackPotion"},{"floor":4,"key":"Block Potion"},{"floor":10,"key":"ColorlessPotion"},{"floor":14,"key":"Weak Potion"},{"floor":33,"key":"Weak Potion"},{"floor":42,"key":"SteroidPotion"},{"floor":54,"key":"Swift Potion"},{"floor":55,"key":"DistilledChaos"},{"floor":55,"key":"EssenceOfSteel"}],"is_trial":false,"path_per_floor":["M","M","?","M","$","E","?","E","T","E","M","$","E","M","R","B",null,"M","M","?","?","M","E","R","M","T","M","E","?","?","?","R","B",null,"M","?","$","?","$","E","M","E","T","?","?","M","R","$","R","B",null,"R","$","E","B",null],"character_chosen":"THE_BUGKNIGHT","items_purchased":["HollowMod:LumaflyLanternRelic","HollowMod:SoulVessel","Ornamental Fan","HollowMod:MothsMistake","Shuriken","hubris:EmptyBottle","HollowMod:BaldurShell","HollowMod:Grubsong+1","HollowMod:MothsMistake+1","aspiration:StickyExplosives_weak","hubris:Metronome","HollowMod:SoulEater+1","ClockworkSouvenir","HollowMod:NewGlowingWomb+1","aspiration:SneckoTail","hubris:PeanutButter","Medical Kit","Chrysalis+1"],"campfire_rested":0,"item_purchase_floors":[0,0,0,0,0,0,0,5,12,37,39,39,48,48,53,53,53,53],"current_hp_per_floor":[75,66,74,72,72,63,63,75,75,75,75,75,75,75,75,75,75,75,75,75,75,75,64,64,75,75,75,75,75,75,75,75,75,75,75,75,75,75,75,75,73,75,75,75,75,72,72,75,75,57,75,75,75,65,29],"gold":223,"neow_bonus":"","is_daily":false,"chose_seed":false,"campfire_upgraded":2,"win_rate":0.0,"timestamp":1612263689,"path_taken":["M","M","?","M","?","E","?","E","T","E","?","$","E","M","R","BOSS","M","M","?","?","M","E","R","M","T","M","E","?","?","?","R","BOSS","M","?","$","?","$","E","M","E","T","?","?","M","R","?","R","BOSS","R","$","E","BOSS"],"items_purchased_type":["Relic","Card","Relic","Card","Relic","Relic","Card","Card","Card","Relic","Relic","Card","Relic","Card","Relic","Relic","Relic","Card"],"build_version":"2020-12-22","purchased_purges":1,"victory":true,"max_hp_per_floor":[75,75,75,75,75,75,75,75,75,75,75,75,75,75,75,75,75,75,75,75,75,75,75,75,75,75,75,75,75,75,75,75,75,75,75,75,75,75,75,75,75,75,75,75,75,75,75,75,75,75,75,75,75,75,75],"card_choices":[{"not_picked":["HollowMod:CoiledNail+1","HollowMod:SoulSplash+1"],"picked":"HollowMod:BrokenVessel+1","floor":1},{"not_picked":["HollowMod:NewLittleFool+1","HollowMod:VengefulVoid+1"],"picked":"HollowMod:SoulSplash+1","floor":2},{"not_picked":["HollowMod:InfectedAttack+1","HollowMod:SiblingsSouls+1"],"picked":"HollowMod:InfectedCysts+1","floor":4},{"not_picked":["HollowMod:SharpenedShadows+1","HollowMod:BlackTendrils+1"],"picked":"HollowMod:CoiledNail+1","floor":6},{"not_picked":["HollowMod:WraithStrike+1","HollowMod:SharpenedShadows+1"],"picked":"HollowMod:CloakDash+1","floor":8},{"not_picked":["HollowMod:SiblingsShadow+1","HollowMod:WraithStrike+1"],"picked":"HollowMod:CoiledNail+1","floor":10},{"not_picked":["HollowMod:ShadowDash+1","HollowMod:PerfectDash+1"],"picked":"HollowMod:DashSlash+1","floor":11},{"not_picked":["HollowMod:CornifersMapStart+1","HollowMod:SharpenedNail+1"],"picked":"HollowMod:SoulStrike+1","floor":13},{"not_picked":["HollowMod:CoiledNail+1","HollowMod:CornifersMapStart+1"],"picked":"HollowMod:theNailsmith+1","floor":14},{"not_picked":["HollowMod:ElderbugsWisdom+1","HollowMod:SoulMaster+1"],"picked":"HollowMod:PureVessel+1","floor":16},{"not_picked":["HollowMod:HowlingWraiths+1","HollowMod:ShadowDash+1"],"picked":"HollowMod:TaintedHusks+1","floor":18},{"not_picked":["HollowMod:CornifersMapStart+1","HollowMod:CloakDash+1"],"picked":"HollowMod:BrokenVessel+1","floor":19},{"not_picked":["HollowMod:HowlingWraiths+1","HollowMod:NewJinnsSoul+1"],"picked":"HollowMod:MawleksShell+1","floor":20},{"not_picked":["HollowMod:CloakDash+1","HollowMod:DoubleDash+1"],"picked":"HollowMod:GoodIntentions+1","floor":20},{"not_picked":["HollowMod:MonarchWings+1","HollowMod:CloakDash+1"],"picked":"HollowMod:MothsMistake+1","floor":22},{"not_picked":["HollowMod:SoulShaman+1","HollowMod:GoodIntentions+1"],"picked":"HollowMod:InfectedCysts+1","floor":23},{"not_picked":["HollowMod:DescendingDark+1","HollowMod:SharpenedNail+1"],"picked":"HollowMod:HuntersJournal+1","floor":25},{"not_picked":["HollowMod:CloakDash+1","HollowMod:ChannelNail+1"],"picked":"HollowMod:SoulVessel+1","floor":27},{"not_picked":["HollowMod:FallenFury+1","HollowMod:SharpenedShadows+1"],"picked":"HollowMod:DoubleDash+1","floor":28},{"not_picked":["HollowMod:AwokenDreamNail+1","HollowMod:Weaversong+1"],"picked":"HollowMod:SlysStrikes+1","floor":33},{"not_picked":["HollowMod:MonomonsArchive+1","HollowMod:NewJinnsSoul+1"],"picked":"HollowMod:MantisMark+1","floor":35},{"not_picked":["HollowMod:BaldurShell+1","HollowMod:VengefulVoid+1"],"picked":"HollowMod:VengefulSpirit+1","floor":40},{"not_picked":["HollowMod:WraithStrike+1","HollowMod:AbyssShriek+1"],"picked":"HollowMod:SharpenedNail+1","floor":41},{"not_picked":["HollowMod:ShadowDash+1","HollowMod:CrystalDash+1"],"picked":"HollowMod:LifebloodCocoon+1","floor":42},{"not_picked":["HollowMod:SoulStrike+1","HollowMod:HeavyBlow+1","HollowMod:SiblingsShadow+1"],"picked":"HollowMod:CloakDash+1","floor":46},{"not_picked":["HollowMod:LuriensSpire+1","HollowMod:SharpenedNail+1","HollowMod:DesolateDive+1"],"picked":"HollowMod:TaintedHusks+1","floor":54}],"player_experience":220567,"relics_obtained":[{"floor":6,"key":"hubris:SphereOfDissonance"},{"floor":8,"key":"StrikeDummy"},{"floor":9,"key":"aspiration:VileToxins"},{"floor":10,"key":"ShirouKen"},{"floor":13,"key":"Boot"},{"floor":23,"key":"Regal Pillow"},{"floor":26,"key":"Mercury Hourglass"},{"floor":28,"key":"Lantern"},{"floor":32,"key":"CeramicFish"},{"floor":40,"key":"aspiration:Lifesprig"},{"floor":42,"key":"Question Card"},{"floor":43,"key":"HollowMod:MantisClawRelic"},{"floor":47,"key":"Lizard Tail"},{"floor":49,"key":"aspiration:ChemicalBlood"},{"floor":52,"key":"HornCleat"},{"floor":54,"key":"aspiration:FetidBarrel"}],"event_choices":[],"is_beta":false,"boss_relics":[{"not_picked":["aspiration:WatcherSkillbook","Snecko Eye"],"picked":"hubris:RunicObelisk"},{"not_picked":["hubris:GrandSneckoEye","Busted Crown"],"picked":"HollowMod:KingsSoulRelic"}],"items_purged_floors":[37],"is_endless":false,"potions_floor_spawned":[1,4,10,14,18,22,33,42,54],"ascension_level":2}}