{"host":"u0qetpmu4y58k1tf","time":1612274042,"event":{"mods":["AchievementEnabler","BaseMod","Colored Map","Colored Powertips","Hermit","Marisa£¨Ùöéë¡¡Øª×âÞÞ£©","Minty Spire (QoL Compilation)","Replay The Spire","StSLib","SuperFastMode","The Bug Knight","The Cursed","The Hierophant","The Runesmith"],"gold_per_floor":[116,126,51,51,126,138,138,138],"floor_reached":7,"language":"KOR","playtime":265,"items_purged":["Eruption"],"score":45,"play_id":"54a03b4a-607c-44ca-bbf8-3362b33aac94","local_time":"20210202225402","is_ascension_mode":true,"campfire_choices":[],"circlet_count":0,"master_deck":["Strike_P","Strike_P","Strike_P","Strike_P","Defend_P","Defend_P","Defend_P","Vigilance","Worship","Worship","ForeignInfluence"],"relics":["PureWater"],"acts_visited":["Exordium"],"potions_floor_usage":[],"damage_taken":[{"damage":10,"enemies":"Cultist","floor":1,"turns":6},{"damage":6,"enemies":"Jaw Worm","floor":2,"turns":5},{"damage":0,"enemies":"Small Slimes","floor":6,"turns":5},{"damage":20,"enemies":"3 Sentries","floor":7,"turns":3}],"seed_played":"7344470347426173604","potions_obtained":[],"is_trial":false,"path_per_floor":["M","M","$","?","?","M","E"],"character_chosen":"WATCHER","items_purchased":[],"campfire_rested":0,"item_purchase_floors":[],"current_hp_per_floor":[62,56,56,49,38,38,18,18],"gold":138,"neow_bonus":"THREE_CARDS","is_daily":false,"chose_seed":false,"campfire_upgraded":0,"win_rate":0.0,"timestamp":1612274042,"path_taken":["M","M","$","?","?","M","E"],"items_purchased_type":[],"build_version":"2020-12-22","purchased_purges":1,"victory":false,"max_hp_per_floor":[72,72,72,72,72,72,72,72],"card_choices":[{"not_picked":["Evaluate","CrushJoints"],"picked":"Worship","floor":0},{"not_picked":["FlyingSleeves","Replay:ManipulateFuture","Indignation"],"picked":"SKIP","floor":1},{"not_picked":["CrushJoints","Replay:AtTheReady"],"picked":"Worship","floor":2},{"not_picked":["TalkToTheHand","Alpha"],"picked":"ForeignInfluence","floor":6}],"player_experience":77030,"relics_obtained":[],"event_choices":[{"cards_removed":["Defend_P"],"damage_healed":0,"gold_gain":0,"player_choice":"Card Removal","damage_taken":7,"max_hp_gain":0,"max_hp_loss":0,"event_name":"Golden Wing","floor":4,"gold_loss":0},{"damage_healed":0,"gold_gain":75,"player_choice":"Gather Gold","damage_taken":11,"max_hp_gain":0,"max_hp_loss":0,"event_name":"World of Goop","floor":5,"gold_loss":0}],"is_beta":false,"boss_relics":[],"items_purged_floors":[3],"is_endless":false,"potions_floor_spawned":[],"killed_by":"3 Sentries","ascension_level":2}}