{"host":"Tylorde","time":1612227801,"event":{"mods":["BaseMod","Minty Spire (QoL Compilation)","Weighted Paths"],"gold_per_floor":[110,210,226,241,255,255,275,275,275,275,275,240,258,285,285,358,358,368,49,49,31,42,42,76,76,76,105,105,30,30,30,30,30,30],"floor_reached":33,"language":"ENG","playtime":2066,"items_purged":[],"score":520,"play_id":"4c15828d-da43-4eeb-a929-35e6c9bbec27","local_time":"20210201170321","is_ascension_mode":true,"campfire_choices":[{"data":"Armaments","floor":6,"key":"SMITH"},{"data":"Defend_R","floor":8,"key":"SMITH"},{"floor":11,"key":"REST"},{"data":"Inflame","floor":15,"key":"SMITH"},{"data":"Offering","floor":23,"key":"SMITH"},{"floor":25,"key":"REST"},{"data":"Dual Wield","floor":30,"key":"SMITH"},{"data":"Shockwave","floor":32,"key":"SMITH"}],"circlet_count":0,"master_deck":["AscendersBane","Strike_R","Strike_R","Strike_R","Strike_R","Defend_R+1","Defend_R+1","Defend_R","Defend_R+1","Bash","Armaments+1","Cleave","Inflame+1","Dual Wield+1","Carnage","Offering+1","Feel No Pain","Clothesline+1","Shockwave+1","Feel No Pain"],"relics":["Snecko Eye","Paper Frog","The Courier","Runic Dome","Medical Kit","Molten Egg 2","Gremlin Horn","FossilizedHelix","Oddly Smooth Stone"],"acts_visited":["Exordium","TheCity"],"potions_floor_usage":[14,18,24,31,33],"damage_taken":[{"damage":19,"enemies":"Jaw Worm","floor":1,"turns":5},{"damage":1,"enemies":"Cultist","floor":3,"turns":4},{"damage":5,"enemies":"Small Slimes","floor":4,"turns":3},{"damage":7,"enemies":"3 Louse","floor":5,"turns":2},{"damage":7,"enemies":"2 Fungi Beasts","floor":7,"turns":3},{"damage":0,"enemies":"Blue Slaver","floor":13,"turns":3},{"damage":2,"enemies":"Lagavulin","floor":14,"turns":8},{"damage":24,"enemies":"The Guardian","floor":16,"turns":9},{"damage":6,"enemies":"Shell Parasite","floor":18,"turns":3},{"damage":13,"enemies":"3 Byrds","floor":22,"turns":5},{"damage":27,"enemies":"Book of Stabbing","floor":24,"turns":6},{"damage":0,"enemies":"Gremlin Leader","floor":27,"turns":5},{"damage":45,"enemies":"Collector","floor":33,"turns":7}],"seed_played":"412915489841475705","potions_obtained":[{"floor":3,"key":"Dexterity Potion"},{"floor":14,"key":"AttackPotion"},{"floor":16,"key":"Dexterity Potion"},{"floor":24,"key":"BloodPotion"},{"floor":27,"key":"DistilledChaos"}],"is_trial":false,"path_per_floor":["M","?","M","M","M","R","M","R","T","?","R","?","M","E","R","B",null,"M","$","?","$","M","R","E","R","T","E","?","?","R","$","R","B"],"character_chosen":"IRONCLAD","items_purchased":["Medical Kit","Molten Egg 2","Clothesline+1"],"campfire_rested":2,"item_purchase_floors":[19,19,21],"current_hp_per_floor":[49,49,48,43,36,36,29,29,29,14,36,54,54,52,52,28,63,57,57,57,57,44,44,17,39,39,39,25,25,25,41,41,0,0],"gold":30,"neow_bonus":"BOSS_RELIC","is_daily":false,"chose_seed":false,"campfire_upgraded":6,"win_rate":0.0,"timestamp":1612227801,"path_taken":["M","?","M","M","?","R","M","R","T","?","R","?","M","E","R","BOSS","M","$","?","$","M","R","E","R","T","E","?","?","R","?","R","BOSS"],"items_purchased_type":["Relic","Relic","Card"],"build_version":"2020-12-18","purchased_purges":0,"victory":false,"max_hp_per_floor":[75,75,75,75,75,75,75,75,75,75,75,75,75,75,75,75,75,75,75,75,75,75,75,75,75,75,75,80,80,80,80,80,80,80],"card_choices":[{"not_picked":["Wild Strike","Twin Strike"],"picked":"Armaments","floor":1},{"not_picked":["Anger","Body Slam"],"picked":"Cleave","floor":3},{"not_picked":["Anger","Havoc"],"picked":"Inflame","floor":4},{"not_picked":["Twin Strike","Seeing Red"],"picked":"Dual Wield","floor":5},{"not_picked":["Iron Wave","Sword Boomerang","Dropkick"],"picked":"SKIP","floor":7},{"not_picked":["Armaments","Battle Trance","Berserk"],"picked":"SKIP","floor":13},{"not_picked":["Anger","Flex"],"picked":"Carnage","floor":14},{"not_picked":["Juggernaut","Feed"],"picked":"Offering","floor":16},{"not_picked":["Armaments","Reckless Charge"],"picked":"Feel No Pain","floor":18},{"not_picked":["Headbutt+1","Armaments"],"picked":"Shockwave","floor":22},{"not_picked":["Headbutt+1","Anger+1"],"picked":"Feel No Pain","floor":24},{"not_picked":["Combust","Havoc","Iron Wave+1"],"picked":"SKIP","floor":27}],"player_experience":859829,"relics_obtained":[{"floor":9,"key":"Paper Frog"},{"floor":14,"key":"The Courier"},{"floor":24,"key":"FossilizedHelix"},{"floor":27,"key":"Oddly Smooth Stone"}],"event_choices":[{"damage_healed":0,"gold_gain":100,"player_choice":"Pray","damage_taken":0,"max_hp_gain":0,"max_hp_loss":0,"event_name":"Golden Shrine","floor":2,"gold_loss":0},{"damage_healed":0,"gold_gain":0,"player_choice":"Entered Light","damage_taken":15,"max_hp_gain":0,"max_hp_loss":0,"event_name":"Shining Light","floor":10,"gold_loss":0,"cards_upgraded":["Defend_R","Defend_R"]},{"damage_healed":18,"gold_gain":0,"player_choice":"Healed","damage_taken":0,"max_hp_gain":0,"max_hp_loss":0,"event_name":"The Cleric","floor":12,"gold_loss":35},{"damage_healed":0,"gold_gain":0,"player_choice":"Opened","damage_taken":0,"relics_obtained":["Gremlin Horn"],"max_hp_gain":0,"max_hp_loss":0,"event_name":"The Mausoleum","floor":20,"gold_loss":0},{"damage_healed":0,"gold_gain":0,"player_choice":"Shed Blood","damage_taken":19,"max_hp_gain":5,"max_hp_loss":0,"event_name":"Forgotten Altar","floor":28,"gold_loss":0},{"cards_removed":["Strike_R"],"damage_healed":0,"gold_gain":0,"player_choice":"Gave Gold","damage_taken":0,"max_hp_gain":0,"max_hp_loss":0,"event_name":"Beggar","floor":29,"gold_loss":75}],"is_beta":true,"boss_relics":[{"not_picked":["SlaversCollar","Pandora\u0027s Box"],"picked":"Runic Dome"}],"items_purged_floors":[],"is_endless":false,"potions_floor_spawned":[3,14,16,24,27],"killed_by":"Collector","ascension_level":14}}