{"host":"q6r63elxu27obe7v","time":1612244200,"event":{"mods":["2.2 Compatiblity","AchievementEnabler","BaseMod","CapriCore","Colored Map","DeckTracker","Keyboard Shortcuts","Lobotomy","Minty Spire (QoL Compilation)","Permanent Neow","Quick Restart","Replay The Spire","StSLib","SuperFastMode","¡¼?Úª?ø«¡½REMEMod"],"gold_per_floor":[117,117,117,130,205,205,218,168,195,195,205,216,246,246,246,349,349,368,382,382,382,382,382,382,382],"floor_reached":24,"language":"KOR","playtime":871,"items_purged":[],"score":223,"play_id":"049da6ce-3890-43d9-9d0d-88de8bc53e51","local_time":"20210202143640","is_ascension_mode":true,"campfire_choices":[{"data":"Feel No Pain","floor":6,"key":"SMITH"},{"data":"Seeing Red","floor":10,"key":"SMITH"},{"data":"Armaments","floor":15,"key":"SMITH"},{"data":"Body Slam","floor":23,"key":"SMITH"}],"circlet_count":0,"master_deck":["Strike_R","Defend_R","Defend_R","Defend_R","Defend_R","Bash","Hemogenesis+1","Feel No Pain+1","Seeing Red+1","Armaments+1","Body Slam+1","REME_TheLastStrike+1","Life Link+1","Heavy Blade+1","Reaper+1","Shrug It Off+1","Twin Strike","Impervious+1"],"relics":["Burning Blood","REME_ComplimentaryCards","Divine Protection","Golden Egg","Omamori","Astrolabe","ReplayTheSpireMod:Ring of Addiction","Ring of Panic","SacredBark","Potion Belt"],"acts_visited":["Exordium","TheCity"],"potions_floor_usage":[16,16,24,24,24],"damage_taken":[{"damage":21,"enemies":"Jaw Worm","floor":1,"turns":6},{"damage":0,"enemies":"2 Louse","floor":4,"turns":3},{"damage":6,"enemies":"Small Slimes","floor":7,"turns":5},{"damage":10,"enemies":"3 Louse","floor":11,"turns":5},{"damage":1,"enemies":"Blue Slaver","floor":12,"turns":6},{"damage":60,"enemies":"Gremlin Nob","floor":13,"turns":6},{"damage":30,"enemies":"The Guardian","floor":16,"turns":14},{"damage":51,"enemies":"3 Byrds","floor":18,"turns":7},{"damage":56,"enemies":"Spheric Guardian","floor":19,"turns":10},{"damage":80,"enemies":"Gremlin Leader","floor":24,"turns":11}],"seed_played":"8754482738180416895","potions_obtained":[{"floor":11,"key":"SkillPotion"},{"floor":12,"key":"PowerPotion"},{"floor":16,"key":"FairyPotion"},{"floor":20,"key":"Languid Potion"},{"floor":20,"key":"Weak Potion"},{"floor":20,"key":"ElixirPotion"}],"is_trial":false,"path_per_floor":["M","?","?","M","?","R","M","?","T","R","M","M","E","?","R","B",null,"M","M","?","?","?","R","E"],"character_chosen":"IRONCLAD","items_purchased":[],"campfire_rested":0,"item_purchase_floors":[],"current_hp_per_floor":[65,47,47,61,50,50,58,58,58,58,62,75,29,29,29,13,80,43,35,35,35,35,35,0,0],"gold":382,"neow_bonus":"UPGRADE_CARD","is_daily":false,"chose_seed":false,"campfire_upgraded":4,"win_rate":0.0,"timestamp":1612244200,"path_taken":["M","?","?","M","?","R","M","?","T","R","M","?","E","?","R","BOSS","M","M","?","?","?","R","E"],"items_purchased_type":[],"build_version":"2020-12-22","purchased_purges":0,"victory":false,"max_hp_per_floor":[80,80,80,80,80,80,80,80,80,80,80,80,80,80,80,80,80,80,80,80,80,80,80,78,78],"card_choices":[{"not_picked":["Iron Wave","Metallicize"],"picked":"Feel No Pain","floor":1},{"not_picked":["REME_Scribble","Disarm","Whirlwind"],"picked":"SKIP","floor":4},{"not_picked":["Wild Strike","Clash"],"picked":"Seeing Red","floor":7},{"not_picked":["Shockwave","Pommel Strike"],"picked":"Armaments","floor":11},{"not_picked":["Sword Boomerang","Shrug It Off"],"picked":"Body Slam","floor":12},{"not_picked":["Shockwave","Run Through"],"picked":"REME_TheLastStrike","floor":13},{"not_picked":["Ghostly Armor","Heavy Blade"],"picked":"Shrug It Off+1","floor":18},{"not_picked":["Havoc","Thunderclap"],"picked":"Twin Strike","floor":19}],"player_experience":95933,"relics_obtained":[{"floor":13,"key":"Golden Egg"},{"floor":20,"key":"ReplayTheSpireMod:Ring of Addiction"},{"floor":20,"key":"Ring of Panic"},{"floor":20,"key":"SacredBark"},{"floor":20,"key":"Potion Belt"}],"event_choices":[{"damage_healed":0,"gold_gain":0,"player_choice":"Success","damage_taken":18,"relics_obtained":["Divine Protection"],"max_hp_gain":0,"max_hp_loss":0,"event_name":"Scrap Ooze","floor":2,"gold_loss":0},{"damage_healed":0,"gold_gain":0,"player_choice":"Ignored","damage_taken":0,"max_hp_gain":0,"max_hp_loss":0,"event_name":"Liars Game","floor":3,"gold_loss":0},{"damage_healed":0,"gold_gain":75,"player_choice":"Gather Gold","damage_taken":11,"max_hp_gain":0,"max_hp_loss":0,"event_name":"World of Goop","floor":5,"gold_loss":0},{"cards_removed":["Strike_R"],"damage_healed":0,"gold_gain":0,"player_choice":"Card Removal","damage_taken":0,"max_hp_gain":0,"max_hp_loss":0,"event_name":"The Cleric","floor":8,"gold_loss":50},{"damage_healed":0,"gold_gain":0,"player_choice":"Searched \u00271\u0027 times","damage_taken":0,"relics_obtained":["Omamori"],"max_hp_gain":0,"max_hp_loss":0,"event_name":"Dead Adventurer","floor":14,"gold_loss":0},{"damage_healed":0,"gold_gain":0,"player_choice":"Read","damage_taken":0,"max_hp_gain":0,"max_hp_loss":0,"event_name":"The Library","floor":21,"gold_loss":0,"cards_obtained":["Impervious"]},{"damage_healed":0,"gold_gain":0,"player_choice":"Ignored","damage_taken":0,"max_hp_gain":0,"max_hp_loss":0,"event_name":"Ghosts","floor":22,"gold_loss":0}],"is_beta":false,"boss_relics":[{"not_picked":["Tiny House","Replay:Drink Me"],"picked":"Astrolabe"}],"items_purged_floors":[],"is_endless":false,"potions_floor_spawned":[11,12,16],"killed_by":"Gremlin Leader","ascension_level":3}}