{"host":"3j2m8n0ywf988fwb","time":1612243494,"event":{"mods":["2.2 Compatiblity","AchievementEnabler","Act Like it!","Aspiration","Astrologer","BaseMod","Better Altar","Better Match","Better Note","Better Sensory Stone","Better Skull","Better Third Choice","CCEM2","ChefMod","Colored Map","Colored Powertips","Conspire","Dark Map","Energized Spire","GifTheSpireLib","Halation","Hallownest","Highlight Path","Hubris","Infinite Spire","Jedi Mod","Marisa????????","Marked Mod","Mimic Mod","Minty Spire (QoL Compilation)","Monster B Gone","Random Character Button","Relic Filter Mod","Relic Stats","Reliquary","Replay The Spire","Robot Space Explorer","Shade Mod","Shop Mod","Somnambulant","StS++","StSLib","Stuff the Spire","The Bug Knight","The Elementalist","The Hierophant","The Runesmith","TheBandit","TheFirefly","TheSurvivalist","Unceasing Turn Reminder","Weighted Paths","everything is the same but u backflip on backflip"],"gold_per_floor":[116,129,129,149,149,149,183,183,256,100,100,100,141,166,166,285,285,310,310,326,326,326,326,326,326],"floor_reached":24,"language":"ENG","playtime":1002,"items_purged":["Shade:Strike_Shade"],"score":202,"play_id":"50497a3b-d3a7-4c8c-aaed-664780c5be8c","local_time":"20210201232454","is_ascension_mode":false,"campfire_choices":[{"data":"Shade:LyeBath","floor":6,"key":"SMITH"},{"data":"Shade:OpenGraves","floor":8,"key":"SMITH"},{"data":"Shade:BoneShards","floor":12,"key":"SMITH"},{"data":"Shade:CloudOfShrapnel","floor":15,"key":"SMITH"},{"data":"Shade:AuraOfUnlife","floor":23,"key":"SMITH"}],"circlet_count":0,"master_deck":["Shade:Strike_Shade","Shade:Strike_Shade","Shade:Strike_Shade","Shade:Defend_Shade","Shade:Defend_Shade","Shade:Defend_Shade","Shade:Defend_Shade","Shade:AnimateDead+1","Shade:CarefulCut","Shade:GraveStillness","Shade:LyeBath+1","Flash of Steel","Shade:OpenGraves+1","Injury","Shade:BoneShards+1","Shade:CloudOfShrapnel+1","StuffTheSpire:CuriosityCurse","Shade:FingerOfDeath","Shade:Consume","Shade:SkeletonArmy","Shade:AuraOfUnlife+1","Shade:AuraOfUnlife"],"relics":["Shade:YorickPolishedSkull","Golden Idol","Ice Cream","aspiration:ChemicalBlood","hubris:OldNail","Replay:Bottled Steam"],"acts_visited":["Exordium","TheCity"],"potions_floor_usage":[7],"damage_taken":[{"damage":0,"enemies":"2 Louse","floor":1,"turns":2},{"damage":0,"enemies":"Jaw Worm","floor":2,"turns":4},{"damage":2,"enemies":"Small Slimes","floor":4,"turns":3},{"damage":7,"enemies":"Lagavulin","floor":7,"turns":7},{"damage":7,"enemies":"3 Sentries","floor":13,"turns":9},{"damage":3,"enemies":"Looter","floor":14,"turns":3},{"damage":34,"enemies":"The Guardian","floor":16,"turns":12},{"damage":37,"enemies":"3 Byrds","floor":18,"turns":5},{"damage":16,"enemies":"2 Thieves","floor":20,"turns":3},{"damage":21,"enemies":"Book of Stabbing","floor":24,"turns":3}],"seed_played":"7476464483302665243","potions_obtained":[{"floor":2,"key":"DistilledChaos"},{"floor":14,"key":"Venom Potion"},{"floor":18,"key":"Energy Potion"},{"floor":18,"key":"Dexterity Potion"}],"is_trial":false,"path_per_floor":["M","M","?","M","?","R","E","R","T","$","?","R","E","M","R","B",null,"M","?","M","?","?","R","E"],"character_chosen":"SHADE","items_purchased":["Shade:CloudOfShrapnel"],"campfire_rested":0,"item_purchase_floors":[10],"current_hp_per_floor":[65,65,65,63,63,63,56,56,56,56,56,56,49,46,46,12,65,28,35,19,19,19,19,0,0],"gold":326,"neow_bonus":"RANDOM_EVENT","is_daily":false,"chose_seed":false,"campfire_upgraded":5,"win_rate":0.0,"timestamp":1612243494,"path_taken":["M","M","?","M","?","R","E","R","T","$","?","R","E","M","R","BOSS","M","?","M","?","?","R","E"],"items_purchased_type":["Card"],"build_version":"2020-12-22","purchased_purges":1,"victory":false,"max_hp_per_floor":[65,65,65,65,65,65,65,65,65,65,65,65,65,65,65,65,65,65,65,65,65,65,65,65,65],"relic_stats":{"counters":[10,51],"Golden Idol":52,"obtain_stats":[{"Ice Cream":7,"Shade:YorickSkull":0,"Golden Idol":5,"Shade:YorickPolishedSkull":17,"hubris:OldNail":13,"aspiration:ChemicalBlood":11,"Replay:Bottled Steam":21},{"Ice Cream":4,"Shade:YorickSkull":0,"Golden Idol":3,"Shade:YorickPolishedSkull":7,"hubris:OldNail":5,"aspiration:ChemicalBlood":4,"Replay:Bottled Steam":9},{"Ice Cream":16,"Shade:YorickSkull":0,"Golden Idol":9,"Shade:YorickPolishedSkull":40,"hubris:OldNail":25,"aspiration:ChemicalBlood":16,"Replay:Bottled Steam":48}]},"card_choices":[{"not_picked":["Shade:GoDigging","Shade:CallOfTheGrave"],"picked":"Shade:GraveStillness","floor":1},{"not_picked":["Shade:FreshBones","Shade:Brains"],"picked":"Shade:LyeBath","floor":2},{"not_picked":["hubris:Ssssneak","jedi:forcepull"],"picked":"Flash of Steel","floor":3},{"not_picked":["Shade:CommandSoldier","Shade:CloudOfShrapnel"],"picked":"Shade:OpenGraves","floor":4},{"not_picked":["Shade:ClawBack","Shade:FleshToFlesh"],"picked":"Shade:BoneShards","floor":7},{"not_picked":["Shade:Brains","Shade:FleshLikeOak","Shade:Frenzy"],"picked":"SKIP","floor":13},{"not_picked":["Shade:Premonition","Shade:Asphyxiate"],"picked":"Shade:FingerOfDeath","floor":14},{"not_picked":["Shade:SelfBurial","Shade:OfferingToTheBeyond"],"picked":"Shade:Consume","floor":16},{"not_picked":["Shade:FleshLikeOak","Shade:FreshBones"],"picked":"Shade:SkeletonArmy","floor":18},{"not_picked":["Shade:OneIsEnough","Shade:CloudOfShrapnel"],"picked":"Shade:AuraOfUnlife","floor":20}],"player_experience":1051736,"relics_obtained":[{"floor":7,"key":"Ice Cream"},{"floor":13,"key":"hubris:OldNail"}],"event_choices":[{"damage_healed":0,"gold_gain":0,"player_choice":"Grow","damage_taken":0,"max_hp_gain":0,"max_hp_loss":0,"event_name":"Living Wall","floor":0,"gold_loss":0,"cards_upgraded":["Shade:AnimateDead"]},{"damage_healed":0,"gold_gain":1,"player_choice":"1","damage_taken":0,"max_hp_gain":0,"max_hp_loss":0,"event_name":"betterStone:BetterStone","floor":3,"gold_loss":0},{"damage_healed":0,"gold_gain":0,"player_choice":"Take Wound","damage_taken":0,"relics_obtained":["Golden Idol"],"max_hp_gain":0,"max_hp_loss":0,"event_name":"Golden Idol","floor":5,"gold_loss":0,"cards_obtained":["Injury"]},{"damage_healed":0,"gold_gain":0,"player_choice":"Gave Potion","damage_taken":0,"relics_obtained":["Replay:Bottled Steam"],"max_hp_gain":0,"max_hp_loss":0,"event_name":"WeMeetAgain","floor":21,"gold_loss":0},{"damage_healed":0,"gold_gain":0,"player_choice":"Copied","damage_taken":0,"max_hp_gain":0,"max_hp_loss":0,"event_name":"Duplicator","floor":22,"gold_loss":0,"cards_obtained":["Shade:AuraOfUnlife"]}],"is_beta":false,"boss_relics":[{"not_picked":["energizedSpire:DeadBattery","jedi:battlestandard"],"picked":"Shade:YorickPolishedSkull"}],"items_purged_floors":[10],"is_endless":false,"potions_floor_spawned":[2,14],"killed_by":"Book of Stabbing","ascension_level":0}}