{"host":"e3jr8cs0hrgde9ri","time":1612243165,"event":{"mods":["2.2 Compatiblity","BaseMod","Highlight Path","Minty Spire (QoL Compilation)","Permanent Neow","Quick Restart","SuperFastMode"],"gold_per_floor":[118,118,138,138,150,150,150,177,225,243,276,276,253,169,169,243,243,259,95,95,115,41,73,73,103,129,129,129,129,79,95,95,175,175,191,191,191,191],"floor_reached":37,"language":"ENG","playtime":1717,"items_purged":[],"score":976,"play_id":"f7020d96-86e4-4b61-9227-3effef100072","local_time":"20210201211925","is_ascension_mode":true,"campfire_choices":[{"data":"Noxious Fumes","floor":6.0,"key":"SMITH"},{"data":"Corpse Explosion","floor":15.0,"key":"SMITH"},{"data":"Malaise","floor":24,"key":"SMITH"},{"data":"Footwork","floor":27,"key":"SMITH"},{"data":"Footwork","floor":29,"key":"SMITH"},{"data":"Footwork","floor":32,"key":"SMITH"}],"circlet_count":0,"master_deck":["AscendersBane","Survivor","Neutralize","Adrenaline","Caltrops","Footwork+1","Quick Slash","Bouncing Flask+1","Escape Plan","Noxious Fumes+1","Footwork+1","Dodge and Roll","Corpse Explosion+1","Backflip","Footwork+1","Burst","Malaise+1","Dodge and Roll","Well Laid Plans","Backflip","Night Terror"],"relics":["Pandora\u0027s Box","MealTicket","StrikeDummy","Philosopher\u0027s Stone","Question Card","Gambling Chip","CeramicFish","Snecko Eye"],"acts_visited":["Exordium","TheCity","TheBeyond"],"potions_floor_usage":[23],"damage_taken":[{"damage":0.0,"enemies":"2 Louse","floor":1.0,"turns":2.0},{"damage":0.0,"enemies":"Cultist","floor":3.0,"turns":2.0},{"damage":0.0,"enemies":"Jaw Worm","floor":5.0,"turns":3.0},{"damage":0.0,"enemies":"Lagavulin","floor":8.0,"turns":5.0},{"damage":22.0,"enemies":"Large Slime","floor":10.0,"turns":5.0},{"damage":17.0,"enemies":"3 Sentries","floor":11.0,"turns":4.0},{"damage":12.0,"enemies":"Exordium Thugs","floor":13.0,"turns":5.0},{"damage":8.0,"enemies":"Hexaghost","floor":16.0,"turns":8.0},{"damage":7.0,"enemies":"Chosen","floor":18.0,"turns":5.0},{"damage":2.0,"enemies":"Shell Parasite","floor":21.0,"turns":6.0},{"damage":46,"enemies":"Gremlin Leader","floor":23,"turns":7},{"damage":0,"enemies":"Book of Stabbing","floor":25,"turns":7},{"damage":9,"enemies":"Sentry and Sphere","floor":31,"turns":4},{"damage":2,"enemies":"Automaton","floor":33,"turns":9},{"damage":22,"enemies":"3 Darklings","floor":35,"turns":3},{"damage":37,"enemies":"2 Orb Walkers","floor":37,"turns":3}],"seed_played":"-5460620465974678855","potions_obtained":[{"floor":1.0,"key":"SkillPotion"},{"floor":8.0,"key":"Explosive Potion"},{"floor":13.0,"key":"Explosive Potion"}],"is_trial":false,"path_per_floor":["M","?","M","?","M","R","?","E","T","M","E","?","M","$","R","B",null,"M","$","?","M","$","E","R","E","T","R","$","R","?","M","R","B",null,"M","?","?"],"character_chosen":"THE_SILENT","items_purchased":["Footwork","Malaise","Well Laid Plans"],"campfire_rested":0,"item_purchase_floors":[14,19,22],"current_hp_per_floor":[59,64,64,64,64,64,57,57,57,35,18,18,6,21,21,13,53,46,61,61,59,66,20,20,20,20,20,35,35,35,26,26,24,56,34,34,0,0],"gold":191,"neow_bonus":"BOSS_RELIC","is_daily":false,"chose_seed":false,"campfire_upgraded":6,"win_rate":0.0,"timestamp":1612243165,"path_taken":["M","?","?","?","M","R","?","E","T","M","E","?","M","$","R","BOSS","M","$","?","M","$","E","R","E","T","R","?","R","?","?","R","BOSS","M","?","?"],"items_purchased_type":["Card","Card","Card"],"build_version":"2020-12-22","purchased_purges":0,"victory":false,"max_hp_per_floor":[66,66,66,66,66,66,66,66,66,66,66,66,66,66,66,66,66,66,66,66,66,66,66,66,66,66,66,66,66,66,66,66,66,66,66,66,66,66],"card_choices":[{"not_picked":["Riddle With Holes","PiercingWail","Prepared"],"picked":"SKIP","floor":1.0},{"not_picked":["Caltrops","Acrobatics"],"picked":"Footwork","floor":3.0},{"not_picked":["Deflect","Well Laid Plans"],"picked":"Dodge and Roll","floor":5.0},{"not_picked":["Dodge and Roll","Predator"],"picked":"Corpse Explosion","floor":8.0},{"not_picked":["Flying Knee","PiercingWail"],"picked":"Backflip","floor":10.0},{"not_picked":["Dagger Spray","Blade Dance","Acrobatics"],"picked":"SKIP","floor":11.0},{"not_picked":["Dagger Spray","Endless Agony","Bane"],"picked":"SKIP","floor":13.0},{"not_picked":["Doppelganger","Die Die Die"],"picked":"Burst","floor":16.0},{"not_picked":["Concentrate","Bane","Prepared"],"picked":"SKIP","floor":18.0},{"not_picked":["Flechettes+1","Dash"],"picked":"Dodge and Roll","floor":21.0},{"not_picked":["Slice","Die Die Die","Heel Hook"],"picked":"SKIP","floor":23},{"not_picked":["Poisoned Stab","Flying Knee","Predator"],"picked":"Backflip","floor":25},{"not_picked":["PiercingWail","Backstab","Deadly Poison+1","Poisoned Stab"],"picked":"SKIP","floor":31},{"not_picked":["Wraith Form v2","After Image","Adrenaline"],"picked":"Night Terror","floor":33},{"not_picked":["Sucker Punch","Deflect+1","Cloak And Dagger+1","Prepared"],"picked":"SKIP","floor":35}],"player_experience":1806956,"relics_obtained":[{"floor":8.0,"key":"MealTicket"},{"floor":11.0,"key":"StrikeDummy"},{"floor":23,"key":"Question Card"},{"floor":25,"key":"Gambling Chip"},{"floor":26,"key":"CeramicFish"}],"event_choices":[{"cards_removed":["Dagger Throw"],"damage_healed":5.0,"max_hp_gain":0.0,"max_hp_loss":0.0,"gold_gain":0.0,"event_name":"Bonfire Elementals","player_choice":"Offered Common","floor":2.0,"gold_loss":0.0,"damage_taken":0.0},{"cards_removed":["Dagger Throw"],"damage_healed":5.0,"max_hp_gain":0.0,"max_hp_loss":0.0,"gold_gain":0.0,"event_name":"Bonfire Elementals","player_choice":"Offered Special","floor":2.0,"gold_loss":0.0,"damage_taken":0.0},{"damage_healed":0.0,"max_hp_gain":0.0,"max_hp_loss":0.0,"gold_gain":0.0,"event_name":"Living Wall","player_choice":"Grow","floor":4.0,"gold_loss":0.0,"damage_taken":0.0,"cards_upgraded":["Bouncing Flask"]},{"cards_removed":["Underhanded Strike"],"damage_healed":0.0,"max_hp_gain":0.0,"max_hp_loss":0.0,"gold_gain":0.0,"event_name":"Golden Wing","player_choice":"Card Removal","floor":7.0,"gold_loss":0.0,"damage_taken":7.0},{"cards_removed":["Riddle With Holes"],"damage_healed":0.0,"max_hp_gain":0.0,"max_hp_loss":0.0,"gold_gain":0.0,"event_name":"Purifier","player_choice":"Purged","floor":12.0,"gold_loss":0.0,"damage_taken":0.0},{"damage_healed":0.0,"max_hp_gain":0.0,"max_hp_loss":0.0,"gold_gain":0.0,"event_name":"Ghosts","player_choice":"Ignored","floor":20.0,"gold_loss":0.0,"damage_taken":0.0},{"damage_healed":0,"gold_gain":0,"player_choice":"Bet on Murderer","damage_taken":0,"max_hp_gain":0,"max_hp_loss":0,"event_name":"The Joust","floor":30,"gold_loss":50},{"damage_healed":0,"gold_gain":0,"player_choice":"Ignored","damage_taken":0,"max_hp_gain":0,"max_hp_loss":0,"event_name":"Tomb of Lord Red Mask","floor":36,"gold_loss":0},{"damage_healed":0,"gold_gain":0,"player_choice":"Fight","damage_taken":0,"max_hp_gain":0,"max_hp_loss":0,"event_name":"Mysterious Sphere","floor":37,"gold_loss":0}],"is_beta":false,"boss_relics":[{"not_picked":["Astrolabe","WristBlade"],"picked":"Philosopher\u0027s Stone"},{"not_picked":["Coffee Dripper","Busted Crown"],"picked":"Snecko Eye"}],"items_purged_floors":[],"is_endless":false,"potions_floor_spawned":[1,8,10,13,18,21],"killed_by":"2 Orb Walkers","ascension_level":20}}