{"host":"92wx9z21c4p52du4","time":1612308980,"event":{"mods":["BaseMod","Downfall","Hermit","Minty Spire (QoL Compilation)","Reliquary","StSLib","The Hierophant"],"gold_per_floor":[0,12,12,26,46,46,73,84,84,84,84,99,99,115,127,223,223,223,223,235,249,262,262,262,262],"floor_reached":23,"language":"ENG","playtime":1537,"items_purged":[],"score":185,"play_id":"d6450f78-0f5e-4d2e-9cbb-43e5e2e178b9","local_time":"20210202173620","is_ascension_mode":false,"campfire_choices":[{"data":"Metamorphosis","floor":1,"key":"SMITH"},{"data":"sneckomod:DefensiveFlair","floor":13,"key":"SMITH"},{"data":"sneckomod:UnknownRareSkill","floor":18,"key":"SMITH"}],"circlet_count":0,"master_deck":["sneckomod:Strike+1","sneckomod:Strike","sneckomod:Strike","sneckomod:Defend","sneckomod:Defend","sneckomod:Defend","sneckomod:TailWhip+1","sneckomod:SnekBite+1","sneckomod:Unknown","sneckomod:Unknown","Metamorphosis+1","sneckomod:DefensiveFlair+1","sneckomod:UnknownBlock","sneckomod:UnknownBlock","sneckomod:Unknown1Cost","sneckomod:QuickMove","sneckomod:UnknownRareSkill+1","sneckomod:UnknownRareAttack","CurseOfTheBell","sneckomod:RainOfDice","sneckomod:UnknownDraw+1","sneckomod:Unknown1Cost","sneckomod:DefensiveFlair+1"],"relics":["sneckomod:SneckoSoul","Blue Candle","PreservedInsect","Calling Bell","reliquary:Boomerang","InkBottle","Mango"],"acts_visited":["Exordium","TheCity"],"potions_floor_usage":[15,23],"damage_taken":[{"damage":2,"enemies":"Small Slimes","floor":2,"turns":2},{"damage":1,"enemies":"Cultist","floor":4,"turns":3},{"damage":2,"enemies":"Jaw Worm","floor":5,"turns":4},{"damage":14,"enemies":"3 Louse","floor":8,"turns":4},{"damage":0,"enemies":"Exordium Wildlife","floor":12,"turns":2},{"damage":4,"enemies":"Lots of Slimes","floor":14,"turns":6},{"damage":7,"enemies":"3 Louse","floor":15,"turns":4},{"damage":19,"enemies":"DF_ARCHETYPE_STREAMLINE","floor":16,"turns":9},{"damage":0,"enemies":"Chosen","floor":19,"turns":1},{"damage":16,"enemies":"Chosen and Byrds","floor":20,"turns":5},{"damage":35,"enemies":"Snecko","floor":21,"turns":7},{"damage":50,"enemies":"Cultist and Chosen","floor":22,"turns":8},{"damage":9,"enemies":"Shelled Parasite and Fungi","floor":23,"turns":4}],"seed_played":"2164242195870732273","potions_obtained":[{"floor":3,"key":"DuplicationPotion"},{"floor":3,"key":"SteroidPotion"},{"floor":3,"key":"hexamod:SoulburnPotion"},{"floor":5,"key":"DuplicationPotion"},{"floor":14,"key":"Regen Potion"},{"floor":16,"key":"sneckomod:CheatPotion"}],"is_trial":false,"path_per_floor":["R","M","?","M","M","?","T","M","?","?","?","M","R","M","M","B",null,"R","M","M","M","M","M"],"character_chosen":"THE_SNECKO","items_purchased":[],"campfire_rested":0,"item_purchase_floors":[],"current_hp_per_floor":[90,88,88,87,85,80,80,66,66,66,66,66,66,62,64,45,104,104,104,88,53,3,0,0,0],"gold":262,"neow_bonus":"RANDOM_COLORLESS_2","is_daily":false,"chose_seed":false,"campfire_upgraded":3,"win_rate":0.0,"timestamp":1612308980,"path_taken":["R","M","?","M","?","?","T","M","?","?","?","?","R","M","M","BOSS","R","M","M","?","M","M"],"items_purchased_type":[],"build_version":"2020-12-22","purchased_purges":0,"victory":false,"max_hp_per_floor":[90,90,90,90,90,90,90,90,90,90,90,90,90,90,90,90,104,104,104,104,104,104,104,104,104],"card_choices":[{"not_picked":["Violence","Chrysalis"],"picked":"Metamorphosis","floor":0},{"not_picked":["sneckomod:DiceCrush","sneckomod:DiceBoulder"],"picked":"sneckomod:DefensiveFlair","floor":2},{"not_picked":["sneckomod:UnknownWeak","sneckomod:WideSting"],"picked":"sneckomod:UnknownBlock","floor":4},{"not_picked":["sneckomod:SoulDraw","sneckomod:SoulRoll"],"picked":"sneckomod:UnknownBlock","floor":5},{"not_picked":["sneckomod:IronFang","sneckomod:DiceBlock","sneckomod:UnknownCommonAttack"],"picked":"SKIP","floor":8},{"not_picked":["sneckomod:QuickBite","sneckomod:UnknownBlock"],"picked":"sneckomod:Unknown1Cost","floor":12},{"not_picked":["sneckomod:SoulRoll","sneckomod:QuickBite"],"picked":"sneckomod:QuickMove","floor":14},{"not_picked":["sneckomod:DiceCrush","sneckomod:QuickMove"],"picked":"sneckomod:UnknownRareSkill","floor":15},{"not_picked":["sneckomod:Restock","sneckomod:UnlimitedRolls"],"picked":"sneckomod:UnknownRareAttack","floor":16},{"not_picked":["sneckomod:DiceBoulder+1","sneckomod:DiceBlock+1"],"picked":"sneckomod:RainOfDice","floor":19},{"not_picked":["sneckomod:UnknownClassHEXA_GHOST_PURPLE","sneckomod:DiceBlock+1"],"picked":"sneckomod:UnknownDraw+1","floor":20},{"not_picked":["sneckomod:SoulDraw","sneckomod:SoulRoll"],"picked":"sneckomod:Unknown1Cost","floor":21},{"not_picked":["sneckomod:UnknownClassTHE_CHAMP_GRAY","sneckomod:TrashToTreasure"],"picked":"sneckomod:DefensiveFlair+1","floor":22}],"player_experience":211997,"relics_obtained":[{"floor":7,"key":"PreservedInsect"},{"floor":17,"key":"reliquary:Boomerang"},{"floor":17,"key":"InkBottle"},{"floor":17,"key":"Mango"}],"event_choices":[{"damage_healed":0,"gold_gain":0,"player_choice":"Got Potions","damage_taken":0,"max_hp_gain":0,"max_hp_loss":0,"event_name":"Lab","floor":3,"gold_loss":0},{"cards_removed":["downfall:Malfunctioning"],"damage_healed":0,"gold_gain":0,"player_choice":"Forget","damage_taken":0,"max_hp_gain":0,"max_hp_loss":0,"event_name":"Living Wall","floor":10,"gold_loss":0}],"is_beta":false,"boss_relics":[{"not_picked":["SacredBark","Runic Pyramid"],"picked":"Calling Bell"}],"items_purged_floors":[],"is_endless":false,"potions_floor_spawned":[4,5,12,16,20,21,22],"killed_by":"Shelled Parasite and Fungi","ascension_level":0}}