{"host":"hzswyuuwdl03wwzr","time":1612274603,"event":{"mods":["100% Spire Juice","ATMod(∞¢Ë™Mod)","AchievementEnabler","Act Like it!","BaseMod","Gensokyo","Hallownest","Marisa£®ÏF”Í°°ƒß¿Ì…≥£©","Minty Spire (QoL Compilation)","Prisma Mod","Reliquary","Remilia_Scarlet Moed£®¿Ÿ√◊¿Ú—«°§Àπø®¿◊Ãÿ£©3.3.5","Replay The Spire","StSLib","The Animator","The Bug Knight","The Cursed","The Servant 0.9.4","Warlord Emblem","Yakumo Yukari mod","Youmu£®ªÍ∆«—˝√Œ£©","°æπ¶ƒ‹Mod°øªÏ„Á÷Æª∑–ﬁ∏¥≤π∂°","°æ“≈ŒÔø®≈∆°øREMEMod"],"gold_per_floor":[109,109,9,27,38,38,48,48,48,1,1,19,46,46,46,144,144,157,72,126,139,64,94,94],"floor_reached":23,"language":"ZHS","playtime":488,"items_purged":["PrismaMod:IllyaCommonAttack"],"score":224,"play_id":"de766e8a-3fdf-47af-a7a0-0b7de9d169cd","local_time":"20210202220323","is_ascension_mode":true,"campfire_choices":[{"data":"PrismaMod:IllyaHassanGift","floor":6,"key":"SMITH"},{"data":"PrismaMod:IllyaCheapChannelPoison","floor":8,"key":"SMITH"},{"data":"PrismaMod:IllyaUncommonDefend","floor":11,"key":"SMITH"},{"data":"PrismaMod:IllyaRussianRoulette","floor":15,"key":"SMITH"}],"circlet_count":0,"master_deck":["PrismaMod:IllyaCommonAttack","PrismaMod:IllyaCommonDefend","PrismaMod:IllyaCommonDefend","PrismaMod:IllyaCommonAttack","PrismaMod:IllyaCommonDefend","PrismaMod:IllyaCommonAttack","PrismaMod:IllyaCommonDefend","PrismaMod:IllyaCommonAttack","PrismaMod:IllyaCommonDefend","PrismaMod:IllyaUncommonAttack","PrismaMod:IllyaUncommonDefend+1","PrismaMod:IllyaPoisonBomb+1","PrismaMod:IllyaBoysLove","PrismaMod:IllyaRussianRoulette+1","PrismaMod:IllyaHassanGift+1","PrismaMod:IllyaCheapChannelPoison+1","PrismaMod:IllyaBlindPoisonToss","PrismaMod:IllyaBoysLove","PrismaMod:IllyaHassanGift","PrismaMod:IllyaZwei","PrismaMod:IllyaBride+1","Pot Of Greed","Pot Of Greed","PrismaMod:IllyaSaphire+1","PrismaMod:IllyaSaphire","Pot Of Greed"],"relics":["PrismaMod:PrismaRuby","AT_ATBox","REME_ComplimentaryCards","NeowsBlessing","Hallownest:DreamNailRelic","Pantograph","Grinning Jar","Pantograph"],"acts_visited":["Hallownest:Greenpath","TheCity"],"potions_floor_usage":[16,23],"damage_taken":[{"damage":0,"enemies":"Hallownest:2_Baldur","floor":1,"turns":1},{"damage":0,"enemies":"Hallownest:2_MossCreeps","floor":4,"turns":1},{"damage":0,"enemies":"Hallownest:monsterHuskGuard","floor":5,"turns":1},{"damage":3,"enemies":"Hallownest:monsterFoolEater","floor":7,"turns":3},{"damage":6,"enemies":"Hallownest:1_Baldur_1_Crawlid_1_Warrior","floor":12,"turns":4},{"damage":0,"enemies":"Hallownest:eliteMossKnight","floor":13,"turns":5},{"damage":33,"enemies":"Hallownest:BossBrokenVessel","floor":16,"turns":7},{"damage":17,"enemies":"Spheric Guardian","floor":18,"turns":4},{"damage":20,"enemies":"2 Thieves","floor":21,"turns":3},{"damage":4,"enemies":"Book of Stabbing","floor":23,"turns":3}],"seed_played":"-7394721576397127289","potions_obtained":[{"floor":4,"key":"Strength Potion"},{"floor":12,"key":"BlessingOfTheForge"},{"floor":16,"key":"REME_GoldPotion"},{"floor":20,"key":"Fire Potion"}],"is_trial":false,"path_per_floor":["M","?","$","M","M","R","M","R","T","$","R","M","E","?","R","B",null,"M","?","?","M","$","E"],"character_chosen":"ILLYA","items_purchased":["PrismaMod:IllyaPoisonBomb+1","PrismaMod:IllyaBoysLove","PrismaMod:IllyaBlindPoisonToss"],"campfire_rested":0,"item_purchase_floors":[3,3,10],"current_hp_per_floor":[75,75,75,75,75,75,72,72,72,72,72,66,66,66,66,42,75,58,58,28,8,8,4,4],"gold":94,"neow_bonus":"THREE_ENEMY_KILL","is_daily":false,"chose_seed":false,"campfire_upgraded":4,"win_rate":0.0,"timestamp":1612274603,"path_taken":["M","?","$","M","?","R","M","R","T","$","R","M","E","?","R","BOSS","M","?","?","?","$","E"],"items_purchased_type":["Card","Card","Card"],"build_version":"2020-12-22","purchased_purges":1,"victory":false,"max_hp_per_floor":[75,75,75,75,75,75,75,75,75,75,75,75,75,75,75,75,75,75,75,75,75,75,75,75],"card_choices":[{"not_picked":["PrismaMod:IllyaPoisonTippedWeapons","PrismaMod:IllyaUpgradeOrbs","PrismaMod:IllyaRubysPotion"],"picked":"SKIP","floor":1},{"not_picked":["PrismaMod:IllyaCheapAttack","PrismaMod:IllyaPoisonBlock"],"picked":"PrismaMod:IllyaRussianRoulette","floor":4},{"not_picked":["PrismaMod:IllyaRapidFire","PrismaMod:IllyaDevil"],"picked":"PrismaMod:IllyaHassanGift","floor":5},{"not_picked":["PrismaMod:IllyaBlindPoisonToss","PrismaMod:IllyaUberChannel"],"picked":"PrismaMod:IllyaCheapChannelPoison","floor":7},{"not_picked":["PrismaMod:IllyaFeed","PrismaMod:IllyaFriendMaker"],"picked":"PrismaMod:IllyaBoysLove","floor":12},{"not_picked":["PrismaMod:IllyaMinorReinForce","PrismaMod:IllyaBride"],"picked":"PrismaMod:IllyaHassanGift","floor":13},{"not_picked":["PrismaMod:IllyaCarnivalOrbs","PrismaMod:IllyaInstallForeigner"],"picked":"PrismaMod:IllyaZwei","floor":16},{"not_picked":["PrismaMod:IllyaBerserCAR","PrismaMod:IllyaGun"],"picked":"PrismaMod:IllyaBride+1","floor":18},{"not_picked":["PrismaMod:IllyaGrailKun","PrismaMod:IllyaUncommonAOEAttack"],"picked":"PrismaMod:IllyaSaphire+1","floor":20},{"not_picked":["PrismaMod:IllyaBoysLove+1","PrismaMod:IllyaBride"],"picked":"PrismaMod:IllyaSaphire","floor":21}],"player_experience":39509,"relics_obtained":[{"floor":13,"key":"Pantograph"},{"floor":20,"key":"reliquary:SculptingSteel"}],"event_choices":[{"damage_healed":0,"gold_gain":0,"player_choice":"Obtained Relic","damage_taken":0,"relics_obtained":["Grinning Jar"],"max_hp_gain":0,"max_hp_loss":0,"event_name":"Addict","floor":19,"gold_loss":85}],"is_beta":false,"boss_relics":[{"not_picked":["Replay:Bronze Core","Replay:Ancient Bell","Ring of Chaos"]}],"items_purged_floors":[22],"is_endless":false,"potions_floor_spawned":[4,12,16,21],"killed_by":"Book of Stabbing","ascension_level":1}}