{"host":"phniwng9zo19jwdb","time":1612236555,"event":{"mods":["AchievementEnabler","BaseMod","Colored Powertips","Dark Map","Faster Ascension Climbing","GifTheSpireLib","Minty Spire (QoL Compilation)","Permanent Neow","Rare Cards Sparkle","StSLib"],"gold_per_floor":[369,369,388,408,418,418,444,456,493,540,552,580,39,39,39,118,118,128,128,148,148,160,160,185,185,185,185,219,237,271,285,285,285,285],"floor_reached":33,"language":"ENG","playtime":1235,"items_purged":[],"score":713,"play_id":"686531d3-71cf-49c0-aa9c-abc144dc5877","local_time":"20210202042915","is_ascension_mode":true,"campfire_choices":[{"data":"Venomology","floor":6,"key":"SMITH"},{"floor":8,"key":"REST"},{"floor":11,"key":"REST"},{"data":"Bouncing Flask","floor":15,"key":"SMITH"},{"floor":23,"key":"REST"},{"data":"Footwork","floor":25,"key":"SMITH"},{"data":"Footwork","floor":27,"key":"SMITH"},{"data":"Noxious Fumes","floor":32,"key":"SMITH"}],"circlet_count":0,"master_deck":["AscendersBane","Survivor","Neutralize","Venomology+1","Infinite Blades","Dagger Throw","Dash","Accuracy","Leg Sweep","Bouncing Flask+1","Bandage Up","Adrenaline+1","Wraith Form v2","Corpse Explosion+1","Bane","Dagger Spray","Calculated Gamble+1","All Out Attack","Footwork+1","Underhanded Strike","Skewer","Unload","Backflip+1","Distraction+1","Bite","Bite","Bite","Bite","Bite","Blade Dance+1","Footwork+1","Venomology+1","Distraction+1","Noxious Fumes+1","Reflex+1"],"relics":["Ring of the Snake","MawBank","Orichalcum","Regal Pillow","Toxic Egg 2","Sling","Pandora\u0027s Box","Smiling Mask","Gremlin Horn","Ninja Scroll","Lantern"],"acts_visited":["Exordium","TheCity"],"potions_floor_usage":[3,4,5,7,10,16,18,20,20,22,24,24,24,24,28,28,28,29,30,33,33,33,33],"damage_taken":[{"damage":2,"enemies":"Small Slimes","floor":1,"turns":6},{"damage":0,"enemies":"Cultist","floor":3,"turns":4},{"damage":0,"enemies":"Jaw Worm","floor":4,"turns":7},{"damage":3,"enemies":"Large Slime","floor":5,"turns":6},{"damage":32,"enemies":"3 Sentries","floor":7,"turns":9},{"damage":30,"enemies":"Gremlin Nob","floor":10,"turns":6},{"damage":1,"enemies":"Looter","floor":12,"turns":4},{"damage":9,"enemies":"The Guardian","floor":16,"turns":9},{"damage":0,"enemies":"3 Byrds","floor":18,"turns":2},{"damage":0,"enemies":"2 Thieves","floor":20,"turns":4},{"damage":29,"enemies":"Sentry and Sphere","floor":22,"turns":6},{"damage":7,"enemies":"Book of Stabbing","floor":24,"turns":4},{"damage":22,"enemies":"Gremlin Leader","floor":28,"turns":5},{"damage":21,"enemies":"Chosen and Byrds","floor":29,"turns":5},{"damage":0,"enemies":"Slavers","floor":30,"turns":1},{"damage":0,"enemies":"3 Cultists","floor":31,"turns":2},{"damage":50,"enemies":"Automaton","floor":33,"turns":10}],"seed_played":"-9170743723068559715","potions_obtained":[{"floor":1,"key":"AttackPotion"},{"floor":12,"key":"CunningPotion"},{"floor":16,"key":"BlessingOfTheForge"},{"floor":20,"key":"FearPotion"},{"floor":22,"key":"Explosive Potion"},{"floor":24,"key":"LiquidBronze"},{"floor":30,"key":"SpeedPotion"}],"is_trial":false,"path_per_floor":["M","?","M","M","M","R","E","R","T","E","R","M","$","?","R","B",null,"M","?","M","?","M","R","E","R","T","R","E","M","E","M","R","B"],"character_chosen":"THE_SILENT","items_purchased":["Bandage Up","Toxic Egg 2","Sling"],"campfire_rested":3,"item_purchase_floors":[13,13,13],"current_hp_per_floor":[57,57,57,57,54,54,22,40,40,10,43,42,42,42,42,37,54,54,38,42,42,27,45,45,45,45,45,39,28,28,32,32,0,0],"gold":285,"neow_bonus":"TWO_FIFTY_GOLD","is_daily":false,"chose_seed":false,"campfire_upgraded":5,"win_rate":0.0,"timestamp":1612236555,"path_taken":["M","?","M","M","M","R","E","R","T","E","R","?","$","?","R","BOSS","M","?","M","?","M","R","E","R","T","R","E","M","E","M","R","BOSS"],"items_purchased_type":["Card","Relic","Relic"],"build_version":"2020-12-22","purchased_purges":0,"victory":false,"max_hp_per_floor":[60,60,60,60,60,60,60,60,60,60,60,60,60,60,60,60,60,60,65,65,45,45,45,45,45,45,45,45,45,45,45,45,45,45],"card_choices":[{"not_picked":["All Out Attack","Dodge and Roll","Deadly Poison"],"picked":"SKIP","floor":1},{"not_picked":["Flying Knee","Well Laid Plans"],"picked":"Infinite Blades","floor":3},{"not_picked":["Quick Slash","Slice"],"picked":"Dagger Throw","floor":4},{"not_picked":["Dodge and Roll","Accuracy"],"picked":"Dash","floor":5},{"not_picked":["Phantasmal Killer","Prepared"],"picked":"Accuracy","floor":7},{"not_picked":["Prepared","Quick Slash"],"picked":"Leg Sweep","floor":10},{"not_picked":["Outmaneuver","Quick Slash"],"picked":"Bouncing Flask","floor":12},{"not_picked":["Tools of the Trade","Burst+1"],"picked":"Adrenaline+1","floor":16},{"not_picked":["Prepared+1","Dagger Spray"],"picked":"Backflip+1","floor":18},{"not_picked":["Bane","PiercingWail+1"],"picked":"Distraction+1","floor":20},{"not_picked":["Flechettes","Calculated Gamble+1"],"picked":"Blade Dance+1","floor":22},{"not_picked":["Storm of Steel+1","Skewer"],"picked":"Footwork","floor":24},{"not_picked":["Glass Knife","Poisoned Stab"],"picked":"Venomology+1","floor":28},{"not_picked":["Sucker Punch","Bane+1"],"picked":"Distraction+1","floor":29},{"not_picked":["Sucker Punch","Dash"],"picked":"Noxious Fumes","floor":30},{"not_picked":["Eviscerate","Poisoned Stab"],"picked":"Reflex+1","floor":31}],"player_experience":74905,"relics_obtained":[{"floor":7,"key":"MawBank"},{"floor":9,"key":"Orichalcum"},{"floor":10,"key":"Regal Pillow"},{"floor":24,"key":"Smiling Mask"},{"floor":26,"key":"Gremlin Horn"},{"floor":28,"key":"Ninja Scroll"},{"floor":30,"key":"Lantern"}],"event_choices":[{"damage_healed":0,"gold_gain":0,"player_choice":"1 cards matched","damage_taken":0,"max_hp_gain":0,"max_hp_loss":0,"event_name":"Match and Keep!","floor":2,"gold_loss":0,"cards_obtained":["Venomology"]},{"damage_healed":0,"gold_gain":0,"player_choice":"Leave","damage_taken":0,"max_hp_gain":0,"max_hp_loss":0,"event_name":"The Cleric","floor":14,"gold_loss":0},{"damage_healed":0,"gold_gain":0,"player_choice":"Shed Blood","damage_taken":21,"max_hp_gain":5,"max_hp_loss":0,"event_name":"Forgotten Altar","floor":19,"gold_loss":0},{"damage_healed":0,"gold_gain":0,"player_choice":"Became a vampire","damage_taken":0,"max_hp_gain":0,"max_hp_loss":20,"event_name":"Vampires","floor":21,"gold_loss":0,"cards_obtained":["Bite","Bite","Bite","Bite","Bite"]}],"is_beta":false,"boss_relics":[{"not_picked":["Ring of the Serpent","Runic Dome"],"picked":"Pandora\u0027s Box"}],"items_purged_floors":[],"is_endless":false,"potions_floor_spawned":[1,12,16,20,22,24,30],"killed_by":"Automaton","ascension_level":19}}