{"host":"xvgt0ylb0bh4kid5","time":1612255646,"event":{"mods":["AchievementEnabler","BaseMod","BetterRewards","Colored Map","Downfall","Duelist Mod","Highlight Path","Hubris","Hyrulean Relics","Infinite Spire","Marisa????????","Minty Spire (QoL Compilation)","Rare Cards Sparkle","Reorder Act Four","Replay The Spire","Shop Mod","StSLib","The Animator","The Bladedancer","The Cursed","The Forsaken","The Hierophant","The Jungle","The Necromancer","The Servant 0.9.4","Transform Curses"],"gold_per_floor":[114,63,238,264,293,293,293,320,388,388,413,413,442,491,491,709,709,709,686,712,712,712,712,662,662],"floor_reached":24,"language":"ENG","playtime":1607,"items_purged":[],"score":248,"play_id":"9c4f4cfd-e898-4498-8d03-9597a4604e61","local_time":"20210202004726","is_ascension_mode":false,"campfire_choices":[{"floor":10,"key":"RECALL"},{"floor":12,"key":"REST"},{"floor":23,"key":"REST"}],"circlet_count":0,"master_deck":["Strike_MRS","Strike_MRS","Strike_MRS","Strike_MRS","Defend_MRS","Defend_MRS","Defend_MRS","Defend_MRS","MasterSpark","UpSweep","MysteriousBeam","WitchOfGreed","Doubt","UltimateShortwave","DC","JA","PowerUp","MillisecondPulsars","IllusionStar","LuminesStrike"],"relics":["MiniHakkero","hubris:Icosahedron","Question Card","Replay:Rubber Ducky","Bag of Preparation"],"acts_visited":["Exordium","TheCity"],"potions_floor_usage":[8,16,16,18,24],"damage_taken":[{"damage":0,"enemies":"Small Slimes","floor":1,"turns":3},{"damage":0,"enemies":"2 Louse","floor":4,"turns":3},{"damage":18,"enemies":"Jaw Worm","floor":5,"turns":3},{"damage":8,"enemies":"Large Slime","floor":8,"turns":4},{"damage":11,"enemies":"Gremlin Gang","floor":11,"turns":4},{"damage":14,"enemies":"Exordium Wildlife","floor":13,"turns":3},{"damage":29,"enemies":"3 Sentries","floor":14,"turns":5},{"damage":0,"enemies":"Slime Boss","floor":16,"turns":4},{"damage":0,"enemies":"Spheric Guardian","floor":18,"turns":2},{"damage":15,"enemies":"Chosen","floor":19,"turns":5},{"damage":38,"enemies":"Snake Plant","floor":20,"turns":5},{"damage":69,"enemies":"Cultist and Chosen","floor":24,"turns":7}],"seed_played":"580995878061913677","potions_obtained":[{"floor":1,"key":"SmokeBomb"},{"floor":4,"key":"Elixir"},{"floor":5,"key":"Explosive Potion"},{"floor":8,"key":"SkillPotion"},{"floor":14,"key":"Strength Potion"},{"floor":16,"key":"Reflective Coating"},{"floor":19,"key":"sneckomod:MuddlingPotion"},{"floor":20,"key":"PowerPotion"}],"is_trial":false,"path_per_floor":["M","$","?","M","M","?","T","M","T","R","M","R","M","E","R_BF","B",null,"M","M","M","?","T","R","M"],"character_chosen":"MARISA","items_purchased":["WitchOfGreed"],"campfire_rested":2,"item_purchase_floors":[2],"current_hp_per_floor":[82,82,82,82,64,64,64,56,56,56,45,69,55,62,62,62,82,82,67,29,29,29,53,0,0],"gold":662,"neow_bonus":"TEN_PERCENT_HP_BONUS","is_daily":false,"chose_seed":false,"campfire_upgraded":0,"win_rate":0.0,"timestamp":1612255646,"path_taken":["M","$","?","M","M","?","?","M","T","R","M","R","M","E","R_BF","BOSS","M","M","?","?","?","R","?"],"items_purchased_type":["Card"],"build_version":"2020-12-22","purchased_purges":0,"victory":false,"max_hp_per_floor":[82,82,82,82,82,82,82,82,82,82,82,82,82,82,82,82,82,82,82,82,82,82,82,82,82],"card_choices":[{"not_picked":["SporeBomb","Acceleration"],"picked":"MysteriousBeam","floor":1},{"not_picked":["SprinkleStarSeal","6A"],"picked":"UltimateShortwave","floor":4},{"not_picked":["Acceleration","EarthLightRay"],"picked":"DC","floor":5},{"not_picked":["ShootTheMoon","UnstableBomb","MagicChant"],"picked":"SKIP","floor":8},{"not_picked":["DoubleSpark","PulseMagic","OpenUniverse"],"picked":"JA","floor":11},{"not_picked":["Orbital","AlicesGift","Acceleration","OpenUniverse"],"picked":"SKIP","floor":13},{"not_picked":["ShootingEcho","EventHorizon","UnstableBomb"],"picked":"PowerUp","floor":14},{"not_picked":["BlazingStar","BigCrunch","CasketOfStar"],"picked":"MillisecondPulsars","floor":16},{"not_picked":["WitchOfGreed+1","PowerUp","GasGiant+1"],"picked":"IllusionStar","floor":19},{"not_picked":["AsteroidBelt+1","ShootingEcho","RefractionSpark"],"picked":"LuminesStrike","floor":20}],"player_experience":110470,"relics_obtained":[{"floor":9,"key":"Question Card"},{"floor":14,"key":"Replay:Rubber Ducky"},{"floor":22,"key":"Bag of Preparation"}],"event_choices":[{"damage_healed":0,"gold_gain":175,"player_choice":"AGREE","damage_taken":0,"max_hp_gain":0,"max_hp_loss":0,"event_name":"Liars Game","floor":3,"gold_loss":0,"cards_obtained":["Doubt"]},{"damage_healed":0,"gold_gain":0,"player_choice":"Ignored","damage_taken":0,"max_hp_gain":0,"max_hp_loss":0,"event_name":"Shining Light","floor":15,"gold_loss":0},{"damage_healed":0,"gold_gain":0,"player_choice":"Ignored","damage_taken":0,"max_hp_gain":0,"max_hp_loss":0,"event_name":"Vampires","floor":21,"gold_loss":0}],"is_beta":false,"boss_relics":[{"not_picked":["hubris:RunicObelisk","Empty Cage","Fusion Hammer"]}],"items_purged_floors":[],"is_endless":false,"potions_floor_spawned":[1,8,11,14,18],"killed_by":"Cultist and Chosen","ascension_level":0}}