{"host":"xwgrz7y3g1a3iikb","time":1612303728,"event":{"mods":["BaseMod","Bestiary","Minty Spire (QoL Compilation)","Permanent Neow","Quick Restart","Relic Stats","StSLib","ojb\u0027s Info Mod"],"gold_per_floor":[110,129,129,145,160,185,185,185,185],"floor_reached":8,"language":"ENG","playtime":291,"items_purged":[],"score":116,"play_id":"964f2eb2-6f8d-47ef-8949-ccd03ecfd5bd","local_time":"20210202140848","is_ascension_mode":true,"campfire_choices":[{"data":"Phantasmal Killer","floor":7,"key":"SMITH"}],"circlet_count":0,"master_deck":["AscendersBane","Strike_G","Strike_G","Strike_G","Strike_G","Defend_G","Defend_G+1","Defend_G","Defend_G+1","Defend_G","Survivor","Neutralize","PiercingWail","Dagger Spray","Phantasmal Killer+1","Escape Plan","Dagger Throw"],"relics":["Ring of the Snake","War Paint","Eternal Feather"],"acts_visited":["Exordium"],"potions_floor_usage":[6,8],"damage_taken":[{"damage":9,"enemies":"Cultist","floor":1,"turns":6},{"damage":0,"enemies":"2 Louse","floor":2,"turns":3},{"damage":0,"enemies":"Small Slimes","floor":4,"turns":5},{"damage":0,"enemies":"Looter","floor":5,"turns":3},{"damage":20,"enemies":"Gremlin Nob","floor":6,"turns":4},{"damage":37,"enemies":"Lagavulin","floor":8,"turns":8}],"seed_played":"-4498878762738949423","potions_obtained":[{"floor":1,"key":"FearPotion"},{"floor":4,"key":"FearPotion"}],"is_trial":false,"path_per_floor":["M","M","?","M","M","E","R","E"],"character_chosen":"THE_SILENT","items_purchased":[],"campfire_rested":0,"item_purchase_floors":[],"current_hp_per_floor":[50,50,43,43,43,23,32,0,0],"gold":185,"neow_bonus":"RANDOM_COMMON_RELIC","is_daily":false,"chose_seed":false,"campfire_upgraded":1,"win_rate":0.0,"timestamp":1612303728,"path_taken":["M","?","?","M","M","E","R","E"],"items_purchased_type":[],"build_version":"2020-12-22","purchased_purges":0,"victory":false,"max_hp_per_floor":[66,66,66,66,66,66,66,66,66],"relic_stats":{"counters":[6,29],"Eternal Feather":9,"War Paint":["Defend_G","Defend_G"],"obtain_stats":[{"Eternal Feather":6,"War Paint":0,"Ring of the Snake":0},{"Eternal Feather":5,"War Paint":0,"Ring of the Snake":0},{"Eternal Feather":21,"War Paint":0,"Ring of the Snake":0}],"Ring of the Snake":[12]},"card_choices":[{"not_picked":["Sucker Punch","Backflip"],"picked":"PiercingWail","floor":1},{"not_picked":["Flying Knee","Deflect"],"picked":"Dagger Spray","floor":2},{"not_picked":["Poisoned Stab","Deadly Poison"],"picked":"Phantasmal Killer","floor":4},{"not_picked":["Caltrops","Acrobatics"],"picked":"Escape Plan","floor":5},{"not_picked":["Dagger Spray","Dodge and Roll"],"picked":"Dagger Throw","floor":6}],"player_experience":317577,"relics_obtained":[{"floor":6,"key":"Eternal Feather"}],"event_choices":[{"cards_removed":["Strike_G"],"damage_healed":0,"gold_gain":0,"player_choice":"Card Removal","damage_taken":7,"max_hp_gain":0,"max_hp_loss":0,"event_name":"Golden Wing","floor":3,"gold_loss":0}],"is_beta":false,"boss_relics":[],"items_purged_floors":[],"is_endless":false,"potions_floor_spawned":[1,4],"killed_by":"Lagavulin","ascension_level":20}}