{"host":"gobyjzz6xbwq9f9i","time":1612253018,"event":{"mods":["AchievementEnabler","BaseMod","Bestiary","Colored Map","Minty Spire (QoL Compilation)","Relic Stats"],"gold_per_floor":[116,133,133,143,154,154,188,205,205,205,9,29,62,81,81,81,81],"floor_reached":16,"language":"ENG","playtime":760,"items_purged":[],"score":171,"play_id":"a7462de7-4c33-4430-bce0-18ab1f02e2b7","local_time":"20210202000338","is_ascension_mode":true,"campfire_choices":[{"data":"Quick Slash","floor":6.0,"key":"SMITH"},{"data":"Skewer","floor":10,"key":"SMITH"},{"data":"Well Laid Plans","floor":15,"key":"SMITH"}],"circlet_count":0,"master_deck":["AscendersBane","Strike_G","Strike_G","Strike_G","Strike_G","Strike_G","Defend_G","Defend_G","Defend_G","Defend_G","Defend_G","Survivor","Neutralize","Quick Slash+1","Dagger Throw","PiercingWail","Calculated Gamble","Skewer+1","Burst","Well Laid Plans+1"],"relics":["Ring of the Snake","Lantern","The Courier","Letter Opener","Meat on the Bone","HornCleat","Eternal Feather"],"acts_visited":["Exordium"],"potions_floor_usage":[14],"damage_taken":[{"damage":0.0,"enemies":"Jaw Worm","floor":1.0,"turns":5.0},{"damage":0.0,"enemies":"Small Slimes","floor":2.0,"turns":5.0},{"damage":0.0,"enemies":"2 Louse","floor":4.0,"turns":4.0},{"damage":5.0,"enemies":"Large Slime","floor":5.0,"turns":6.0},{"damage":8.0,"enemies":"3 Sentries","floor":7.0,"turns":9.0},{"damage":0,"enemies":"3 Louse","floor":8,"turns":4},{"damage":0,"enemies":"Exordium Wildlife","floor":12,"turns":5},{"damage":18,"enemies":"Gremlin Nob","floor":13,"turns":4},{"damage":8,"enemies":"Exordium Thugs","floor":14,"turns":5},{"damage":55,"enemies":"The Guardian","floor":16,"turns":10}],"seed_played":"4475784093035491237","potions_obtained":[{"floor":1.0,"key":"Fire Potion"},{"floor":5.0,"key":"Swift Potion"},{"floor":13,"key":"SneckoOil"},{"floor":14,"key":"Poison Potion"}],"is_trial":false,"path_per_floor":["M","M","?","M","M","R","E","M","T","R","$","M","E","M","R","B"],"character_chosen":"THE_SILENT","items_purchased":["HornCleat"],"campfire_rested":0,"item_purchase_floors":[11],"current_hp_per_floor":[63,63,45,45,40,40,32,32,32,32,32,44,38,42,54,0,0],"gold":81,"neow_bonus":"RANDOM_COMMON_RELIC","is_daily":false,"chose_seed":false,"campfire_upgraded":3,"win_rate":0.0,"timestamp":1612253018,"path_taken":["M","M","?","M","M","R","E","M","T","R","$","M","E","M","R","BOSS"],"items_purchased_type":["Relic"],"build_version":"2020-12-22","purchased_purges":0,"victory":false,"max_hp_per_floor":[70,70,70,70,70,70,70,70,70,70,70,70,70,70,70,70,70],"relic_stats":{"counters":[10,57],"Eternal Feather":12,"Letter Opener":[50],"obtain_stats":[{"Lantern":0,"HornCleat":11,"Eternal Feather":13,"The Courier":3,"Letter Opener":7,"Ring of the Snake":0,"Meat on the Bone":9},{"Lantern":0,"HornCleat":6,"Eternal Feather":8,"The Courier":2,"Letter Opener":5,"Ring of the Snake":0,"Meat on the Bone":6},{"Lantern":0,"HornCleat":33,"Eternal Feather":42,"The Courier":10,"Letter Opener":29,"Ring of the Snake":0,"Meat on the Bone":33}],"Ring of the Snake":[20],"Meat on the Bone":36},"card_choices":[{"not_picked":["Blur","Flying Knee"],"picked":"Quick Slash","floor":1.0},{"not_picked":["Cloak And Dagger","Flying Knee"],"picked":"Dagger Throw","floor":2.0},{"not_picked":["Dodge and Roll","Prepared"],"picked":"PiercingWail","floor":4.0},{"not_picked":["Outmaneuver","Expertise"],"picked":"Calculated Gamble","floor":5.0},{"not_picked":["Footwork","Poisoned Stab"],"picked":"Skewer","floor":7.0},{"not_picked":["Prepared","Blur"],"picked":"Burst","floor":8},{"not_picked":["Deflect","Dagger Throw","Dagger Spray"],"picked":"SKIP","floor":12},{"not_picked":["Riddle With Holes","Expertise","Quick Slash"],"picked":"SKIP","floor":13},{"not_picked":["Calculated Gamble","Heel Hook"],"picked":"Well Laid Plans","floor":14}],"player_experience":1266295,"relics_obtained":[{"floor":7.0,"key":"Letter Opener"},{"floor":9,"key":"Meat on the Bone"},{"floor":13,"key":"Eternal Feather"}],"event_choices":[{"damage_healed":0.0,"max_hp_gain":0.0,"max_hp_loss":0.0,"gold_gain":0.0,"event_name":"Scrap Ooze","player_choice":"Success","floor":3.0,"gold_loss":0.0,"damage_taken":18.0,"relics_obtained":["The Courier"]}],"is_beta":false,"boss_relics":[],"items_purged_floors":[],"is_endless":false,"potions_floor_spawned":[1,5,13,14],"killed_by":"The Guardian","ascension_level":10}}