{"host":"y1oqg7uy0jc6f5mb","time":1612262258,"event":{"mods":["AchievementEnabler","BaseMod","Better Altar","Better Match","Better Note","Better Sensory Stone","Better Skull","Better Third Choice","Colored Map","Colored Powertips","Downfall","Highlight Path","Ironclad Rager","Minty Spire (QoL Compilation)","Permanent Neow","Quick Restart","Relic Stats","Replay The Spire","Shop Mod","StSLib"],"gold_per_floor":[111,131,142,160,15,15,15],"floor_reached":6,"language":"ENG","playtime":503,"items_purged":["Strike_G"],"score":57,"play_id":"9641e653-9720-4113-8430-aa85ec6d7b89","local_time":"20210202183738","is_ascension_mode":true,"campfire_choices":[],"circlet_count":0,"master_deck":["AscendersBane","Strike_G","Strike_G","Strike_G","Strike_G","Defend_G","Defend_G","Defend_G","Defend_G","Defend_G","Survivor","Neutralize+1","Accuracy","PiercingWail","Cloak And Dagger","Leg Sweep","Prepared","Dagger Spray"],"relics":["Ring of the Snake"],"acts_visited":["Exordium"],"potions_floor_usage":[],"damage_taken":[{"damage":2.0,"enemies":"Cultist","floor":1.0,"turns":5.0},{"damage":3.0,"enemies":"Small Slimes","floor":2.0,"turns":4.0},{"damage":4.0,"enemies":"Jaw Worm","floor":3.0,"turns":7.0},{"damage":9.0,"enemies":"Looter","floor":4.0,"turns":4.0},{"damage":50,"enemies":"Lagavulin","floor":6,"turns":12}],"seed_played":"-5674843298871797508","potions_obtained":[{"floor":1.0,"key":"Explosive Potion"}],"is_trial":false,"path_per_floor":["M","M","M","M","$","E"],"character_chosen":"THE_SILENT","items_purchased":["Prepared","Dagger Spray"],"campfire_rested":0,"item_purchase_floors":[5,5],"current_hp_per_floor":[61,58,54,45,45,0,0],"gold":15,"neow_bonus":"UPGRADE_CARD","is_daily":false,"chose_seed":false,"campfire_upgraded":0,"win_rate":0.0,"timestamp":1612262258,"path_taken":["M","?","M","M","$","E"],"items_purchased_type":["Card","Card"],"build_version":"2020-12-22","purchased_purges":1,"victory":false,"max_hp_per_floor":[70,70,70,70,70,70,70],"relic_stats":{"counters":[5,32],"obtain_stats":[{"Ring of the Snake":0},{"Ring of the Snake":0},{"Ring of the Snake":0}],"Ring of the Snake":[10]},"card_choices":[{"not_picked":["Prepared","Underhanded Strike"],"picked":"Accuracy","floor":1.0},{"not_picked":["Dagger Throw","Deadly Poison"],"picked":"PiercingWail","floor":2.0},{"not_picked":["Accuracy","Dodge and Roll"],"picked":"Cloak And Dagger","floor":3.0},{"not_picked":["Heel Hook","Poisoned Stab"],"picked":"Leg Sweep","floor":4.0}],"player_experience":317454,"relics_obtained":[],"event_choices":[],"is_beta":false,"boss_relics":[],"items_purged_floors":[5],"is_endless":false,"potions_floor_spawned":[1],"killed_by":"Lagavulin","ascension_level":10}}