{"host":"d52brwsy6af8zvaq","time":1612231035,"event":{"mods":["AchievementEnabler","BaseMod","Bestiary","Highlight Path","Minty Spire (QoL Compilation)","Quick Restart","Relic Stats","ojb\u0027s Better Paths Mod"],"gold_per_floor":[110,129,129,155,50,77,95,95,118,136,161,175,204,218,218,291,291,307,322,322,51,51,51,62,94,141,169,182,195,195,195,195,272,272,286,313,313,327,337,337,352,681,731,745,285,285,318,337,337,337,337,337,337,8,8,8],"floor_reached":55,"language":"ENG","playtime":2846,"items_purged":["Strike_G","Strike_G","Masterful Stab","Choke"],"score":1978,"play_id":"dd25ab12-5cb3-4ddd-9196-339b389d091f","local_time":"20210201185715","is_ascension_mode":true,"campfire_choices":[{"data":"Dagger Spray","floor":8.0,"key":"SMITH"},{"data":"Footwork","floor":15.0,"key":"SMITH"},{"data":"Noxious Fumes","floor":23.0,"key":"SMITH"},{"data":"Catalyst","floor":30.0,"key":"SMITH"},{"data":"Calculated Gamble","floor":32.0,"key":"SMITH"},{"floor":40.0,"key":"RECALL"},{"floor":46.0,"key":"REST"},{"data":"After Image","floor":49.0,"key":"SMITH"},{"data":"Dodge and Roll","floor":53.0,"key":"SMITH"}],"circlet_count":0,"master_deck":["AscendersBane","Defend_G","Defend_G","Defend_G","Defend_G","Defend_G","Survivor","Neutralize","Dark Shackles+1","Dagger Spray+1","Footwork+1","Sucker Punch","Escape Plan","Slice","Blade Dance","Cloak And Dagger","Dodge and Roll","Calculated Gamble","Die Die Die","Prepared","Dodge and Roll+1","Noxious Fumes+1","Catalyst+1","Noxious Fumes+1","Catalyst+1","PiercingWail+1","Bouncing Flask+1","Masterful Stab","Calculated Gamble+1","Dash","After Image+1","Footwork+1","Acrobatics+1","Leg Sweep+1","Blur+1","Burst"],"relics":["Ring of the Snake","Anchor","Meat on the Bone","Akabeko","Tiny Chest","Centennial Puzzle","Sozu","Orrery","Snake Skull","Lantern","Regal Pillow","Black Star","Gremlin Horn","Old Coin","Orichalcum","War Paint","Vajra","Blood Vial","Oddly Smooth Stone"],"acts_visited":["Exordium","TheCity","TheBeyond","TheEnding"],"potions_floor_usage":[],"damage_taken":[{"damage":0.0,"enemies":"Small Slimes","floor":1.0,"turns":4.0},{"damage":2.0,"enemies":"Jaw Worm","floor":2.0,"turns":4.0},{"damage":36.0,"enemies":"Lagavulin","floor":6.0,"turns":10.0},{"damage":0.0,"enemies":"2 Louse","floor":7.0,"turns":2.0},{"damage":0.0,"enemies":"Looter","floor":10.0,"turns":2.0},{"damage":40.0,"enemies":"Gremlin Nob","floor":11.0,"turns":5.0},{"damage":9.0,"enemies":"Exordium Thugs","floor":12.0,"turns":4.0},{"damage":15.0,"enemies":"Lagavulin","floor":13.0,"turns":7.0},{"damage":0.0,"enemies":"2 Fungi Beasts","floor":14.0,"turns":2.0},{"damage":21.0,"enemies":"The Guardian","floor":16.0,"turns":20.0},{"damage":0.0,"enemies":"Shell Parasite","floor":18.0,"turns":5.0},{"damage":0.0,"enemies":"3 Byrds","floor":19.0,"turns":5.0},{"damage":9.0,"enemies":"Snake Plant","floor":24.0,"turns":4.0},{"damage":10.0,"enemies":"Gremlin Leader","floor":25.0,"turns":7.0},{"damage":19.0,"enemies":"Book of Stabbing","floor":27.0,"turns":5.0},{"damage":9.0,"enemies":"Shelled Parasite and Fungi","floor":28.0,"turns":5.0},{"damage":0.0,"enemies":"3 Cultists","floor":29.0,"turns":4.0},{"damage":8.0,"enemies":"Collector","floor":33.0,"turns":5.0},{"damage":0.0,"enemies":"3 Shapes","floor":35.0,"turns":7.0},{"damage":0.0,"enemies":"Orb Walker","floor":38.0,"turns":3.0},{"damage":16.0,"enemies":"Jaw Worm Horde","floor":39.0,"turns":5.0},{"damage":0.0,"enemies":"Transient","floor":41.0,"turns":6.0},{"damage":30.0,"enemies":"Giant Head","floor":42.0,"turns":6.0},{"damage":13.0,"enemies":"Maw","floor":44.0,"turns":6.0},{"damage":13.0,"enemies":"Reptomancer","floor":47.0,"turns":5.0},{"damage":1.0,"enemies":"Jaw Worm Horde","floor":48.0,"turns":5.0},{"damage":23.0,"enemies":"Time Eater","floor":50.0,"turns":9.0},{"damage":23.0,"enemies":"Awakened One","floor":51.0,"turns":21.0},{"damage":71,"enemies":"Shield and Spear","floor":55,"turns":6}],"seed_played":"-4805451313030376076","potions_obtained":[{"floor":1.0,"key":"Strength Potion"},{"floor":6.0,"key":"SpeedPotion"},{"floor":13.0,"key":"FearPotion"},{"floor":16.0,"key":"Dexterity Potion"}],"is_trial":false,"path_per_floor":["M","M","?","T","$","E","M","R","T","M","E","M","E","M","R","B",null,"M","M","?","$","?","R","M","E","T","E","M","M","R","?","R","B",null,"M","T","?","M","M","R","M","E","T","M","$","R","E","M","R","B","B",null,"R","$","E"],"character_chosen":"THE_SILENT","items_purchased":["Sucker Punch","Orrery","War Paint","Vajra","Burst"],"campfire_rested":1,"item_purchase_floors":[5,21,45,45,54],"current_hp_per_floor":[59,57,57,57,57,21,33,33,33,45,17,20,17,29,29,20,55,55,55,55,55,55,55,46,36,36,29,32,44,44,44,44,36,59,59,59,59,59,43,43,43,25,25,24,24,58,45,46,46,37,28,57,57,57,0,0],"gold":8,"neow_bonus":"RANDOM_COLORLESS","is_daily":false,"chose_seed":false,"campfire_upgraded":7,"win_rate":0.0,"timestamp":1612231035,"path_taken":["M","M","?","?","$","E","M","R","T","?","E","M","E","M","R","BOSS","M","M","?","$","?","R","M","E","T","E","M","M","R","?","R","BOSS","M","?","?","?","?","R","M","E","T","M","$","R","E","M","R","BOSS","BOSS","R","$","E"],"items_purchased_type":["Card","Relic","Relic","Relic","Card"],"build_version":"2020-12-22","purchased_purges":4,"victory":false,"max_hp_per_floor":[66,66,66,66,66,66,66,66,66,66,66,66,66,66,66,66,66,66,66,66,66,66,66,66,66,66,66,66,66,66,66,66,66,66,66,66,66,66,66,66,66,66,66,66,66,66,66,66,66,66,66,66,66,66,66,66],"relic_stats":{"Regal Pillow":15,"Gremlin Horn":[10,10],"counters":[29,179],"Snake Skull":[154],"Orichalcum":[24],"War Paint":["Dark Shackles","PiercingWail"],"Sozu":8,"Blood Vial":8,"Centennial Puzzle":[42],"Tiny Chest":1,"Black Star":2,"obtain_stats":[{"Lantern":26,"Regal Pillow":27,"Gremlin Horn":42,"Vajra":45,"Oddly Smooth Stone":47,"Snake Skull":25,"Orichalcum":43,"War Paint":45,"Akabeko":9,"Old Coin":42,"Sozu":17,"Blood Vial":47,"Anchor":4,"Centennial Puzzle":13,"Orrery":21,"Tiny Chest":11,"Black Star":34,"Ring of the Snake":0,"Meat on the Bone":6},{"Lantern":14,"Regal Pillow":15,"Gremlin Horn":23,"Vajra":24,"Oddly Smooth Stone":25,"Snake Skull":14,"Orichalcum":23,"War Paint":24,"Akabeko":4,"Old Coin":23,"Sozu":10,"Blood Vial":25,"Anchor":2,"Centennial Puzzle":8,"Orrery":12,"Tiny Chest":6,"Black Star":18,"Ring of the Snake":0,"Meat on the Bone":3},{"Lantern":81,"Regal Pillow":86,"Gremlin Horn":127,"Vajra":133,"Oddly Smooth Stone":138,"Snake Skull":81,"Orichalcum":127,"War Paint":133,"Akabeko":20,"Old Coin":127,"Sozu":60,"Blood Vial":138,"Anchor":8,"Centennial Puzzle":38,"Orrery":70,"Tiny Chest":27,"Black Star":100,"Ring of the Snake":0,"Meat on the Bone":18}],"Ring of the Snake":[58],"Meat on the Bone":168},"card_choices":[{"not_picked":["Forethought","Dramatic Entrance"],"picked":"Dark Shackles","floor":0.0},{"not_picked":["Calculated Gamble","Concentrate"],"picked":"Dagger Spray","floor":1.0},{"not_picked":["PiercingWail","Dagger Throw"],"picked":"Footwork","floor":2.0},{"not_picked":["Infinite Blades","Footwork"],"picked":"Escape Plan","floor":6.0},{"not_picked":["Backflip","Acrobatics"],"picked":"Slice","floor":7.0},{"not_picked":["Expertise","Underhanded Strike"],"picked":"Blade Dance","floor":10.0},{"not_picked":["Slice","Expertise"],"picked":"Masterful Stab","floor":11.0},{"not_picked":["Deflect","Slice"],"picked":"Cloak And Dagger","floor":12.0},{"not_picked":["Concentrate","Riddle With Holes"],"picked":"Dodge and Roll","floor":13.0},{"not_picked":["Catalyst","Backflip"],"picked":"Calculated Gamble","floor":14.0},{"not_picked":["Tools of the Trade","Wraith Form v2"],"picked":"Die Die Die","floor":16.0},{"not_picked":["Accuracy","Sucker Punch"],"picked":"Prepared","floor":18.0},{"not_picked":["Reflex","Escape Plan"],"picked":"Dodge and Roll","floor":19.0},{"not_picked":["Eviscerate+1","Dagger Spray"],"picked":"Catalyst","floor":21.0},{"not_picked":["Bullet Time","Cloak And Dagger"],"picked":"Noxious Fumes+1","floor":21.0},{"not_picked":["Phantasmal Killer","PiercingWail"],"picked":"Catalyst+1","floor":21.0},{"not_picked":["Deflect","Riddle With Holes+1"],"picked":"PiercingWail","floor":21.0},{"not_picked":["Endless Agony","Deadly Poison"],"picked":"Bouncing Flask+1","floor":21.0},{"not_picked":["Flying Knee","Accuracy","Cloak And Dagger"],"picked":"SKIP","floor":24.0},{"not_picked":["Finisher","Quick Slash"],"picked":"Calculated Gamble","floor":25.0},{"not_picked":["Endless Agony","Slice","Flying Knee"],"picked":"SKIP","floor":27.0},{"not_picked":["Die Die Die","Noxious Fumes","Heel Hook"],"picked":"SKIP","floor":28.0},{"not_picked":["Quick Slash","Noxious Fumes"],"picked":"Dash","floor":29.0},{"not_picked":["Doppelganger","Venomology"],"picked":"After Image","floor":33.0},{"not_picked":["Backstab","Reflex+1","Blade Dance"],"picked":"SKIP","floor":35.0},{"not_picked":["Footwork","Quick Slash+1"],"picked":"Acrobatics+1","floor":38.0},{"not_picked":["Acrobatics+1","Reflex","Dash+1"],"picked":"SKIP","floor":39.0},{"not_picked":["Dagger Spray+1","Cloak And Dagger"],"picked":"Leg Sweep+1","floor":41.0},{"not_picked":["Eviscerate","Dagger Spray","Slice+1"],"picked":"SKIP","floor":42.0},{"not_picked":["Accuracy+1","Deflect+1","Dagger Throw"],"picked":"SKIP","floor":44.0},{"not_picked":["Deflect","Slice","Noxious Fumes"],"picked":"SKIP","floor":47.0},{"not_picked":["Setup","Dagger Spray"],"picked":"Blur+1","floor":48.0}],"player_experience":2108091,"relics_obtained":[{"floor":4.0,"key":"Anchor"},{"floor":6.0,"key":"Meat on the Bone"},{"floor":9.0,"key":"Akabeko"},{"floor":11.0,"key":"Tiny Chest"},{"floor":13.0,"key":"Centennial Puzzle"},{"floor":25.0,"key":"Snake Skull"},{"floor":26.0,"key":"Lantern"},{"floor":27.0,"key":"Regal Pillow"},{"floor":42.0,"key":"Gremlin Horn"},{"floor":42.0,"key":"Old Coin"},{"floor":43.0,"key":"Orichalcum"},{"floor":47.0,"key":"Blood Vial"},{"floor":47.0,"key":"Oddly Smooth Stone"}],"event_choices":[{"damage_healed":0.0,"max_hp_gain":0.0,"max_hp_loss":0.0,"gold_gain":0.0,"event_name":"Shining Light","player_choice":"Ignored","floor":3.0,"gold_loss":0.0,"damage_taken":0.0},{"damage_healed":0.0,"max_hp_gain":0.0,"max_hp_loss":0.0,"gold_gain":0.0,"event_name":"The Library","player_choice":"Read","floor":20.0,"gold_loss":0.0,"damage_taken":0.0,"cards_obtained":["Noxious Fumes"]},{"damage_healed":0.0,"max_hp_gain":0.0,"max_hp_loss":0.0,"gold_gain":0.0,"cards_transformed":["Strike_G","Strike_G"],"event_name":"Drug Dealer","player_choice":"Became Test Subject","floor":22.0,"gold_loss":0.0,"damage_taken":0.0,"cards_obtained":["Masterful Stab","Choke"]},{"cards_removed":["Strike_G"],"damage_healed":0.0,"max_hp_gain":0.0,"max_hp_loss":0.0,"gold_gain":0.0,"event_name":"Bonfire Elementals","player_choice":"Offered Basic","floor":31.0,"gold_loss":0.0,"damage_taken":0.0},{"damage_healed":0.0,"max_hp_gain":0.0,"max_hp_loss":0.0,"gold_gain":0.0,"event_name":"Duplicator","player_choice":"Copied","floor":37.0,"gold_loss":0.0,"damage_taken":0.0,"cards_obtained":["Footwork"]}],"is_beta":false,"boss_relics":[{"not_picked":["Runic Pyramid","Velvet Choker"],"picked":"Sozu"},{"not_picked":["Empty Cage","Pandora\u0027s Box"],"picked":"Black Star"}],"items_purged_floors":[5,21,45,54],"is_endless":false,"potions_floor_spawned":[1,6,13,16,19,25,27,29,33,38,41,42],"killed_by":"Shield and Spear","ascension_level":20}}