{"host":"hzswyuuwdl03wwzr","time":1612276835,"event":{"mods":["100% Spire Juice","ATMod(∞¢Ë™Mod)","AchievementEnabler","Act Like it!","BaseMod","Gensokyo","Hallownest","Marisa£®ÏF”Í°°ƒß¿Ì…≥£©","Minty Spire (QoL Compilation)","Prisma Mod","Reliquary","Remilia_Scarlet Moed£®¿Ÿ√◊¿Ú—«°§Àπø®¿◊Ãÿ£©3.3.5","Replay The Spire","StSLib","The Animator","The Bug Knight","The Cursed","The Servant 0.9.4","Warlord Emblem","Yakumo Yukari mod","Youmu£®ªÍ∆«—˝√Œ£©","°æπ¶ƒ‹Mod°øªÏ„Á÷Æª∑–ﬁ∏¥≤π∂°","°æ“≈ŒÔø®≈∆°øREMEMod"],"gold_per_floor":[119,199,219,219,237,237,237,237,237,237,254,254,266,279,279,380,380,400,412,83,102,118,118,144,158,158,158,158],"floor_reached":27,"language":"ZHS","playtime":1182,"items_purged":["PrismaMod:IllyaCommonAttack"],"score":238,"play_id":"4707ec45-a58e-4f59-897c-8a54f0c42dd0","local_time":"20210202224035","is_ascension_mode":true,"campfire_choices":[{"data":"PrismaMod:IllyaHassanGift","floor":6,"key":"SMITH"},{"data":"PrismaMod:IllyaUncommonDefend","floor":8,"key":"SMITH"},{"data":"PrismaMod:IllyaSaphire","floor":12,"key":"SMITH"},{"floor":15,"key":"RECALL"},{"data":"PrismaMod:IllyaSaphire","floor":23,"key":"SMITH"}],"circlet_count":0,"master_deck":["PrismaMod:IllyaCommonDefend","PrismaMod:IllyaCommonAttack","PrismaMod:IllyaCommonDefend","PrismaMod:IllyaCommonAttack","PrismaMod:IllyaCommonDefend","PrismaMod:IllyaCommonAttack","PrismaMod:IllyaCommonDefend","PrismaMod:IllyaCommonAttack","PrismaMod:IllyaCommonDefend","PrismaMod:IllyaUncommonDefend+1","PrismaMod:IllyaGrail","PrismaMod:IllyaHassanGift+1","PrismaMod:IllyaHassanGift","PrismaMod:IllyaSaphire+1","PrismaMod:IllyaInstallCaster","PrismaMod:IllyaSaphire+1","PrismaMod:IllyaBoysLove"],"relics":["PrismaMod:PrismaRuby","AT_ATBox","REME_ComplimentaryCards","Gensokyo:Mercy","reliquary:RoseTintedGlasses","Coffee Dripper","Frozen Egg 2","reliquary:ExpiredCoupon","reliquary:HotPoker"],"acts_visited":["Gensokyo:Gensokyo","TheCity"],"potions_floor_usage":[16,19,24,24,25,27],"damage_taken":[{"damage":0,"enemies":"Gensokyo:Python","floor":1,"turns":3},{"damage":0,"enemies":"Gensokyo:Gryphon","floor":3,"turns":3},{"damage":1,"enemies":"Gensokyo:2_Kodama","floor":5,"turns":5},{"damage":6,"enemies":"Gensokyo:CorruptedTreant","floor":11,"turns":4},{"damage":2,"enemies":"Gensokyo:2_Rabbits","floor":13,"turns":6},{"damage":0,"enemies":"Gensokyo:3_Kodama","floor":14,"turns":5},{"damage":37,"enemies":"Gensokyo:Reimu","floor":16,"turns":14},{"damage":5,"enemies":"3 Byrds","floor":18,"turns":5},{"damage":0,"enemies":"Chosen","floor":19,"turns":4},{"damage":5,"enemies":"3 Cultists","floor":21,"turns":6},{"damage":0,"enemies":"Snake Plant","floor":22,"turns":6},{"damage":8,"enemies":"Slavers","floor":24,"turns":7},{"damage":25,"enemies":"Shelled Parasite and Fungi","floor":25,"turns":6},{"damage":19,"enemies":"Gremlin Leader","floor":27,"turns":6}],"seed_played":"7110661928825964477","potions_obtained":[{"floor":3,"key":"SkillPotion"},{"floor":11,"key":"Languid Potion"},{"floor":16,"key":"Fire Potion"},{"floor":21,"key":"Block Potion"},{"floor":22,"key":"PowerPotion"},{"floor":24,"key":"Fire Potion"},{"floor":25,"key":"BlessingOfTheForge"}],"is_trial":false,"path_per_floor":["M","?","M","?","M","R","T","R","T","?","M","R","M","M","R","B",null,"M","M","$","M","M","R","E","M","T","E"],"character_chosen":"ILLYA","items_purchased":["Frozen Egg 2"],"campfire_rested":0,"item_purchase_floors":[20],"current_hp_per_floor":[75,75,75,75,74,74,74,74,74,74,68,68,66,66,66,29,75,70,70,70,65,65,65,57,32,32,13,13],"gold":158,"neow_bonus":"THREE_CARDS","is_daily":false,"chose_seed":false,"campfire_upgraded":4,"win_rate":0.0,"timestamp":1612276835,"path_taken":["M","?","?","?","M","R","?","R","T","?","M","R","M","?","R","BOSS","M","M","$","M","M","R","E","M","T","E"],"items_purchased_type":["Relic"],"build_version":"2020-12-22","purchased_purges":1,"victory":false,"max_hp_per_floor":[75,75,75,75,75,75,75,75,75,75,75,75,75,75,75,75,75,75,75,75,75,75,75,75,75,75,75,75],"card_choices":[{"not_picked":["PrismaMod:IllyaRubysPotion","PrismaMod:IllyaBoysLove"],"picked":"PrismaMod:IllyaGrail","floor":1},{"not_picked":["PrismaMod:IllyaRubysPotion","PrismaMod:IllyaUberChannel"],"picked":"PrismaMod:IllyaHassanGift","floor":3},{"not_picked":["PrismaMod:IllyaUpgradeOrbs","PrismaMod:IllyaAOECommonAttack","PrismaMod:IllyaAlice"],"picked":"SKIP","floor":5},{"not_picked":["PrismaMod:IllyaUncommonAttack","PrismaMod:IllyaUncommonEvoke"],"picked":"PrismaMod:IllyaHassanGift","floor":10},{"not_picked":["PrismaMod:IllyaGun","PrismaMod:IllyaPoisonBlock"],"picked":"PrismaMod:IllyaSaphire","floor":11},{"not_picked":["PrismaMod:IllyaPoisoningPhantasm","PrismaMod:IllyaFeed","PrismaMod:IllyaCommonEvoke"],"picked":"SKIP","floor":13},{"not_picked":["PrismaMod:IllyaAlice","PrismaMod:IllyaStunPoison","PrismaMod:IllyaFriendMaker"],"picked":"SKIP","floor":14},{"not_picked":["PrismaMod:IllyaCarnivalAttack","PrismaMod:IllyaInstallForeigner"],"picked":"PrismaMod:IllyaInstallCaster","floor":16},{"not_picked":["PrismaMod:IllyaUncommonDefend","PrismaMod:IllyaGrailKun"],"picked":"PrismaMod:IllyaSaphire","floor":18},{"not_picked":["PrismaMod:IllyaBlindPoisonToss","PrismaMod:IllyaInstallBerserker"],"picked":"PrismaMod:IllyaBoysLove","floor":19},{"not_picked":["PrismaMod:IllyaUpgradeOrbs+1","PrismaMod:IllyaPoisonTippedWeapons+1","PrismaMod:IllyaCheapChannelAttack+1"],"picked":"SKIP","floor":21},{"not_picked":["PrismaMod:IllyaRubysPotion","PrismaMod:IllyaMaid","PrismaMod:IllyaInstallSaber"],"picked":"SKIP","floor":22},{"not_picked":["PrismaMod:IllyaDualEvoke","PrismaMod:IllyaCheapDefend","PrismaMod:IllyaStunPoison"],"picked":"SKIP","floor":24},{"not_picked":["PrismaMod:IllyaPoisonBlock+1","PrismaMod:IllyaUncommonAOEAttack","PrismaMod:IllyaDevil"],"picked":"SKIP","floor":25}],"player_experience":40954,"relics_obtained":[{"floor":9,"key":"reliquary:RoseTintedGlasses"},{"floor":24,"key":"reliquary:ExpiredCoupon"},{"floor":26,"key":"reliquary:HotPoker"}],"event_choices":[],"is_beta":false,"boss_relics":[{"not_picked":["Calling Bell","Kintsugi"],"picked":"Coffee Dripper"}],"items_purged_floors":[20],"is_endless":false,"potions_floor_spawned":[3,11,16,21,22,24,25],"killed_by":"Gremlin Leader","ascension_level":1}}