{"host":"eaiphzh066bwqdh7","time":1612304553,"event":{"mods":["BaseMod","Better Note","Halation","Hubris","Minty Spire (QoL Compilation)","Reliquary","Replay The Spire","StSLib"],"gold_per_floor":[110,110,110,35,46,46,60,78,125,125,125,140,155,175,175,175,175],"floor_reached":16,"language":"ENG","playtime":371,"items_purged":["Strike_B"],"score":108,"play_id":"17c50690-92d5-4cb9-b314-b5472bc8fff7","local_time":"20210202172233","is_ascension_mode":true,"campfire_choices":[{"data":"Amplify","floor":6,"key":"SMITH"},{"data":"Lockon","floor":10,"key":"SMITH"},{"floor":15,"key":"REST"}],"circlet_count":0,"master_deck":["Strike_B","Strike_B","Strike_B","Defend_B","Defend_B","Defend_B","Defend_B","Zap","Dualcast","Amplify+1","Lockon+1","Conserve Battery","Gash"],"relics":["Cracked Core","hubris:Icosahedron","halation:PinkSoulGem","reliquary:PartyBalloon"],"acts_visited":["Exordium"],"potions_floor_usage":[14,14,14],"damage_taken":[{"damage":0,"enemies":"Small Slimes","floor":1,"turns":2},{"damage":0,"enemies":"2 Louse","floor":5,"turns":2},{"damage":0,"enemies":"Cultist","floor":7,"turns":3},{"damage":11,"enemies":"2 Fungi Beasts","floor":8,"turns":4},{"damage":21,"enemies":"3 Louse","floor":12,"turns":3},{"damage":36,"enemies":"Exordium Thugs","floor":13,"turns":5},{"damage":0,"enemies":"Gremlin Gang","floor":14,"turns":3},{"damage":30,"enemies":"The Guardian","floor":16,"turns":8}],"seed_played":"-2018240530232536361","potions_obtained":[{"floor":1,"key":"Strength Potion"},{"floor":5,"key":"EssenceOfDarkness"},{"floor":7,"key":"FocusPotion"},{"floor":11,"key":"FocusPotion"}],"is_trial":false,"path_per_floor":["M","?","?","$","M","R","M","M","T","R","?","M","M","M","R","B"],"character_chosen":"DEFECT","items_purchased":[],"campfire_rested":1,"item_purchase_floors":[],"current_hp_per_floor":[75,75,75,75,75,75,75,64,64,64,64,43,7,7,29,0,0],"gold":175,"neow_bonus":"ONE_RANDOM_RARE_CARD","is_daily":false,"chose_seed":false,"campfire_upgraded":2,"win_rate":0.0,"timestamp":1612304553,"path_taken":["M","?","?","$","M","R","M","M","T","R","?","M","?","M","R","BOSS"],"items_purchased_type":[],"build_version":"2020-12-22","purchased_purges":1,"victory":false,"max_hp_per_floor":[75,75,75,75,75,75,75,75,75,75,75,75,75,75,75,75,75],"card_choices":[{"not_picked":["Undo","ReplayTheSpireMod:GoodbyeWorld","Panic Button"],"picked":"SKIP","floor":1},{"not_picked":["Panic Button","Redo"],"picked":"Lockon","floor":5},{"not_picked":["Barrage","ReplayTheSpireMod:Calculation Training","Rebound"],"picked":"SKIP","floor":7},{"not_picked":["Tempest","ReplayTheSpireMod:Repulse","ReplaySort"],"picked":"SKIP","floor":8},{"not_picked":["Hologram","Beam Cell","hubris:Ukulele"],"picked":"SKIP","floor":12},{"not_picked":["Chill","Glacier"],"picked":"Conserve Battery","floor":13},{"not_picked":["Leap","Coolheaded"],"picked":"Gash","floor":14}],"player_experience":234518,"relics_obtained":[{"floor":9,"key":"reliquary:PartyBalloon"}],"event_choices":[{"damage_healed":0,"gold_gain":0,"player_choice":"Got Potions","damage_taken":0,"max_hp_gain":0,"max_hp_loss":0,"event_name":"Lab","floor":11,"gold_loss":0}],"is_beta":false,"boss_relics":[],"items_purged_floors":[4],"is_endless":false,"potions_floor_spawned":[1,5,7],"killed_by":"The Guardian","ascension_level":3}}