{"host":"m3qxensetu6036ua","time":1612292748,"event":{"mods":["2.2 Compatiblity","AchievementEnabler","BaseMod","Better Altar","Better Match","Better Sensory Stone","Better Skull","Better Third Choice","Better Vampires","Block Reminder","Colored Powertips","Displayed Cursed Tome","Evolution","Good Game Mod","GungeonMod","Hubris","Jedi Mod","Minty Spire (QoL Compilation)","Rare Cards Sparkle","Remove Card Discount Mod","Replay The Spire","Spicy Shops","StSLib","The Cursed"],"gold_per_floor":[359,375,386,231,241,266,266,278,278,310,310,325,357,367,367,469,469,469,469],"floor_reached":18,"language":"ENG","playtime":1522,"items_purged":["Bloodletting","Jack Of All Trades"],"score":193,"play_id":"2531a536-7687-4eb7-bdd8-dd6ae2968a01","local_time":"20210202200548","is_ascension_mode":true,"campfire_choices":[{"data":"True Grit","floor":7,"key":"SMITH"},{"data":"Evolve","floor":11,"key":"SMITH"},{"floor":15,"key":"REST"}],"circlet_count":0,"master_deck":["Strike_R","Strike_R","Strike_R","Strike_R","Strike_R","Defend_R","Defend_R","Defend_R","Defend_R","Bash","Hemokinesis","Evolve+1","ReplayTheSpireMod:Stacked","Cleave","True Grit+1","Corruption","Iron Wave","Twin Strike","Feel No Pain","Immolate"],"relics":["Burning Blood","EVO:Axolotl","REME:ComplimentaryCards","Tiny Chest","jedi:leech","Matryoshka","hubris:SlimyHat","Ooze Armor"],"acts_visited":["Exordium","TheCity"],"potions_floor_usage":[12,13],"damage_taken":[{"damage":1,"enemies":"Cultist","floor":1,"turns":3},{"damage":10,"enemies":"Small Slimes","floor":2,"turns":4},{"damage":3,"enemies":"Jaw Worm","floor":3,"turns":3},{"damage":4,"enemies":"2 Fungi Beasts","floor":5,"turns":3},{"damage":21,"enemies":"3 Sentries","floor":6,"turns":8},{"damage":14,"enemies":"Large Slime","floor":8,"turns":7},{"damage":6,"enemies":"Lagavulin","floor":10,"turns":8},{"damage":1,"enemies":"Gremlin Gang","floor":12,"turns":4},{"damage":15,"enemies":"Gremlin Nob","floor":13,"turns":4},{"damage":6,"enemies":"Looter","floor":14,"turns":3},{"damage":38,"enemies":"Slime Boss","floor":16,"turns":10},{"damage":21,"enemies":"3 Byrds","floor":18,"turns":5}],"seed_played":"-7530342287844059602","potions_obtained":[{"floor":1,"key":"Elixir"},{"floor":5,"key":"Cursed Concoction"},{"floor":8,"key":"Adrenaline Potion"},{"floor":14,"key":"Explosive Potion"}],"is_trial":false,"path_per_floor":["M","M","M","$","M","E","R","M","T","E","R","M","E","M","R","B",null,"M"],"character_chosen":"IRONCLAD","items_purchased":["Evolve","ReplayTheSpireMod:Stacked"],"campfire_rested":1,"item_purchase_floors":[4,4],"current_hp_per_floor":[72,68,71,71,72,57,57,49,49,49,49,54,45,45,66,34,72,51,51],"gold":469,"neow_bonus":"TWO_FIFTY_GOLD","is_daily":false,"chose_seed":false,"campfire_upgraded":2,"win_rate":0.0,"timestamp":1612292748,"path_taken":["M","M","M","$","M","E","R","M","T","E","R","?","E","M","R","BOSS","M"],"items_purchased_type":["Card","Card"],"build_version":"2020-12-22","purchased_purges":2,"victory":false,"max_hp_per_floor":[72,72,72,72,72,72,72,72,72,72,72,72,72,72,72,72,72,72,72],"card_choices":[{"not_picked":["Perfected Strike","Thunderclap","hubris:CleavingFinish"],"picked":"SKIP","floor":1},{"not_picked":["hubris:ReadiedAction","Clash"],"picked":"Hemokinesis","floor":2},{"not_picked":["hubris:CleavingFinish","True Grit"],"picked":"Bloodletting","floor":3},{"not_picked":["Whirlwind","Carnage"],"picked":"Cleave","floor":5},{"not_picked":["Life Link","hubris:ReadiedAction"],"picked":"True Grit","floor":6},{"not_picked":["Thunderclap","Sword Boomerang"],"picked":"Corruption","floor":8},{"not_picked":["Burning Pact","jedi:suffering"],"picked":"Iron Wave","floor":10},{"not_picked":["Cleave","Heavy Blade","Warcry"],"picked":"SKIP","floor":12},{"not_picked":["Replay:Undeath\u0027s Touch","Cleave"],"picked":"Twin Strike","floor":13},{"not_picked":["Sword Boomerang","Body Slam"],"picked":"Feel No Pain","floor":14},{"not_picked":["Fiend Fire","Replay:Many Hands"],"picked":"Immolate","floor":16}],"player_experience":203685,"relics_obtained":[{"floor":6,"key":"Tiny Chest"},{"floor":9,"key":"jedi:leech"},{"floor":10,"key":"Matryoshka"},{"floor":13,"key":"hubris:SlimyHat"}],"event_choices":[],"is_beta":false,"boss_relics":[{"not_picked":["Calling Bell","Runic Pyramid"],"picked":"Ooze Armor"}],"items_purged_floors":[4,4],"is_endless":false,"potions_floor_spawned":[1,5,8,10,14],"killed_by":"3 Byrds","ascension_level":1}}