{"host":"72j3if4hls1tefkc","time":1612232047,"event":{"mods":["AchievementEnabler","Always Whale","Aspiration","BaseMod","Colored Map","Conspire","FetchMod","Halation","Hubris","Infinite Spire","Minty Spire (QoL Compilation)","Reliquary","Replay The Spire","Shop Mod","StSLib","The Construct","The Jungle"],"gold_per_floor":[113,38,38,56,72,89,89,89,166,183,183,183],"floor_reached":11,"language":"ENG","playtime":356,"items_purged":["Defend_R"],"score":65,"play_id":"ac5119b5-2992-45ec-a426-69a9ba538157","local_time":"20210201191407","is_ascension_mode":false,"campfire_choices":[{"data":"Eruption","floor":8,"key":"SMITH"}],"circlet_count":0,"master_deck":["Strike_R","Strike_R","Strike_R","Defend_R","Defend_R","Defend_R","Eruption+1","Tantrum","ReachHeaven","conspire:Purge","FollowUp+1"],"relics":["aspiration:Nostalgia","Ring of the Snake","Replay:M_SmolderingBlood","GremlinMask","Molten Egg 2"],"acts_visited":["Exordium"],"potions_floor_usage":[],"damage_taken":[{"damage":4,"enemies":"conspire:RoseBush","floor":1,"turns":3},{"damage":11,"enemies":"Jaw Worm","floor":4,"turns":2},{"damage":0,"enemies":"Cultist","floor":5,"turns":2},{"damage":7,"enemies":"2 Fungi Beasts","floor":6,"turns":2},{"damage":20,"enemies":"Looter","floor":10,"turns":3},{"damage":56,"enemies":"Replay:BlueRogue","floor":11,"turns":4}],"seed_played":"-43299733030005813","potions_obtained":[{"floor":1,"key":"SpeedPotion"},{"floor":4,"key":"Flashbang"},{"floor":10,"key":"Elixir"}],"is_trial":false,"path_per_floor":["M","$","?","M","M","M","?","R","T","M","E"],"character_chosen":"IRONCLAD","items_purchased":[],"campfire_rested":0,"item_purchase_floors":[],"current_hp_per_floor":[80,80,80,69,69,62,62,62,62,42,0,0],"gold":183,"neow_bonus":"NOSTALGIA","is_daily":false,"chose_seed":false,"campfire_upgraded":1,"win_rate":0.0,"timestamp":1612232047,"path_taken":["M","$","?","M","M","M","?","R","T","?","E"],"items_purchased_type":[],"build_version":"2020-12-22","purchased_purges":1,"victory":false,"max_hp_per_floor":[80,80,80,80,80,80,80,80,80,80,80,80],"card_choices":[{"not_picked":["Run Through","Sword Boomerang","Warcry"],"picked":"SKIP","floor":1},{"not_picked":["Warcry","Evolve"],"picked":"Tantrum","floor":4},{"not_picked":["Heavy Blade","Anger"],"picked":"ReachHeaven","floor":5},{"not_picked":["Searing Blow","Iron Wave"],"picked":"conspire:Purge","floor":6},{"not_picked":["ReplayTheSpireMod:Corrosion Curse","Body Slam+1"],"picked":"FollowUp+1","floor":10}],"player_experience":328268,"relics_obtained":[{"floor":9,"key":"Molten Egg 2"}],"event_choices":[{"damage_healed":0,"gold_gain":0,"player_choice":"Trade","damage_taken":0,"relics_obtained":["GremlinMask"],"max_hp_gain":0,"max_hp_loss":0,"event_name":"FaceTrader","floor":7,"gold_loss":0}],"is_beta":false,"boss_relics":[],"items_purged_floors":[2],"is_endless":false,"potions_floor_spawned":[1,4,10],"killed_by":"Replay:BlueRogue","ascension_level":0}}