{"host":"xwgrz7y3g1a3iikb","time":1612302469,"event":{"mods":["BaseMod","Bestiary","Minty Spire (QoL Compilation)","Permanent Neow","Quick Restart","Relic Stats","StSLib","ojb\u0027s Info Mod"],"gold_per_floor":[11,11,30,44,57,83,93,93,93,93,127,158,169,219,219,298,298,314,328,36,49,49,79,79,104,130,130,158,158,175,175,175],"floor_reached":31,"language":"ENG","playtime":1735,"items_purged":["Strike_G"],"score":730,"play_id":"a01859b5-582d-4d03-a89c-5d918a0a00cf","local_time":"20210202134749","is_ascension_mode":true,"campfire_choices":[{"data":"Dash","floor":8.0,"key":"SMITH"},{"data":"Neutralize","floor":10.0,"key":"SMITH"},{"data":"Blade Dance","floor":15.0,"key":"SMITH"},{"data":"Leg Sweep","floor":24,"key":"SMITH"},{"floor":29,"key":"REST"}],"circlet_count":0,"master_deck":["AscendersBane","Strike_G","Strike_G","Strike_G","Defend_G","Defend_G","Defend_G","Defend_G","Defend_G","Survivor","Neutralize+1","Dash+1","Accuracy","Leg Sweep+1","Prepared","Quick Slash","Tools of the Trade","Tactician","Die Die Die","Underhanded Strike","Blade Dance+1","Die Die Die","Cloak And Dagger","Prepared","Underhanded Strike","Concentrate+1","PiercingWail","Decay","Tools of the Trade"],"relics":["Ring of the Snake","Tough Bandages","WingedGreaves","Pantograph","MealTicket","Turnip","Runic Pyramid","Lantern","Art of War","Akabeko","Potion Belt","Smiling Mask"],"acts_visited":["Exordium","TheCity"],"potions_floor_usage":[23,25,25,28],"damage_taken":[{"damage":0.0,"enemies":"Small Slimes","floor":1.0,"turns":4.0},{"damage":0.0,"enemies":"Jaw Worm","floor":3.0,"turns":7.0},{"damage":2.0,"enemies":"Cultist","floor":4.0,"turns":5.0},{"damage":3.0,"enemies":"2 Fungi Beasts","floor":5.0,"turns":5.0},{"damage":7.0,"enemies":"Lagavulin","floor":6.0,"turns":9.0},{"damage":0.0,"enemies":"Looter","floor":7.0,"turns":5.0},{"damage":8.0,"enemies":"3 Sentries","floor":11.0,"turns":15.0},{"damage":19.0,"enemies":"Lagavulin","floor":12.0,"turns":9.0},{"damage":0.0,"enemies":"Lots of Slimes","floor":13.0,"turns":1.0},{"damage":0.0,"enemies":"Slime Boss","floor":16.0,"turns":7.0},{"damage":14.0,"enemies":"2 Thieves","floor":18.0,"turns":4.0},{"damage":4.0,"enemies":"Spheric Guardian","floor":19.0,"turns":4.0},{"damage":1.0,"enemies":"Snake Plant","floor":21.0,"turns":5.0},{"damage":21,"enemies":"Book of Stabbing","floor":23,"turns":6},{"damage":16,"enemies":"Slavers","floor":25,"turns":9},{"damage":14,"enemies":"Book of Stabbing","floor":28,"turns":7},{"damage":5,"enemies":"Centurion and Healer","floor":30,"turns":7},{"damage":27,"enemies":"3 Cultists","floor":31,"turns":5}],"seed_played":"-8002100044457676296","potions_obtained":[{"floor":3.0,"key":"Fruit Juice"},{"floor":4.0,"key":"CultistPotion"},{"floor":5.0,"key":"Swift Potion"},{"floor":13.0,"key":"Strength Potion"},{"floor":19.0,"key":"CultistPotion"},{"floor":23,"key":"GhostInAJar"},{"floor":25,"key":"Dexterity Potion"}],"is_trial":false,"path_per_floor":["M","?","M","M","M","E","M","R","T","R","E","E","M","?","R","B",null,"M","M","$","M","?","E","R","E","T","?","E","R","M","M"],"character_chosen":"THE_SILENT","items_purchased":["Lantern","Explosive Potion"],"campfire_rested":1,"item_purchase_floors":[20,20],"current_hp_per_floor":[59,59,59,57,59,52,52,52,52,52,44,25,25,18,18,43,64,50,46,61,60,60,39,39,23,23,23,9,30,25,0,0],"gold":175,"neow_bonus":"ONE_RARE_RELIC","is_daily":false,"chose_seed":false,"campfire_upgraded":4,"win_rate":0.0,"timestamp":1612302469,"path_taken":["M","?","M","M","M","E","M","R","T","R","E","E","M","?","R","BOSS","M","?","$","M","?","E","R","E","T","?","E","R","M","M"],"items_purchased_type":["Relic","Potion"],"build_version":"2020-12-22","purchased_purges":1,"victory":false,"max_hp_per_floor":[66,66,66,66,71,71,71,71,71,71,71,71,71,71,71,71,71,71,71,71,71,71,71,71,71,71,71,71,71,71,71,71],"relic_stats":{"Tough Bandages":[327],"counters":[18,114],"Pantograph":25,"MealTicket":15,"Turnip":[11],"Art of War":[4],"Smiling Mask":0,"obtain_stats":[{"Potion Belt":26,"Tough Bandages":0,"Lantern":20,"Pantograph":9,"MealTicket":11,"WingedGreaves":6,"Turnip":12,"Art of War":23,"Smiling Mask":28,"Akabeko":25,"Ring of the Snake":0,"Runic Pyramid":17},{"Potion Belt":15,"Tough Bandages":0,"Lantern":12,"Pantograph":6,"MealTicket":7,"WingedGreaves":5,"Turnip":8,"Art of War":14,"Smiling Mask":16,"Akabeko":15,"Ring of the Snake":0,"Runic Pyramid":10},{"Potion Belt":95,"Tough Bandages":0,"Lantern":75,"Pantograph":35,"MealTicket":50,"WingedGreaves":30,"Turnip":59,"Art of War":86,"Smiling Mask":102,"Akabeko":95,"Ring of the Snake":0,"Runic Pyramid":67}],"Ring of the Snake":[36]},"card_choices":[{"not_picked":["Dodge and Roll","Deadly Poison"],"picked":"Dash","floor":1.0},{"not_picked":["Flechettes","Acrobatics"],"picked":"Leg Sweep","floor":3.0},{"not_picked":["Bane","Reflex"],"picked":"Prepared","floor":4.0},{"not_picked":["Bane","Catalyst"],"picked":"Quick Slash","floor":5.0},{"not_picked":["Expertise","Accuracy"],"picked":"Tools of the Trade","floor":6.0},{"not_picked":["PiercingWail","Outmaneuver"],"picked":"Tactician","floor":7.0},{"not_picked":["Dagger Spray","Predator"],"picked":"Die Die Die","floor":11.0},{"not_picked":["Slice","Bouncing Flask"],"picked":"Underhanded Strike","floor":12.0},{"not_picked":["Dagger Spray","Deadly Poison"],"picked":"Blade Dance","floor":13.0},{"not_picked":["A Thousand Cuts","Malaise"],"picked":"Die Die Die","floor":16.0},{"not_picked":["Sucker Punch","Deadly Poison"],"picked":"Cloak And Dagger","floor":18.0},{"not_picked":["Acrobatics","Deadly Poison"],"picked":"Prepared","floor":19.0},{"not_picked":["Venomology","Sucker Punch"],"picked":"Underhanded Strike","floor":21.0},{"not_picked":["Sucker Punch","Well Laid Plans"],"picked":"Concentrate+1","floor":23},{"not_picked":["Noxious Fumes","Escape Plan"],"picked":"PiercingWail","floor":25},{"not_picked":["Blade Dance","Accuracy"],"picked":"Tools of the Trade","floor":28},{"not_picked":["Poisoned Stab","Sucker Punch","Skewer"],"picked":"SKIP","floor":30}],"player_experience":315842,"relics_obtained":[{"floor":6.0,"key":"WingedGreaves"},{"floor":9.0,"key":"Pantograph"},{"floor":11.0,"key":"MealTicket"},{"floor":12.0,"key":"Turnip"},{"floor":23,"key":"Art of War"},{"floor":25,"key":"Akabeko"},{"floor":26,"key":"Potion Belt"},{"floor":28,"key":"Smiling Mask"}],"event_choices":[{"damage_healed":0.0,"max_hp_gain":0.0,"max_hp_loss":0.0,"gold_gain":0.0,"cards_transformed":["Strike_G"],"event_name":"Living Wall","player_choice":"Change","floor":2.0,"gold_loss":0.0,"damage_taken":0.0,"cards_obtained":["Accuracy"]},{"damage_healed":0.0,"max_hp_gain":0.0,"max_hp_loss":0.0,"gold_gain":50.0,"event_name":"FaceTrader","player_choice":"Touch","floor":14.0,"gold_loss":0.0,"damage_taken":7.0},{"damage_healed":0,"gold_gain":0,"player_choice":"Smashed Altar","damage_taken":0,"max_hp_gain":0,"max_hp_loss":0,"event_name":"Forgotten Altar","floor":27,"gold_loss":0,"cards_obtained":["Decay"]}],"is_beta":false,"boss_relics":[{"not_picked":["Calling Bell","WristBlade"],"picked":"Runic Pyramid"}],"items_purged_floors":[20],"is_endless":false,"potions_floor_spawned":[3,4,5,13,19,21,23,25],"killed_by":"3 Cultists","ascension_level":20}}