{"host":"6s95ba0cy8amnnuf","time":1612285023,"event":{"mods":["AchievementEnabler","BaseMod","Block Reminder","Colored Map","Minty Spire (QoL Compilation)","StSLib","Unceasing Turn Reminder","everything is the same but u backflip on backflip"],"gold_per_floor":[119,119,5,80,80,120,134,158,158,183,217,217,251,251,251,376,376,399,42,61,82,82,125,125,148,175,175,25,25,25,25,37,173,185,218,563,575,605,640,652,652],"floor_reached":40,"language":"ENG","playtime":2859,"items_purged":[],"score":639,"play_id":"d3241e33-3e33-49a0-860c-f257ddec21fa","local_time":"20210202105703","is_ascension_mode":true,"campfire_choices":[{"floor":12,"key":"REST"},{"floor":15,"key":"REST"},{"floor":24,"key":"REST"},{"floor":27,"key":"REST"},{"data":"Apotheosis","floor":30,"key":"SMITH"},{"floor":32,"key":"REST"}],"circlet_count":0,"master_deck":["Strike_R","Strike_R","Strike_R","Strike_R","Defend_R","Defend_R","Defend_R","Bash","Writhe","Flex","Intimidate","Iron Wave","Injury","Metallicize","Searing Blow","Regret","Anger","Cleave","Anger","Rupture","Double Tap+1","Clash","Limit Break","Shrug It Off","Metallicize","Metallicize","Twin Strike","Dual Wield","Power Through","Shrug It Off+1","Parasite","Apotheosis+1","Metallicize","Clumsy","Bludgeon","Cleave+1","Cleave","Normality"],"relics":["Burning Blood","The Courier","Lizard Tail","Paper Frog","Boot","White Beast Statue","Cursed Key","Happy Flower","Toolbox","Matryoshka","Centennial Puzzle","Bag of Preparation","Orichalcum","MawBank","Black Star","Bag of Marbles"],"acts_visited":["Exordium","TheCity","TheBeyond"],"potions_floor_usage":[6,10,16,16,21,22,22,25,25,33,40,40],"damage_taken":[{"damage":0,"enemies":"Jaw Worm","floor":1,"turns":3},{"damage":47,"enemies":"Gremlin Nob","floor":6,"turns":6},{"damage":0,"enemies":"Small Slimes","floor":7,"turns":3},{"damage":2,"enemies":"2 Louse","floor":8,"turns":2},{"damage":6,"enemies":"Blue Slaver","floor":10,"turns":4},{"damage":30,"enemies":"3 Sentries","floor":11,"turns":9},{"damage":33,"enemies":"Gremlin Nob","floor":13,"turns":5},{"damage":19,"enemies":"Slime Boss","floor":16,"turns":11},{"damage":32,"enemies":"Spheric Guardian","floor":18,"turns":5},{"damage":16,"enemies":"3 Byrds","floor":20,"turns":6},{"damage":30,"enemies":"Cultist and Chosen","floor":21,"turns":8},{"damage":9,"enemies":"Chosen and Byrds","floor":22,"turns":6},{"damage":40,"enemies":"Book of Stabbing","floor":23,"turns":5},{"damage":17,"enemies":"3 Cultists","floor":25,"turns":6},{"damage":68,"enemies":"Collector","floor":33,"turns":11},{"damage":4,"enemies":"Orb Walker","floor":35,"turns":5},{"damage":3,"enemies":"3 Shapes","floor":38,"turns":5},{"damage":87,"enemies":"Giant Head","floor":40,"turns":10}],"seed_played":"2314742323173077684","potions_obtained":[{"floor":1,"key":"Swift Potion"},{"floor":6,"key":"SkillPotion"},{"floor":8,"key":"Energy Potion"},{"floor":10,"key":"SpeedPotion"},{"floor":16,"key":"SmokeBomb"},{"floor":18,"key":"Energy Potion"},{"floor":20,"key":"Weak Potion"},{"floor":21,"key":"Block Potion"},{"floor":23,"key":"SkillPotion"},{"floor":25,"key":"LiquidBronze"},{"floor":33,"key":"AttackPotion"},{"floor":35,"key":"Dexterity Potion"},{"floor":38,"key":"Energy Potion"}],"is_trial":false,"path_per_floor":["M","?","$","?","?","E","M","M","T","M","E","R","E","?","R","B",null,"M","$","M","M","M","E","R","M","T","R","$","?","R","T","R","B",null,"M","?","?","M","T","E"],"character_chosen":"IRONCLAD","items_purchased":["Metallicize","Searing Blow","Metallicize","Metallicize","Happy Flower","Toolbox","Apotheosis"],"campfire_rested":5,"item_purchase_floors":[3,3,19,19,19,19,28],"current_hp_per_floor":[80,80,80,69,69,28,34,38,38,38,14,38,11,11,35,22,80,54,54,44,20,17,24,48,37,37,61,61,61,61,61,80,18,80,80,80,80,80,80,0,0],"gold":652,"neow_bonus":"TRANSFORM_TWO_CARDS","is_daily":false,"chose_seed":false,"campfire_upgraded":1,"win_rate":0.0,"timestamp":1612285023,"path_taken":["M","?","$","?","?","E","M","?","T","M","E","R","E","?","R","BOSS","M","$","M","M","M","E","R","?","T","R","$","?","R","?","R","BOSS","M","?","?","?","?","E"],"items_purchased_type":["Card","Card","Card","Card","Relic","Relic","Card"],"build_version":"2020-12-22","purchased_purges":0,"victory":false,"max_hp_per_floor":[80,80,80,80,80,80,80,80,80,80,80,80,80,80,80,80,80,80,80,80,80,80,80,80,80,80,80,80,80,80,80,80,80,80,80,80,80,80,80,80,80],"card_choices":[{"not_picked":["Perfected Strike","Flame Barrier"],"picked":"Iron Wave","floor":1},{"not_picked":["Blood for Blood","Brutality"],"picked":"Anger","floor":6},{"not_picked":["Sword Boomerang","Wild Strike"],"picked":"Cleave","floor":7},{"not_picked":["Cleave","Perfected Strike"],"picked":"Anger","floor":8},{"not_picked":["Sever Soul","True Grit"],"picked":"Rupture","floor":10},{"not_picked":["Havoc","Clash"],"picked":"Double Tap","floor":11},{"not_picked":["Hemokinesis","Feel No Pain"],"picked":"Clash","floor":13},{"not_picked":["Impervious","Fiend Fire"],"picked":"Limit Break","floor":16},{"not_picked":["Disarm","Flame Barrier+1"],"picked":"Shrug It Off","floor":18},{"not_picked":["True Grit","Havoc"],"picked":"Twin Strike","floor":20},{"not_picked":["Combust","Thunderclap"],"picked":"Dual Wield","floor":21},{"not_picked":["Brutality","Thunderclap+1"],"picked":"Power Through","floor":23},{"not_picked":["Combust","Disarm+1"],"picked":"Shrug It Off+1","floor":25},{"not_picked":["Offering","Fiend Fire"],"picked":"Bludgeon","floor":33},{"not_picked":["Entrench+1","Second Wind+1"],"picked":"Cleave+1","floor":35},{"not_picked":["Reckless Charge+1","Warcry"],"picked":"Cleave","floor":38}],"player_experience":122339,"relics_obtained":[{"floor":6,"key":"Lizard Tail"},{"floor":9,"key":"Paper Frog"},{"floor":11,"key":"Boot"},{"floor":13,"key":"White Beast Statue"},{"floor":23,"key":"Matryoshka"},{"floor":26,"key":"Centennial Puzzle"},{"floor":26,"key":"Bag of Preparation"},{"floor":31,"key":"Orichalcum"},{"floor":31,"key":"MawBank"},{"floor":39,"key":"Bag of Marbles"}],"event_choices":[{"damage_healed":0,"gold_gain":0,"player_choice":"Take Wound","damage_taken":0,"relics_obtained":["Golden Idol"],"max_hp_gain":0,"max_hp_loss":0,"event_name":"Golden Idol","floor":2,"gold_loss":0,"cards_obtained":["Injury"]},{"damage_healed":0,"gold_gain":75,"player_choice":"Gather Gold","damage_taken":11,"max_hp_gain":0,"max_hp_loss":0,"event_name":"World of Goop","floor":4,"gold_loss":0},{"damage_healed":0,"gold_gain":0,"player_choice":"Box","damage_taken":0,"relics_obtained":["The Courier"],"max_hp_gain":0,"max_hp_loss":0,"event_name":"Big Fish","floor":5,"gold_loss":0,"cards_obtained":["Regret"]},{"damage_healed":0,"gold_gain":0,"player_choice":"Upgraded","damage_taken":0,"max_hp_gain":0,"max_hp_loss":0,"event_name":"Upgrade Shrine","floor":14,"gold_loss":0,"cards_upgraded":["Double Tap"]},{"damage_healed":0,"gold_gain":0,"player_choice":"Read","damage_taken":0,"max_hp_gain":0,"max_hp_loss":0,"event_name":"The Library","floor":29,"gold_loss":0,"cards_obtained":["Metallicize"]},{"damage_healed":0,"gold_gain":333,"player_choice":"Gave Idol","damage_taken":0,"max_hp_gain":0,"max_hp_loss":0,"event_name":"The Moai Head","floor":36,"relics_lost":["Golden Idol"],"gold_loss":0},{"damage_healed":0,"gold_gain":0,"player_choice":"Ignored","damage_taken":0,"max_hp_gain":0,"max_hp_loss":0,"event_name":"SecretPortal","floor":37,"gold_loss":0}],"is_beta":false,"boss_relics":[{"not_picked":["SacredBark","Coffee Dripper"],"picked":"Cursed Key"},{"not_picked":["Runic Pyramid","Runic Cube"],"picked":"Black Star"}],"items_purged_floors":[],"is_endless":false,"potions_floor_spawned":[1,6,8,10,16,18,20,21,22,23,25,33,35,38],"killed_by":"Giant Head","ascension_level":2}}