{"host":"cxvb37eaaiijvrl4","time":1612304926,"event":{"mods":["ATMod(°¢èªMod)","BaseMod","Better Third Choice","Minty Spire (QoL Compilation)","MostiFishMod","Quick Restart","Rare Cards Sparkle","Shop Mod","Spicy Shops","StSLib","TestMod","Uncapped","²ÐÁôÖ®Îï"],"gold_per_floor":[119,119,133,58,68,99,99,124,148,148,166,166,166,198,198,275,275,295,295,305,325,325,355,355,388,388,388,407,434,170,185,185,256,256,267,284,296,296,308,339,356,356,356,388,35,63,63,78,78,78,78,78,78,28,54,54],"floor_reached":57,"language":"ZHS","playtime":1916,"items_purged":["Dualcast","Gash+1","Strike_B+1"],"score":3015,"play_id":"319c196f-8dfc-4d14-99e4-89d9bb56a5ee","local_time":"20210202142846","is_ascension_mode":true,"campfire_choices":[{"data":"Zap","floor":10.0,"key":"SMITH"},{"data":"Storm","floor":13.0,"key":"SMITH"},{"data":"Coolheaded","floor":15.0,"key":"SMITH"},{"data":"Thunder Strike","floor":24,"key":"SMITH"},{"data":"Creative AI","floor":27,"key":"SMITH"},{"floor":32,"key":"RECALL"},{"data":"Flash of Steel","floor":42,"key":"SMITH"},{"data":"MostiFishMod:SeaWaves","floor":49,"key":"SMITH"},{"floor":53,"key":"REST"}],"circlet_count":0,"master_deck":["AscendersBane","Strike_B+1","Strike_B+1","Strike_B+1","Defend_B+1","Defend_B+1","Defend_B+1","Zap+1","AT_BreakingExtremeWeapon+1","Turbo+1","Storm+1","Coolheaded+1","Thunder Strike+1","Heatsinks+1","Skim+1","Storm+1","Creative AI+1","AT_StudyProgram+1","Coolheaded+1","MostiFishMod:Distribution+1","Storm+1","MostiFishMod:TalkingToTheRain+1","Capacitor+1","Ball Lightning+1","Heatsinks+1","Panache+1","Flash of Steel+1","testmod-Reverberation+1","Coolheaded+1","Coolheaded+1","Glacier+1","MostiFishMod:SeaWaves+1","Turbo+1"],"relics":["testmod-TestBox","DaveBox","AT_ATBox","DSteel32","testmod-HeartOfStrike","testmod-NegativeEmotionEnhancer","SynthV:TestCard","Omamori","testmod-TurbochargingSystem","Vajra","Dream Catcher","RhineSuit","MutagenicStrength","AT_ArcaneBoots","Incense Burner","StrikeDummy","testmod-Charity","testmod-SaigiyounoYou","Ancient Tea Set","CaptainsWheel","AT_RabadonDeathcap","OrangePellets","SynthV:C4","Pear"],"acts_visited":["Exordium","TheCity","TheBeyond","TheEnding"],"potions_floor_usage":[21,56,56],"damage_taken":[{"damage":0.0,"enemies":"Small Slimes","floor":1.0,"turns":2.0},{"damage":6.0,"enemies":"Jaw Worm","floor":3.0,"turns":3.0},{"damage":0.0,"enemies":"Cultist","floor":5.0,"turns":2.0},{"damage":9.0,"enemies":"Gremlin Nob","floor":6.0,"turns":3.0},{"damage":6.0,"enemies":"3 Sentries","floor":8.0,"turns":3.0},{"damage":4.0,"enemies":"Gremlin Gang","floor":11.0,"turns":3.0},{"damage":29.0,"enemies":"Lagavulin","floor":14.0,"turns":5.0},{"damage":1.0,"enemies":"Hexaghost","floor":16.0,"turns":7.0},{"damage":10.0,"enemies":"3 Byrds","floor":18.0,"turns":4.0},{"damage":0.0,"enemies":"Chosen","floor":20.0,"turns":3.0},{"damage":2,"enemies":"Centurion and Healer","floor":21,"turns":3},{"damage":0,"enemies":"Gremlin Leader","floor":23,"turns":4},{"damage":15,"enemies":"Book of Stabbing","floor":25,"turns":4},{"damage":0,"enemies":"Cultist and Chosen","floor":28,"turns":2},{"damage":32,"enemies":"Slavers","floor":29,"turns":5},{"damage":4,"enemies":"Snecko","floor":31,"turns":3},{"damage":0,"enemies":"Collector","floor":33,"turns":3},{"damage":21,"enemies":"3 Darklings","floor":35,"turns":4},{"damage":0,"enemies":"Orb Walker","floor":36,"turns":3},{"damage":44,"enemies":"4 Shapes","floor":37,"turns":3},{"damage":12,"enemies":"Sphere and 2 Shapes","floor":39,"turns":3},{"damage":4,"enemies":"Nemesis","floor":40,"turns":3},{"damage":1,"enemies":"Writhing Mass","floor":41,"turns":2},{"damage":3,"enemies":"Giant Head","floor":44,"turns":4},{"damage":40,"enemies":"Reptomancer","floor":46,"turns":4},{"damage":0,"enemies":"4 Shapes","floor":48,"turns":2},{"damage":49,"enemies":"Awakened One","floor":50,"turns":5},{"damage":24,"enemies":"Donu and Deca","floor":51,"turns":3},{"damage":33,"enemies":"Shield and Spear","floor":55,"turns":2},{"damage":54,"enemies":"The Heart","floor":56,"turns":5}],"seed_played":"1809824275380674249","potions_obtained":[{"floor":8.0,"key":"DistilledChaos"},{"floor":11.0,"key":"Block Potion"},{"floor":14.0,"key":"Fire Potion"},{"floor":20.0,"key":"Swift Potion"},{"floor":25,"key":"testmod-TimePotion"},{"floor":31,"key":"Regen Potion"},{"floor":41,"key":"PlaceholderMod:PlaceholderPotion"}],"is_trial":false,"path_per_floor":["M","?","M","$","M","E","$","E","T","R","M","?","R","E","R","B",null,"M","?","M","M","$","E","R","E","T","R","M","E","$","M","R","B",null,"M","M","M","?","M","E","M","R","T","E","$","E","?","M","R","B","B",null,"R","$","E","B",null],"character_chosen":"DEFECT","items_purchased":["testmod-Charity","OrangePellets","Coolheaded","Turbo"],"campfire_rested":1,"item_purchase_floors":[30,45,45,54],"current_hp_per_floor":[67,72,68,68,70,63,63,61,61,61,62,44,44,17,17,18,68,62,62,64,65,65,71,71,58,58,58,61,33,33,32,32,37,81,92,99,75,65,74,105,107,107,107,109,109,98,98,113,113,89,104,112,115,115,107,106],"gold":54,"neow_bonus":"BOSS_RELIC","is_daily":false,"chose_seed":false,"campfire_upgraded":7,"win_rate":0.0,"timestamp":1612304926,"path_taken":["M","?","M","$","M","E","$","E","T","R","M","?","R","E","R","BOSS","M","?","M","M","$","E","R","E","T","R","M","E","$","M","R","BOSS","M","M","M","?","M","E","M","R","T","E","$","E","?","M","R","BOSS","BOSS","R","$","E","BOSS"],"items_purchased_type":["Relic","Relic","Card","Card"],"build_version":"2020-12-22","purchased_purges":3,"victory":true,"max_hp_per_floor":[72,77,78,78,79,80,80,81,81,81,82,82,82,83,83,84,84,85,85,86,87,87,88,88,89,89,89,90,91,91,93,93,95,95,97,99,101,101,103,105,107,107,107,109,109,111,111,113,113,114,115,115,115,115,127,128],"card_choices":[{"not_picked":["Hologram","Scrape","AT_HeatAcrobatics"],"picked":"SKIP","floor":1.0},{"not_picked":["Rebound","Gash","Sweeping Beam","Fission"],"picked":"Turbo","floor":3.0},{"not_picked":["Leap","Go for the Eyes","Beam Cell","AT_HeatAcrobatics","Sweeping Beam"],"picked":"SKIP","floor":5.0},{"not_picked":["MostiFishMod:FluxCapactior","Cold Snap","Amplify","Multi-Cast"],"picked":"Gash","floor":6.0},{"not_picked":["AT_EMC2","Leap","Reprogram","Cold Snap"],"picked":"Storm","floor":8.0},{"not_picked":["Compile Driver","BootSequence","Consume","MostiFishMod:ReprogramOld","Steam"],"picked":"SKIP","floor":11.0},{"not_picked":["Heatsinks","Reprogram","Compile Driver","Gash"],"picked":"Coolheaded","floor":14.0},{"not_picked":["MostiFishMod:Nova","Reboot","Amplify","Biased Cognition"],"picked":"Thunder Strike","floor":16.0},{"not_picked":["Auto Shields","Beam Cell","Go for the Eyes+1","Stack"],"picked":"Heatsinks","floor":18.0},{"not_picked":["MostiFishMod:FluxCapactior","Steam Power+1","Streamline","Redo"],"picked":"Skim+1","floor":20.0},{"not_picked":["Conserve Battery+1","Chill","Beam Cell","Streamline"],"picked":"Storm","floor":21},{"not_picked":["Reinforced Body","Static Discharge","Rebound","Chill+1"],"picked":"Creative AI","floor":23},{"not_picked":["Defragment","MostiFishMod:FluxCapactior","MostiFishMod:Impulse","Stack+1"],"picked":"AT_StudyProgram","floor":25},{"not_picked":["FTL","Steam","AT_HeatAcrobatics","BootSequence"],"picked":"Coolheaded","floor":28},{"not_picked":["Lockon","AT_StudyProgram","Chill","Barrage"],"picked":"MostiFishMod:Distribution","floor":29},{"not_picked":["Steam","Streamline","Leap","Barrage"],"picked":"Storm","floor":31},{"not_picked":["All For One","MostiFishMod:Hijack","MostiFishMod:StarOceanB","Hyperbeam"],"picked":"MostiFishMod:TalkingToTheRain","floor":33},{"not_picked":["White Noise","Compile Driver","AT_EMC2+1","Stack"],"picked":"Capacitor","floor":35},{"not_picked":["MostiFishMod:PushDownKick+1","Cold Snap","Stack","Steam"],"picked":"Ball Lightning+1","floor":36},{"not_picked":["Force Field+1","Steam","Hello World","Go for the Eyes+1"],"picked":"Heatsinks","floor":37},{"not_picked":["MostiFishMod:SupremeArchaeology","testmod-PainDetonator","testmod-Collector","AT_CelerityRune"],"picked":"Panache","floor":38},{"not_picked":["Dramatic Entrance","testmod-Provocation","AT_Homeward","Madness"],"picked":"Flash of Steel","floor":38},{"not_picked":["testmod-RabbitOfFibonacci","Madness","testmod-Recap","Mind Blast"],"picked":"testmod-Reverberation","floor":38},{"not_picked":["Tempest+1","Melter","Streamline+1","Gash","Steam Power"],"picked":"SKIP","floor":39},{"not_picked":["MostiFishMod:PushDownKick","BootSequence","MostiFishMod:ReprogramOld","Hello World+1","Streamline"],"picked":"SKIP","floor":40},{"not_picked":["Fusion","Lockon","Ball Lightning","Darkness","Hello World"],"picked":"SKIP","floor":41},{"not_picked":["Undo","Beam Cell+1","MostiFishMod:PushDownKick+1","Conserve Battery"],"picked":"Coolheaded","floor":44},{"not_picked":["Conserve Battery","Go for the Eyes","Darkness+1","Steam+1"],"picked":"Glacier+1","floor":46},{"not_picked":["Tempest","Sweeping Beam","Beam Cell","MostiFishMod:PushDownKick","Rainbow"],"picked":"SKIP","floor":48},{"not_picked":["Tempest","Sweeping Beam","Beam Cell","MostiFishMod:PushDownKick","Rainbow"],"picked":"SKIP","floor":48},{"not_picked":["Loop","Ball Lightning","MostiFishMod:IceShield","Sunder+1","MostiFishMod:FluxCapactior"],"picked":"SKIP","floor":55}],"player_experience":725540,"relics_obtained":[{"floor":1.0,"key":"SynthV:TestCard"},{"floor":6.0,"key":"Omamori"},{"floor":8.0,"key":"testmod-TurbochargingSystem"},{"floor":14.0,"key":"Dream Catcher"},{"floor":25,"key":"AT_SpeedBoots"},{"floor":26,"key":"Incense Burner"},{"floor":29,"key":"StrikeDummy"},{"floor":40,"key":"Ancient Tea Set"},{"floor":43,"key":"CaptainsWheel"},{"floor":44,"key":"AT_RabadonDeathcap"},{"floor":46,"key":"SynthV:C4"},{"floor":55,"key":"Pear"}],"event_choices":[{"damage_healed":0.0,"max_hp_gain":5.0,"max_hp_loss":0.0,"gold_gain":0.0,"event_name":"Big Fish","player_choice":"Donut","floor":2.0,"gold_loss":0.0,"damage_taken":0.0},{"damage_healed":0.0,"max_hp_gain":0.0,"max_hp_loss":0.0,"gold_gain":0.0,"event_name":"betterThird:BetterScrap","player_choice":"Relic ","floor":12.0,"gold_loss":0.0,"damage_taken":18.0,"cards_obtained":["AT_WomanClash"]},{"damage_healed":0.0,"max_hp_gain":0.0,"max_hp_loss":0.0,"gold_gain":0.0,"event_name":"Drug Dealer","player_choice":"Inject Mutagens","floor":19.0,"gold_loss":0.0,"damage_taken":0.0,"relics_obtained":["MutagenicStrength"]},{"damage_healed":0,"gold_gain":0,"player_choice":"Memory 3","damage_taken":10,"max_hp_gain":0,"max_hp_loss":0,"event_name":"SensoryStone","floor":38,"gold_loss":0},{"damage_healed":0,"gold_gain":0,"cards_transformed":["Defend_B"],"player_choice":"Transformed","damage_taken":0,"max_hp_gain":0,"max_hp_loss":0,"event_name":"Transmorgrifier","floor":47,"gold_loss":0,"cards_obtained":["MostiFishMod:SeaWaves"]}],"is_beta":false,"boss_relics":[{"not_picked":["Transparent","testmod-IncinerationGenerator"],"picked":"RhineSuit"},{"not_picked":["TimeKeys","JellyFishMachine"],"picked":"testmod-SaigiyounoYou"}],"items_purged_floors":[4,30,45],"is_endless":false,"potions_floor_spawned":[8,11,14,20,25,28,31,33,36,37,41,44,48,55],"ascension_level":20}}