{"host":"j4g6ia6asvpyu2b0","time":1612270573,"event":{"mods":["BaseMod","Colored Map","Minty Spire (QoL Compilation)","Permanent Neow","Quick Restart","Relic Stats","StSLib","Unceasing Turn Reminder"],"gold_per_floor":[369,379,397,129,129,161,161,198,198,222,222,242,242,261,261,371,371,396,423,452,461,74,117,117,155,155,155,192,216,216,253,253,360,360,380,406,406,427,448,448,480,539,539,539,384,404,404,404,404,404,404,404,30,59,59,59],"floor_reached":55,"language":"ENG","playtime":1572,"items_purged":["Injury","Writhe"],"score":1234,"play_id":"3ae057ca-69a2-4d73-b29d-f87cddde5080","local_time":"20210202055613","is_ascension_mode":true,"campfire_choices":[{"data":"Dagger Spray","floor":7.0,"key":"SMITH"},{"data":"Noxious Fumes","floor":13.0,"key":"SMITH"},{"data":"Cloak And Dagger","floor":15.0,"key":"SMITH"},{"floor":24.0,"key":"REST"},{"data":"Corpse Explosion","floor":27.0,"key":"SMITH"},{"data":"Terror","floor":32.0,"key":"SMITH"},{"floor":40,"key":"REST"},{"data":"A Thousand Cuts","floor":44,"key":"SMITH"},{"data":"Apotheosis","floor":47,"key":"SMITH"},{"floor":49,"key":"RECALL"},{"data":"Crippling Poison","floor":52,"key":"SMITH"}],"circlet_count":0,"master_deck":["Strike_G","Strike_G","Strike_G","Strike_G+1","Defend_G","Defend_G","Defend_G","Defend_G","Defend_G","Survivor","Neutralize+1","Dagger Spray+1","Backstab","Flying Knee","Infinite Blades","Predator","Noxious Fumes+1","Cloak And Dagger+1","Flying Knee","Dagger Throw","Corpse Explosion+1","Infinite Blades","Leg Sweep","PiercingWail","Infinite Blades","Leg Sweep","Footwork+1","Terror+1","Crippling Poison+1","A Thousand Cuts+1","Deadly Poison+1","Acrobatics","Backflip","Distraction+1","Quick Slash+1","Apotheosis+1","PiercingWail","Dodge and Roll","Noxious Fumes","Secret Technique"],"relics":["Ring of the Snake","PreservedInsect","Shuriken","CeramicFish","Pear","Philosopher\u0027s Stone","Anchor","Kunai","Potion Belt","Bottled Lightning","Akabeko","MutagenicStrength","Bronze Scales","Busted Crown","Singing Bowl","Mango","Ninja Scroll","Eternal Feather"],"acts_visited":["Exordium","TheCity","TheBeyond","TheEnding"],"potions_floor_usage":[39,55,55,55,55],"damage_taken":[{"damage":2.0,"enemies":"Cultist","floor":1.0,"turns":5.0},{"damage":0.0,"enemies":"2 Louse","floor":2.0,"turns":2.0},{"damage":0.0,"enemies":"Small Slimes","floor":3.0,"turns":2.0},{"damage":19.0,"enemies":"Lagavulin","floor":6.0,"turns":6.0},{"damage":6.0,"enemies":"3 Sentries","floor":8.0,"turns":4.0},{"damage":0.0,"enemies":"2 Fungi Beasts","floor":10.0,"turns":4.0},{"damage":3.0,"enemies":"3 Louse","floor":12.0,"turns":3.0},{"damage":6.0,"enemies":"Lots of Slimes","floor":14.0,"turns":3.0},{"damage":16.0,"enemies":"Slime Boss","floor":16.0,"turns":6.0},{"damage":24.0,"enemies":"2 Thieves","floor":18.0,"turns":4.0},{"damage":5.0,"enemies":"Chosen","floor":19.0,"turns":3.0},{"damage":19.0,"enemies":"3 Cultists","floor":20.0,"turns":4.0},{"damage":0.0,"enemies":"Gremlin Leader","floor":23.0,"turns":5.0},{"damage":16.0,"enemies":"Book of Stabbing","floor":25.0,"turns":3.0},{"damage":4.0,"enemies":"Slavers","floor":28.0,"turns":2.0},{"damage":0.0,"enemies":"Sentry and Sphere","floor":29.0,"turns":1.0},{"damage":0.0,"enemies":"Book of Stabbing","floor":31.0,"turns":4.0},{"damage":20.0,"enemies":"Automaton","floor":33.0,"turns":9.0},{"damage":0,"enemies":"3 Shapes","floor":35,"turns":3},{"damage":0,"enemies":"3 Darklings","floor":36,"turns":2},{"damage":43,"enemies":"Maw","floor":38,"turns":6},{"damage":28,"enemies":"Spire Growth","floor":39,"turns":5},{"damage":9,"enemies":"Giant Head","floor":41,"turns":6},{"damage":5,"enemies":"Mind Bloom Boss Battle","floor":42,"turns":7},{"damage":0,"enemies":"Jaw Worm Horde","floor":46,"turns":1},{"damage":35,"enemies":"Donu and Deca","floor":50,"turns":8},{"damage":33,"enemies":"Shield and Spear","floor":54,"turns":3},{"damage":76,"enemies":"The Heart","floor":55,"turns":3}],"seed_played":"-5785500163690107613","potions_obtained":[{"floor":6.0,"key":"Energy Potion"},{"floor":8.0,"key":"GhostInAJar"},{"floor":10.0,"key":"Fruit Juice"},{"floor":12.0,"key":"Energy Potion"},{"floor":16.0,"key":"CunningPotion"},{"floor":28.0,"key":"PowerPotion"},{"floor":29.0,"key":"BlessingOfTheForge"},{"floor":38,"key":"AttackPotion"},{"floor":39,"key":"Poison Potion"},{"floor":46,"key":"EssenceOfSteel"}],"is_trial":false,"path_per_floor":["M","M","M","$","?","E","R","E","T","M","?","M","R","M","R","B",null,"M","M","M","?","$","E","R","E","T","R","E","M","?","E","R","B",null,"M","M","?","M","M","R","E","?","T","R","$","M","R","$","R","B",null,"R","$","E","B"],"character_chosen":"THE_SILENT","items_purchased":["PreservedInsect","Infinite Blades","Kunai","Infinite Blades","Apotheosis","PowerPotion","DuplicationPotion","Dodge and Roll","Noxious Fumes","Secret Technique"],"campfire_rested":2,"item_purchase_floors":[4,4,22,22,45,53,53,53,53,53],"current_hp_per_floor":[61,61,61,61,54,35,35,29,39,44,27,24,24,18,18,2,64,40,35,16,16,16,16,41,25,25,25,21,21,21,21,21,1,64,64,64,95,52,24,52,45,54,54,54,54,54,54,54,54,19,88,88,88,57,0,0],"gold":59,"neow_bonus":"TWO_FIFTY_GOLD","is_daily":false,"chose_seed":false,"campfire_upgraded":8,"win_rate":0.0,"timestamp":1612270573,"path_taken":["M","M","M","$","?","E","R","E","T","M","?","M","R","M","R","BOSS","M","M","M","?","$","E","R","E","T","R","E","M","?","E","R","BOSS","M","M","?","M","?","R","E","?","T","R","$","M","R","$","R","BOSS","R","$","E","BOSS"],"items_purchased_type":["Relic","Card","Relic","Card","Card","Potion","Potion","Card","Card","Card"],"build_version":"2020-12-22","purchased_purges":2,"victory":false,"max_hp_per_floor":[70,70,70,70,70,70,70,70,80,85,85,85,85,85,85,85,85,85,85,85,85,85,85,85,85,85,85,85,85,85,85,85,85,85,85,85,95,95,95,95,97,111,111,111,111,111,111,111,111,111,111,111,111,113,113,113],"relic_stats":{"Busted Crown":16,"Singing Bowl":4,"counters":[28,114],"Shuriken":[64],"CeramicFish":234,"Bronze Scales":[153],"Eternal Feather":0,"PreservedInsect":443,"Kunai":[49],"obtain_stats":[{"Potion Belt":23,"Pear":9,"Singing Bowl":41,"CeramicFish":8,"Mango":42,"Eternal Feather":54,"PreservedInsect":4,"Akabeko":28,"Anchor":21,"Busted Crown":34,"Shuriken":6,"Ninja Scroll":43,"MutagenicStrength":30,"Bronze Scales":31,"Philosopher\u0027s Stone":17,"Kunai":22,"Bottled Lightning":25,"Ring of the Snake":0},{"Potion Belt":13,"Pear":5,"Singing Bowl":23,"CeramicFish":5,"Mango":24,"Eternal Feather":27,"PreservedInsect":3,"Akabeko":15,"Anchor":12,"Busted Crown":18,"Shuriken":4,"Ninja Scroll":24,"MutagenicStrength":16,"Bronze Scales":17,"Philosopher\u0027s Stone":9,"Kunai":12,"Bottled Lightning":14,"Ring of the Snake":0},{"Potion Belt":51,"Pear":19,"Singing Bowl":92,"CeramicFish":19,"Mango":99,"Eternal Feather":111,"PreservedInsect":9,"Akabeko":56,"Anchor":46,"Busted Crown":70,"Shuriken":15,"Ninja Scroll":99,"MutagenicStrength":57,"Bronze Scales":61,"Philosopher\u0027s Stone":35,"Kunai":46,"Bottled Lightning":54,"Ring of the Snake":0}],"Ring of the Snake":[56]},"card_choices":[{"not_picked":["Bane","Underhanded Strike"],"picked":"Dagger Spray","floor":1.0},{"not_picked":["Eviscerate","Prepared"],"picked":"Backstab","floor":2.0},{"not_picked":["Dodge and Roll","Catalyst"],"picked":"Flying Knee","floor":3.0},{"not_picked":["Outmaneuver","Distraction"],"picked":"Predator","floor":6.0},{"not_picked":["Envenom","Acrobatics"],"picked":"Noxious Fumes","floor":8.0},{"not_picked":["Dagger Throw","Bane"],"picked":"Cloak And Dagger","floor":10.0},{"not_picked":["Prepared","Expertise"],"picked":"Flying Knee","floor":12.0},{"not_picked":["Dodge and Roll","Eviscerate"],"picked":"Dagger Throw","floor":14.0},{"not_picked":["Doppelganger","Unload"],"picked":"Corpse Explosion","floor":16.0},{"not_picked":["Caltrops","Bouncing Flask"],"picked":"Infinite Blades","floor":18.0},{"not_picked":["Outmaneuver","Sucker Punch"],"picked":"Leg Sweep","floor":19.0},{"not_picked":["Acrobatics","Quick Slash"],"picked":"PiercingWail","floor":20.0},{"not_picked":["Storm of Steel","Deadly Poison"],"picked":"Leg Sweep","floor":23.0},{"not_picked":["Deadly Poison","All Out Attack"],"picked":"Footwork+1","floor":25.0},{"not_picked":["Deflect","Quick Slash"],"picked":"Wraith Form v2","floor":28.0},{"not_picked":["Backstab","Slice+1"],"picked":"Terror","floor":29.0},{"not_picked":["PiercingWail","Leg Sweep"],"picked":"Crippling Poison","floor":31.0},{"not_picked":["Phantasmal Killer","Unload"],"picked":"A Thousand Cuts","floor":33.0},{"not_picked":[],"picked":"Deadly Poison+1","floor":35},{"not_picked":[],"picked":"Acrobatics","floor":36},{"not_picked":[],"picked":"Backflip","floor":38},{"not_picked":[],"picked":"Distraction+1","floor":39},{"not_picked":["Deflect"],"picked":"Singing Bowl","floor":41},{"not_picked":[],"picked":"Quick Slash+1","floor":42},{"not_picked":[],"picked":"PiercingWail","floor":46},{"not_picked":["Dagger Spray+1"],"picked":"Singing Bowl","floor":54}],"player_experience":1096816,"relics_obtained":[{"floor":6.0,"key":"Shuriken"},{"floor":8.0,"key":"CeramicFish"},{"floor":9.0,"key":"Pear"},{"floor":23.0,"key":"Potion Belt"},{"floor":25.0,"key":"Bottled Lightning"},{"floor":28.0,"key":"Akabeko"},{"floor":31.0,"key":"Bronze Scales"},{"floor":41,"key":"Singing Bowl"},{"floor":42,"key":"Mango"},{"floor":43,"key":"Ninja Scroll"},{"floor":54,"key":"Eternal Feather"}],"event_choices":[{"cards_removed":["Strike_G"],"damage_healed":0.0,"max_hp_gain":0.0,"max_hp_loss":0.0,"gold_gain":0.0,"event_name":"Golden Wing","player_choice":"Card Removal","floor":5.0,"gold_loss":0.0,"damage_taken":7.0},{"damage_healed":0.0,"max_hp_gain":0.0,"max_hp_loss":0.0,"gold_gain":0.0,"event_name":"Shining Light","player_choice":"Entered Light","floor":11.0,"gold_loss":0.0,"damage_taken":17.0,"cards_upgraded":["Neutralize","Strike_G"]},{"damage_healed":0.0,"max_hp_gain":0.0,"max_hp_loss":0.0,"gold_gain":0.0,"event_name":"The Mausoleum","player_choice":"Opened","floor":21.0,"gold_loss":0.0,"damage_taken":0.0,"relics_obtained":["Anchor"],"cards_obtained":["Writhe"]},{"damage_healed":0.0,"max_hp_gain":0.0,"max_hp_loss":0.0,"gold_gain":0.0,"event_name":"Drug Dealer","player_choice":"Inject Mutagens","floor":30.0,"gold_loss":0.0,"damage_taken":0.0,"relics_obtained":["MutagenicStrength"]},{"cards_removed":["Wraith Form v2"],"damage_healed":21,"gold_gain":0,"player_choice":"Offered Rare","damage_taken":0,"max_hp_gain":10,"max_hp_loss":0,"event_name":"Bonfire Elementals","floor":37,"gold_loss":0},{"damage_healed":0,"gold_gain":0,"player_choice":"Fight","damage_taken":0,"max_hp_gain":0,"max_hp_loss":0,"event_name":"MindBloom","floor":42,"gold_loss":0}],"is_beta":false,"boss_relics":[{"not_picked":["Pandora\u0027s Box","Calling Bell"],"picked":"Philosopher\u0027s Stone"},{"not_picked":["Black Star","SacredBark"],"picked":"Busted Crown"}],"items_purged_floors":[4,22],"is_endless":false,"potions_floor_spawned":[6,8,10,12,16,19,20,28,29,38,39,46],"killed_by":"The Heart","ascension_level":8}}