{"host":"xrk7zhg70ipmpx3n","time":1612239267,"event":{"mods":["BaseMod","Colored Map","Downfall","Highlight Path","Minty Spire (QoL Compilation)","StSLib"],"gold_per_floor":[112,112,125,136,154,179,199,211,211,224,242,261,261,261,261,261,261],"floor_reached":16,"language":"ENG","playtime":1138,"items_purged":[],"score":108,"play_id":"7e6c95e7-54a4-4b62-aa28-df747e9c0773","local_time":"20210202141427","is_ascension_mode":false,"campfire_choices":[{"data":"Barricade","floor":13,"key":"SMITH"},{"data":"Body Slam","floor":15,"key":"SMITH"}],"circlet_count":0,"master_deck":["Strike_R","Strike_R","Strike_R","Strike_R","Strike_R","Defend_R","Defend_R","Defend_R","Defend_R","Bash","Reaper","Shrug It Off","Warcry","Barricade+1","Body Slam+1","Thunderclap","Thunderclap","Reckless Charge","Clothesline","Twin Strike"],"relics":["Burning Blood","NeowsBlessing","CaptainsWheel","Eternal Feather","Peace Pipe"],"acts_visited":["Exordium"],"potions_floor_usage":[],"damage_taken":[{"damage":0,"enemies":"2 Louse","floor":1,"turns":1},{"damage":0,"enemies":"Cultist","floor":3,"turns":1},{"damage":0,"enemies":"Jaw Worm","floor":4,"turns":1},{"damage":25,"enemies":"Lots of Slimes","floor":5,"turns":3},{"damage":51,"enemies":"3 Sentries","floor":6,"turns":12},{"damage":0,"enemies":"Large Slime","floor":7,"turns":15},{"damage":11,"enemies":"3 Louse","floor":8,"turns":3},{"damage":14,"enemies":"Blue Slaver","floor":10,"turns":8},{"damage":10,"enemies":"2 Fungi Beasts","floor":11,"turns":5},{"damage":7,"enemies":"Looter","floor":12,"turns":5},{"damage":62,"enemies":"Hexaghost","floor":16,"turns":15}],"seed_played":"-8308153095566404485","potions_obtained":[{"floor":3,"key":"DistilledChaos"},{"floor":5,"key":"LiquidBronze"},{"floor":7,"key":"ElixirPotion"}],"is_trial":false,"path_per_floor":["M","?","M","M","M","E","M","M","T","M","M","M","R","?","R","B"],"character_chosen":"IRONCLAD","items_purchased":[],"campfire_rested":0,"item_purchase_floors":[],"current_hp_per_floor":[80,80,80,80,71,38,45,40,40,32,28,31,43,43,55,0,0],"gold":261,"neow_bonus":"THREE_ENEMY_KILL","is_daily":false,"chose_seed":false,"campfire_upgraded":2,"win_rate":0.0,"timestamp":1612239267,"path_taken":["M","?","M","?","?","E","M","M","T","M","M","M","R","?","R","BOSS"],"items_purchased_type":[],"build_version":"2020-12-22","purchased_purges":0,"victory":false,"max_hp_per_floor":[80,80,80,80,80,80,80,80,80,80,80,80,80,80,80,80,80],"card_choices":[{"not_picked":["Anger","Shockwave"],"picked":"Thunderclap","floor":1},{"not_picked":["Clothesline","Headbutt"],"picked":"Shrug It Off","floor":3},{"not_picked":["Battle Trance","Bloodletting"],"picked":"Warcry","floor":4},{"not_picked":["Reckless Charge","Iron Wave"],"picked":"Barricade","floor":5},{"not_picked":["Hemokinesis","Burning Pact"],"picked":"Body Slam","floor":6},{"not_picked":["Intimidate","Shrug It Off"],"picked":"Thunderclap","floor":7},{"not_picked":["Power Through","Flex"],"picked":"Thunderclap","floor":8},{"not_picked":["Flame Barrier","Shockwave"],"picked":"Reckless Charge","floor":10},{"not_picked":["Heavy Blade","Inflame"],"picked":"Clothesline","floor":11},{"not_picked":["Second Wind","Brutality"],"picked":"Twin Strike","floor":12}],"player_experience":22598,"relics_obtained":[{"floor":6,"key":"CaptainsWheel"},{"floor":9,"key":"Eternal Feather"}],"event_choices":[{"damage_healed":0,"gold_gain":0,"player_choice":"1 cards matched","damage_taken":0,"max_hp_gain":0,"max_hp_loss":0,"event_name":"Match and Keep!","floor":2,"gold_loss":0,"cards_obtained":["Reaper"]},{"cards_removed":["Thunderclap"],"damage_healed":0,"gold_gain":0,"player_choice":"Gave Card","damage_taken":0,"relics_obtained":["Peace Pipe"],"max_hp_gain":0,"max_hp_loss":0,"event_name":"WeMeetAgain","floor":14,"gold_loss":0}],"is_beta":false,"boss_relics":[],"items_purged_floors":[],"is_endless":false,"potions_floor_spawned":[3,5,7,8],"killed_by":"Hexaghost","ascension_level":0}}