{"host":"7tvb1em0d2fx72q7","time":1612242697,"event":{"mods":["BaseMod","Challenge The Spire","Minty Spire (QoL Compilation)","StSLib","everything is the same but u backflip on backflip"],"gold_per_floor":[117,136,150,167,180,180,194,229,255,255,255,274,304,331,331,403,403,418,418,428,444,462,462,462],"floor_reached":23,"language":"ENG","playtime":2105,"items_purged":[],"score":514,"play_id":"c04b8384-a7a5-4dbf-b703-3bcd8e3bc4fd","local_time":"20210202001137","is_ascension_mode":true,"campfire_choices":[{"floor":6.0,"key":"REST"},{"floor":10.0,"key":"REST"},{"floor":15.0,"key":"REST"}],"circlet_count":0,"master_deck":["AscendersBane","Bash","Clothesline","Shockwave","Fire Breathing","Rampage","Immolate","Ghostly Armor","Second Wind","Power Through","Armaments","Offering","Dark Embrace","Double Tap","Wild Strike","Rage","Iron Wave","Body Slam","Thunderclap","True Grit"],"relics":["Snecko Eye","Bag of Preparation","Art of War","Odd Mushroom","Omamori","Pandora\u0027s Box","Tiny Chest"],"acts_visited":["Exordium","TheCity"],"potions_floor_usage":[20,22],"damage_taken":[{"damage":8.0,"enemies":"2 Louse","floor":1.0,"turns":4.0},{"damage":0.0,"enemies":"Small Slimes","floor":2.0,"turns":2.0},{"damage":1.0,"enemies":"Cultist","floor":3.0,"turns":4.0},{"damage":35.0,"enemies":"Gremlin Gang","floor":4.0,"turns":4.0},{"damage":3.0,"enemies":"3 Louse","floor":5.0,"turns":3.0},{"damage":6.0,"enemies":"2 Fungi Beasts","floor":7.0,"turns":3.0},{"damage":17.0,"enemies":"3 Sentries","floor":8.0,"turns":5.0},{"damage":0.0,"enemies":"Blue Slaver","floor":12.0,"turns":1.0},{"damage":0.0,"enemies":"The Mushroom Lair","floor":13.0,"turns":2.0},{"damage":20.0,"enemies":"Lagavulin","floor":14.0,"turns":5.0},{"damage":0,"enemies":"Slime Boss","floor":16,"turns":5},{"damage":14,"enemies":"Spheric Guardian","floor":18,"turns":4},{"damage":6,"enemies":"3 Byrds","floor":20,"turns":3},{"damage":9,"enemies":"Snecko","floor":21,"turns":5},{"damage":39,"enemies":"Snake Plant","floor":22,"turns":4},{"damage":16,"enemies":"Slavers","floor":23,"turns":1}],"seed_played":"-7530929035775524032","potions_obtained":[{"floor":5.0,"key":"Energy Potion"},{"floor":7.0,"key":"SteroidPotion"},{"floor":13.0,"key":"Explosive Potion"},{"floor":21,"key":"BloodPotion"}],"is_trial":false,"path_per_floor":["M","M","M","M","M","R","M","E","T","R","?","M","?","E","R","B",null,"M","?","M","M","M","E"],"character_chosen":"IRONCLAD","items_purchased":[],"campfire_rested":3,"item_purchase_floors":[],"current_hp_per_floor":[60,60,59,24,21,43,37,20,20,42,35,35,35,15,37,37,66,52,52,46,37,13,0,0],"gold":462,"neow_bonus":"BOSS_RELIC","is_daily":false,"chose_seed":false,"campfire_upgraded":0,"win_rate":0.0,"timestamp":1612242697,"path_taken":["M","M","M","M","M","R","M","E","T","R","?","M","?","E","R","BOSS","M","?","M","?","M","E"],"items_purchased_type":[],"build_version":"2020-12-22","purchased_purges":0,"victory":false,"max_hp_per_floor":[75,75,75,75,75,75,75,75,75,75,75,75,75,75,75,75,75,75,75,75,75,75,75,75],"card_choices":[{"not_picked":["Heavy Blade","Body Slam"],"picked":"Clothesline","floor":1.0},{"not_picked":["Reckless Charge","Intimidate","Thunderclap"],"picked":"SKIP","floor":2.0},{"not_picked":["Entrench","Clothesline"],"picked":"Shockwave","floor":3.0},{"not_picked":["Infernal Blade","Twin Strike"],"picked":"Fire Breathing","floor":4.0},{"not_picked":["Second Wind","Flex"],"picked":"Rampage","floor":5.0},{"not_picked":["Clothesline","Anger"],"picked":"Immolate","floor":7.0},{"not_picked":["Heavy Blade","Metallicize"],"picked":"Ghostly Armor","floor":8.0},{"not_picked":["Dropkick","Anger"],"picked":"Second Wind","floor":12.0},{"not_picked":["Metallicize","Whirlwind"],"picked":"Power Through","floor":13.0},{"not_picked":["Inflame","Sword Boomerang"],"picked":"Armaments","floor":14.0},{"not_picked":["Juggernaut","Corruption"],"picked":"Offering","floor":16},{"not_picked":["Heavy Blade","Clothesline"],"picked":"True Grit","floor":18},{"not_picked":["Dual Wield","Iron Wave+1","Headbutt"],"picked":"SKIP","floor":20},{"not_picked":["Dual Wield","Iron Wave+1","Headbutt"],"picked":"SKIP","floor":20},{"not_picked":["Pommel Strike","Anger","Perfected Strike+1"],"picked":"SKIP","floor":21},{"not_picked":["Twin Strike","Sword Boomerang","Wild Strike+1"],"picked":"SKIP","floor":22}],"player_experience":1995925,"relics_obtained":[{"floor":8.0,"key":"Bag of Preparation"},{"floor":9.0,"key":"Art of War"},{"floor":13.0,"key":"Odd Mushroom"},{"floor":14.0,"key":"Omamori"}],"event_choices":[{"cards_removed":["Strike_R"],"damage_healed":0.0,"max_hp_gain":0.0,"max_hp_loss":0.0,"gold_gain":0.0,"event_name":"Golden Wing","player_choice":"Card Removal","floor":11.0,"gold_loss":0.0,"damage_taken":7.0},{"damage_healed":0.0,"max_hp_gain":0.0,"max_hp_loss":0.0,"gold_gain":0.0,"event_name":"Mushrooms","player_choice":"Fought Mushrooms","floor":13.0,"gold_loss":0.0,"damage_taken":0.0},{"cards_removed":["Rupture"],"damage_healed":0,"gold_gain":0,"player_choice":"Gave Card","damage_taken":0,"relics_obtained":["Tiny Chest"],"max_hp_gain":0,"max_hp_loss":0,"event_name":"WeMeetAgain","floor":19,"gold_loss":0}],"is_beta":false,"boss_relics":[{"not_picked":["Runic Dome","SacredBark"],"picked":"Pandora\u0027s Box"}],"items_purged_floors":[],"is_endless":false,"potions_floor_spawned":[5,7,8,13,14,21],"killed_by":"Slavers","ascension_level":20}}