{"host":"nwd160me4iqdtr8u","time":1612265617,"event":{"mods":["AchievementEnabler","Act Like it!","BaseMod","Colored Map","DeckTracker","Keyboard Shortcuts","Minty Spire (QoL Compilation)","Quick Restart","Rare Cards Sparkle","Smile Girya","StSLib","SuperFastMode","everything is the same but u backflip on backflip"],"gold_per_floor":[110,120,120,133,150,177,177,177,177,19,34,34,34,50,50,128,128,148,148,166,56,73,73,85,0,0,0,0],"floor_reached":27,"language":"KOR","playtime":677,"items_purged":[],"score":430,"play_id":"6a0945e2-72a9-442a-ac0b-e067cfc2e64c","local_time":"20210202203337","is_ascension_mode":true,"campfire_choices":[{"data":"Bullet Time","floor":7.0,"key":"SMITH"},{"data":"Bouncing Flask","floor":15.0,"key":"SMITH"},{"data":"Crippling Poison","floor":23,"key":"SMITH"}],"circlet_count":0,"master_deck":["AscendersBane","Strike_G","Strike_G","Defend_G","Defend_G","Defend_G","Defend_G","Defend_G","Survivor","Neutralize","Bullet Time+1","Crippling Poison+1","Bouncing Flask+1","Dagger Spray","Quick Slash","Calculated Gamble","Corpse Explosion","Dash","Poisoned Stab","Choke","Catalyst+1","Crippling Poison","PiercingWail+1"],"relics":["Ring of the Snake","Blood Vial","Bottled Lightning","Coffee Dripper","Omamori"],"acts_visited":["Exordium","TheCity"],"potions_floor_usage":[],"damage_taken":[{"damage":6.0,"enemies":"Jaw Worm","floor":1.0,"turns":6.0},{"damage":2.0,"enemies":"Cultist","floor":2.0,"turns":5.0},{"damage":6.0,"enemies":"Small Slimes","floor":4.0,"turns":3.0},{"damage":3.0,"enemies":"Exordium Wildlife","floor":5.0,"turns":4.0},{"damage":12.0,"enemies":"Lagavulin","floor":6.0,"turns":5.0},{"damage":0.0,"enemies":"2 Fungi Beasts","floor":11.0,"turns":2.0},{"damage":7.0,"enemies":"Exordium Thugs","floor":14.0,"turns":3.0},{"damage":18.0,"enemies":"Hexaghost","floor":16.0,"turns":8.0},{"damage":8.0,"enemies":"Chosen","floor":18.0,"turns":5.0},{"damage":12,"enemies":"2 Thieves","floor":20,"turns":2},{"damage":27,"enemies":"Snake Plant","floor":22,"turns":5},{"damage":9,"enemies":"Centurion and Healer","floor":24,"turns":3},{"damage":8,"enemies":"Snecko","floor":27,"turns":2}],"seed_played":"5093402553667967831","potions_obtained":[{"floor":1.0,"key":"Block Potion"},{"floor":2.0,"key":"FearPotion"},{"floor":11.0,"key":"FearPotion"},{"floor":14.0,"key":"Strength Potion"},{"floor":24,"key":"AttackPotion"}],"is_trial":false,"path_per_floor":["M","M","?","M","M","E","R","?","T","$","M","?","$","M","R","B",null,"M","?","M","?","M","R","M","?","T","M"],"character_chosen":"THE_SILENT","items_purchased":["Corpse Explosion"],"campfire_rested":0,"item_purchase_floors":[10],"current_hp_per_floor":[53,51,51,45,42,30,30,30,30,30,32,32,32,27,27,11,52,46,46,36,36,11,11,4,4,4,0,0],"gold":0,"neow_bonus":"ONE_RANDOM_RARE_CARD","is_daily":false,"chose_seed":false,"campfire_upgraded":3,"win_rate":0.0,"timestamp":1612265617,"path_taken":["M","M","?","M","?","E","R","?","T","?","M","?","$","?","R","BOSS","M","?","M","?","?","R","M","?","T","M"],"items_purchased_type":["Card"],"build_version":"2020-12-22","purchased_purges":0,"victory":false,"max_hp_per_floor":[66,66,66,66,66,66,66,66,66,66,66,66,66,66,66,66,66,66,66,66,66,66,66,66,66,66,66,66],"card_choices":[{"not_picked":["Footwork","Bane"],"picked":"Crippling Poison","floor":1.0},{"not_picked":["Blade Dance","PiercingWail"],"picked":"Bouncing Flask","floor":2.0},{"not_picked":["Accuracy","Skewer"],"picked":"Dagger Spray","floor":4.0},{"not_picked":["Caltrops","Dagger Spray"],"picked":"Quick Slash","floor":5.0},{"not_picked":["Sucker Punch","Cloak And Dagger"],"picked":"Calculated Gamble","floor":6.0},{"not_picked":["Masterful Stab","Dodge and Roll"],"picked":"Dash","floor":11.0},{"not_picked":["Dodge and Roll","Prepared"],"picked":"Poisoned Stab","floor":14.0},{"not_picked":["Sucker Punch","Reflex"],"picked":"Choke","floor":18.0},{"not_picked":["Blade Dance","Cloak And Dagger","Poisoned Stab"],"picked":"SKIP","floor":20},{"not_picked":["Prepared","Blade Dance"],"picked":"Crippling Poison","floor":22},{"not_picked":["Cloak And Dagger","Accuracy"],"picked":"PiercingWail+1","floor":24}],"player_experience":373451,"relics_obtained":[{"floor":6.0,"key":"Blood Vial"},{"floor":9.0,"key":"Bottled Lightning"},{"floor":26,"key":"Omamori"}],"event_choices":[{"cards_removed":["Strike_G"],"damage_healed":0.0,"max_hp_gain":0.0,"max_hp_loss":0.0,"gold_gain":0.0,"event_name":"Purifier","player_choice":"Purged","floor":3.0,"gold_loss":0.0,"damage_taken":0.0},{"damage_healed":0.0,"max_hp_gain":0.0,"max_hp_loss":0.0,"gold_gain":0.0,"event_name":"Dead Adventurer","player_choice":"Searched \u00270\u0027 times","floor":8.0,"gold_loss":0.0,"damage_taken":0.0},{"cards_removed":["Strike_G"],"damage_healed":0.0,"max_hp_gain":0.0,"max_hp_loss":0.0,"gold_gain":0.0,"event_name":"Purifier","player_choice":"Purged","floor":12.0,"gold_loss":0.0,"damage_taken":0.0},{"damage_healed":0.0,"max_hp_gain":0.0,"max_hp_loss":0.0,"gold_gain":0.0,"event_name":"The Library","player_choice":"Read","floor":19.0,"gold_loss":0.0,"damage_taken":0.0,"cards_obtained":["Catalyst"]},{"cards_removed":["Strike_G"],"damage_healed":0,"gold_gain":0,"player_choice":"Upgrade and Remove","damage_taken":0,"max_hp_gain":0,"max_hp_loss":0,"event_name":"Designer","floor":21,"gold_loss":110,"cards_upgraded":["Catalyst"]},{"damage_healed":0,"gold_gain":0,"player_choice":"Paid Fearfully","damage_taken":0,"max_hp_gain":0,"max_hp_loss":0,"event_name":"Masked Bandits","floor":25,"gold_loss":85}],"is_beta":false,"boss_relics":[{"not_picked":["Sozu","SacredBark"],"picked":"Coffee Dripper"}],"items_purged_floors":[],"is_endless":false,"potions_floor_spawned":[1,2,11,14,24],"killed_by":"Snecko","ascension_level":20}}