{"host":"i9z6y8pcdeu2qxnx","time":1612237723,"event":{"mods":["BaseMod","Colored Map","Googly Eyes","Highlight Path","Minty Spire (QoL Compilation)","Replay The Spire","StSLib"],"gold_per_floor":[114,124,137,137,150,177,177,177,200,242,273,285,325,356,368,476,488,515,527,341,355,49,83,103,132,132,132,166,166,183,200,200,299,299,309,362,362,412,432,432,464,78,78,111,111,111,142,2,2,2],"floor_reached":51,"language":"ENG","playtime":5169,"items_purged":[],"score":986,"play_id":"3ceccd09-b621-4e3f-980d-3b32d184f2a9","local_time":"20210201224843","daily_mods":["Cursed Run","ControlledChaos","Elite Swarm"],"is_ascension_mode":false,"campfire_choices":[{"floor":8.0,"key":"REST"},{"data":"Ragnarok","floor":12.0,"key":"SMITH"},{"data":"Eruption","floor":12.0,"key":"SMITH"},{"data":"Consecrate","floor":15.0,"key":"SMITH"},{"data":"Consecrate","floor":15.0,"key":"SMITH"},{"floor":27.0,"key":"REST"},{"data":"Ragnarok","floor":32.0,"key":"SMITH"},{"data":"Devotion","floor":32.0,"key":"SMITH"},{"data":"Weave","floor":40,"key":"SMITH"},{"data":"FlurryOfBlows","floor":40,"key":"SMITH"},{"data":"ReachHeaven","floor":45,"key":"SMITH"},{"data":"DevaForm","floor":45,"key":"SMITH"},{"floor":49,"key":"DIG"}],"circlet_count":0,"master_deck":["Strike_P","Strike_P","Strike_P","Strike_P","Defend_P","Defend_P","Defend_P","Defend_P","Eruption+1","Vigilance","Consecrate+1","EmptyMind","Evaluate","ReachHeaven+1","Ragnarok+1","Defend_G","Amnesia","DevaForm+1","Consecrate+1","ConjureBlade","FollowUp","Sickly","Ragnarok+1","CurseOfTheBell","ThirdEye+1","Sickly","Apotheosis+1","FlurryOfBlows+1","Pray+1","DeusExMachina+1","Devotion+1","Shame","Vault+1","Evaluate+1","ClearTheMind+1","ReplayTheSpireMod:Restless Dread","Establishment","AbeCurse","BowlingBash+1","Weave+1","Protect+1","DeusExMachina+1","Shame","Wish+1","Replay:Bootleg Shield Generator+1","Panache","Sadistic Nature","Master of Strategy+1","ReplayTheSpireMod:Restless Dread"],"relics":["Cursed Key","Darkstone Periapt","Du-Vu Doll","Frozen Eye","Bottled Lightning","Toy Ornithopter","MawBank","Replay:Arrowhead","Anchor","Calling Bell","Lantern","Toxic Egg 2","FossilizedHelix","ReplayTheSpireMod:CursedCoin","TungstenRod","Regal Pillow","PreservedInsect","Garlic","Replay:Purple Gloves","MutagenicStrength","Abe\u0027s Treasure","Bird Faced Urn","Girya","Durian","Membership Card","Ginger","Happy Flower","Quantum Egg","Eternal Feather","Centennial Puzzle","Blood Vial","ReplayTheSpireMod:ShopPack","Replay:Baseball"],"acts_visited":["Exordium","TheCity","TheBeyond"],"potions_floor_usage":[50,50],"damage_taken":[{"damage":3.0,"enemies":"Jaw Worm","floor":1.0,"turns":4.0},{"damage":2.0,"enemies":"Small Slimes","floor":2.0,"turns":3.0},{"damage":0.0,"enemies":"2 Louse","floor":3.0,"turns":2.0},{"damage":1.0,"enemies":"Lots of Slimes","floor":5.0,"turns":4.0},{"damage":25.0,"enemies":"Lagavulin","floor":6.0,"turns":7.0},{"damage":0.0,"enemies":"Gremlin Nob","floor":10.0,"turns":2.0},{"damage":4.0,"enemies":"Looter","floor":11.0,"turns":2.0},{"damage":7.0,"enemies":"3 Sentries","floor":13.0,"turns":4.0},{"damage":0.0,"enemies":"Gremlin Gang","floor":14.0,"turns":3.0},{"damage":6.0,"enemies":"Fading Forest","floor":16.0,"turns":11.0},{"damage":0.0,"enemies":"Chosen","floor":18.0,"turns":3.0},{"damage":0.0,"enemies":"3 Byrds","floor":21.0,"turns":3.0},{"damage":21.0,"enemies":"Slavers","floor":23.0,"turns":3.0},{"damage":0.0,"enemies":"Centurion and Healer","floor":24.0,"turns":2.0},{"damage":10.0,"enemies":"Gremlin Leader","floor":25.0,"turns":6.0},{"damage":18.0,"enemies":"Replay:Snechameleon","floor":28.0,"turns":5.0},{"damage":0.0,"enemies":"3 Cultists","floor":30.0,"turns":3.0},{"damage":0.0,"enemies":"Snake Plant","floor":31.0,"turns":1.0},{"damage":0.0,"enemies":"Champ","floor":33.0,"turns":4.0},{"damage":2.0,"enemies":"3 Shapes","floor":35.0,"turns":2.0},{"damage":20.0,"enemies":"2 Orb Walkers","floor":36.0,"turns":4.0},{"damage":0.0,"enemies":"Mind Bloom Boss Battle","floor":38.0,"turns":2.0},{"damage":8.0,"enemies":"3 Darklings","floor":39.0,"turns":3.0},{"damage":0,"enemies":"Reptomancer","floor":41,"turns":2},{"damage":6,"enemies":"Nemesis","floor":44,"turns":3},{"damage":0,"enemies":"R_Hoarder","floor":47,"turns":4},{"damage":4,"enemies":"Replay:Hell Engine","floor":50,"turns":8}],"seed_played":"1755965129206618883","potions_obtained":[{"floor":2.0,"key":"Reflective Coating"},{"floor":5.0,"key":"EssenceOfSteel"},{"floor":6.0,"key":"LiquidMemories"},{"floor":13.0,"key":"Elixir"},{"floor":21.0,"key":"FearPotion"},{"floor":23.0,"key":"BottledMiracle"},{"floor":24.0,"key":"Dexterity Potion"},{"floor":35.0,"key":"LifebloodPotion"},{"floor":38.0,"key":"Elixir"}],"is_trial":true,"path_per_floor":["M","M","M","T","M","E","?","R","T","E","M","R","E","M","R_BF","B",null,"M","?","$","M","$","E","M","E","T","R","E","?","M","M","R","B",null,"M","?","?","?","M","R","E","$","T","E","R","?","E","$","R_BF","B",null],"character_chosen":"WATCHER","items_purchased":["ReplayTheSpireMod:CursedCoin","Apotheosis+1","FlurryOfBlows","PowerPotion","LiquidBronze","TungstenRod","Membership Card","Ginger","Happy Flower","Blood Vial","ReplayTheSpireMod:ShopPack"],"campfire_rested":2,"item_purchase_floors":[20,20,20,20,20,22,42,42,42,48,48],"current_hp_per_floor":[69,67,67,73,72,47,47,70,76,81,77,77,70,70,70,70,96,96,96,102,102,102,81,81,71,77,108,90,90,95,95,95,106,120,118,98,98,98,94,94,101,101,107,103,127,123,125,125,131,133],"gold":2,"neow_bonus":"","is_daily":false,"chose_seed":false,"campfire_upgraded":10,"win_rate":0.0,"timestamp":1612237723,"path_taken":["M","M","M","?","M","E","?","R","T","E","M","R","E","M","R_BF","BOSS","M","?","$","M","$","E","M","E","T","R","E","?","M","M","R","BOSS","M","?","?","?","M","R","E","$","T","E","R","?","E","$","R_BF","BOSS"],"items_purchased_type":["Relic","Card","Card","Potion","Potion","Relic","Relic","Relic","Relic","Relic","Relic"],"build_version":"2020-12-22","purchased_purges":0,"victory":true,"max_hp_per_floor":[72,72,72,78,78,78,78,78,84,84,84,84,84,84,84,90,96,96,96,102,102,102,102,102,102,108,108,108,108,108,108,108,114,120,120,120,120,120,120,120,125,125,131,131,131,131,131,131,131,137],"card_choices":[{"not_picked":["EmptyFist","FlurryOfBlows"],"picked":"Consecrate","floor":1.0},{"not_picked":["Wireheading","SandsOfTime"],"picked":"EmptyMind","floor":2.0},{"not_picked":["EmptyMind","CrushJoints"],"picked":"Evaluate","floor":3.0},{"not_picked":["CarveReality","Replay:Cycle"],"picked":"ReachHeaven","floor":5.0},{"not_picked":["Scrawl","Blasphemy"],"picked":"Ragnarok","floor":6.0},{"not_picked":["Vault","Brilliance"],"picked":"DevaForm","floor":10.0},{"not_picked":["Replay:Vibes","FlyingSleeves"],"picked":"Consecrate","floor":11.0},{"not_picked":["Blasphemy","Replay:LoomingThreat"],"picked":"ConjureBlade","floor":13.0},{"not_picked":["Crescendo","Consecrate"],"picked":"FollowUp","floor":14.0},{"not_picked":["ConjureBlade","Blasphemy"],"picked":"Ragnarok","floor":16.0},{"not_picked":["Replay:Vibes+1","Vengeance+1"],"picked":"ThirdEye+1","floor":18.0},{"not_picked":["Evaluate+1","PathToVictory+1"],"picked":"Pray+1","floor":21.0},{"not_picked":["Ragnarok","ConjureBlade+1"],"picked":"DeusExMachina+1","floor":23.0},{"not_picked":["SashWhip","Crescendo+1","EmptyFist"],"picked":"SKIP","floor":24.0},{"not_picked":["Brilliance","Judgement+1"],"picked":"Devotion","floor":25.0},{"not_picked":["Scrawl+1","Replay:LoomingThreat"],"picked":"Vault+1","floor":28.0},{"not_picked":["Replay:ManipulateFuture+1","Replay:DivineShield+1"],"picked":"Evaluate+1","floor":30.0},{"not_picked":["Evaluate+1","Conclude"],"picked":"ClearTheMind+1","floor":31.0},{"not_picked":["LessonLearned","Alpha+1"],"picked":"Establishment","floor":33.0},{"not_picked":["Crescendo+1","Study+1"],"picked":"BowlingBash+1","floor":35.0},{"not_picked":["CrushJoints","WreathOfFlame+1"],"picked":"Weave","floor":36.0},{"not_picked":["Vengeance+1","Replay:BluntJabs+1"],"picked":"Protect+1","floor":39},{"not_picked":["Alpha+1","Blasphemy+1"],"picked":"DeusExMachina+1","floor":41},{"not_picked":["Omniscience+1","Scrawl+1"],"picked":"Wish+1","floor":44},{"not_picked":["Replay:BasicMightCard","Mayhem"],"picked":"Replay:Bootleg Shield Generator+1","floor":46},{"not_picked":["MasterReality","Replay:AllIn+1","Vault+1"],"picked":"SKIP","floor":47},{"not_picked":["ReplayTheSpireMod:Necrogeddon","ReplayTheSpireMod:Brewmster"],"picked":"Panache","floor":48},{"not_picked":["ReplayTheSpireMod:Private Reserves","Specialist"],"picked":"Sadistic Nature","floor":48},{"not_picked":["Apotheosis","Secret Weapon"],"picked":"Master of Strategy","floor":48}],"player_experience":983306,"relics_obtained":[{"floor":4.0,"key":"Bottled Lightning"},{"floor":6.0,"key":"Toy Ornithopter"},{"floor":9.0,"key":"MawBank"},{"floor":10.0,"key":"Replay:Arrowhead"},{"floor":13.0,"key":"Anchor"},{"floor":17.0,"key":"Lantern"},{"floor":17.0,"key":"Toxic Egg 2"},{"floor":17.0,"key":"FossilizedHelix"},{"floor":23.0,"key":"Regal Pillow"},{"floor":25.0,"key":"PreservedInsect"},{"floor":26.0,"key":"Garlic"},{"floor":28.0,"key":"Replay:Purple Gloves"},{"floor":36.0,"key":"Bird Faced Urn"},{"floor":38.0,"key":"Girya"},{"floor":41,"key":"Durian"},{"floor":43,"key":"Quantum Egg"},{"floor":44,"key":"Eternal Feather"},{"floor":47,"key":"Centennial Puzzle"},{"floor":49,"key":"Replay:Baseball"}],"event_choices":[{"cards_removed":["ReplayTheSpireMod:Splinters"],"damage_healed":0.0,"max_hp_gain":0.0,"max_hp_loss":0.0,"gold_gain":0.0,"event_name":"NoteForYourself","player_choice":"Took Card","floor":7.0,"gold_loss":0.0,"damage_taken":0.0,"cards_obtained":["Defend_G"]},{"damage_healed":0.0,"max_hp_gain":0.0,"max_hp_loss":0.0,"gold_gain":0.0,"event_name":"Ghosts","player_choice":"Ignored","floor":19.0,"gold_loss":0.0,"damage_taken":0.0},{"damage_healed":0.0,"max_hp_gain":0.0,"max_hp_loss":0.0,"gold_gain":0.0,"event_name":"Drug Dealer","player_choice":"Inject Mutagens","floor":29.0,"gold_loss":0.0,"damage_taken":0.0,"relics_obtained":["MutagenicStrength"]},{"damage_healed":0.0,"max_hp_gain":0.0,"max_hp_loss":0.0,"gold_gain":0.0,"event_name":"Mysterious Sphere","player_choice":"Fight","floor":36.0,"gold_loss":0.0,"damage_taken":0.0},{"damage_healed":0.0,"max_hp_gain":0.0,"max_hp_loss":0.0,"gold_gain":0.0,"event_name":"Tomb of Lord Red Mask","player_choice":"Ignored","floor":37.0,"gold_loss":0.0,"damage_taken":0.0},{"damage_healed":0.0,"max_hp_gain":0.0,"max_hp_loss":0.0,"gold_gain":0.0,"event_name":"MindBloom","player_choice":"Fight","floor":38.0,"gold_loss":0.0,"damage_taken":0.0},{"damage_healed":0,"gold_gain":0,"player_choice":"Memory 2","damage_taken":5,"max_hp_gain":0,"max_hp_loss":0,"event_name":"SensoryStone","floor":46,"gold_loss":0}],"is_beta":false,"boss_relics":[{"not_picked":["Astrolabe","Snecko Heart"],"picked":"Calling Bell"},{"not_picked":["Replay:Bronze Core","SlaversCollar"],"picked":"Abe\u0027s Treasure"}],"items_purged_floors":[],"is_endless":false,"potions_floor_spawned":[2,5,6,13,14,21,23,24,28,35,38,41,47],"ascension_level":0}}