{"host":"d52brwsy6af8zvaq","time":1612296211,"event":{"mods":["AchievementEnabler","BaseMod","Bestiary","Highlight Path","Minty Spire (QoL Compilation)","Quick Restart","Relic Stats","ojb\u0027s Better Paths Mod"],"gold_per_floor":[112,125,135,145,145,180,198,198,198,0,25,25,42,70,70,141,141,156,166,180,20,20,20,20,40,40,72,72,103,103,120,120,194,194,206,222,14,14,14,14,42,42,42,69,83,83,109,5,5,5,5,5],"floor_reached":51,"language":"ENG","playtime":2710,"items_purged":["Pain","Strike_G","Strike_G"],"score":1611,"play_id":"08024bba-9532-47dc-a1aa-2ebd9c5f6f2f","local_time":"20210202130331","is_ascension_mode":true,"campfire_choices":[{"floor":8.0,"key":"REST"},{"data":"Crippling Poison","floor":12.0,"key":"SMITH"},{"data":"Deadly Poison","floor":15.0,"key":"SMITH"},{"data":"Corpse Explosion","floor":23.0,"key":"SMITH"},{"floor":28.0,"key":"REST"},{"floor":30.0,"key":"REST"},{"data":"Crippling Poison","floor":32.0,"key":"SMITH"},{"floor":40.0,"key":"RECALL"},{"data":"Calculated Gamble","floor":42.0,"key":"SMITH"},{"data":"Catalyst","floor":46.0,"key":"SMITH"},{"data":"Backflip","floor":49.0,"key":"SMITH"}],"circlet_count":0,"master_deck":["AscendersBane","Strike_G","Strike_G","Defend_G","Defend_G","Defend_G","Defend_G","Defend_G","Survivor","Neutralize","Crippling Poison+1","Finisher","Slice","Blade Dance","Escape Plan","Backflip+1","Catalyst+1","Dagger Throw","Deadly Poison+1","Corpse Explosion+1","PiercingWail","Tactician","All Out Attack","Cloak And Dagger","Skewer+1","Crippling Poison+1","After Image","Backflip","Calculated Gamble+1","PiercingWail","Well Laid Plans","Dash","Unload","Dodge and Roll","Prepared"],"relics":["Ring of the Snake","WarpedTongs","Matryoshka","Ancient Tea Set","Pear","Membership Card","HornCleat","Gremlin Horn","Philosopher\u0027s Stone","TwistedFunnel","Pantograph","Paper Crane","Bronze Scales","Bird Faced Urn","SlaversCollar","Tingsha","InkBottle","Centennial Puzzle","Du-Vu Doll"],"acts_visited":["Exordium","TheCity","TheBeyond"],"potions_floor_usage":[51],"damage_taken":[{"damage":0.0,"enemies":"Jaw Worm","floor":1.0,"turns":6.0},{"damage":0.0,"enemies":"Cultist","floor":2.0,"turns":4.0},{"damage":0.0,"enemies":"2 Louse","floor":3.0,"turns":2.0},{"damage":7.0,"enemies":"Lots of Slimes","floor":4.0,"turns":3.0},{"damage":31.0,"enemies":"Gremlin Nob","floor":6.0,"turns":4.0},{"damage":11.0,"enemies":"Looter","floor":7.0,"turns":4.0},{"damage":11.0,"enemies":"Lagavulin","floor":11.0,"turns":10.0},{"damage":2.0,"enemies":"Exordium Wildlife","floor":13.0,"turns":3.0},{"damage":12.0,"enemies":"3 Sentries","floor":14.0,"turns":9.0},{"damage":13.0,"enemies":"The Guardian","floor":16.0,"turns":9.0},{"damage":7.0,"enemies":"2 Thieves","floor":18.0,"turns":4.0},{"damage":16.0,"enemies":"Chosen","floor":19.0,"turns":5.0},{"damage":7.0,"enemies":"Sentry and Sphere","floor":20.0,"turns":4.0},{"damage":14.0,"enemies":"Shelled Parasite and Fungi","floor":25.0,"turns":4.0},{"damage":19.0,"enemies":"Book of Stabbing","floor":27.0,"turns":5.0},{"damage":11.0,"enemies":"Gremlin Leader","floor":29.0,"turns":4.0},{"damage":1.0,"enemies":"Cultist and Chosen","floor":31.0,"turns":3.0},{"damage":11.0,"enemies":"Collector","floor":33.0,"turns":6.0},{"damage":2.0,"enemies":"3 Darklings","floor":35.0,"turns":4.0},{"damage":0.0,"enemies":"Orb Walker","floor":36.0,"turns":3.0},{"damage":23.0,"enemies":"Giant Head","floor":41.0,"turns":7.0},{"damage":0.0,"enemies":"Nemesis","floor":44.0,"turns":5.0},{"damage":0.0,"enemies":"Maw","floor":45.0,"turns":6.0},{"damage":1.0,"enemies":"Reptomancer","floor":47.0,"turns":5.0},{"damage":39.0,"enemies":"Awakened One","floor":50.0,"turns":17.0},{"damage":75,"enemies":"Time Eater","floor":51,"turns":12}],"seed_played":"-6605678483149170193","potions_obtained":[{"floor":2.0,"key":"Poison Potion"},{"floor":11.0,"key":"LiquidBronze"},{"floor":13.0,"key":"GamblersBrew"},{"floor":14.0,"key":"Block Potion"},{"floor":18.0,"key":"BlessingOfTheForge"},{"floor":25.0,"key":"FearPotion"},{"floor":29.0,"key":"SkillPotion"},{"floor":33.0,"key":"AttackPotion"},{"floor":44.0,"key":"AttackPotion"},{"floor":47.0,"key":"CultistPotion"}],"is_trial":false,"path_per_floor":["M","M","M","M","?","E","M","R","T","$","E","R","M","E","R","B",null,"M","M","M","$","?","R","?","M","T","E","R","E","R","M","R","B",null,"M","M","$","?","$","R","E","R","T","E","M","R","E","$","R","B","B"],"character_chosen":"THE_SILENT","items_purchased":["Membership Card","TwistedFunnel","Cloak And Dagger","Calculated Gamble","Tingsha","Dodge and Roll","Prepared"],"campfire_rested":3,"item_purchase_floors":[10,21,21,37,37,48,48],"current_hp_per_floor":[65,65,65,58,58,27,16,37,47,47,36,36,34,22,22,9,64,57,41,34,34,34,34,34,20,20,1,25,14,38,37,37,51,74,74,74,74,74,74,74,53,53,53,55,57,57,60,60,60,46,0,0],"gold":5,"neow_bonus":"TEN_PERCENT_HP_BONUS","is_daily":false,"chose_seed":false,"campfire_upgraded":7,"win_rate":0.0,"timestamp":1612296211,"path_taken":["M","M","M","M","?","E","M","R","T","$","E","R","M","E","R","BOSS","M","M","?","$","?","R","?","M","T","E","R","E","R","M","R","BOSS","M","M","?","?","?","R","E","R","T","E","?","R","E","$","R","BOSS","BOSS"],"items_purchased_type":["Relic","Relic","Card","Card","Relic","Card","Card"],"build_version":"2020-12-22","purchased_purges":3,"victory":false,"max_hp_per_floor":[72,72,72,72,72,72,72,72,82,82,82,82,82,82,82,82,82,82,82,82,82,82,82,82,82,82,82,82,82,82,82,82,82,82,82,82,82,82,82,82,82,82,82,82,82,82,82,82,82,82,82,82],"relic_stats":{"Centennial Puzzle":[9],"Gremlin Horn":[14,14],"counters":[26,148],"Pantograph":72,"Bronze Scales":[242],"Bird Faced Urn":[19],"Tingsha":[196],"obtain_stats":[{"TwistedFunnel":21,"Pear":9,"Gremlin Horn":14,"Tingsha":37,"Paper Crane":26,"Ancient Tea Set":9,"WarpedTongs":5,"Du-Vu Doll":47,"SlaversCollar":34,"Centennial Puzzle":44,"Matryoshka":6,"HornCleat":11,"Pantograph":26,"Bronze Scales":27,"Bird Faced Urn":29,"Philosopher\u0027s Stone":17,"Membership Card":10,"InkBottle":41,"Ring of the Snake":0},{"TwistedFunnel":13,"Pear":6,"Gremlin Horn":9,"Tingsha":20,"Paper Crane":14,"Ancient Tea Set":6,"WarpedTongs":4,"Du-Vu Doll":24,"SlaversCollar":18,"Centennial Puzzle":22,"Matryoshka":5,"HornCleat":7,"Pantograph":14,"Bronze Scales":15,"Bird Faced Urn":16,"Philosopher\u0027s Stone":10,"Membership Card":6,"InkBottle":21,"Ring of the Snake":0},{"TwistedFunnel":67,"Pear":23,"Gremlin Horn":45,"Tingsha":96,"Paper Crane":71,"Ancient Tea Set":23,"WarpedTongs":15,"Du-Vu Doll":119,"SlaversCollar":89,"Centennial Puzzle":108,"Matryoshka":19,"HornCleat":33,"Pantograph":71,"Bronze Scales":76,"Bird Faced Urn":80,"Philosopher\u0027s Stone":54,"Membership Card":23,"InkBottle":103,"Ring of the Snake":0}],"InkBottle":[24],"Ring of the Snake":[52],"WarpedTongs":[133]},"card_choices":[{"not_picked":["Deadly Poison","Slice"],"picked":"Crippling Poison","floor":1.0},{"not_picked":["Acrobatics","Outmaneuver"],"picked":"Finisher","floor":2.0},{"not_picked":["Blur","Bullet Time"],"picked":"Slice","floor":3.0},{"not_picked":["Poisoned Stab","Prepared"],"picked":"Blade Dance","floor":4.0},{"not_picked":["Deflect","Slice"],"picked":"Escape Plan","floor":6.0},{"not_picked":["Choke","Dagger Throw"],"picked":"Backflip","floor":7.0},{"not_picked":["Deadly Poison","Storm of Steel"],"picked":"Catalyst","floor":11.0},{"not_picked":["Outmaneuver","Acrobatics"],"picked":"Dagger Throw","floor":13.0},{"not_picked":["Bane","Prepared"],"picked":"Deadly Poison","floor":14.0},{"not_picked":["Envenom","Storm of Steel"],"picked":"Corpse Explosion","floor":16.0},{"not_picked":["Outmaneuver","Masterful Stab"],"picked":"PiercingWail","floor":18.0},{"not_picked":["Flying Knee","Slice"],"picked":"Tactician","floor":19.0},{"not_picked":["Endless Agony+1","Dagger Throw"],"picked":"All Out Attack","floor":20.0},{"not_picked":["Sucker Punch","Tactician","Heel Hook"],"picked":"SKIP","floor":25.0},{"not_picked":["Bane","Quick Slash+1","Dagger Spray"],"picked":"SKIP","floor":27.0},{"not_picked":["Heel Hook","Masterful Stab"],"picked":"Skewer+1","floor":29.0},{"not_picked":["Deflect","Glass Knife"],"picked":"Crippling Poison","floor":31.0},{"not_picked":["Phantasmal Killer","Unload"],"picked":"After Image","floor":33.0},{"not_picked":["Sucker Punch","Underhanded Strike"],"picked":"Backflip","floor":35.0},{"not_picked":["All Out Attack","Deadly Poison","Setup"],"picked":"SKIP","floor":36.0},{"not_picked":["Dodge and Roll","Masterful Stab"],"picked":"PiercingWail","floor":41.0},{"not_picked":["Poisoned Stab","Masterful Stab"],"picked":"Well Laid Plans","floor":44.0},{"not_picked":["Underhanded Strike","PiercingWail"],"picked":"Dash","floor":45.0},{"not_picked":["Choke","Well Laid Plans"],"picked":"Unload","floor":47.0}],"player_experience":2127766,"relics_obtained":[{"floor":6.0,"key":"Matryoshka"},{"floor":9.0,"key":"Ancient Tea Set"},{"floor":9.0,"key":"Pear"},{"floor":11.0,"key":"HornCleat"},{"floor":14.0,"key":"Gremlin Horn"},{"floor":26.0,"key":"Pantograph"},{"floor":26.0,"key":"Paper Crane"},{"floor":27.0,"key":"Bronze Scales"},{"floor":29.0,"key":"Bird Faced Urn"},{"floor":41.0,"key":"InkBottle"},{"floor":44.0,"key":"Centennial Puzzle"},{"floor":47.0,"key":"Du-Vu Doll"}],"event_choices":[{"damage_healed":0.0,"max_hp_gain":0.0,"max_hp_loss":0.0,"gold_gain":0.0,"event_name":"Accursed Blacksmith","player_choice":"Rummage","floor":5.0,"gold_loss":0.0,"damage_taken":0.0,"relics_obtained":["WarpedTongs"],"cards_obtained":["Pain"]},{"damage_healed":0.0,"max_hp_gain":0.0,"max_hp_loss":0.0,"gold_gain":0.0,"event_name":"Vampires","player_choice":"Ignored","floor":22.0,"gold_loss":0.0,"damage_taken":0.0},{"damage_healed":0.0,"max_hp_gain":0.0,"max_hp_loss":0.0,"gold_gain":0.0,"cards_transformed":["Strike_G"],"event_name":"Transmorgrifier","player_choice":"Transformed","floor":24.0,"gold_loss":0.0,"damage_taken":0.0,"cards_obtained":["Choke"]},{"cards_removed":["Choke"],"damage_healed":0.0,"max_hp_gain":0.0,"max_hp_loss":0.0,"gold_gain":0.0,"event_name":"Falling","player_choice":"Removed Attack","floor":38.0,"gold_loss":0.0,"damage_taken":0.0}],"is_beta":false,"boss_relics":[{"not_picked":["Astrolabe","Pandora\u0027s Box"],"picked":"Philosopher\u0027s Stone"},{"not_picked":["Fusion Hammer","Runic Pyramid"],"picked":"SlaversCollar"}],"items_purged_floors":[10,21,48],"is_endless":false,"potions_floor_spawned":[2,11,13,14,18,25,29,33,44,47],"killed_by":"Time Eater","ascension_level":20}}