{"host":"w19xfkufc0k7hkek","time":1612303607,"event":{"mods":["BaseMod","Better Third Choice","Colored Map","Colored Powertips","Downfall","Highlight Path","Minty Spire (QoL Compilation)","Rare Cards Sparkle","Relic Stats","Replay The Spire","StSLib"],"gold_per_floor":[116,126,138,149,51,51,51,76,152,186,199,215,247,264,264,359,359,369,379,379,379,379],"floor_reached":21,"language":"ENG","playtime":2538,"items_purged":[],"score":308,"play_id":"7b300eb8-f849-4a21-a32c-197cf65cfefe","local_time":"20210202150647","is_ascension_mode":true,"campfire_choices":[{"data":"Armaments","floor":6,"key":"SMITH"},{"data":"Bash","floor":15,"key":"SMITH"}],"circlet_count":0,"master_deck":["Strike_R","Strike_R","Strike_R","Defend_R","Defend_R","Defend_R","Defend_R","Bash+1","Flex","Spot Weakness","Limit Break","Armaments+1","Replay:Sssssssssshield","Cleave","Replay:Many Hands","Whirlwind","Reaper","CurseOfTheBell","Pommel Strike+1"],"relics":["Burning Blood","Dead Branch","Self Forming Clay","Toy Ornithopter","ReplayTheSpireMod:Spearhead","Calling Bell","Strawberry","Letter Opener","Torii"],"acts_visited":["Exordium","TheCity"],"potions_floor_usage":[8,10,16,21,21,21],"damage_taken":[{"damage":16,"enemies":"Cultist","floor":1,"turns":4},{"damage":6,"enemies":"2 Louse","floor":2,"turns":3},{"damage":3,"enemies":"Small Slimes","floor":3,"turns":4},{"damage":7,"enemies":"2 Fungi Beasts","floor":4,"turns":4},{"damage":32,"enemies":"Lagavulin","floor":8,"turns":10},{"damage":1,"enemies":"3 Sentries","floor":10,"turns":6},{"damage":7,"enemies":"Looter","floor":11,"turns":4},{"damage":11,"enemies":"Exordium Thugs","floor":12,"turns":4},{"damage":12,"enemies":"Lagavulin","floor":13,"turns":7},{"damage":1,"enemies":"Red Slaver","floor":14,"turns":3},{"damage":27,"enemies":"The Guardian","floor":16,"turns":8},{"damage":34,"enemies":"2 Thieves","floor":18,"turns":4},{"damage":11,"enemies":"Chosen","floor":19,"turns":6},{"damage":9,"enemies":"Snake Plant","floor":21,"turns":5}],"seed_played":"8733841865924996168","potions_obtained":[{"floor":2,"key":"Doom Potion"},{"floor":4,"key":"Fire Potion"},{"floor":10,"key":"Ancient Potion"},{"floor":13,"key":"Dexterity Potion"},{"floor":16,"key":"LiquidBronze"},{"floor":18,"key":"EssenceOfSteel"}],"is_trial":false,"path_per_floor":["M","M","M","M","$","R","?","E","T","E","M","M","E","M","R","B",null,"M","M","?","M"],"character_chosen":"IRONCLAD","items_purchased":["Replay:Sssssssssshield"],"campfire_rested":0,"item_purchase_floors":[5],"current_hp_per_floor":[62,62,65,64,64,64,80,54,54,59,58,53,47,52,52,36,76,48,43,43,49,49],"gold":379,"neow_bonus":"TRANSFORM_CARD","is_daily":false,"chose_seed":false,"campfire_upgraded":2,"win_rate":0.0,"timestamp":1612303607,"path_taken":["M","M","M","M","?","R","?","E","T","E","M","?","E","M","R","BOSS","M","M","?","?"],"items_purchased_type":["Card"],"build_version":"2020-12-22","purchased_purges":0,"victory":false,"max_hp_per_floor":[80,80,80,80,80,80,80,80,80,80,80,80,80,80,80,80,87,87,87,87,87,87],"relic_stats":{"Torii":3,"counters":[14,72],"Self Forming Clay":[60],"Dead Branch":[48],"Letter Opener":[29],"obtain_stats":[{"Calling Bell":17,"ReplayTheSpireMod:Spearhead":13,"Torii":17,"Self Forming Clay":9,"Dead Branch":8,"Strawberry":17,"Letter Opener":17,"Burning Blood":0,"Toy Ornithopter":10},{"Calling Bell":11,"ReplayTheSpireMod:Spearhead":9,"Torii":11,"Self Forming Clay":5,"Dead Branch":5,"Strawberry":11,"Letter Opener":11,"Burning Blood":0,"Toy Ornithopter":6},{"Calling Bell":57,"ReplayTheSpireMod:Spearhead":46,"Torii":57,"Self Forming Clay":25,"Dead Branch":25,"Strawberry":57,"Letter Opener":57,"Burning Blood":0,"Toy Ornithopter":31}],"Burning Blood":78,"Toy Ornithopter":20},"card_choices":[{"not_picked":["Havoc","Run Through"],"picked":"Flex","floor":1},{"not_picked":["Armaments","Hemokinesis"],"picked":"Spot Weakness","floor":2},{"not_picked":["ReplayTheSpireMod:Muscle Training","Armaments"],"picked":"Limit Break","floor":3},{"not_picked":["Life Link","Body Slam"],"picked":"Armaments","floor":4},{"not_picked":["Twin Strike","Uppercut"],"picked":"Cleave","floor":8},{"not_picked":["ReplayTheSpireMod:Strike From Hell","Havoc","Clothesline"],"picked":"SKIP","floor":10},{"not_picked":["Fire Breathing","Havoc"],"picked":"Replay:Many Hands","floor":11},{"not_picked":["Havoc","Rampage","Twin Strike"],"picked":"SKIP","floor":12},{"not_picked":["True Grit","Anger"],"picked":"Whirlwind","floor":13},{"not_picked":["ReplayTheSpireMod:LeadingStrike","Anger","Run Through"],"picked":"SKIP","floor":14},{"not_picked":["Exhume","Demon Form"],"picked":"Reaper","floor":16},{"not_picked":["ReplayTheSpireMod:Strike From Hell+1","Perfected Strike+1"],"picked":"Pommel Strike+1","floor":18},{"not_picked":["ReplayTheSpireMod:Corrosion Curse","Cleave","Reckless Charge"],"picked":"SKIP","floor":19}],"player_experience":439010,"relics_obtained":[{"floor":8,"key":"Dead Branch"},{"floor":9,"key":"Self Forming Clay"},{"floor":10,"key":"Toy Ornithopter"},{"floor":13,"key":"ReplayTheSpireMod:Spearhead"},{"floor":17,"key":"Strawberry"},{"floor":17,"key":"Letter Opener"},{"floor":17,"key":"Torii"}],"event_choices":[{"cards_removed":["Sentinel"],"damage_healed":16,"gold_gain":0,"player_choice":"Offered Uncommon","damage_taken":0,"max_hp_gain":0,"max_hp_loss":0,"event_name":"Bonfire Elementals","floor":7,"gold_loss":0},{"cards_removed":["Strike_R"],"damage_healed":0,"gold_gain":0,"player_choice":"Purged","damage_taken":0,"max_hp_gain":0,"max_hp_loss":0,"event_name":"Purifier","floor":20,"gold_loss":0}],"is_beta":false,"boss_relics":[{"not_picked":["ReplayTheSpireMod:DimensionalGlitch","SacredBark"],"picked":"Calling Bell"}],"items_purged_floors":[],"is_endless":false,"potions_floor_spawned":[2,4,10,13,16,18],"killed_by":"Snake Plant","ascension_level":7}}