{"host":"rwmcmr2m88k7tuzm","time":1612292352,"event":{"mods":["BaseMod","BetterRewards","Conspire","Downfall","Hubris","Infinite Spire","Minty Spire (QoL Compilation)","Quick Restart","Replay The Spire","Shop Mod","StSLib","SuperFastMode","The Hayseed"],"gold_per_floor":[117,129,146,126,144,144,173,173,173,173,207,0,10,27,27,122,122,122,122],"floor_reached":18,"language":"ENG","playtime":648,"items_purged":[],"score":172,"play_id":"b26b7638-9de8-4431-8466-ffa78066d10a","local_time":"20210202185912","is_ascension_mode":false,"campfire_choices":[{"data":"ReplayReversal","floor":6,"key":"SMITH"},{"floor":8,"key":"REST"},{"floor":10,"key":"REST"},{"floor":15,"key":"REST"}],"circlet_count":0,"master_deck":["Strike_R","Strike_R","Strike_R","Strike_R","Strike_R","Defend_R","Defend_R","Defend_R","Defend_R","Bash","ReplayReversal+1","Rage","Replay:Many Hands"],"relics":["Black Blood","conspire:InfiniteJournal","King of Hearts","ClockworkSouvenir","hubris:TenFootPole","infinitespire:Bottled Soul","Garlic","Centennial Puzzle","Replay:Rubber Ducky"],"acts_visited":["Exordium","TheCity"],"potions_floor_usage":[3,7,7,11,13,16,16],"damage_taken":[{"damage":1,"enemies":"Cultist","floor":1,"turns":3},{"damage":11,"enemies":"Jaw Worm","floor":2,"turns":4},{"damage":1,"enemies":"conspire:RoseBush","floor":3,"turns":4},{"damage":7,"enemies":"Looter","floor":5,"turns":4},{"damage":52,"enemies":"Lagavulin","floor":7,"turns":9},{"damage":33,"enemies":"3 Sentries","floor":11,"turns":11},{"damage":10,"enemies":"Gremlin Gang","floor":13,"turns":6},{"damage":10,"enemies":"Exordium Thugs","floor":14,"turns":5},{"damage":17,"enemies":"The Guardian","floor":16,"turns":11},{"damage":85,"enemies":"Shell Parasite","floor":18,"turns":12}],"seed_played":"-2632062229130529820","potions_obtained":[{"floor":1,"key":"BlessingOfTheForge"},{"floor":4,"key":"SmokeBomb"},{"floor":7,"key":"champ:CounterPotion"},{"floor":13,"key":"PowerPotion"},{"floor":14,"key":"AttackPotion"}],"is_trial":false,"path_per_floor":["M","M","M","?","M","R","E","R","T","R","E","$","M","M","R","B",null,"M"],"character_chosen":"IRONCLAD","items_purchased":["conspire:InfiniteJournal","King of Hearts","ClockworkSouvenir","hubris:TenFootPole","Regen Potion","AttackPotion","Replay:Rubber Ducky","AttackPotion"],"campfire_rested":3,"item_purchase_floors":[0,0,0,0,0,0,12,12],"current_hp_per_floor":[49,44,63,63,62,62,16,40,40,64,37,37,33,29,53,42,80,0,0],"gold":122,"neow_bonus":"","is_daily":false,"chose_seed":false,"campfire_upgraded":1,"win_rate":0.0,"timestamp":1612292352,"path_taken":["M","?","M","?","?","R","E","R","T","R","E","$","M","M","R","BOSS","M"],"items_purchased_type":["Relic","Relic","Relic","Relic","Potion","Potion","Relic","Potion"],"build_version":"2020-12-22","purchased_purges":0,"victory":false,"max_hp_per_floor":[80,80,80,80,80,80,80,80,80,80,80,80,80,80,80,80,80,80,80],"card_choices":[{"not_picked":["Searing Blow","hubris:SharpeningStone","Warcry"],"picked":"SKIP","floor":1},{"not_picked":["Havoc","ReplayTheSpireMod:Stacked"],"picked":"ReplayReversal","floor":2},{"not_picked":["Clothesline","ReplayTheSpireMod:Corrosion Curse"],"picked":"Rage","floor":3},{"not_picked":["ReplayTheSpireMod:Stacked","Havoc","Clash"],"picked":"SKIP","floor":5},{"not_picked":["Armaments","Anger","Warcry"],"picked":"SKIP","floor":7},{"not_picked":["Body Slam","conspire:Charge","Perfected Strike"],"picked":"SKIP","floor":11},{"not_picked":["Rage","Sever Soul","ReplayTheSpireMod:Strike From Hell"],"picked":"SKIP","floor":13},{"not_picked":["Heavy Blade","Dropkick","Havoc"],"picked":"SKIP","floor":14},{"not_picked":["Hemogenesis","Bludgeon"],"picked":"Replay:Many Hands","floor":16}],"player_experience":192933,"relics_obtained":[{"floor":7,"key":"infinitespire:Bottled Soul"},{"floor":9,"key":"Garlic"},{"floor":11,"key":"Centennial Puzzle"}],"event_choices":[{"damage_healed":0,"gold_gain":0,"player_choice":"Bought 1 Potion","damage_taken":0,"max_hp_gain":0,"max_hp_loss":0,"event_name":"The Woman in Blue","floor":4,"gold_loss":0}],"is_beta":false,"boss_relics":[{"not_picked":["Kintsugi","conspire:RoyalGoblet"],"picked":"Black Blood"}],"items_purged_floors":[],"is_endless":false,"potions_floor_spawned":[1,7,13,14],"killed_by":"Shell Parasite","ascension_level":0}}