{"host":"z7p9vpu3tdvnhwui","time":1612296494,"event":{"mods":["2.2 Compatiblity","Act Like it!","BaseMod","Better Third Choice","Colored Powertips","DeckTracker","Defuse TimeMaze Blight","Friendly Minions","Hermit","Hubris","Infinite Spire","Marisa????????","Minty Spire (QoL Compilation)","Quick Restart","Rare Cards Sparkle","Replay The Spire","Robot Space Explorer","Shop Mod","Somnambulant","Spicy Shops","StSLib","The Cursed","The Forsaken","The Necromancer","The Servant 0.9.4","TheSwordswoman"],"gold_per_floor":[118,136,25,125,137,137,169,185,233,252,252,285,303,303,303,406,406,417,417,417,433,113,139,156,156,227,227,302,319,319,334,334,438,438,456,456,469,469,484,484,484],"floor_reached":40,"language":"ENG","playtime":3068,"items_purged":["RobotSpaceExplorer:Strike","RobotSpaceExplorer:Defend","hubris:Disease"],"score":493,"play_id":"5d31f171-fd62-48b9-aed7-dd5fb490da8c","local_time":"20210202200814","is_ascension_mode":false,"campfire_choices":[{"data":"RobotSpaceExplorer:MiniBoosters","floor":6.0,"key":"SMITH"},{"data":"RobotSpaceExplorer:Scanner","floor":11.0,"key":"SMITH"},{"data":"RobotSpaceExplorer:ShovelStrike","floor":15.0,"key":"SMITH"},{"data":"RobotSpaceExplorer:Calculate","floor":25.0,"key":"SMITH"},{"data":"RobotSpaceExplorer:BigMissile","floor":27.0,"key":"SMITH"},{"data":"RobotSpaceExplorer:Accelerator","floor":30.0,"key":"SMITH"},{"floor":32.0,"key":"REST"}],"circlet_count":0,"master_deck":["RobotSpaceExplorer:Strike","RobotSpaceExplorer:Strike+1","RobotSpaceExplorer:Strike","RobotSpaceExplorer:Defend","RobotSpaceExplorer:Defend","RobotSpaceExplorer:Defend","RobotSpaceExplorer:Scan","RobotSpaceExplorer:MiniLasers+1","RobotSpaceExplorer:Calculate+1","RobotSpaceExplorer:MiniBoosters+1","RobotSpaceExplorer:ScrapMissile+1","RobotSpaceExplorer:ShovelStrike+1","RobotSpaceExplorer:GlueShot","RobotSpaceExplorer:MiniDrones","RobotSpaceExplorer:Scanner+1","RobotSpaceExplorer:StunGrenade","RobotSpaceExplorer:StarLightning","RobotSpaceExplorer:Explosion","RobotSpaceExplorer:GlueShot","infinitespire:TheBestDefense","RobotSpaceExplorer:FrostMissile","RobotSpaceExplorer:BigMissile+1","Flash of Steel+1","RobotSpaceExplorer:ImprovisedAttack","RobotSpaceExplorer:JunkDive","RobotSpaceExplorer:ImprovisedAttack+1","RobotSpaceExplorer:PowerCollector+1","RobotSpaceExplorer:Accelerator+1","RobotSpaceExplorer:ScrapToss","RobotSpaceExplorer:ScrapShield+1","RobotSpaceExplorer:Accelerator","RobotSpaceExplorer:SlimeMissile","RobotSpaceExplorer:PowerCollector+1","ReplayTheSpireMod:Brewmster","RobotSpaceExplorer:ScrapMissile","RobotSpaceExplorer:MiniBoosters","RobotSpaceExplorer:ScrapMissile+1","RobotSpaceExplorer:ScrapMissile+1"],"relics":["RobotSpaceExplorer:RoboCore","ReplayTheSpireMod:TigerMarble","Lantern","infinitespire:Lucky Rock","RobotSpaceExplorer:SearchSpecs","hubris:BottledRain","Prayer Wheel","ReplayTheSpireMod:CursedCoin","Potion Belt","Whetstone","hubris:DeckOfHolding","infinitespire:ShieldingShard","hubris:HollowSoul"],"acts_visited":["Exordium","TheCity","TheBeyond"],"potions_floor_usage":[33,33,33,33,40,40],"damage_taken":[{"damage":0.0,"enemies":"Small Slimes","floor":1.0,"turns":3.0},{"damage":10.0,"enemies":"infinitespire:Voidling","floor":2.0,"turns":4.0},{"damage":0.0,"enemies":"Cultist","floor":5.0,"turns":3.0},{"damage":11.0,"enemies":"Replay:BlueRogue","floor":7.0,"turns":4.0},{"damage":0.0,"enemies":"Blue Slaver","floor":8.0,"turns":3.0},{"damage":0.0,"enemies":"Exordium Thugs","floor":10.0,"turns":3.0},{"damage":6.0,"enemies":"3 Sentries","floor":12.0,"turns":5.0},{"damage":0.0,"enemies":"Exordium Wildlife","floor":13.0,"turns":2.0},{"damage":40.0,"enemies":"Slime Boss","floor":16.0,"turns":11.0},{"damage":0.0,"enemies":"Chosen","floor":18.0,"turns":3.0},{"damage":0.0,"enemies":"Shell Parasite","floor":21.0,"turns":3.0},{"damage":0.0,"enemies":"Book of Stabbing","floor":23.0,"turns":3.0},{"damage":0.0,"enemies":"Cultist and Chosen","floor":24.0,"turns":2.0},{"damage":18.0,"enemies":"Snake Plant","floor":29.0,"turns":3.0},{"damage":5.0,"enemies":"Chosen and Byrds","floor":31.0,"turns":3.0},{"damage":11,"enemies":"hubris:MusketHawk","floor":33,"turns":5},{"damage":0,"enemies":"3 Darklings","floor":35,"turns":4},{"damage":2,"enemies":"Orb Walker","floor":37,"turns":2},{"damage":0,"enemies":"3 Darklings","floor":39,"turns":2},{"damage":20,"enemies":"Nightmare","floor":40,"turns":4}],"seed_played":"-2907740400736144440","potions_obtained":[{"floor":2.0,"key":"Adrenaline Potion"},{"floor":5.0,"key":"Swift Potion"},{"floor":7.0,"key":"Reflective Coating"},{"floor":16.0,"key":"FearPotion"},{"floor":18.0,"key":"ColorlessPotion"},{"floor":21.0,"key":"Dexterity Potion"},{"floor":29.0,"key":"SteroidPotion"},{"floor":31.0,"key":"Explosive Potion"},{"floor":35,"key":"DuplicationPotion"},{"floor":39,"key":"PowerPotion"}],"is_trial":false,"path_per_floor":["M","M","$","?","M","R","E","M","T","M","R","E","M","?","R","B",null,"M","T","AVR","M","$","E","M","R","T","R","?","M","R","M","R","B",null,"M","?","M","?","M","NM"],"character_chosen":"RobotSpaceExplorer","items_purchased":["RobotSpaceExplorer:ScrapMissile+1","ReplayTheSpireMod:CursedCoin","Flash of Steel","Potion Belt","Whetstone","RobotSpaceExplorer:ImprovisedAttack"],"campfire_rested":1,"item_purchase_floors":[3,22,22,22,22,22],"current_hp_per_floor":[75,65,65,65,65,65,54,54,54,54,54,48,48,48,48,8,75,75,75,75,75,75,75,75,75,75,75,68,50,50,45,67,56,75,75,75,73,73,73,0,0],"gold":484,"neow_bonus":"UPGRADE_CARD","is_daily":false,"chose_seed":false,"campfire_upgraded":6,"win_rate":0.0,"timestamp":1612296494,"path_taken":["M","M","$","?","M","R","E","M","T","?","R","E","M","?","R","BOSS","M","?","AVR","M","$","E","M","R","T","R","?","M","R","M","R","BOSS","M","?","M","?","M","NM"],"items_purchased_type":["Card","Relic","Card","Relic","Relic","Card"],"build_version":"2020-12-22","purchased_purges":3,"victory":false,"max_hp_per_floor":[75,75,75,75,75,75,75,75,75,75,75,75,75,75,75,75,75,75,75,75,75,75,75,75,75,75,75,75,75,75,75,75,75,75,75,75,75,75,75,75,75],"card_choices":[{"not_picked":["RobotSpaceExplorer:SwiftStep","RobotSpaceExplorer:SelfCleaning"],"picked":"RobotSpaceExplorer:Calculate","floor":1.0},{"not_picked":["RobotSpaceExplorer:GlueShot","RobotSpaceExplorer:FranticSearch"],"picked":"RobotSpaceExplorer:MiniBoosters","floor":2.0},{"not_picked":["RobotSpaceExplorer:Electroshield","RobotSpaceExplorer:ToxicBomb"],"picked":"RobotSpaceExplorer:ShovelStrike","floor":5.0},{"not_picked":["RobotSpaceExplorer:FranticSearch","RobotSpaceExplorer:Blitz"],"picked":"RobotSpaceExplorer:GlueShot","floor":7.0},{"not_picked":["RobotSpaceExplorer:Fix","RobotSpaceExplorer:StunGrenade"],"picked":"RobotSpaceExplorer:MiniDrones","floor":8.0},{"not_picked":["RobotSpaceExplorer:Calculate","RobotSpaceExplorer:ShovelStrike"],"picked":"RobotSpaceExplorer:Scanner","floor":10.0},{"not_picked":["RobotSpaceExplorer:GlueSpray","RobotSpaceExplorer:SurgingStrike"],"picked":"RobotSpaceExplorer:StunGrenade","floor":12.0},{"not_picked":["RobotSpaceExplorer:ExhaustFan","RobotSpaceExplorer:SurgingShield"],"picked":"RobotSpaceExplorer:StarLightning","floor":13.0},{"not_picked":["RobotSpaceExplorer:Exploration","RobotSpaceExplorer:Arsenal"],"picked":"RobotSpaceExplorer:Explosion","floor":16.0},{"not_picked":["RobotSpaceExplorer:ShockKick+1","RobotSpaceExplorer:MakeshiftVolley"],"picked":"RobotSpaceExplorer:GlueShot","floor":18.0},{"not_picked":["RobotSpaceExplorer:SurgingStrike+1","RobotSpaceExplorer:LuckyStrike"],"picked":"RobotSpaceExplorer:FrostMissile","floor":21.0},{"not_picked":["RobotSpaceExplorer:ShovelStrike","RobotSpaceExplorer:JunkDive"],"picked":"RobotSpaceExplorer:BigMissile","floor":21.0},{"not_picked":["RobotSpaceExplorer:FranticSearch+1","RobotSpaceExplorer:IronShell"],"picked":"RobotSpaceExplorer:JunkDive","floor":23.0},{"not_picked":["RobotSpaceExplorer:StunGrenade+1","RobotSpaceExplorer:MetalStrike"],"picked":"RobotSpaceExplorer:ImprovisedAttack+1","floor":24.0},{"not_picked":["RobotSpaceExplorer:Counterblock","RobotSpaceExplorer:Pulsar+1","RobotSpaceExplorer:SurgingShield"],"picked":"SKIP","floor":24.0},{"not_picked":["RobotSpaceExplorer:Counterblock","RobotSpaceExplorer:GlueShot"],"picked":"RobotSpaceExplorer:PowerCollector+1","floor":29.0},{"not_picked":["RobotSpaceExplorer:Ammunition","RobotSpaceExplorer:FrostMissile"],"picked":"RobotSpaceExplorer:Accelerator","floor":29.0},{"not_picked":["RobotSpaceExplorer:ScrapMissile","RobotSpaceExplorer:SurgingStrike"],"picked":"RobotSpaceExplorer:ScrapToss","floor":31.0},{"not_picked":["RobotSpaceExplorer:Electroshield+1","RobotSpaceExplorer:Probe"],"picked":"RobotSpaceExplorer:ScrapShield+1","floor":31.0},{"not_picked":["RobotSpaceExplorer:Explosion","RobotSpaceExplorer:BlastShield"],"picked":"RobotSpaceExplorer:Accelerator","floor":33},{"not_picked":["RobotSpaceExplorer:DoubleBlock+1","RobotSpaceExplorer:Fix"],"picked":"RobotSpaceExplorer:SlimeMissile","floor":35},{"not_picked":["RobotSpaceExplorer:SurgingStrike+1","RobotSpaceExplorer:ImprovisedAttack"],"picked":"RobotSpaceExplorer:PowerCollector+1","floor":35},{"not_picked":["hubris:Ssssneak","Purity"],"picked":"ReplayTheSpireMod:Brewmster","floor":36},{"not_picked":["RobotSpaceExplorer:Pulsar","RobotSpaceExplorer:SlimeMissile"],"picked":"RobotSpaceExplorer:ScrapMissile","floor":37},{"not_picked":["RobotSpaceExplorer:DoubleFind+1","RobotSpaceExplorer:Ammunition+1"],"picked":"RobotSpaceExplorer:MiniBoosters","floor":37},{"not_picked":["RobotSpaceExplorer:DoubleBlock+1","RobotSpaceExplorer:BigMissile+1"],"picked":"RobotSpaceExplorer:ScrapMissile+1","floor":39},{"not_picked":["RobotSpaceExplorer:SlimeMissile+1","RobotSpaceExplorer:ScrapToss"],"picked":"RobotSpaceExplorer:ScrapMissile+1","floor":39}],"player_experience":658580,"relics_obtained":[{"floor":7.0,"key":"ReplayTheSpireMod:TigerMarble"},{"floor":9.0,"key":"Lantern"},{"floor":12.0,"key":"infinitespire:Lucky Rock"},{"floor":19.0,"key":"hubris:BottledRain"},{"floor":23.0,"key":"hubris:DeckOfHolding"},{"floor":26.0,"key":"infinitespire:ShieldingShard"}],"event_choices":[{"damage_healed":0.0,"max_hp_gain":0.0,"max_hp_loss":0.0,"gold_gain":100.0,"event_name":"Golden Shrine","player_choice":"Pray","floor":4.0,"gold_loss":0.0,"damage_taken":0.0},{"damage_healed":0.0,"max_hp_gain":0.0,"max_hp_loss":0.0,"gold_gain":0.0,"event_name":"NoteForYourself","player_choice":"Ignored","floor":14.0,"gold_loss":0.0,"damage_taken":0.0},{"damage_healed":0.0,"max_hp_gain":0.0,"max_hp_loss":0.0,"gold_gain":75.0,"event_name":"FaceTrader","player_choice":"Touch","floor":28.0,"gold_loss":0.0,"damage_taken":7.0},{"damage_healed":0,"gold_gain":0,"player_choice":"Memory 1","damage_taken":0,"max_hp_gain":0,"max_hp_loss":0,"event_name":"SensoryStone","floor":36,"gold_loss":0}],"is_beta":false,"boss_relics":[{"not_picked":["hubris:Backtick","Runic Pyramid"],"picked":"RobotSpaceExplorer:SearchSpecs"},{"not_picked":["Fusion Hammer","Snecko Eye"],"picked":"hubris:HollowSoul"}],"items_purged_floors":[3,20,22],"is_endless":false,"potions_floor_spawned":[2,5,7,16,18,21,29,31,35,39],"killed_by":"Nightmare","ascension_level":0}}