{"host":"3xls0xm49ftugio7","time":1612300337,"event":{"mods":["2.2 Compatiblity","AchievementEnabler","Act Like it!","BaseMod","Bestiary","Colored Powertips","Downfall","GifTheSpireLib","Minty Spire (QoL Compilation)","Quick Restart","Relic Stats","StSLib","slay the spire mod where everything is the same but ironclad has a cowboy hat"],"gold_per_floor":[0,17,117,117,133,133,133,161,176,176,195,195,195,37,51,154,154,154,171,9,23,40,68,92,119,119,129,39,59,59,89,99,99,99,99],"floor_reached":33,"language":"ENG","playtime":1521,"items_purged":[],"score":439,"play_id":"adc455df-07d8-45d5-b4bf-db35b8dad193","local_time":"20210202231217","is_ascension_mode":true,"campfire_choices":[{"data":"Slimebound:Split","floor":1,"key":"SMITH"},{"data":"Slimebound:CorrosiveSpit","floor":6,"key":"SMITH"},{"floor":13,"key":"REST"},{"floor":18,"key":"RECALL"},{"floor":30,"key":"REST"}],"circlet_count":0,"master_deck":["Slimebound:Tackle+1","Slimebound:Defend_Slimebound","Slimebound:Defend_Slimebound","Slimebound:Defend_Slimebound","Slimebound:Defend_Slimebound","Slimebound:Split+1","Slimebound:CorrosiveSpit+1","Slimebound:SplitMire+1","downfall:Haunted","downfall:Haunted","downfall:Haunted","Slimebound:CheckThePlaybook+1","Clumsy","Slimebound:LivingWall","Slimebound:TagTeam","Slimebound:SlimeSpikes","Slimebound:ServeAndProtect","Slimebound:MegaLick","Slimebound:MassFeed","Slimebound:BestDefense+1","Slimebound:FirmFortitude+1","Slimebound:FormOfPuddle+1","Slimebound:LeechEnergy+1","Slimebound:RainOfGoop+1","Slimebound:SplitBruiser","Slimebound:Repurpose","Slimebound:RainOfGoop+1","Slimebound:OozeBath","Slimebound:Repurpose","Slimebound:LivingWall","Slimebound:MassRepurpose","Slimebound:Grow"],"relics":["Slimebound:AbsorbEndCombat","Du-Vu Doll","War Paint","CaptainsWheel","Slimebound:SlimedSkullRelic","champ:Barbells","Astrolabe","Frozen Eye","PreservedInsect","Vajra","HornCleat","Question Card","Slimebound:MaxSlimesRelic"],"acts_visited":["Exordium","TheCity"],"potions_floor_usage":[],"damage_taken":[{"damage":4,"enemies":"Small Slimes","floor":2,"turns":3},{"damage":4,"enemies":"Jaw Worm","floor":5,"turns":1},{"damage":23,"enemies":"3 Sentries","floor":8,"turns":2},{"damage":0,"enemies":"Cultist","floor":9,"turns":2},{"damage":2,"enemies":"Blue Slaver","floor":11,"turns":4},{"damage":0,"enemies":"downfall:FleeingMerchant","floor":14,"turns":4},{"damage":7,"enemies":"Red Slaver","floor":15,"turns":3},{"damage":9,"enemies":"SI_SHIV_ARCHETYPE","floor":16,"turns":7},{"damage":0,"enemies":"Spheric Guardian","floor":19,"turns":2},{"damage":10,"enemies":"downfall:FleeingMerchant","floor":20,"turns":4},{"damage":21,"enemies":"3 Byrds","floor":21,"turns":4},{"damage":3,"enemies":"Snake Plant","floor":22,"turns":4},{"damage":30,"enemies":"Slavers","floor":23,"turns":5},{"damage":18,"enemies":"Gremlin Leader","floor":25,"turns":5},{"damage":15,"enemies":"Centurion and Healer","floor":27,"turns":4},{"damage":6,"enemies":"downfall:FleeingMerchant","floor":28,"turns":4},{"damage":0,"enemies":"Chosen and Byrds","floor":29,"turns":3},{"damage":34,"enemies":"Slavers","floor":31,"turns":3},{"damage":1,"enemies":"Snecko","floor":32,"turns":5},{"damage":53,"enemies":"DF_ARCHETYPE_CLAW","floor":33,"turns":5}],"seed_played":"-1791117142008501940","potions_obtained":[{"floor":5,"key":"EssenceOfSteel"},{"floor":11,"key":"Slimebound:SlimyTonguePotion"},{"floor":21,"key":"EssenceOfSteel"},{"floor":23,"key":"Guardian:BlockOnCardUsePotion"},{"floor":31,"key":"Fruit Juice"}],"is_trial":false,"path_per_floor":["R","M","?","T","M","R","T","E","M","?","M","?","R","$","M","B",null,"R","M","$","M","M","E","T","E","T","M","$","M","R","E","M","B"],"character_chosen":"SLIMEBOUND","items_purchased":["champ:Barbells","Frozen Eye","Slimebound:Repurpose"],"campfire_rested":2,"item_purchase_floors":[14,20,28],"current_hp_per_floor":[71,71,76,76,72,72,72,53,57,57,57,57,81,82,77,75,80,80,82,74,67,70,49,49,35,35,26,22,24,51,19,22,0,0,0],"gold":99,"neow_bonus":"TWENTY_PERCENT_HP_BONUS","is_daily":false,"chose_seed":false,"campfire_upgraded":2,"win_rate":0.0,"timestamp":1612300337,"path_taken":["R","M","?","?","?","R","T","E","M","?","M","?","R","?","M","BOSS","R","M","$","M","M","E","T","E","?","?","$","M","R","E","M","BOSS"],"items_purchased_type":["Relic","Relic","Card"],"build_version":"2020-12-22","purchased_purges":0,"victory":false,"max_hp_per_floor":[77,77,82,82,82,82,82,82,82,82,82,82,82,82,82,82,82,82,82,82,88,88,91,91,91,91,91,91,91,91,91,91,91,91,91],"relic_stats":{"counters":[20,70],"Astrolabe":["Slimebound:BestDefense","Slimebound:FirmFortitude","Slimebound:FormOfPuddle"],"PreservedInsect":86,"War Paint":["Slimebound:CheckThePlaybook","Slimebound:SplitMire"],"Question Card":5,"obtain_stats":[{"champ:Barbells":14,"Astrolabe":17,"Vajra":24,"PreservedInsect":23,"War Paint":4,"Question Card":26,"Du-Vu Doll":3,"Frozen Eye":20,"CaptainsWheel":7,"downfall:BrokenWingStatue":10,"HornCleat":25,"Slimebound:MaxSlimesRelic":31,"Slimebound:AbsorbEndCombat":0,"Slimebound:SlimedSkullRelic":8},{"champ:Barbells":6,"Astrolabe":8,"Vajra":13,"PreservedInsect":13,"War Paint":1,"Question Card":14,"Du-Vu Doll":1,"Frozen Eye":10,"CaptainsWheel":2,"downfall:BrokenWingStatue":4,"HornCleat":14,"Slimebound:MaxSlimesRelic":18,"Slimebound:AbsorbEndCombat":0,"Slimebound:SlimedSkullRelic":3},{"champ:Barbells":15,"Astrolabe":25,"Vajra":44,"PreservedInsect":44,"War Paint":3,"Question Card":49,"Du-Vu Doll":3,"Frozen Eye":31,"CaptainsWheel":4,"downfall:BrokenWingStatue":8,"HornCleat":49,"Slimebound:MaxSlimesRelic":61,"Slimebound:AbsorbEndCombat":0,"Slimebound:SlimedSkullRelic":6}]},"card_choices":[{"not_picked":["Slimebound:LivingWall","Slimebound:SplitBruiser"],"picked":"Slimebound:SplitMire","floor":2},{"not_picked":["Slimebound:ItLooksTasty","Slimebound:SplitAcid"],"picked":"Slimebound:LivingWall","floor":5},{"not_picked":["Slimebound:SlimeSpikes","Slimebound:SplitMire"],"picked":"Slimebound:TagTeam","floor":8},{"not_picked":["Slimebound:ComboTackle","Slimebound:AcidTongue"],"picked":"Slimebound:SlimeSpikes","floor":9},{"not_picked":["Slimebound:ItLooksTasty","Slimebound:SplitBruiser","Slimebound:Dissolve"],"picked":"SKIP","floor":11},{"not_picked":["Slimebound:SplitAcid","Slimebound:LivingWall"],"picked":"Slimebound:ServeAndProtect","floor":14},{"not_picked":["Slimebound:DivideAndConquer","Slimebound:Schlurp"],"picked":"Slimebound:MegaLick","floor":15},{"not_picked":["Slimebound:SelfFormingGoo","Slimebound:LeechLife"],"picked":"Slimebound:MassFeed","floor":16},{"not_picked":["Slimebound:LeechingTouch+1","Slimebound:PressTheAttack"],"picked":"Slimebound:LeechEnergy+1","floor":19},{"not_picked":["Slimebound:LivingWall","Slimebound:GoopTackle","Slimebound:LeechingTouch+1"],"picked":"SKIP","floor":20},{"not_picked":["Slimebound:Recollect","Slimebound:GoopTackle"],"picked":"Slimebound:RainOfGoop","floor":21},{"not_picked":["Slimebound:Overexert","Slimebound:GoopSpray"],"picked":"Slimebound:SplitBruiser","floor":22},{"not_picked":["Slimebound:SlimeBrawl","Slimebound:LeechingTouch"],"picked":"Slimebound:Repurpose","floor":23},{"not_picked":["Slimebound:LivingWall","Slimebound:Schlurp"],"picked":"Slimebound:RainOfGoop+1","floor":25},{"not_picked":["Slimebound:GoopSpray","Slimebound:LeechEnergy","Slimebound:DisruptingSlam"],"picked":"Slimebound:OozeBath","floor":27},{"not_picked":["Slimebound:SplitMire","Slimebound:PressTheAttack","Slimebound:Chomp","Slimebound:LevelUp"],"picked":"SKIP","floor":28},{"not_picked":["Slimebound:SpikyOuterGoop","Slimebound:SplitBruiser","Slimebound:ItLooksTasty"],"picked":"Slimebound:LivingWall","floor":29},{"not_picked":["Slimebound:FinishingTackle","Slimebound:LivingWall","Slimebound:Schlurp"],"picked":"Slimebound:MassRepurpose","floor":31},{"not_picked":["Slimebound:Prepare","Slimebound:SamplingLick","Slimebound:LeechingTouch"],"picked":"Slimebound:Grow","floor":32}],"player_experience":1023884,"relics_obtained":[{"floor":4,"key":"War Paint"},{"floor":7,"key":"CaptainsWheel"},{"floor":8,"key":"Slimebound:SlimedSkullRelic"},{"floor":23,"key":"PreservedInsect"},{"floor":24,"key":"Vajra"},{"floor":25,"key":"HornCleat"},{"floor":26,"key":"Question Card"},{"floor":31,"key":"Slimebound:MaxSlimesRelic"}],"event_choices":[{"cards_removed":["Pain"],"damage_healed":0,"gold_gain":0,"player_choice":"Card Removal","damage_taken":0,"max_hp_gain":0,"max_hp_loss":0,"event_name":"The Cleric","floor":12,"gold_loss":0}],"is_beta":false,"boss_relics":[{"not_picked":["Tiny House","Busted Crown"],"picked":"Astrolabe"}],"items_purged_floors":[],"is_endless":false,"potions_floor_spawned":[5,11,21,23,29,31],"killed_by":"DF_ARCHETYPE_CLAW","ascension_level":7}}