{"host":"36t3qd3wjvajtu1z","time":1612226201,"event":{"mods":["AchievementEnabler","BaseMod","Block Reminder","Colored Powertips","Minty Spire (QoL Compilation)","Permanent Neow","Quick Restart","Random Character Button","Rare Cards Sparkle","Relic Stats","Slay-I","StSLib"],"gold_per_floor":[109,120,137,8,19,51,51,83,110,110,110,124,154,169,169,266,266,285,296,9,28,43,78,78,78,78,78,91,117,29,41,41,139,139,158,173,183,203,203,203,203,253,253,278,278,33,86,86,86],"floor_reached":48,"language":"ENG","playtime":2796,"items_purged":["Strike_B","Strike_B"],"score":703,"play_id":"39fa628e-a18c-4159-86fc-f18f815913fe","local_time":"20210201163641","is_ascension_mode":true,"campfire_choices":[{"data":"Static Discharge","floor":7.0,"key":"SMITH"},{"floor":11.0,"key":"REST"},{"data":"Rainbow","floor":15.0,"key":"SMITH"},{"floor":25.0,"key":"REST"},{"data":"Storm","floor":27.0,"key":"SMITH"},{"data":"Apotheosis","floor":32.0,"key":"SMITH"},{"floor":40,"key":"REST"},{"floor":41,"key":"REST"}],"circlet_count":0,"master_deck":["Strike_B","Defend_B","Defend_B","Defend_B","Defend_B+1","Zap","Dualcast+1","Static Discharge+1","Coolheaded","Hologram","Ball Lightning","Electrodynamics","Rainbow+1","Glacier","Hologram","Hologram","Thunder Strike","CurseOfTheBell","Conserve Battery","Self Repair+1","Amplify","Storm+1","Capacitor+1","Coolheaded+1","Double Energy","Machine Learning","Glacier","Leap","Apotheosis+1","Turbo+1","Loop","Meteor Strike","Coolheaded+1","Hologram+1","Fusion+1","Recycle+1","Metamorphosis","Self Repair+1"],"relics":["Cracked Core","WingedGreaves","MealTicket","Bag of Preparation","War Paint","Bag of Marbles","Calling Bell","Blood Vial","Kunai","Prayer Wheel","Membership Card","Bronze Scales","Smiling Mask","Peace Pipe","Ginger","DataDisk","SlaversCollar","Ice Cream","Question Card","Calipers","Happy Flower","Incense Burner"],"acts_visited":["Exordium","TheCity","TheBeyond"],"potions_floor_usage":[33,47],"damage_taken":[{"damage":4.0,"enemies":"Small Slimes","floor":1.0,"turns":3.0},{"damage":1.0,"enemies":"Cultist","floor":2.0,"turns":3.0},{"damage":0.0,"enemies":"Jaw Worm","floor":3.0,"turns":5.0},{"damage":12.0,"enemies":"2 Fungi Beasts","floor":5.0,"turns":2.0},{"damage":21.0,"enemies":"Gremlin Nob","floor":6.0,"turns":4.0},{"damage":13.0,"enemies":"3 Sentries","floor":8.0,"turns":3.0},{"damage":0.0,"enemies":"Large Slime","floor":12.0,"turns":3.0},{"damage":16.0,"enemies":"Lagavulin","floor":13.0,"turns":6.0},{"damage":0.0,"enemies":"Looter","floor":14.0,"turns":3.0},{"damage":10.0,"enemies":"Hexaghost","floor":16.0,"turns":9.0},{"damage":3.0,"enemies":"3 Byrds","floor":18.0,"turns":2.0},{"damage":7.0,"enemies":"Spheric Guardian","floor":19.0,"turns":5.0},{"damage":0.0,"enemies":"Snecko","floor":21.0,"turns":4.0},{"damage":21.0,"enemies":"Shelled Parasite and Fungi","floor":22.0,"turns":4.0},{"damage":40.0,"enemies":"Slavers","floor":23.0,"turns":2.0},{"damage":13.0,"enemies":"Centurion and Healer","floor":28.0,"turns":6.0},{"damage":21.0,"enemies":"Book of Stabbing","floor":29.0,"turns":4.0},{"damage":16.0,"enemies":"Sentry and Sphere","floor":31.0,"turns":4.0},{"damage":29,"enemies":"Champ","floor":33,"turns":8},{"damage":6,"enemies":"3 Darklings","floor":35,"turns":9},{"damage":5,"enemies":"3 Shapes","floor":36,"turns":6},{"damage":45,"enemies":"Jaw Worm Horde","floor":37,"turns":5},{"damage":34,"enemies":"Spire Growth","floor":38,"turns":4},{"damage":0,"enemies":"Mind Bloom Boss Battle","floor":42,"turns":9},{"damage":26,"enemies":"Nemesis","floor":44,"turns":7},{"damage":52,"enemies":"2 Orb Walkers","floor":47,"turns":4},{"damage":27,"enemies":"3 Darklings","floor":48,"turns":2}],"seed_played":"8031838081778697817","potions_obtained":[{"floor":1.0,"key":"EssenceOfSteel"},{"floor":12.0,"key":"Energy Potion"},{"floor":13.0,"key":"SpeedPotion"},{"floor":14.0,"key":"Fire Potion"},{"floor":16.0,"key":"LiquidBronze"},{"floor":19.0,"key":"Block Potion"},{"floor":21.0,"key":"BlessingOfTheForge"},{"floor":23.0,"key":"ColorlessPotion"},{"floor":28.0,"key":"FearPotion"},{"floor":31.0,"key":"Regen Potion"},{"floor":36,"key":"LiquidBronze"},{"floor":38,"key":"SpeedPotion"}],"is_trial":false,"path_per_floor":["M","M","M","$","M","E","R","E","T","?","R","M","E","M","R","B",null,"M","M","$","M","M","E","?","R","T","R","M","E","$","M","R","B",null,"M","M","M","M","?","R","R","?","T","E","?","$","?","M"],"character_chosen":"DEFECT","items_purchased":["Ball Lightning","Membership Card","Bronze Scales","Amplify","Storm","Apotheosis","Happy Flower","Metamorphosis","Swift Potion"],"campfire_rested":4,"item_purchase_floors":[4,20,20,20,20,30,46,46,46],"current_hp_per_floor":[64,63,63,63,51,30,30,17,17,17,37,37,21,21,21,11,54,53,48,63,68,47,9,9,29,29,29,28,19,34,30,30,28,58,64,68,33,1,1,21,41,53,53,49,49,64,24,0,0],"gold":86,"neow_bonus":"ONE_RARE_RELIC","is_daily":false,"chose_seed":false,"campfire_upgraded":4,"win_rate":0.0,"timestamp":1612226201,"path_taken":["M","M","M","$","M","E","R","E","T","?","R","M","E","M","R","BOSS","M","?","$","M","M","E","?","R","T","R","M","E","$","M","R","BOSS","M","M","M","M","?","R","R","?","T","E","?","$","?","M"],"items_purchased_type":["Card","Relic","Relic","Card","Card","Card","Relic","Card","Potion"],"build_version":"2020-12-22","purchased_purges":2,"victory":false,"max_hp_per_floor":[68,68,68,68,68,68,68,68,68,68,68,68,68,68,68,68,68,68,68,68,68,68,68,68,68,68,68,68,68,68,68,68,68,68,68,68,68,68,68,68,68,68,68,68,68,68,68,68,68],"relic_stats":{"Happy Flower":[2],"counters":[27,124],"Bag of Preparation":[42],"Ginger":[2],"War Paint":["Defend_B","Dualcast"],"Smiling Mask":0,"Question Card":2,"Blood Vial":30,"Peace Pipe":0,"Bronze Scales":[235],"MealTicket":45,"Prayer Wheel":10,"Kunai":[0],"obtain_stats":[{"Ice Cream":42,"Calipers":44,"Happy Flower":46,"Bag of Preparation":8,"Incense Burner":47,"Ginger":26,"War Paint":9,"Smiling Mask":23,"Question Card":43,"Calling Bell":17,"Blood Vial":17,"Peace Pipe":24,"SlaversCollar":34,"DataDisk":29,"Bronze Scales":20,"MealTicket":6,"Prayer Wheel":17,"WingedGreaves":0,"Bag of Marbles":13,"Kunai":17,"Membership Card":20,"Cracked Core":0},{"Ice Cream":24,"Calipers":25,"Happy Flower":25,"Bag of Preparation":6,"Incense Burner":26,"Ginger":15,"War Paint":6,"Smiling Mask":15,"Question Card":24,"Calling Bell":10,"Blood Vial":10,"Peace Pipe":15,"SlaversCollar":19,"DataDisk":17,"Bronze Scales":12,"MealTicket":5,"Prayer Wheel":10,"WingedGreaves":0,"Bag of Marbles":8,"Kunai":10,"Membership Card":12,"Cracked Core":0},{"Ice Cream":113,"Calipers":119,"Happy Flower":119,"Bag of Preparation":20,"Incense Burner":122,"Ginger":58,"War Paint":20,"Smiling Mask":58,"Question Card":113,"Calling Bell":41,"Blood Vial":41,"Peace Pipe":58,"SlaversCollar":80,"DataDisk":68,"Bronze Scales":48,"MealTicket":17,"Prayer Wheel":41,"WingedGreaves":0,"Bag of Marbles":29,"Kunai":41,"Membership Card":48,"Cracked Core":0}]},"card_choices":[{"not_picked":["Streamline","Hologram"],"picked":"Static Discharge","floor":1.0},{"not_picked":["Hologram","Stack"],"picked":"Coolheaded","floor":2.0},{"not_picked":["Consume","Auto Shields"],"picked":"Hologram","floor":3.0},{"not_picked":["Streamline","Heatsinks"],"picked":"Electrodynamics","floor":5.0},{"not_picked":["Sweeping Beam","White Noise","Barrage"],"picked":"SKIP","floor":6.0},{"not_picked":["Turbo","Doom and Gloom"],"picked":"Rainbow","floor":8.0},{"not_picked":["Sweeping Beam","Cold Snap"],"picked":"Glacier","floor":12.0},{"not_picked":["Undo","Beam Cell"],"picked":"Hologram","floor":13.0},{"not_picked":["Ball Lightning","Barrage"],"picked":"Hologram","floor":14.0},{"not_picked":["All For One","Buffer"],"picked":"Thunder Strike","floor":16.0},{"not_picked":["Skim","Chaos+1"],"picked":"Conserve Battery","floor":18.0},{"not_picked":["Consume","Recycle","Tempest"],"picked":"SKIP","floor":18.0},{"not_picked":["Storm+1","Skim"],"picked":"Self Repair+1","floor":19.0},{"not_picked":["Redo+1","Stack","Cold Snap+1"],"picked":"SKIP","floor":19.0},{"not_picked":["Chaos+1","Hello World"],"picked":"Capacitor+1","floor":21.0},{"not_picked":["Doom and Gloom","Cold Snap+1"],"picked":"Coolheaded+1","floor":21.0},{"not_picked":["Sweeping Beam","Melter"],"picked":"Double Energy","floor":22.0},{"not_picked":["Ball Lightning","Barrage+1","Streamline"],"picked":"SKIP","floor":22.0},{"not_picked":["Streamline","Doom and Gloom","Stack"],"picked":"SKIP","floor":23.0},{"not_picked":["FTL","Compile Driver"],"picked":"Machine Learning","floor":28.0},{"not_picked":["FTL","Coolheaded"],"picked":"Glacier","floor":28.0},{"not_picked":["Auto Shields","Consume"],"picked":"Leap","floor":29.0},{"not_picked":["Leap","Reprogram"],"picked":"Turbo+1","floor":31.0},{"not_picked":["Storm","Thunder Strike"],"picked":"Loop","floor":31.0},{"not_picked":["Fission","Machine Learning"],"picked":"Meteor Strike","floor":33},{"not_picked":["Sunder+1","Compile Driver"],"picked":"Coolheaded+1","floor":35},{"not_picked":["Gash","Cold Snap+1","Steam"],"picked":"SKIP","floor":35},{"not_picked":["Storm+1","Streamline+1"],"picked":"Meteor Strike","floor":36},{"not_picked":["Fusion","Genetic Algorithm","BootSequence"],"picked":"SKIP","floor":36},{"not_picked":["Recycle","Cold Snap+1","Steam Power"],"picked":"SKIP","floor":37},{"not_picked":["Streamline","Sweeping Beam","BootSequence+1"],"picked":"SKIP","floor":37},{"not_picked":["Steam+1","Capacitor"],"picked":"Hologram+1","floor":38},{"not_picked":["Storm","Gash+1"],"picked":"Fusion+1","floor":38},{"not_picked":["Redo+1","Streamline"],"picked":"Recycle+1","floor":42},{"not_picked":["Sweeping Beam+1","Fusion+1","Go for the Eyes","Recycle+1"],"picked":"SKIP","floor":44},{"not_picked":["Scrape+1","Sweeping Beam+1","Chill+1"],"picked":"Self Repair+1","floor":47}],"player_experience":390374,"relics_obtained":[{"floor":6.0,"key":"MealTicket"},{"floor":8.0,"key":"Bag of Preparation"},{"floor":9.0,"key":"War Paint"},{"floor":13.0,"key":"Bag of Marbles"},{"floor":17.0,"key":"Blood Vial"},{"floor":17.0,"key":"Kunai"},{"floor":17.0,"key":"Prayer Wheel"},{"floor":23.0,"key":"Smiling Mask"},{"floor":26.0,"key":"Ginger"},{"floor":29.0,"key":"DataDisk"},{"floor":42,"key":"Ice Cream"},{"floor":43,"key":"Question Card"},{"floor":44,"key":"Calipers"},{"floor":47,"key":"Incense Burner"}],"event_choices":[{"cards_removed":["Strike_B"],"damage_healed":0.0,"max_hp_gain":0.0,"max_hp_loss":0.0,"gold_gain":0.0,"event_name":"Bonfire Elementals","player_choice":"Offered Basic","floor":10.0,"gold_loss":0.0,"damage_taken":0.0},{"damage_healed":0.0,"max_hp_gain":0.0,"max_hp_loss":0.0,"gold_gain":0.0,"event_name":"The Mausoleum","player_choice":"Opened","floor":24.0,"gold_loss":0.0,"damage_taken":0.0,"relics_obtained":["Peace Pipe"]},{"damage_healed":0,"gold_gain":0,"player_choice":"Ignored","damage_taken":0,"max_hp_gain":0,"max_hp_loss":0,"event_name":"Tomb of Lord Red Mask","floor":39,"gold_loss":0},{"damage_healed":0,"gold_gain":0,"player_choice":"Fight","damage_taken":0,"max_hp_gain":0,"max_hp_loss":0,"event_name":"MindBloom","floor":42,"gold_loss":0},{"cards_removed":["Meteor Strike"],"damage_healed":0,"gold_gain":0,"player_choice":"Removed Attack","damage_taken":0,"max_hp_gain":0,"max_hp_loss":0,"event_name":"Falling","floor":45,"gold_loss":0},{"damage_healed":0,"gold_gain":0,"player_choice":"Fight","damage_taken":0,"max_hp_gain":0,"max_hp_loss":0,"event_name":"Mysterious Sphere","floor":47,"gold_loss":0}],"is_beta":false,"boss_relics":[{"not_picked":["Coffee Dripper","Astrolabe"],"picked":"Calling Bell"},{"not_picked":["SacredBark","Pandora\u0027s Box"],"picked":"SlaversCollar"}],"items_purged_floors":[4,46],"is_endless":false,"potions_floor_spawned":[1,12,13,14,16,19,21,23,28,31,36,38,42],"killed_by":"3 Darklings","ascension_level":5}}