{"host":"4ih4fq53sefgqhvb","time":1612246934,"event":{"mods":["AchievementEnabler","Aspiration","Bard","BaseMod","BetterRewards","Colored Map","Colored Powertips","Conspire","Downfall","Googly Eyes","Hermit","Highlight Path","Hubris","Infinite Spire","Jedi Mod","Jorbs\u0027s Wanderer Trilogy","Marisa????????","Mimic Mod","Minty Spire (QoL Compilation)","Quick Restart","Relic Stats","Replay The Spire","Shop Mod","StSLib","The Animator","The Cursed","The Disciple","The Jungle","The Runesmith","The Servant 0.9.4"],"gold_per_floor":[99,111,124,124,144,161,161,194,94,106,106,132,32,42,58,159,159,59,75,89,89,89,107,107,118,130,130,142,155,205,205,221,322,322,322,340,340,359,359,23,63,82,82,102,77,77,89,189,204,210,210,210],"floor_reached":50,"language":"ENG","playtime":4200,"items_purged":["CommonCold"],"score":687,"play_id":"efb7d4b7-9c11-4abf-82f8-af7e1769ff88","local_time":"20210201222214","is_ascension_mode":false,"campfire_choices":[{"floor":1,"key":"RECALL"},{"floor":9,"key":"REST"},{"floor":13,"key":"REST"},{"data":"Midas Touch","floor":18,"key":"SMITH"},{"floor":27,"key":"REST"},{"data":"infinitespire:Collect","floor":35,"key":"SMITH"}],"circlet_count":0,"master_deck":["hexamod:Strike","hexamod:Strike","hexamod:Strike","hexamod:Strike","hexamod:Defend","hexamod:Defend","hexamod:Defend","hexamod:Defend","hexamod:Sear","hexamod:Float","Midas Touch","hexamod:GhostOfSpireFuture","hexamod:SpectersWail","Midas Touch+1","hexamod:Incineration","hexamod:GhostflameBarrier","hexamod:Incineration","hexamod:Again","hexamod:Firestarter","hexamod:SpectralSpark","hexamod:HeatMetal","hexamod:Toasty","hexamod:FlamesFromBeyond","hexamod:CatchUp+1","hexamod:RadiantFlame","hexamod:DynamicBlow","hexamod:AdvancingGuard","hexamod:SuperheatedStrike","infinitespire:Collect+1","Replay:Fractal Strike","hubris:Fate","ReplayTheSpireMod:Haul","hexamod:FlamesFromBeyond","Writhe","hexamod:ApocalypticArmor","Hallucinations","hubris:Disease","Writhe","hexamod:GhostflameBarrier","hexamod:HeatShield","hexamod:Sear","hexamod:ChargedBarrage+1","hexamod:HeatMetal+1","expansioncontent:StudyTheSpire","hexamod:PhantomFireball","hexamod:SpectralSpark","hexamod:SpectralSpark","hexamod:SpectersWail","hexamod:EmpoweredFlame+1","hexamod:Hexaguard+1","hexamod:FlamesFromBeyond+1","Parasite","Overencumbered","hexamod:SpectersWail","Writhe","hexamod:TimeOfNeed","infinitespire:Pacifist","hubris:Disease","hubris:InfiniteBlow","hexamod:RadiantFlame+1","Decay","hexamod:SuperheatedStrike"],"relics":["hexamod:SpiritBrand","Bottled Flame","downfall:HeartBlessingRed","ReplayTheSpireMod:Ring of Collecting","Ring of Searing","downfall:HeartBlessingBlue","conspire:SlowCooker","downfall:HeartBlessingGreen","Ring of Peace","The Courier","Ring of Greed","infinitespire:Midas Blood","infinitespire:ShieldingShard","hexamod:IceCube","infinitespire:Lychee Nut","hexamod:MatchstickCase","hubris:PeanutButter","Du-Vu Doll","ReplayTheSpireMod:Ring of Addiction","Potion Belt","Chameleon Ring","MerchantsRug","Replay:Kaleidoscope","ClockworkSouvenir"],"acts_visited":["Exordium","TheCity","TheBeyond"],"potions_floor_usage":[8,10,25,29,38,42,44,50,50,50],"damage_taken":[{"damage":0,"enemies":"Cultist","floor":2,"turns":3},{"damage":4,"enemies":"conspire:RoseBush","floor":3,"turns":4},{"damage":0,"enemies":"Small Slimes","floor":5,"turns":3},{"damage":5,"enemies":"conspire:2 RoseBushes","floor":6,"turns":6},{"damage":25,"enemies":"Lagavulin","floor":8,"turns":6},{"damage":0,"enemies":"Gremlin Gang","floor":10,"turns":1},{"damage":24,"enemies":"Gremlin Nob","floor":12,"turns":4},{"damage":19,"enemies":"Exordium Wildlife","floor":14,"turns":4},{"damage":13,"enemies":"Blue Slaver","floor":15,"turns":3},{"damage":4,"enemies":"WA_ARCHETYPE_RETAIN","floor":16,"turns":4},{"damage":20,"enemies":"Chosen","floor":19,"turns":3},{"damage":18,"enemies":"Spheric Guardian","floor":20,"turns":4},{"damage":10,"enemies":"Snecko","floor":23,"turns":5},{"damage":0,"enemies":"Cultist and Chosen","floor":25,"turns":5},{"damage":5,"enemies":"Snake Plant","floor":26,"turns":3},{"damage":18,"enemies":"Centurion and Healer","floor":28,"turns":5},{"damage":5,"enemies":"Chosen and Byrds","floor":29,"turns":5},{"damage":0,"enemies":"Snake Plant","floor":32,"turns":4},{"damage":13,"enemies":"DF_ARCHETYPE_CLAW","floor":33,"turns":6},{"damage":0,"enemies":"Orb Walker","floor":36,"turns":3},{"damage":20,"enemies":"3 Shapes","floor":38,"turns":4},{"damage":0,"enemies":"downfall:FleeingMerchant","floor":40,"turns":4},{"damage":18,"enemies":"3 Darklings","floor":41,"turns":5},{"damage":5,"enemies":"3 Darklings","floor":42,"turns":4},{"damage":5,"enemies":"Jaw Worm Horde","floor":44,"turns":5},{"damage":0,"enemies":"downfall:FleeingMerchant","floor":45,"turns":4},{"damage":5,"enemies":"Transient","floor":47,"turns":5},{"damage":0,"enemies":"Writhing Mass","floor":49,"turns":4},{"damage":78,"enemies":"IC_BLOCK_ARCHETYPE","floor":50,"turns":4}],"seed_played":"-4611922108026767927","potions_obtained":[{"floor":5,"key":"Strength Potion"},{"floor":8,"key":"Explosive Potion"},{"floor":10,"key":"Guardian:BlockOnCardUsePotion"},{"floor":20,"key":"ColorlessPotion"},{"floor":23,"key":"bronze:BurnAndBuffPotion"},{"floor":29,"key":"sneckomod:MuddlingPotion"},{"floor":33,"key":"EssenceOfSteel"},{"floor":36,"key":"jedi:tentaclejuice"},{"floor":38,"key":"LifebloodPotion"},{"floor":41,"key":"DuplicationPotion"},{"floor":41,"key":"Guardian:BlockOnCardUsePotion"},{"floor":41,"key":"PowerPotion"},{"floor":49,"key":"Fire Potion"}],"is_trial":false,"path_per_floor":["R","M","M","?","M","M","T","E","R","M","?","E","R","M","M","B",null,"R","M","M","?","?","M","T","M","M","R","M","M","T","AVR","M","B",null,"R","M","?","M","?","$","MIM","M","?","M","$","?","M","?","M","B"],"character_chosen":"THE_SPIRIT","items_purchased":["expansioncontent:StudyTheSpire","hexamod:PhantomFireball","hexamod:SpectralSpark","hexamod:SpectralSpark","hexamod:SpectersWail","MerchantsRug","hexamod:TimeOfNeed","Replay:Kaleidoscope","ClockworkSouvenir"],"campfire_rested":3,"item_purchase_floors":[40,40,40,40,40,45,45,45,45],"current_hp_per_floor":[70,70,66,66,66,61,61,36,57,57,57,33,67,48,35,31,80,80,60,42,27,27,17,17,17,12,37,19,14,14,14,20,13,63,63,63,63,44,44,63,45,46,46,47,63,63,58,58,61,0,0,0],"gold":210,"neow_bonus":"RANDOM_COLORLESS_2","is_daily":false,"chose_seed":false,"campfire_upgraded":2,"win_rate":0.0,"timestamp":1612246934,"path_taken":["R","M","?","?","?","M","T","E","R","M","?","E","R","M","M","BOSS","R","M","M","?","?","M","T","M","?","R","M","M","?","AVR","M","BOSS","R","M","?","?","?","$","MIM","M","?","?","?","?","M","?","M","BOSS"],"items_purchased_type":["Card","Card","Card","Card","Card","Relic","Card","Relic","Relic"],"build_version":"2020-12-22","purchased_purges":1,"victory":false,"max_hp_per_floor":[70,70,70,70,70,70,70,70,70,70,70,70,80,80,80,80,80,80,80,80,85,85,85,85,85,85,85,85,85,85,63,63,63,63,63,63,63,63,63,63,63,63,63,63,63,63,63,61,61,61,61,61],"relic_stats":{"counters":[29,120],"obtain_stats":[{"downfall:HeartBlessingGreen":18,"Ring of Searing":11,"conspire:InfiniteJournal":41,"ClockworkSouvenir":45,"infinitespire:ShieldingShard":30,"Chameleon Ring":41,"downfall:HeartBlessingBlue":13,"Ring of Peace":24,"MealTicket":12,"Replay:Wax Seal":30,"hexamod:SpiritBrand":0,"Potion Belt":41,"MerchantsRug":45,"downfall:HeartBlessingRed":9,"ReplayTheSpireMod:Ring of Addiction":41,"conspire:SlowCooker":17,"The Courier":24,"Replay:Ancient Bell":34,"Ring of Greed":30,"Replay:Kaleidoscope":45,"hexamod:MatchstickCase":34,"Du-Vu Doll":34,"Bottled Flame":8,"infinitespire:Lychee Nut":31,"ReplayTheSpireMod:Ring of Collecting":11,"hubris:PeanutButter":34,"hexamod:IceCube":31,"infinitespire:Midas Blood":30},{"downfall:HeartBlessingGreen":10,"Ring of Searing":6,"conspire:InfiniteJournal":23,"ClockworkSouvenir":26,"infinitespire:ShieldingShard":17,"Chameleon Ring":23,"downfall:HeartBlessingBlue":7,"Ring of Peace":13,"MealTicket":7,"Replay:Wax Seal":17,"hexamod:SpiritBrand":0,"Potion Belt":23,"MerchantsRug":26,"downfall:HeartBlessingRed":5,"ReplayTheSpireMod:Ring of Addiction":23,"conspire:SlowCooker":10,"The Courier":13,"Replay:Ancient Bell":19,"Ring of Greed":17,"Replay:Kaleidoscope":26,"hexamod:MatchstickCase":19,"Du-Vu Doll":19,"Bottled Flame":5,"infinitespire:Lychee Nut":17,"ReplayTheSpireMod:Ring of Collecting":6,"hubris:PeanutButter":19,"hexamod:IceCube":17,"infinitespire:Midas Blood":17},{"downfall:HeartBlessingGreen":38,"Ring of Searing":23,"conspire:InfiniteJournal":94,"ClockworkSouvenir":107,"infinitespire:ShieldingShard":68,"Chameleon Ring":94,"downfall:HeartBlessingBlue":27,"Ring of Peace":50,"MealTicket":27,"Replay:Wax Seal":68,"hexamod:SpiritBrand":0,"Potion Belt":94,"MerchantsRug":107,"downfall:HeartBlessingRed":22,"ReplayTheSpireMod:Ring of Addiction":94,"conspire:SlowCooker":38,"The Courier":50,"Replay:Ancient Bell":78,"Ring of Greed":68,"Replay:Kaleidoscope":107,"hexamod:MatchstickCase":78,"Du-Vu Doll":78,"Bottled Flame":22,"infinitespire:Lychee Nut":68,"ReplayTheSpireMod:Ring of Collecting":23,"hubris:PeanutButter":78,"hexamod:IceCube":68,"infinitespire:Midas Blood":68}]},"card_choices":[{"not_picked":["Secret Technique","Transmutation"],"picked":"Midas Touch","floor":0},{"not_picked":["hexamod:HeatMetal","hexamod:InspiringFlames"],"picked":"hexamod:GhostOfSpireFuture","floor":2},{"not_picked":["hexamod:NightmareStrike","hexamod:ThermalTransfer"],"picked":"hexamod:SpectersWail","floor":3},{"not_picked":["hexamod:FastForward","hexamod:NecessarySacrifice"],"picked":"hexamod:Incineration","floor":5},{"not_picked":["hexamod:HauntingEcho","hexamod:InspiringFlames"],"picked":"hexamod:GhostflameBarrier","floor":6},{"not_picked":["hexamod:BurningTouch","hexamod:SuperheatedStrike"],"picked":"hexamod:Incineration","floor":8},{"not_picked":["hexamod:RetreatToShadows","hexamod:InspiringFlames"],"picked":"hexamod:Again","floor":10},{"not_picked":["hexamod:SecondSeal","hexamod:FirstSeal"],"picked":"hexamod:Firestarter","floor":12},{"not_picked":["hexamod:GhostShield","hexamod:GhostOfSpirePast"],"picked":"hexamod:SpectralSpark","floor":14},{"not_picked":["hexamod:RetreatToShadows","hexamod:HauntingEcho"],"picked":"hexamod:HeatMetal","floor":15},{"not_picked":["hexamod:GhostflameInferno","hexamod:HexaLevel"],"picked":"hexamod:Toasty","floor":16},{"not_picked":["hexamod:SpectralSpark","hexamod:InspiringFlames"],"picked":"hexamod:FlamesFromBeyond","floor":19},{"not_picked":["hexamod:FastForward+1","hexamod:GhostShield"],"picked":"hexamod:CatchUp+1","floor":20},{"not_picked":["hexamod:BacktrackSmack","hexamod:GhostShield"],"picked":"hexamod:RadiantFlame","floor":23},{"not_picked":["hexamod:ThermalTransfer","hexamod:ShieldOfDarkness"],"picked":"hexamod:DynamicBlow","floor":25},{"not_picked":["hexamod:FlameSwitch","hexamod:EtherealExpedition","hexamod:SpectralAdrenaline"],"picked":"SKIP","floor":26},{"not_picked":["hexamod:ShieldOfDarkness","hexamod:HauntingEcho"],"picked":"hexamod:AdvancingGuard","floor":28},{"not_picked":["hexamod:Again","hexamod:Hexaguard"],"picked":"hexamod:SuperheatedStrike","floor":29},{"not_picked":["hexamod:Firestarter+1","hexamod:BacktrackSmack+1"],"picked":"hexamod:FlamesFromBeyond","floor":32},{"not_picked":["hexamod:FifthSeal","hexamod:TurnItUp"],"picked":"hexamod:ApocalypticArmor","floor":33},{"not_picked":["Regret","ReplayTheSpireMod:Restless Dread"],"picked":"Hallucinations","floor":34},{"not_picked":["Languid","Regret"],"picked":"hubris:Disease","floor":34},{"not_picked":["conspire:Blindness","downfall:Icky"],"picked":"Writhe","floor":34},{"not_picked":["hexamod:ExtraCrispy+1","hexamod:HeatMetal+1"],"picked":"hexamod:GhostflameBarrier","floor":36},{"not_picked":["hexamod:GhostShield","hexamod:NightmareStrike"],"picked":"hexamod:ChargedBarrage+1","floor":38},{"not_picked":["hexamod:ApocalypticArmor","hexamod:FourthSeal"],"picked":"hexamod:HeatMetal+1","floor":40},{"not_picked":["hexamod:ShieldOfDarkness","hexamod:NightmareGuise+1"],"picked":"hexamod:EmpoweredFlame+1","floor":41},{"not_picked":["hexamod:GhostLash","hexamod:FastForward"],"picked":"hexamod:Hexaguard+1","floor":42},{"not_picked":["hexamod:ShieldOfDarkness+1","hexamod:RetreatToShadows"],"picked":"hexamod:FlamesFromBeyond+1","floor":44},{"not_picked":["hexamod:HauntingEcho+1","hexamod:FourthSeal"],"picked":"hexamod:SpectersWail","floor":45},{"not_picked":["infinitespire:SealOfDarkness+","ReplayTheSpireMod:??????????????????????"],"picked":"hubris:InfiniteBlow","floor":46},{"not_picked":["hexamod:GhostflameInferno","hexamod:HauntingEcho+1"],"picked":"hexamod:RadiantFlame+1","floor":47},{"not_picked":["hexamod:PhantomCloak","hexamod:HauntingEcho+1"],"picked":"hexamod:SuperheatedStrike","floor":49}],"player_experience":940670,"relics_obtained":[{"floor":8,"key":"Bottled Flame"},{"floor":11,"key":"ReplayTheSpireMod:Ring of Collecting"},{"floor":11,"key":"Ring of Searing"},{"floor":12,"key":"MealTicket"},{"floor":24,"key":"Ring of Peace"},{"floor":24,"key":"The Courier"},{"floor":30,"key":"Ring of Greed"},{"floor":30,"key":"Replay:Wax Seal"},{"floor":30,"key":"infinitespire:Midas Blood"},{"floor":30,"key":"infinitespire:ShieldingShard"},{"floor":41,"key":"conspire:InfiniteJournal"},{"floor":41,"key":"ReplayTheSpireMod:Ring of Addiction"},{"floor":41,"key":"Potion Belt"},{"floor":41,"key":"Chameleon Ring"}],"event_choices":[{"damage_healed":0,"gold_gain":0,"player_choice":"Ignored","damage_taken":0,"max_hp_gain":0,"max_hp_loss":0,"event_name":"NoteForYourself","floor":39,"gold_loss":0}],"is_beta":false,"boss_relics":[{"not_picked":["jedi:battlestandard","Abe\u0027s Treasure"],"picked":"conspire:SlowCooker"},{"not_picked":["ReplayTheSpireMod:SealedPack","Replay:Fungal Core"],"picked":"Replay:Ancient Bell"},{"not_picked":["jedi:arcanewood","jedi:cryingmask"],"picked":"hexamod:MatchstickCase"},{"not_picked":["Shuriken","infinitespire:FocusingShard"],"picked":"hubris:PeanutButter"},{"not_picked":["hubris:BundleOfHerbs","conspire:GiftBox"],"picked":"Du-Vu Doll"}],"items_purged_floors":[31],"is_endless":false,"potions_floor_spawned":[5,8,10,20,23,29,33,36,38,49],"killed_by":"IC_BLOCK_ARCHETYPE","ascension_level":0}}