{"host":"sc0o2qwpf9j16a4i","time":1612271253,"event":{"mods":["AchievementEnabler","BaseMod","BetterRewards","Block Reminder","Colored Map","Colored Powertips","Custom Start","Highlight Path","Minty Spire (QoL Compilation)","Relic Stats"],"gold_per_floor":[112,165,182,152,171,200,51,69,69,89,115,115,133,147,147,245,245,261,261,33,48,48,48,48,48],"floor_reached":24,"language":"ENG","playtime":780,"items_purged":[],"score":308,"play_id":"faf8b69a-863e-4729-9f6a-a0cd40966433","local_time":"20210202150733","daily_mods":["Insanity","Green Cards","Binary"],"is_ascension_mode":false,"campfire_choices":[{"data":"Footwork","floor":12,"key":"SMITH"},{"data":"Body Slam","floor":15,"key":"SMITH"},{"data":"True Grit","floor":23,"key":"SMITH"}],"circlet_count":0,"master_deck":["Evolve","Iron Wave","Ghostly Armor","Acrobatics","Body Slam","Skewer","Clothesline","Dodge and Roll","Power Through","Pummel","Feel No Pain","Dagger Throw","Twin Strike","Iron Wave","Acrobatics","Sentinel","Footwork+1","Dagger Throw","Body Slam+1","Warcry","Carnage","Underhanded Strike","Iron Wave","Prepared","Pommel Strike","Shrug It Off","Backflip","Twin Strike","Hemokinesis","Infinite Blades","Havoc","Dodge and Roll","Deflect","Reflex","Havoc","Flying Knee","Feel No Pain","Warcry","Quick Slash","True Grit+1","Pommel Strike","Escape Plan","Searing Blow","Poisoned Stab","Blood for Blood","Flying Knee","PiercingWail","Fire Breathing","Flechettes","Sword Boomerang","PiercingWail","Berserk","Fire Breathing","Deadly Poison","Whirlwind","Iron Wave","Footwork","Fiend Fire","Inflame","Acrobatics+1","Ghostly","Ghostly","Ghostly","Ghostly","Ghostly"],"relics":["Burning Blood","Tiny Chest","PreservedInsect","Darkstone Periapt","FossilizedHelix","Runic Pyramid","OrangePellets"],"acts_visited":["Exordium","TheCity"],"potions_floor_usage":[11,16,24],"damage_taken":[{"damage":0,"enemies":"Small Slimes","floor":1,"turns":3},{"damage":0,"enemies":"2 Louse","floor":3,"turns":3},{"damage":0,"enemies":"Jaw Worm","floor":5,"turns":2},{"damage":19,"enemies":"Gremlin Nob","floor":6,"turns":5},{"damage":4,"enemies":"2 Fungi Beasts","floor":8,"turns":3},{"damage":3,"enemies":"Red Slaver","floor":10,"turns":3},{"damage":10,"enemies":"Lagavulin","floor":11,"turns":5},{"damage":0,"enemies":"Looter","floor":13,"turns":3},{"damage":0,"enemies":"2 Fungi Beasts","floor":14,"turns":3},{"damage":28,"enemies":"The Guardian","floor":16,"turns":11},{"damage":0,"enemies":"3 Byrds","floor":18,"turns":6},{"damage":13,"enemies":"Shell Parasite","floor":21,"turns":7},{"damage":63,"enemies":"Slavers","floor":24,"turns":5}],"seed_played":"-9153529433574225089","potions_obtained":[{"floor":1,"key":"Ancient Potion"},{"floor":4,"key":"FairyPotion"},{"floor":4,"key":"BlessingOfTheForge"},{"floor":11,"key":"PowerPotion"},{"floor":18,"key":"Swift Potion"}],"is_trial":true,"path_per_floor":["M","?","M","?","M","E","$","M","T","M","E","R","M","M","R","B",null,"M","?","$","M","?","R","E"],"character_chosen":"IRONCLAD","items_purchased":["PreservedInsect","OrangePellets","Inflame"],"campfire_rested":0,"item_purchase_floors":[7,20,20],"current_hp_per_floor":[80,80,80,80,80,67,67,69,69,72,68,68,74,80,80,58,80,80,80,80,73,40,40,0,0],"gold":48,"neow_bonus":"","is_daily":false,"chose_seed":false,"campfire_upgraded":3,"win_rate":0.0,"timestamp":1612271253,"path_taken":["M","?","M","?","M","E","$","M","T","?","E","R","M","M","R","BOSS","M","?","$","M","?","R","E"],"items_purchased_type":["Relic","Relic","Card"],"build_version":"2020-12-22","purchased_purges":0,"victory":false,"max_hp_per_floor":[80,80,80,80,80,80,80,80,80,80,80,80,80,80,80,80,80,80,80,80,80,40,40,40,40],"relic_stats":{"Darkstone Periapt":0,"OrangePellets":[1],"counters":[13,59],"Tiny Chest":0,"PreservedInsect":67,"obtain_stats":[{"Darkstone Periapt":9,"OrangePellets":20,"Tiny Chest":6,"PreservedInsect":7,"Burning Blood":0,"FossilizedHelix":11,"Runic Pyramid":17},{"Darkstone Periapt":5,"OrangePellets":11,"Tiny Chest":4,"PreservedInsect":4,"Burning Blood":0,"FossilizedHelix":7,"Runic Pyramid":10},{"Darkstone Periapt":16,"OrangePellets":47,"Tiny Chest":13,"PreservedInsect":13,"Burning Blood":0,"FossilizedHelix":24,"Runic Pyramid":41}],"Burning Blood":48},"card_choices":[{"not_picked":["Body Slam","Poisoned Stab"],"picked":"SKIP","floor":1},{"not_picked":["True Grit"],"picked":"PiercingWail","floor":3},{"not_picked":["Clothesline"],"picked":"Berserk","floor":5},{"not_picked":["Wild Strike"],"picked":"Fire Breathing","floor":6},{"not_picked":["Dagger Throw"],"picked":"Deadly Poison","floor":8},{"not_picked":["Deadly Poison"],"picked":"Whirlwind","floor":10},{"not_picked":["Dodge and Roll"],"picked":"Iron Wave","floor":11},{"not_picked":["Expertise","Sucker Punch"],"picked":"SKIP","floor":13},{"not_picked":["Feel No Pain"],"picked":"Footwork","floor":14},{"not_picked":["Malaise"],"picked":"Fiend Fire","floor":16},{"not_picked":["Sword Boomerang","Expertise"],"picked":"SKIP","floor":18},{"not_picked":["Havoc"],"picked":"Acrobatics+1","floor":21}],"player_experience":1137126,"relics_obtained":[{"floor":6,"key":"Tiny Chest"},{"floor":9,"key":"Darkstone Periapt"},{"floor":11,"key":"FossilizedHelix"}],"event_choices":[{"damage_healed":0,"gold_gain":53,"player_choice":"Gained Gold","damage_taken":0,"max_hp_gain":0,"max_hp_loss":0,"event_name":"Golden Wing","floor":2,"gold_loss":0},{"damage_healed":0,"gold_gain":0,"player_choice":"Bought 2 Potions","damage_taken":0,"max_hp_gain":0,"max_hp_loss":0,"event_name":"The Woman in Blue","floor":4,"gold_loss":0},{"damage_healed":0,"gold_gain":0,"player_choice":"Ignored","damage_taken":0,"max_hp_gain":0,"max_hp_loss":0,"event_name":"Vampires","floor":19,"gold_loss":0},{"damage_healed":0,"gold_gain":0,"player_choice":"Became a Ghost","damage_taken":0,"max_hp_gain":0,"max_hp_loss":40,"event_name":"Ghosts","floor":22,"gold_loss":0,"cards_obtained":["Ghostly","Ghostly","Ghostly","Ghostly","Ghostly"]}],"is_beta":false,"boss_relics":[{"not_picked":["Runic Dome","Coffee Dripper"],"picked":"Runic Pyramid"}],"items_purged_floors":[],"is_endless":false,"potions_floor_spawned":[1,11,14,18,21],"killed_by":"Slavers","ascension_level":0}}