{"host":"yqw1zpryoutrnocq","time":1612274741,"event":{"mods":["2.2 Compatiblity","AchievementEnabler","BaseMod","Colored Map","Custom Start","DeckTracker","Minty Spire (QoL Compilation)","StSLib","SuperFastMode"],"gold_per_floor":[12,29,29,46,46,46,62,79,105,105,116,116,116,147,159,275,287,309,331,362,49,69,102,112,125,125,135,135,61,91,191,191,292,292,312,324,324,324,424,457,457,489,537,549,575,228,241,273,273,273,273,273,19,51,51],"floor_reached":56,"language":"KOR","playtime":2053,"items_purged":["Strike_R","Shockwave","Immolate"],"score":1716,"play_id":"8648f2e7-7dd3-4a6b-9a94-55a5b0c36d70","local_time":"20210202080541","is_ascension_mode":true,"campfire_choices":[{"data":"Body Slam","floor":6,"key":"SMITH"},{"data":"Havoc","floor":10,"key":"SMITH"},{"data":"Wild Strike","floor":12,"key":"SMITH"},{"data":"Power Through","floor":15,"key":"SMITH"},{"data":"Dark Embrace","floor":28,"key":"SMITH"},{"data":"Entrench","floor":32,"key":"SMITH"},{"data":"Body Slam","floor":41,"key":"SMITH"},{"floor":49,"key":"RECALL"},{"data":"Offering","floor":52,"key":"SMITH"}],"circlet_count":0,"master_deck":["Defend_R","Defend_R","Defend_R","Bash+1","Barricade+1","Body Slam+1","Wild Strike+1","Power Through+1","Havoc+1","Battle Trance","Impervious","Immolate+1","Berserk+1","Dark Embrace+1","Sever Soul","Thunderclap+1","Shrug It Off","Offering+1","Dark Embrace+1","Burning Pact+1","Warcry+1","Fire Breathing","Entrench+1","Double Tap","Seeing Red+1","Bandage Up","Body Slam+1","Sever Soul+1","Entrench+1","Shrug It Off","Body Slam","Shrug It Off+1","Ghostly Armor+1","Infernal Blade+1"],"relics":["Burning Blood","Blood Vial","MawBank","Astrolabe","Happy Flower","Charon\u0027s Ashes","FossilizedHelix","Pear","Runic Pyramid","Whetstone","Paper Frog","Omamori","Bronze Scales","Bag of Preparation","White Beast Statue","Bottled Lightning"],"acts_visited":["Exordium","TheCity","TheBeyond","TheEnding"],"potions_floor_usage":[16,23,24,25,27,31,31,31,31,33,40,42,50,50,54,55],"damage_taken":[{"damage":4.0,"enemies":"Small Slimes","floor":1.0,"turns":4.0},{"damage":1.0,"enemies":"2 Louse","floor":2.0,"turns":2.0},{"damage":6.0,"enemies":"Cultist","floor":4.0,"turns":4.0},{"damage":10,"enemies":"Gremlin Gang","floor":7,"turns":2},{"damage":18,"enemies":"Red Slaver","floor":8,"turns":3},{"damage":0,"enemies":"3 Louse","floor":11,"turns":2},{"damage":20,"enemies":"Lagavulin","floor":14,"turns":4},{"damage":31,"enemies":"The Guardian","floor":16,"turns":20},{"damage":12,"enemies":"Shell Parasite","floor":18,"turns":5},{"damage":0,"enemies":"Chosen","floor":19,"turns":4},{"damage":0,"enemies":"Snecko","floor":20,"turns":4},{"damage":7,"enemies":"Cultist and Chosen","floor":22,"turns":5},{"damage":6,"enemies":"Gremlin Leader","floor":23,"turns":5},{"damage":36,"enemies":"Sentry and Sphere","floor":24,"turns":6},{"damage":6,"enemies":"Snecko","floor":25,"turns":6},{"damage":6,"enemies":"Centurion and Healer","floor":27,"turns":4},{"damage":14,"enemies":"Book of Stabbing","floor":30,"turns":5},{"damage":6,"enemies":"Colosseum Slavers","floor":31,"turns":1},{"damage":20,"enemies":"Colosseum Nobs","floor":31,"turns":4},{"damage":0,"enemies":"Champ","floor":33,"turns":7},{"damage":11,"enemies":"3 Shapes","floor":35,"turns":3},{"damage":15,"enemies":"3 Darklings","floor":36,"turns":2},{"damage":12,"enemies":"Reptomancer","floor":40,"turns":6},{"damage":0,"enemies":"Nemesis","floor":42,"turns":3},{"damage":8,"enemies":"Spire Growth","floor":44,"turns":4},{"damage":13,"enemies":"Giant Head","floor":45,"turns":5},{"damage":0,"enemies":"Jaw Worm Horde","floor":47,"turns":2},{"damage":0,"enemies":"Nemesis","floor":48,"turns":3},{"damage":40,"enemies":"Donu and Deca","floor":50,"turns":7},{"damage":0,"enemies":"Shield and Spear","floor":54,"turns":3},{"damage":9,"enemies":"The Heart","floor":55,"turns":6}],"seed_played":"-1414588653098781441","potions_obtained":[{"floor":7,"key":"Block Potion"},{"floor":8,"key":"EntropicBrew"},{"floor":16,"key":"Fire Potion"},{"floor":19,"key":"SneckoOil"},{"floor":23,"key":"SkillPotion"},{"floor":24,"key":"LiquidMemories"},{"floor":27,"key":"Swift Potion"},{"floor":30,"key":"DistilledChaos"},{"floor":35,"key":"Explosive Potion"},{"floor":36,"key":"CultistPotion"},{"floor":40,"key":"LiquidMemories"},{"floor":48,"key":"Fire Potion"},{"floor":54,"key":"Energy Potion"}],"is_trial":false,"path_per_floor":["M","M","?","M","?","R","M","M","T","R","M","R","?","E","R","B",null,"M","M","M","$","M","E","M","M","T","M","R","$","E","?","R","B",null,"M","M","?","?","?","E","R","E","T","M","E","$","M","E","R","B",null,"R","$","E","B",null],"character_chosen":"IRONCLAD","items_purchased":["Shrug It Off","Offering","Dark Embrace","Fire Breathing","Shrug It Off","Body Slam","Bag of Preparation","AttackPotion","LiquidMemories"],"campfire_rested":0,"item_purchase_floors":[21,21,21,29,46,46,46,53,53],"current_hp_per_floor":[80,80,80,80,80,80,76,64,64,64,72,72,72,60,60,37,80,74,80,80,80,79,80,50,52,52,54,54,54,48,48,48,56,90,85,78,78,78,78,78,78,90,90,90,87,87,90,90,90,60,90,90,90,90,90],"gold":51,"neow_bonus":"THREE_RARE_CARDS","is_daily":false,"chose_seed":false,"campfire_upgraded":8,"win_rate":0.0,"timestamp":1612274741,"path_taken":["M","M","?","M","?","R","M","M","T","R","M","R","?","E","R","BOSS","M","M","?","$","?","E","?","M","T","M","R","?","E","?","R","BOSS","M","M","?","?","?","E","R","E","T","?","E","$","M","E","R","BOSS","R","$","E","BOSS"],"items_purchased_type":["Card","Card","Card","Card","Card","Card","Relic","Potion","Potion"],"build_version":"2020-12-22","purchased_purges":3,"victory":true,"max_hp_per_floor":[80,80,80,80,80,80,80,80,80,80,80,80,80,80,80,80,80,80,80,80,80,80,80,80,80,80,80,80,80,80,90,90,90,90,90,90,90,90,90,90,90,90,90,90,90,90,90,90,90,90,90,90,90,90,90],"card_choices":[{"not_picked":["Impervious","Demon Form"],"picked":"Barricade","floor":0.0},{"not_picked":["Wild Strike","Spot Weakness"],"picked":"Body Slam","floor":1.0},{"not_picked":["Warcry","Twin Strike"],"picked":"Wild Strike","floor":2.0},{"not_picked":["Heavy Blade","True Grit"],"picked":"Immolate","floor":4.0},{"not_picked":["Seeing Red","Perfected Strike"],"picked":"Power Through","floor":7},{"not_picked":["Cleave","Armaments"],"picked":"Havoc","floor":8},{"not_picked":["Uppercut","Havoc"],"picked":"Battle Trance","floor":11},{"not_picked":["Headbutt","Dual Wield","Flame Barrier"],"picked":"SKIP","floor":14},{"not_picked":["Reaper","Limit Break"],"picked":"Impervious","floor":16},{"not_picked":["Armaments","Infernal Blade"],"picked":"Sever Soul","floor":18},{"not_picked":["Searing Blow","Blood for Blood"],"picked":"Thunderclap","floor":19},{"not_picked":["Twin Strike+1","Anger","Wild Strike"],"picked":"SKIP","floor":20},{"not_picked":["Sword Boomerang","Flex","Brutality"],"picked":"SKIP","floor":22},{"not_picked":["Ghostly Armor","Clash+1"],"picked":"Burning Pact+1","floor":23},{"not_picked":["Spot Weakness","Heavy Blade","Uppercut+1"],"picked":"SKIP","floor":24},{"not_picked":["Disarm","Cleave+1"],"picked":"Warcry+1","floor":25},{"not_picked":["Warcry","Cleave","Combust+1"],"picked":"SKIP","floor":27},{"not_picked":["Dropkick","Wild Strike"],"picked":"Entrench","floor":30},{"not_picked":["Intimidate","Cleave"],"picked":"Shockwave","floor":31},{"not_picked":["Berserk","Barricade"],"picked":"Double Tap","floor":33},{"not_picked":["Pommel Strike+1","Rampage+1"],"picked":"Seeing Red+1","floor":35},{"not_picked":["Cleave+1","Armaments+1","Pummel+1"],"picked":"SKIP","floor":36},{"not_picked":["Trip","HandOfGreed"],"picked":"Bandage Up","floor":38},{"not_picked":["Sever Soul+1","Anger"],"picked":"Body Slam","floor":40},{"not_picked":["Shrug It Off+1","Headbutt"],"picked":"Sever Soul+1","floor":42},{"not_picked":["Clash+1","Cleave+1","Sword Boomerang"],"picked":"SKIP","floor":44},{"not_picked":["Metallicize","Pummel+1"],"picked":"Entrench+1","floor":45},{"not_picked":["Shockwave","Inflame+1"],"picked":"Shrug It Off+1","floor":47},{"not_picked":["Blood for Blood+1","Dark Embrace+1"],"picked":"Ghostly Armor+1","floor":48},{"not_picked":["Body Slam","Perfected Strike"],"picked":"Infernal Blade+1","floor":54}],"player_experience":262640,"relics_obtained":[{"floor":9,"key":"Blood Vial"},{"floor":14,"key":"MawBank"},{"floor":23,"key":"Happy Flower"},{"floor":30,"key":"Charon\u0027s Ashes"},{"floor":31,"key":"FossilizedHelix"},{"floor":31,"key":"Pear"},{"floor":40,"key":"Whetstone"},{"floor":42,"key":"Paper Frog"},{"floor":43,"key":"Omamori"},{"floor":45,"key":"Bronze Scales"},{"floor":48,"key":"White Beast Statue"},{"floor":54,"key":"Bottled Lightning"}],"event_choices":[{"damage_healed":0.0,"max_hp_gain":0.0,"max_hp_loss":0.0,"gold_gain":0.0,"event_name":"Living Wall","player_choice":"Grow","floor":3.0,"gold_loss":0.0,"damage_taken":0.0,"cards_upgraded":["Barricade"]},{"damage_healed":0,"gold_gain":0,"player_choice":"Leave","damage_taken":0,"max_hp_gain":0,"max_hp_loss":0,"event_name":"The Cleric","floor":5,"gold_loss":0},{"cards_removed":["Strike_R"],"damage_healed":0,"gold_gain":0,"player_choice":"Offered Basic","damage_taken":0,"max_hp_gain":0,"max_hp_loss":0,"event_name":"Bonfire Elementals","floor":13,"gold_loss":0},{"damage_healed":0,"gold_gain":0,"player_choice":"Fight","damage_taken":0,"max_hp_gain":0,"max_hp_loss":0,"event_name":"Colosseum","floor":31,"gold_loss":0},{"damage_healed":0,"gold_gain":0,"player_choice":"Fought Nobs","damage_taken":0,"max_hp_gain":0,"max_hp_loss":0,"event_name":"Colosseum","floor":31,"gold_loss":0},{"cards_removed":["Defend_R"],"damage_healed":0,"gold_gain":0,"player_choice":"Removed Skill","damage_taken":0,"max_hp_gain":0,"max_hp_loss":0,"event_name":"Falling","floor":37,"gold_loss":0},{"damage_healed":0,"gold_gain":0,"player_choice":"Memory 1","damage_taken":0,"max_hp_gain":0,"max_hp_loss":0,"event_name":"SensoryStone","floor":38,"gold_loss":0},{"damage_healed":0,"gold_gain":100,"player_choice":"Pray","damage_taken":0,"max_hp_gain":0,"max_hp_loss":0,"event_name":"Golden Shrine","floor":39,"gold_loss":0}],"is_beta":false,"boss_relics":[{"not_picked":["Tiny House","Snecko Eye"],"picked":"Astrolabe"},{"not_picked":["SacredBark","Empty Cage"],"picked":"Runic Pyramid"}],"items_purged_floors":[21,46,53],"is_endless":false,"potions_floor_spawned":[7,8,16,19,23,24,27,30,35,36,40,48,54],"ascension_level":4}}