{"host":"6rz02yiipefhcw4r","time":1612228382,"event":{"mods":["2.2 Compatiblity","Arknights","BaseMod","Better Match","Better Third Choice","Better Vampires","BetterRewards","Block Reminder","Colored Map","Curses Come First","DeckTracker","Googly Eyes","Hubris","Minty Spire (QoL Compilation)","Quick Restart","Rare Cards Sparkle","Reliquary","Shade Mod","Spicy Shops","StSLib","The Bladedancer","The Cursed","The Marked","The Necromancer","The Runesmith"],"gold_per_floor":[112,187,197,214,214,245,265,265,339,339,339,352,352,352],"floor_reached":13,"language":"ENG","playtime":579,"items_purged":[],"score":170,"play_id":"8abc77bf-88c0-4fec-aa21-6cff26ef1f78","local_time":"20210201231302","is_ascension_mode":true,"campfire_choices":[{"floor":8,"key":"REST"},{"data":"Feed","floor":11,"key":"SMITH"}],"circlet_count":0,"master_deck":["AscendersBane","Strike_R","Strike_R","Strike_R","Strike_R","Strike_R","Defend_R","Defend_R","Defend_R","Defend_R","Bash","Feed+1","Shockwave","True Grit","Iron Wave","Limit Break","Whirlwind","Uppercut","Disarm"],"relics":["Burning Blood","Turnip","reliquary:SharkskinSheath","hubris:DisguiseKit"],"acts_visited":["Exordium"],"potions_floor_usage":[6,7,13],"damage_taken":[{"damage":13,"enemies":"Jaw Worm","floor":1,"turns":6},{"damage":7,"enemies":"Small Slimes","floor":3,"turns":5},{"damage":5,"enemies":"2 Louse","floor":4,"turns":4},{"damage":24,"enemies":"Gremlin Nob","floor":6,"turns":4},{"damage":6,"enemies":"Blue Slaver","floor":7,"turns":6},{"damage":14,"enemies":"Gremlin Gang","floor":12,"turns":9},{"damage":50,"enemies":"Lagavulin","floor":13,"turns":9}],"seed_played":"-2607534319956397565","potions_obtained":[{"floor":4,"key":"ColorlessPotion"},{"floor":6,"key":"Block Potion"},{"floor":12,"key":"Explosive Potion"}],"is_trial":false,"path_per_floor":["M","?","M","M","?","E","M","R","T","?","R","M","E"],"character_chosen":"IRONCLAD","items_purchased":[],"campfire_rested":1,"item_purchase_floors":[],"current_hp_per_floor":[64,53,55,59,33,15,18,42,42,42,42,38,0,0],"gold":352,"neow_bonus":"THREE_RARE_CARDS","is_daily":false,"chose_seed":false,"campfire_upgraded":1,"win_rate":0.0,"timestamp":1612228382,"path_taken":["M","?","M","M","?","E","M","R","T","?","R","M","E"],"items_purchased_type":[],"build_version":"2020-12-22","purchased_purges":0,"victory":false,"max_hp_per_floor":[71,71,74,77,77,77,80,80,80,80,80,84,84,84],"card_choices":[{"not_picked":["Double Tap","Reaper"],"picked":"Feed","floor":0},{"not_picked":["Body Slam","Havoc"],"picked":"Shockwave","floor":1},{"not_picked":["Clash","Searing Blow"],"picked":"True Grit","floor":3},{"not_picked":["Second Wind","Sever Soul"],"picked":"Iron Wave","floor":4},{"not_picked":["Pommel Strike","Uppercut"],"picked":"Limit Break","floor":6},{"not_picked":["Thunderclap","Rupture"],"picked":"Whirlwind","floor":7},{"not_picked":["Pummel","Searing Blow","Gash"],"picked":"Disarm","floor":12}],"player_experience":792761,"relics_obtained":[{"floor":6,"key":"reliquary:SharkskinSheath"},{"floor":9,"key":"hubris:DisguiseKit"}],"event_choices":[{"damage_healed":0,"gold_gain":75,"player_choice":"Gold","damage_taken":11,"max_hp_gain":0,"max_hp_loss":0,"event_name":"betterThird:BetterGoop","floor":2,"gold_loss":0},{"damage_healed":0,"gold_gain":0,"player_choice":"Relic ","damage_taken":26,"max_hp_gain":0,"max_hp_loss":0,"event_name":"betterThird:BetterScrap","floor":5,"gold_loss":0,"cards_obtained":["Establishment"]}],"is_beta":false,"boss_relics":[],"items_purged_floors":[],"is_endless":false,"potions_floor_spawned":[4,6,12],"killed_by":"Lagavulin","ascension_level":20}}