{"host":"o3b7ow6d1xe49css","time":1612260291,"event":{"mods":["Act Like it!","Aspiration","BaseMod","Bestiary","Better Altar","Better Match","Better Note","Better Sensory Stone","Better Skull","Better Third Choice","Colored Powertips","Conspire","Energized Spire","Force Act Four","GifTheSpireLib","Halation","Hermit","Hubris","Infinite Spire","Lobotomy","Minty Spire (QoL Compilation)","Quick Restart","Rare Cards Sparkle","Relic Filter Mod","Reliquary","Replay The Spire","Spicy Shops","Spikes Relics","Spire Arcade","StSLib","Stuff the Spire","The Blue Laboratory","Wandering Minibosses"],"gold_per_floor":[110,129,148,168,225,225,253,282,282,20,20,49,82,112,112,207,207,226,239,239,13,13,41,69,69,69,104,133,162,197,197,197,324,324,372,424,277,315,19,46,76,76,100,145,180,225,276,344,344,475,475,475,71,118,188],"floor_reached":56,"language":"ENG","playtime":4295,"items_purged":["Pain","hermit:Strike_Hermit","Scorched","hermit:Grudge"],"score":2138,"play_id":"39a7da09-f79c-426c-a793-8191776ba0dd","local_time":"20210202010451","daily_mods":["Heirloom","Flight","Elite Swarm"],"is_ascension_mode":true,"campfire_choices":[{"data":"hermit:Snapshot","floor":6,"key":"SMITH"},{"data":"hermit:BlackWind","floor":11,"key":"SMITH"},{"data":"hermit:Adapt","floor":15,"key":"SMITH"},{"data":"conspire:Banana","floor":25,"key":"SMITH"},{"data":"hermit:FatalDesire","floor":32,"key":"SMITH"},{"floor":42,"key":"RECALL"},{"data":"hermit:FromBeyond","floor":49,"key":"SMITH"},{"data":"hermit:Ricochet","floor":52,"key":"SMITH"}],"circlet_count":0,"master_deck":["hermit:Strike_Hermit","hermit:Strike_Hermit","hermit:Strike_Hermit","hermit:Defend_Hermit","hermit:Defend_Hermit+1","hermit:Defend_Hermit+1","hermit:Defend_Hermit","hermit:Snapshot+1","hermit:Covet","hermit:Feint","hermit:Ricochet+1","hermit:BlackWind+1","hermit:Snapshot+1","hermit:Glare","hermit:RoundhouseKick+1","hermit:HeroicBravado+1","hermit:Adapt+1","hermit:FatalDesire+1","conspire:Banana+1","hermit:RoundhouseKick","hermit:FromBeyond+1","hermit:Roughhouse+1","hermit:LowProfile+1","hermit:CalledShot+1","Pot Of Greed+1","Pot Of Greed+1","Pot Of Greed+1","hermit:Roughhouse+1","hermit:Determination+1","hermit:FinalCanter+1","Pride"],"relics":["hermit:Momento","Ring of Chaos","aspiration:AnachronicSnailShell","CogitoBucket","LugNut","reliquary:RoseTintedGlasses","Darkstone Periapt","DollysMirror","Bag of Preparation","reliquary:Buckler","Replay:Bottled Snecko","Meat on the Bone","Black Star","BehaviorAdjustment","Unceasing Top","Guide Book","reliquary:Aerogel","HornCleat","ReplayTheSpireMod:Lightbulb","hubris:PeanutButter","Art of War","Golden Egg","Vajra","halation:VictoryRuler","infinitespire:FocusingShard","Toy Ornithopter","halation:IllGainedPizza","conspire:Boomerang","MutagenicStrength","infinitespire:EvilPickle","energizedSpire:OgreHead","wanderingMiniBosses:AbyssPearl","PreservedInsect","Grinning Jar","Blood Vial","reliquary:TuningFork","halation:SwordOfLegend","halation:LettersToHer","reliquary:ExpiredCoupon","Pet Ghost","Replay:Bottled Flurry","Potion Belt","Juzu Bracelet","Toxic Egg 2","StuffTheSpire:Wildfire","Pear","reliquary:SharkskinSheath","SkinProphecy","hubris:TerracottaHorce","Ring of Chaos","Membership Card","ZombieTooth","OrangePellets","Peace Pipe","Gremlin Food"],"acts_visited":["Exordium","TheCity","TheBeyond","Exordium","TheEnding"],"potions_floor_usage":[4,7,12,23,23,30,35,48,55,55,55,55],"damage_taken":[{"damage":3,"enemies":"Jaw Worm","floor":1,"turns":5},{"damage":1,"enemies":"Small Slimes","floor":2,"turns":3},{"damage":1,"enemies":"2 Louse","floor":3,"turns":2},{"damage":0,"enemies":"Large Slime","floor":4,"turns":7},{"damage":14,"enemies":"Gremlin Nob","floor":7,"turns":5},{"damage":0,"enemies":"3 Sentries","floor":8,"turns":2},{"damage":5,"enemies":"Lagavulin","floor":12,"turns":6},{"damage":3,"enemies":"3 Sentries","floor":13,"turns":3},{"damage":0,"enemies":"Gremlin Nob","floor":14,"turns":2},{"damage":7,"enemies":"Fading Forest","floor":16,"turns":11},{"damage":11,"enemies":"Chosen","floor":18,"turns":3},{"damage":3,"enemies":"Spheric Guardian","floor":19,"turns":4},{"damage":7,"enemies":"Nightmare","floor":23,"turns":7},{"damage":2,"enemies":"Gremlin Leader","floor":24,"turns":5},{"damage":4,"enemies":"Slavers","floor":27,"turns":6},{"damage":0,"enemies":"Gremlin Leader","floor":28,"turns":5},{"damage":2,"enemies":"Book of Stabbing","floor":29,"turns":5},{"damage":3,"enemies":"Slavers","floor":30,"turns":3},{"damage":8,"enemies":"Pondfish","floor":33,"turns":6},{"damage":2,"enemies":"3 Shapes","floor":35,"turns":4},{"damage":6,"enemies":"Orb Walker","floor":36,"turns":6},{"damage":0,"enemies":"Sphere and 2 Shapes","floor":38,"turns":2},{"damage":0,"enemies":"R_Hoarder","floor":40,"turns":3},{"damage":0,"enemies":"Nemesis","floor":41,"turns":3},{"damage":3,"enemies":"Nightmare","floor":44,"turns":7},{"damage":0,"enemies":"R_Hoarder","floor":45,"turns":2},{"damage":0,"enemies":"Giant Head","floor":46,"turns":4},{"damage":0,"enemies":"R_Hoarder","floor":47,"turns":5},{"damage":0,"enemies":"Maw","floor":48,"turns":9},{"damage":4,"enemies":"Replay:Hell Engine","floor":50,"turns":7},{"damage":0,"enemies":"Shield and Spear","floor":54,"turns":3},{"damage":15,"enemies":"The Heart","floor":55,"turns":6}],"seed_played":"-7886985254297259402","potions_obtained":[{"floor":1,"key":"blueLaboratory:BubblePotion"},{"floor":4,"key":"Flashbang"},{"floor":7,"key":"SpeedPotion"},{"floor":12,"key":"LiquidBronze"},{"floor":13,"key":"blueLaboratory:NullPotion"},{"floor":19,"key":"Dexterity Potion"},{"floor":23,"key":"Weak Potion"},{"floor":27,"key":"blueLaboratory:RememoryPotion"},{"floor":33,"key":"SkillPotion"},{"floor":35,"key":"SpeedPotion"},{"floor":40,"key":"FearPotion"},{"floor":44,"key":"BlessingOfTheForge"},{"floor":45,"key":"AttackPotion"},{"floor":46,"key":"SteroidPotion"}],"is_trial":true,"path_per_floor":["M","M","M","M","?","R","E","E","T","$","R","E","E","E","R","B",null,"M","M","AVR","$","?","NM","E","R","T","E","E","E","E","?","R","B",null,"M","M","$","M","$","E","E","R","T","NM","E","E","E","M","R","B",null,"R","$","E","B",null],"character_chosen":"HERMIT","items_purchased":["DollysMirror","Bag of Preparation","hermit:Glare","Guide Book","PreservedInsect","Grinning Jar","blueLaboratory:BottleOfRum","Membership Card","ZombieTooth","OrangePellets","PowerPotion"],"campfire_rested":0,"item_purchase_floors":[10,10,10,21,37,39,39,53,53,53,53],"current_hp_per_floor":[72,71,70,70,70,70,56,56,56,62,62,57,54,54,54,71,79,68,65,65,65,65,60,60,60,60,60,64,66,72,72,72,68,96,103,101,101,101,101,105,111,110,110,111,113,117,133,143,143,139,147,147,153,153,149],"gold":188,"neow_bonus":"","is_daily":false,"chose_seed":false,"campfire_upgraded":7,"win_rate":0.0,"timestamp":1612260291,"path_taken":["M","M","M","M","?","R","E","E","T","$","R","E","E","E","R","BOSS","M","M","AVR","$","?","NM","E","R","T","E","E","E","E","?","R","BOSS","M","M","$","M","$","E","E","R","T","NM","E","E","E","M","R","BOSS","R","$","E","BOSS"],"items_purchased_type":["Relic","Relic","Card","Relic","Relic","Relic","Potion","Relic","Relic","Relic","Potion"],"build_version":"2020-12-22","purchased_purges":4,"victory":true,"max_hp_per_floor":[75,75,75,75,75,75,75,75,75,81,81,81,81,81,81,81,81,81,81,81,81,81,83,85,85,85,89,93,97,101,101,101,105,105,109,113,113,113,113,117,121,121,121,123,123,125,139,143,143,147,147,147,153,157,161],"card_choices":[{"not_picked":["Bloodbath","DespairKnight","BeautyBeast"],"picked":"Singing Bowl","floor":1},{"not_picked":["hermit:Roulette","hermit:TrackingShot"],"picked":"hermit:Grudge","floor":1},{"not_picked":["Porccubus","ShyLook","Bloodbath"],"picked":"Singing Bowl","floor":2},{"not_picked":["PunishingBird","MeatLantern"],"picked":"Scorched","floor":2},{"not_picked":["hermit:SprayPray","hermit:ItchyTrigger","hermit:Coalescence"],"picked":"SKIP","floor":2},{"not_picked":["WallGazer","CherryBlossoms","MHz"],"picked":"Singing Bowl","floor":3},{"not_picked":["hermit:Showdown","hermit:SprayPray"],"picked":"hermit:Feint","floor":3},{"not_picked":["Wellcheers","Mercenary","MeatLantern"],"picked":"Singing Bowl","floor":4},{"not_picked":["hermit:Quickdraw","hermit:LoneWolf"],"picked":"hermit:Ricochet","floor":4},{"not_picked":["ShyLook","SingingMachine","BeautyBeast"],"picked":"Singing Bowl","floor":7},{"not_picked":["hermit:HeroicBravado","hermit:Purgatory"],"picked":"hermit:BlackWind","floor":7},{"not_picked":["PunishingBird","Wellcheers","LittleHelper"],"picked":"Singing Bowl","floor":8},{"not_picked":["hermit:Dissolve","hermit:Adapt","hermit:Gambit"],"picked":"SKIP","floor":8},{"not_picked":["hermit:HeroicBravado","hermit:Gambit"],"picked":"hermit:RoundhouseKick","floor":12},{"not_picked":["PunishingBird","CrumblingArmor","Bloodbath"],"picked":"Singing Bowl","floor":12},{"not_picked":["QueenOfHatred","Porccubus","BeautyBeast"],"picked":"Singing Bowl","floor":13},{"not_picked":["hermit:FinalCanter","hermit:Adapt"],"picked":"hermit:HeroicBravado","floor":13},{"not_picked":["hermit:Dissolve","hermit:OverwhelmingPower"],"picked":"hermit:Adapt","floor":14},{"not_picked":["hermit:EternalForm","hermit:Reprieve"],"picked":"hermit:FatalDesire","floor":16},{"not_picked":["PunishingBird","MHz","BeautyBeast"],"picked":"Singing Bowl","floor":16},{"not_picked":["BeautyBeast","Alriune","RedShoes"],"picked":"Singing Bowl","floor":18},{"not_picked":["hermit:Determination+1","hermit:CursedWeapon+1","hermit:Cheat"],"picked":"SKIP","floor":18},{"not_picked":["FieryBird","WhiteNight","MeatLantern"],"picked":"Singing Bowl","floor":19},{"not_picked":["hermit:Desperado","hermit:LowProfile","hermit:LoneWolf"],"picked":"SKIP","floor":19},{"not_picked":["StuffTheSpire:FreeRealEstate","Good Instincts"],"picked":"conspire:Banana","floor":22},{"not_picked":["FieryBird","LaLuna","MeltingLove"],"picked":"Singing Bowl","floor":23},{"not_picked":["hermit:RoundhouseKick","hermit:FatalDesire","hermit:Gambit"],"picked":"SKIP","floor":23},{"not_picked":["hermit:FatalDesire","hermit:Gambit"],"picked":"hermit:RoundhouseKick","floor":23},{"not_picked":["hermit:Dissolve","hermit:EternalForm"],"picked":"hermit:FromBeyond","floor":24},{"not_picked":["SpiderBud","ShyLook","QueenOfHatred"],"picked":"Singing Bowl","floor":24},{"not_picked":["hermit:Adapt","hermit:HighNoon"],"picked":"hermit:Roughhouse","floor":27},{"not_picked":["WallGazer","Variant","BigBird"],"picked":"Singing Bowl","floor":27},{"not_picked":["hermit:Dissolve","hermit:FromBeyond","hermit:HighNoon"],"picked":"SKIP","floor":28},{"not_picked":["hermit:EternalForm","hermit:FromBeyond","hermit:Dissolve"],"picked":"SKIP","floor":29},{"not_picked":["hermit:HeroicBravado","hermit:FinalCanter","hermit:RoundhouseKick"],"picked":"SKIP","floor":30},{"not_picked":["DespairKnight","Funeral","Variant"],"picked":"Singing Bowl","floor":35},{"not_picked":["hermit:BigShot+1","hermit:Gestalt+1"],"picked":"hermit:LowProfile+1","floor":35},{"not_picked":["hermit:GhostlyPresence+1","hermit:ShadowCloak+1","hermit:SprayPray"],"picked":"SKIP","floor":36},{"not_picked":["hermit:LowProfile","hermit:GoldenBullet"],"picked":"hermit:CalledShot+1","floor":38},{"not_picked":["Freischutz","Funeral","LongBird"],"picked":"Singing Bowl","floor":38},{"not_picked":["SpiderBud","Porccubus","BigBird"],"picked":"Singing Bowl","floor":40},{"not_picked":["hermit:FromBeyond","hermit:Roughhouse","hermit:HighNoon"],"picked":"SKIP","floor":40},{"not_picked":["Freischutz","BlackSwan","BlackArmy"],"picked":"Singing Bowl","floor":41},{"not_picked":["hermit:EternalForm","hermit:FatalDesire","hermit:Adapt"],"picked":"SKIP","floor":41},{"not_picked":["WhiteNight","Rudolta","MeatLantern"],"picked":"Singing Bowl","floor":44},{"not_picked":["hermit:Magnum","hermit:Reprieve","hermit:Purgatory"],"picked":"SKIP","floor":44},{"not_picked":["DespairKnight","OldLady","MeltingLove"],"picked":"Singing Bowl","floor":45},{"not_picked":["hermit:FatalDesire","hermit:Roughhouse","hermit:Gambit"],"picked":"SKIP","floor":45},{"not_picked":["hermit:FatalDesire","hermit:HighNoon"],"picked":"hermit:Roughhouse","floor":46},{"not_picked":["Scorched","WhitesApple","NothingThere"],"picked":"Singing Bowl","floor":46},{"not_picked":["DreamingCurrent","LittlePrince","SnowQueen"],"picked":"Singing Bowl","floor":47},{"not_picked":["hermit:FatalDesire","hermit:Reprieve+1","hermit:Adapt"],"picked":"SKIP","floor":47},{"not_picked":["BlueStar","SnowQueen","QueenOfHatred"],"picked":"Singing Bowl","floor":48},{"not_picked":["hermit:Feint+1","hermit:Roulette+1"],"picked":"hermit:Determination+1","floor":48},{"not_picked":["hermit:Dissolve+1","hermit:HeroicBravado+1"],"picked":"hermit:FinalCanter","floor":50},{"not_picked":["Scarecrow","Rudolta","GreedKing"],"picked":"Singing Bowl","floor":50},{"not_picked":["Scarecrow","RedShoes","DreamingCurrent"],"picked":"Singing Bowl","floor":54},{"not_picked":["hermit:DeadOrAlive","hermit:Magnum","hermit:FromBeyond+1"],"picked":"SKIP","floor":54},{"not_picked":["hermit:DeadOrAlive","hermit:Magnum","hermit:FromBeyond+1"],"picked":"SKIP","floor":54}],"player_experience":1274017,"relics_obtained":[{"floor":7,"key":"LugNut"},{"floor":8,"key":"reliquary:RoseTintedGlasses"},{"floor":9,"key":"Darkstone Periapt"},{"floor":12,"key":"reliquary:Buckler"},{"floor":13,"key":"Replay:Bottled Snecko"},{"floor":14,"key":"Meat on the Bone"},{"floor":23,"key":"reliquary:Aerogel"},{"floor":23,"key":"HornCleat"},{"floor":24,"key":"ReplayTheSpireMod:Lightbulb"},{"floor":24,"key":"hubris:PeanutButter"},{"floor":27,"key":"Art of War"},{"floor":27,"key":"Golden Egg"},{"floor":28,"key":"Vajra"},{"floor":28,"key":"halation:VictoryRuler"},{"floor":29,"key":"infinitespire:FocusingShard"},{"floor":29,"key":"Toy Ornithopter"},{"floor":30,"key":"halation:IllGainedPizza"},{"floor":30,"key":"conspire:Boomerang"},{"floor":36,"key":"wanderingMiniBosses:AbyssPearl"},{"floor":40,"key":"Blood Vial"},{"floor":40,"key":"reliquary:TuningFork"},{"floor":41,"key":"halation:SwordOfLegend"},{"floor":41,"key":"halation:LettersToHer"},{"floor":43,"key":"reliquary:ExpiredCoupon"},{"floor":43,"key":"halation:LettersToHer"},{"floor":44,"key":"Pet Ghost"},{"floor":44,"key":"Replay:Bottled Flurry"},{"floor":45,"key":"Potion Belt"},{"floor":45,"key":"Juzu Bracelet"},{"floor":46,"key":"Toxic Egg 2"},{"floor":46,"key":"StuffTheSpire:Wildfire"},{"floor":47,"key":"Pear"},{"floor":47,"key":"reliquary:SharkskinSheath"},{"floor":54,"key":"Peace Pipe"},{"floor":54,"key":"Gremlin Food"}],"event_choices":[{"damage_healed":0,"gold_gain":57,"player_choice":"Gained Gold","damage_taken":0,"max_hp_gain":0,"max_hp_loss":0,"event_name":"Golden Wing","floor":5,"gold_loss":0},{"damage_healed":0,"gold_gain":2,"player_choice":"1","damage_taken":0,"max_hp_gain":0,"max_hp_loss":0,"event_name":"betterStone:BetterStone","floor":22,"gold_loss":0},{"damage_healed":0,"gold_gain":0,"player_choice":"Inject Mutagens","damage_taken":0,"relics_obtained":["MutagenicStrength"],"max_hp_gain":0,"max_hp_loss":0,"event_name":"Drug Dealer","floor":31,"gold_loss":0}],"is_beta":false,"boss_relics":[{"not_picked":["StuffTheSpire:ModemDavis","Velvet Choker"],"picked":"Black Star"},{"not_picked":["hubris:CrackedHourglass","halation:Yufonium"],"picked":"energizedSpire:OgreHead"},{"not_picked":["Kintsugi","aspiration:DefectSkillbook"],"picked":"hubris:TerracottaHorce"}],"items_purged_floors":[20,21,39,53],"is_endless":true,"potions_floor_spawned":[1,4,7,12,13,19,23,27,33,35,40,44,45,46,54],"ascension_level":10}}