{"host":"w4b7hmige5bnqipq","time":1612232617,"event":{"mods":["2.2 Compatiblity","BaseMod","Colored Map","DeckTracker","Keyboard Shortcuts","Minty Spire (QoL Compilation)","Permanent Neow","Rare Cards Sparkle","SuperFastMode","everything is the same but u backflip on backflip","slay the spire mod where everything is the same but ironclad has a cowboy hat"],"gold_per_floor":[15,15,32,52,52,79,79,108,108,31,31,31],"floor_reached":11,"language":"KOR","playtime":613,"items_purged":[],"score":122,"play_id":"c81497a4-1408-4f89-8dea-cf7b7bb86c30","local_time":"20210202112337","is_ascension_mode":true,"campfire_choices":[{"data":"Electrodynamics","floor":7,"key":"SMITH"}],"circlet_count":0,"master_deck":["AscendersBane","Strike_B","Strike_B","Defend_B","Defend_B","Defend_B","Defend_B","Zap","Dualcast+1","BootSequence","Turbo","Beam Cell","Heatsinks","Gash","Electrodynamics+1","Genetic Algorithm","Storm","Conserve Battery"],"relics":["Cracked Core","Blood Vial","Peace Pipe","Dream Catcher","The Courier"],"acts_visited":["Exordium"],"potions_floor_usage":[11],"damage_taken":[{"damage":0,"enemies":"2 Louse","floor":1,"turns":2},{"damage":0,"enemies":"Small Slimes","floor":3,"turns":3},{"damage":1,"enemies":"Cultist","floor":4,"turns":5},{"damage":27,"enemies":"Lagavulin","floor":6,"turns":8},{"damage":15,"enemies":"3 Sentries","floor":8,"turns":5},{"damage":62,"enemies":"Gremlin Nob","floor":11,"turns":5}],"seed_played":"-2489393081282966740","potions_obtained":[{"floor":1,"key":"SneckoOil"},{"floor":4,"key":"Swift Potion"}],"is_trial":false,"path_per_floor":["M","?","M","M","?","E","R","E","T","$","E"],"character_chosen":"DEFECT","items_purchased":["Storm","Conserve Battery"],"campfire_rested":0,"item_purchase_floors":[10,10],"current_hp_per_floor":[68,68,68,67,67,42,42,29,29,29,0,0],"gold":31,"neow_bonus":"TRANSFORM_TWO_CARDS","is_daily":false,"chose_seed":false,"campfire_upgraded":1,"win_rate":0.0,"timestamp":1612232617,"path_taken":["M","?","M","M","?","E","R","E","T","$","E"],"items_purchased_type":["Card","Card"],"build_version":"2020-12-22","purchased_purges":0,"victory":false,"max_hp_per_floor":[75,75,75,75,75,75,75,75,75,75,75,75],"card_choices":[{"not_picked":["Recycle","Turbo"],"picked":"Beam Cell","floor":1},{"not_picked":["Hologram","Beam Cell"],"picked":"Heatsinks","floor":3},{"not_picked":["Coolheaded","Lockon"],"picked":"Gash","floor":4},{"not_picked":["Gash","Chaos"],"picked":"Electrodynamics","floor":6},{"not_picked":["White Noise","Rebound"],"picked":"Genetic Algorithm","floor":8}],"player_experience":692441,"relics_obtained":[{"floor":6,"key":"Peace Pipe"},{"floor":8,"key":"Dream Catcher"},{"floor":9,"key":"The Courier"}],"event_choices":[{"damage_healed":0,"gold_gain":0,"player_choice":"Grow","damage_taken":0,"max_hp_gain":0,"max_hp_loss":0,"event_name":"Living Wall","floor":2,"gold_loss":0,"cards_upgraded":["Dualcast"]},{"damage_healed":0,"gold_gain":0,"player_choice":"Gave Potion","damage_taken":0,"relics_obtained":["Blood Vial"],"max_hp_gain":0,"max_hp_loss":0,"event_name":"WeMeetAgain","floor":5,"gold_loss":0}],"is_beta":false,"boss_relics":[],"items_purged_floors":[],"is_endless":false,"potions_floor_spawned":[1,4],"killed_by":"Gremlin Nob","ascension_level":10}}