{"host":"dn2xyj3kd3d9cfyb","time":1612256365,"event":{"mods":["BaseMod","Colored Powertips","Downfall","Hubris","Marisa£®ÏF”Í°°ƒß¿Ì…≥£©","Minty Spire (QoL Compilation)","READ ME - Guardian Mod","Remilia£®¿Ÿ√◊¿Ú—«£©","Replay The Spire","Shop Mod","StSLib","The Animator","The Construct","The Cursed","The Mystic","The Servant 0.9.4","Youmu£®ªÍ∆«—˝√Œ£©","Yuri Mod","Yuyuko"],"gold_per_floor":[99,115,125,125,125,125,125,125,203,113,113,158,158],"floor_reached":12,"language":"ZHS","playtime":601,"items_purged":["Regret"],"score":74,"play_id":"75c9ffbb-1193-4c09-91bc-951d826d2918","local_time":"20210202165925","is_ascension_mode":false,"campfire_choices":[{"floor":1,"key":"RECALL"}],"circlet_count":0,"master_deck":["Strike_MRS","Strike_MRS","Strike_MRS","Defend_MRS","Defend_MRS","Defend_MRS","Defend_MRS","MasterSpark","UpSweep","MagicAbsorber","AbsoluteMagnitude+1"],"relics":["MiniHakkero","ScarletDevilRocket","ReplayTheSpireMod:Ring of Challenge","Ring of Fury","hubris:TinFlute","hubris:Teleporter"],"acts_visited":["Exordium"],"potions_floor_usage":[],"damage_taken":[{"damage":10,"enemies":"Small Slimes","floor":2,"turns":3},{"damage":1,"enemies":"Jaw Worm","floor":3,"turns":3},{"damage":28,"enemies":"Gremlin Nob","floor":9,"turns":4},{"damage":2,"enemies":"downfall:FleeingMerchant","floor":10,"turns":4},{"damage":39,"enemies":"3 Sentries","floor":12,"turns":8}],"seed_played":"6808316556146045681","potions_obtained":[],"is_trial":false,"path_per_floor":["R","M","M","?","?","?","T","?","E","$","?","E"],"character_chosen":"MARISA","items_purchased":[],"campfire_rested":0,"item_purchase_floors":[],"current_hp_per_floor":[75,65,64,64,64,64,64,64,36,34,34,0,0],"gold":158,"neow_bonus":"RANDOM_COMMON_RELIC","is_daily":false,"chose_seed":false,"campfire_upgraded":0,"win_rate":0.0,"timestamp":1612256365,"path_taken":["R","M","M","?","?","?","T","?","E","$","?","E"],"items_purchased_type":[],"build_version":"2020-12-22","purchased_purges":1,"victory":false,"max_hp_per_floor":[75,75,75,75,75,75,75,75,75,75,75,75,75],"card_choices":[{"not_picked":["WitchOfGreed","GalacticHalo","DragonMeteor"],"picked":"SKIP","floor":2},{"not_picked":["WitchLeyline","OneTimeOff"],"picked":"MagicAbsorber","floor":3},{"not_picked":["FairyDestructionRay","ShootingEcho","IllusionStar"],"picked":"SKIP","floor":9},{"not_picked":["BigCrunch","NonDirectionalLaser","ShootingEcho"],"picked":"SKIP","floor":10}],"player_experience":586916,"relics_obtained":[{"floor":4,"key":"ReplayTheSpireMod:Ring of Challenge"},{"floor":4,"key":"Ring of Fury"},{"floor":9,"key":"hubris:Teleporter"}],"event_choices":[{"damage_healed":0,"gold_gain":0,"player_choice":"Box","damage_taken":0,"relics_obtained":["hubris:TinFlute"],"max_hp_gain":0,"max_hp_loss":0,"event_name":"Big Fish","floor":8,"gold_loss":0,"cards_obtained":["Regret"]}],"is_beta":false,"boss_relics":[],"items_purged_floors":[10],"is_endless":false,"potions_floor_spawned":[],"killed_by":"3 Sentries","ascension_level":0}}