{"host":"8lno9xwgef3sjccz","time":1612300947,"event":{"mods":["AchievementEnabler","BaseMod","Minty Spire (QoL Compilation)","Relic Stats"],"gold_per_floor":[113,123,48,66,76,107,107,125,125,125,154,164,177,194,194,194,194],"floor_reached":16,"language":"ENG","playtime":718,"items_purged":[],"score":128,"play_id":"a3c2f9d4-45ed-4da2-a6a4-605760421c51","local_time":"20210202162227","is_ascension_mode":true,"campfire_choices":[{"data":"All Out Attack","floor":7,"key":"SMITH"},{"data":"Wraith Form v2","floor":10,"key":"SMITH"},{"data":"Wraith Form v2","floor":15,"key":"SMITH"}],"circlet_count":0,"master_deck":["Strike_G","Strike_G","Strike_G","Strike_G","Strike_G","Defend_G","Defend_G","Defend_G","Defend_G","Defend_G","Survivor","Neutralize","Predator","Masterful Stab","Wraith Form v2+1","Outmaneuver","All Out Attack+1","Backflip","PiercingWail","Slice","Wraith Form v2+1"],"relics":["Ring of the Snake","PreservedInsect","Paper Crane","Art of War"],"acts_visited":["Exordium"],"potions_floor_usage":[6,16,16,16,16,16,16,16,16,16],"damage_taken":[{"damage":2,"enemies":"Cultist","floor":1,"turns":5},{"damage":0,"enemies":"2 Louse","floor":2,"turns":2},{"damage":0,"enemies":"Small Slimes","floor":4,"turns":2},{"damage":6,"enemies":"Blue Slaver","floor":5,"turns":4},{"damage":26,"enemies":"3 Sentries","floor":6,"turns":7},{"damage":6,"enemies":"Looter","floor":8,"turns":3},{"damage":8,"enemies":"Gremlin Nob","floor":11,"turns":3},{"damage":4,"enemies":"2 Fungi Beasts","floor":12,"turns":2},{"damage":0,"enemies":"3 Louse","floor":13,"turns":2},{"damage":2,"enemies":"Red Slaver","floor":14,"turns":3},{"damage":28,"enemies":"Hexaghost","floor":16,"turns":9}],"seed_played":"-5420539617341660281","potions_obtained":[{"floor":0,"key":"LiquidMemories"},{"floor":0,"key":"Poison Potion"},{"floor":0,"key":"Regen Potion"},{"floor":1,"key":"Strength Potion"},{"floor":2,"key":"EntropicBrew"},{"floor":6,"key":"Fire Potion"},{"floor":8,"key":"Energy Potion"}],"is_trial":false,"path_per_floor":["M","M","$","M","M","E","R","M","T","R","E","M","M","M","R","B"],"character_chosen":"THE_SILENT","items_purchased":["Wraith Form v2"],"campfire_rested":0,"item_purchase_floors":[3],"current_hp_per_floor":[68,68,68,68,62,45,45,39,39,39,31,27,27,25,25,0,0],"gold":194,"neow_bonus":"THREE_SMALL_POTIONS","is_daily":false,"chose_seed":false,"campfire_upgraded":3,"win_rate":0.0,"timestamp":1612300947,"path_taken":["M","M","$","M","M","E","R","M","T","R","E","M","M","M","R","BOSS"],"items_purchased_type":["Card"],"build_version":"2020-12-22","purchased_purges":0,"victory":false,"max_hp_per_floor":[70,70,70,70,70,70,70,70,70,70,70,70,70,70,70,70,70],"relic_stats":{"counters":[11,42],"PreservedInsect":22,"Art of War":[0],"obtain_stats":[{"PreservedInsect":6,"Art of War":11,"Paper Crane":9,"Ring of the Snake":0},{"PreservedInsect":5,"Art of War":7,"Paper Crane":6,"Ring of the Snake":0},{"PreservedInsect":20,"Art of War":26,"Paper Crane":23,"Ring of the Snake":0}],"Ring of the Snake":[22]},"card_choices":[{"not_picked":["Slice","Poisoned Stab"],"picked":"Predator","floor":1},{"not_picked":["Expertise","Catalyst"],"picked":"Masterful Stab","floor":2},{"not_picked":["Calculated Gamble","Skewer"],"picked":"Outmaneuver","floor":4},{"not_picked":["Endless Agony","Quick Slash"],"picked":"All Out Attack","floor":5},{"not_picked":["Tactician","Poisoned Stab"],"picked":"Backflip","floor":6},{"not_picked":["Quick Slash","Skewer"],"picked":"PiercingWail","floor":8},{"not_picked":["Dagger Throw","Prepared","Poisoned Stab"],"picked":"SKIP","floor":11},{"not_picked":["PiercingWail","Expertise"],"picked":"Slice","floor":12},{"not_picked":["Dagger Throw","Quick Slash"],"picked":"Wraith Form v2","floor":13},{"not_picked":["All Out Attack","Blur","Dagger Throw"],"picked":"SKIP","floor":14}],"player_experience":97779,"relics_obtained":[{"floor":6,"key":"PreservedInsect"},{"floor":9,"key":"Paper Crane"},{"floor":11,"key":"Art of War"}],"event_choices":[],"is_beta":false,"boss_relics":[],"items_purged_floors":[],"is_endless":false,"potions_floor_spawned":[1,2,6,8,11,14],"killed_by":"Hexaghost","ascension_level":2}}