{"host":"22ezjknwheybwqtz","time":1612296155,"event":{"mods":["BaseMod","Minty Spire (QoL Compilation)","Replay The Spire","Shop Mod","StSLib","The Cursed"],"gold_per_floor":[115,115,115,134,144,176,186,186,186,186,64,79,79,139,139,290,290,309,330,351,131,144,144,144],"floor_reached":23,"language":"ENG","playtime":1190,"items_purged":["TheCursedMod:Defend_TheCursed"],"score":193,"play_id":"b93c7e14-489f-43fd-9cd3-7f748687cdac","local_time":"20210203040235","is_ascension_mode":false,"campfire_choices":[{"data":"TheCursedMod:StingEye","floor":8,"key":"SMITH"},{"floor":10,"key":"REST"},{"floor":15,"key":"REST"}],"circlet_count":0,"master_deck":["TheCursedMod:Strike_TheCursed+1","TheCursedMod:Defend_TheCursed+1","TheCursedMod:Defend_TheCursed","TheCursedMod:Defend_TheCursed","TheCursedMod:CursedWand","TheCursedMod:CleanUpWorkshop","TheCursedMod:Dregs","TheCursedMod:SpitefulStrike","TheCursedMod:TacticalStrike","TheCursedMod:LuckyCharm","TheCursedMod:Wield","TheCursedMod:StingEye+1","Midas Touch","Panache","Magnetism","TheCursedMod:CircleOfFlame","Injury","TheCursedMod:ManaCirculation","TheCursedMod:SpitefulPlan+1","TheCursedMod:StingEye+1","TheCursedMod:Torture+1","TheCursedMod:CursedSpellbook","TheCursedMod:WearCloak","TheCursedMod:CircleOfCorruption+1","TheCursedMod:SurpriseAttack","TheCursedMod:SpitefulPray","Midas Touch","TheCursedMod:Obscuration","TheCursedMod:RapidMovement"],"relics":["TheCursedMod:BlackMagic101","NeowsBlessing","Anchor","Prayer Wheel","ReplayTheSpireMod:ShopPack","Golden Idol","Ornamental Fan","Astrolabe","DollysMirror"],"acts_visited":["Exordium","TheCity"],"potions_floor_usage":[16,16,16,19,22,22],"damage_taken":[{"damage":0,"enemies":"2 Louse","floor":1,"turns":1},{"damage":0,"enemies":"Jaw Worm","floor":4,"turns":1},{"damage":0,"enemies":"Cultist","floor":5,"turns":1},{"damage":28,"enemies":"Gremlin Nob","floor":6,"turns":5},{"damage":8,"enemies":"2 Fungi Beasts","floor":7,"turns":3},{"damage":0,"enemies":"Large Slime","floor":12,"turns":4},{"damage":44,"enemies":"Hexaghost","floor":16,"turns":8},{"damage":19,"enemies":"3 Byrds","floor":18,"turns":5},{"damage":18,"enemies":"Spheric Guardian","floor":19,"turns":5},{"damage":28,"enemies":"Shelled Parasite and Fungi","floor":20,"turns":5},{"damage":2,"enemies":"3 Cultists","floor":22,"turns":4},{"damage":16,"enemies":"Centurion and Healer","floor":23,"turns":2}],"seed_played":"-115767975375728911","potions_obtained":[{"floor":4,"key":"Fire Potion"},{"floor":5,"key":"GamblersBrew"},{"floor":7,"key":"Ancient Potion"},{"floor":16,"key":"SpeedPotion"},{"floor":18,"key":"SkillPotion"},{"floor":19,"key":"GamblersBrew"},{"floor":22,"key":"SpeedPotion"}],"is_trial":false,"path_per_floor":["M","?","?","M","M","E","M","R","T","R","$","M","?","?","R","B",null,"M","M","M","$","M","M"],"character_chosen":"THE_CURSED","items_purchased":["ReplayTheSpireMod:ShopPack","DollysMirror"],"campfire_rested":2,"item_purchase_floors":[11,21],"current_hp_per_floor":[75,60,53,53,53,25,17,17,17,39,39,39,39,39,61,17,75,56,38,10,10,8,0,0],"gold":144,"neow_bonus":"THREE_ENEMY_KILL","is_daily":false,"chose_seed":false,"campfire_upgraded":1,"win_rate":0.0,"timestamp":1612296155,"path_taken":["M","?","?","M","?","E","M","R","T","R","$","?","?","?","R","BOSS","M","M","M","$","M","M"],"items_purchased_type":["Relic","Relic"],"build_version":"2020-12-22","purchased_purges":1,"victory":false,"max_hp_per_floor":[75,75,75,75,75,75,75,75,75,75,75,75,75,75,75,75,75,75,75,75,75,75,75,75],"card_choices":[{"not_picked":["TheCursedMod:RapidMovement","TheCursedMod:CircleOfWindfury"],"picked":"TheCursedMod:SpitefulStrike","floor":1},{"not_picked":["TheCursedMod:Obscuration","TheCursedMod:CircleOfFlame"],"picked":"TheCursedMod:TacticalStrike","floor":4},{"not_picked":["TheCursedMod:BlessingInDisguise","TheCursedMod:ReleasedKnowledge"],"picked":"TheCursedMod:LuckyCharm","floor":5},{"not_picked":["TheCursedMod:CircleOfAmplification","TheCursedMod:TroublousMinions"],"picked":"TheCursedMod:Wield","floor":6},{"not_picked":["TheCursedMod:VitalStrike","TheCursedMod:Obscuration"],"picked":"TheCursedMod:StingEye","floor":7},{"not_picked":["TheCursedMod:SoulCrush","TheCursedMod:CircleOfCorruption","TheCursedMod:Torture"],"picked":"SKIP","floor":7},{"not_picked":["The Bomb","Magnetism"],"picked":"Midas Touch","floor":11},{"not_picked":["Violence","Poisoned Strike"],"picked":"Panache","floor":11},{"not_picked":["Replay:Bootleg Shield Generator","Bandage Up"],"picked":"Magnetism","floor":11},{"not_picked":["TheCursedMod:StingEye","TheCursedMod:Mangle"],"picked":"TheCursedMod:CircleOfFlame","floor":12},{"not_picked":["TheCursedMod:VitalStrike","TheCursedMod:CircleOfFocus","TheCursedMod:TacticalStrike"],"picked":"SKIP","floor":12},{"not_picked":["TheCursedMod:DarkBarrier","TheCursedMod:DemonSword"],"picked":"TheCursedMod:ManaCirculation","floor":16},{"not_picked":["TheCursedMod:AbyssShockwave","TheCursedMod:CircleOfFlame"],"picked":"TheCursedMod:CursedSpellbook","floor":18},{"not_picked":["TheCursedMod:CursedShiv+1","TheCursedMod:SpitefulPray"],"picked":"TheCursedMod:WearCloak","floor":18},{"not_picked":["TheCursedMod:CircleOfFlame+1","TheCursedMod:DemonSword"],"picked":"TheCursedMod:CircleOfCorruption+1","floor":19},{"not_picked":["TheCursedMod:TroublousMinions","TheCursedMod:AshesToAshes"],"picked":"TheCursedMod:SurpriseAttack","floor":19},{"not_picked":["TheCursedMod:ReleasedStrength","TheCursedMod:Stretching+1"],"picked":"TheCursedMod:SpitefulPray","floor":20},{"not_picked":["TheCursedMod:VitalStrike","TheCursedMod:TroublousMinions","TheCursedMod:FuryStrike"],"picked":"SKIP","floor":20},{"not_picked":["TheCursedMod:FleshFromBone","TheCursedMod:CursedMace"],"picked":"TheCursedMod:Obscuration","floor":22},{"not_picked":["TheCursedMod:SpitefulStrike","TheCursedMod:CircleOfFlame"],"picked":"TheCursedMod:RapidMovement","floor":22}],"player_experience":79438,"relics_obtained":[{"floor":6,"key":"Prayer Wheel"},{"floor":14,"key":"Ornamental Fan"}],"event_choices":[{"damage_healed":0,"gold_gain":0,"player_choice":"Entered Light","damage_taken":15,"max_hp_gain":0,"max_hp_loss":0,"event_name":"Shining Light","floor":2,"gold_loss":0,"cards_upgraded":["TheCursedMod:Strike_TheCursed","TheCursedMod:Defend_TheCursed"]},{"damage_healed":0,"gold_gain":0,"player_choice":"Success","damage_taken":7,"relics_obtained":["Anchor"],"max_hp_gain":0,"max_hp_loss":0,"event_name":"Scrap Ooze","floor":3,"gold_loss":0},{"damage_healed":0,"gold_gain":0,"player_choice":"Take Wound","damage_taken":0,"relics_obtained":["Golden Idol"],"max_hp_gain":0,"max_hp_loss":0,"event_name":"Golden Idol","floor":13,"gold_loss":0,"cards_obtained":["Injury"]}],"is_beta":false,"boss_relics":[{"not_picked":["ReplayTheSpireMod:DimensionalGlitch","Black Star"],"picked":"Astrolabe"}],"items_purged_floors":[21],"is_endless":false,"potions_floor_spawned":[4,5,7,16,18,19,22],"killed_by":"Centurion and Healer","ascension_level":0}}