{"host":"f0gpob8hq9vgebej","time":1612244657,"event":{"mods":["AchievementEnabler","BaseMod","Minty Spire (QoL Compilation)","Quick Restart","SuperFastMode"],"gold_per_floor":[214,227,79,98,113,113,129,155,155,155,55,68,78,112,112,214,214,230,105,121,134,146,146,176,176,176,176,189,189,206,235,235,341,368,385,404,416,7,29,71,71,106,106,106,106,41,59,120,120,120],"floor_reached":51,"language":"KOR","playtime":1707,"items_purged":["Defend_P","Defend_P","Defend_P","Strike_P"],"score":1170,"play_id":"c17b031b-b645-45b5-8e3b-7cdf743963fe","local_time":"20210202144417","is_ascension_mode":true,"campfire_choices":[{"data":"Eruption","floor":6.0,"key":"SMITH"},{"floor":15.0,"key":"REST"},{"floor":23.0,"key":"REST"},{"data":"Adaptation","floor":25.0,"key":"SMITH"},{"floor":27.0,"key":"REST"},{"data":"BowlingBash","floor":32,"key":"SMITH"},{"data":"FlurryOfBlows","floor":41,"key":"SMITH"},{"data":"MentalFortress","floor":45,"key":"SMITH"},{"data":"Scrawl","floor":49,"key":"SMITH"}],"circlet_count":0,"master_deck":["Strike_P","Eruption+1","Vigilance","MentalFortress+1","Conclude","FearNoEvil","BowlingBash+1","Adaptation+1","Scrawl","MentalFortress+1","Meditate+1","Vault","SpiritShield+1","Devotion+1","Sanctity+1","FlurryOfBlows+1","Scrawl+1","WheelKick+1","CarveReality","Indignation+1"],"relics":["HolyWater","Yang","Shuriken","Damaru","Letter Opener","Oddly Smooth Stone","Mummified Hand","MutagenicStrength","CeramicFish","Astrolabe","TeardropLocket","TungstenRod","Incense Burner","Bottled Tornado","Mango"],"acts_visited":["Exordium","TheCity","TheBeyond"],"potions_floor_usage":[33,42,42,50],"damage_taken":[{"damage":0.0,"enemies":"Jaw Worm","floor":1.0,"turns":5.0},{"damage":0.0,"enemies":"2 Louse","floor":2.0,"turns":3.0},{"damage":11.0,"enemies":"Small Slimes","floor":4.0,"turns":4.0},{"damage":11.0,"enemies":"Blue Slaver","floor":5.0,"turns":4.0},{"damage":5.0,"enemies":"Large Slime","floor":7.0,"turns":3.0},{"damage":0.0,"enemies":"Gremlin Nob","floor":8.0,"turns":2.0},{"damage":0.0,"enemies":"Exordium Thugs","floor":12.0,"turns":3.0},{"damage":15.0,"enemies":"Lots of Slimes","floor":13.0,"turns":3.0},{"damage":17.0,"enemies":"3 Sentries","floor":14.0,"turns":4.0},{"damage":12.0,"enemies":"The Guardian","floor":16.0,"turns":6.0},{"damage":5.0,"enemies":"2 Thieves","floor":18.0,"turns":3.0},{"damage":0.0,"enemies":"3 Byrds","floor":20.0,"turns":2.0},{"damage":24.0,"enemies":"Snake Plant","floor":21.0,"turns":5.0},{"damage":12.0,"enemies":"Sentry and Sphere","floor":22.0,"turns":3.0},{"damage":18.0,"enemies":"Gremlin Leader","floor":24.0,"turns":5.0},{"damage":5.0,"enemies":"Centurion and Healer","floor":28.0,"turns":4.0},{"damage":1.0,"enemies":"3 Cultists","floor":30.0,"turns":4.0},{"damage":7,"enemies":"Slavers","floor":31,"turns":3},{"damage":12,"enemies":"Collector","floor":33,"turns":6},{"damage":9,"enemies":"3 Darklings","floor":35,"turns":4},{"damage":0,"enemies":"3 Shapes","floor":36,"turns":2},{"damage":0,"enemies":"3 Darklings","floor":37,"turns":2},{"damage":0,"enemies":"4 Shapes","floor":39,"turns":1},{"damage":0,"enemies":"Giant Head","floor":40,"turns":7},{"damage":0,"enemies":"Nemesis","floor":42,"turns":4},{"damage":0,"enemies":"Transient","floor":47,"turns":6},{"damage":0,"enemies":"2 Orb Walkers","floor":48,"turns":2},{"damage":2,"enemies":"Donu and Deca","floor":50,"turns":4}],"seed_played":"-5108163279154612131","potions_obtained":[{"floor":7.0,"key":"Energy Potion"},{"floor":12.0,"key":"StancePotion"},{"floor":14.0,"key":"DuplicationPotion"},{"floor":16.0,"key":"Explosive Potion"},{"floor":20.0,"key":"DuplicationPotion"},{"floor":22.0,"key":"SkillPotion"},{"floor":28.0,"key":"AttackPotion"},{"floor":31,"key":"Ancient Potion"},{"floor":33,"key":"Energy Potion"},{"floor":35,"key":"Block Potion"},{"floor":42,"key":"Fruit Juice"},{"floor":48,"key":"BottledMiracle"}],"is_trial":false,"path_per_floor":["M","M","$","M","M","R","M","E","T","?","$","M","M","E","R","B",null,"M","$","M","M","M","R","E","R","T","R","M","?","M","E","R","B",null,"M","M","M","$","M","E","R","E","T","?","R","$","M","?","R","B",null],"character_chosen":"WATCHER","items_purchased":["MentalFortress","TeardropLocket","CarveReality"],"campfire_rested":3,"item_purchase_floors":[3,38,46],"current_hp_per_floor":[65,65,65,54,43,43,38,38,38,35,35,35,20,3,24,12,57,52,52,52,28,16,37,19,19,19,40,35,35,34,27,27,15,58,49,49,49,49,49,49,49,54,54,54,54,54,54,68,68,66],"gold":120,"neow_bonus":"HUNDRED_GOLD","is_daily":false,"chose_seed":false,"campfire_upgraded":6,"win_rate":0.0,"timestamp":1612244657,"path_taken":["M","M","$","M","M","R","M","E","T","?","$","M","M","E","R","BOSS","M","$","M","M","M","R","E","R","T","R","M","?","M","E","R","BOSS","M","M","M","$","M","E","R","E","T","?","R","$","M","?","R","BOSS"],"items_purchased_type":["Card","Relic","Card"],"build_version":"2020-12-22","purchased_purges":4,"victory":true,"max_hp_per_floor":[72,72,72,72,72,72,72,72,72,72,72,72,72,72,72,72,72,72,72,72,72,72,72,72,72,72,72,72,72,72,72,72,72,72,72,72,72,72,72,72,72,77,77,77,77,77,77,91,91,91],"card_choices":[{"not_picked":["EmptyBody","Prostrate","Indignation"],"picked":"SKIP","floor":1.0},{"not_picked":["Wireheading","ClearTheMind","Weave"],"picked":"SKIP","floor":2.0},{"not_picked":["FollowUp","Protect"],"picked":"Conclude","floor":4.0},{"not_picked":["Prostrate","CrushJoints","FollowUp"],"picked":"SKIP","floor":5.0},{"not_picked":["ClearTheMind","ForeignInfluence"],"picked":"FearNoEvil","floor":7.0},{"not_picked":["CrushJoints","MasterReality","Sanctity"],"picked":"SKIP","floor":8.0},{"not_picked":["SashWhip","ThirdEye"],"picked":"BowlingBash","floor":12.0},{"not_picked":["Consecrate","Indignation"],"picked":"Adaptation","floor":13.0},{"not_picked":["SashWhip","FollowUp","CrushJoints"],"picked":"SKIP","floor":14.0},{"not_picked":["Omniscience","SpiritShield"],"picked":"Scrawl","floor":16.0},{"not_picked":["CutThroughFate","Fasting2+1","Consecrate"],"picked":"SKIP","floor":18.0},{"not_picked":["Consecrate","SignatureMove"],"picked":"MentalFortress+1","floor":20.0},{"not_picked":["WreathOfFlame+1","ClearTheMind","Pray"],"picked":"SKIP","floor":21.0},{"not_picked":["CarveReality","Halt"],"picked":"Meditate+1","floor":22.0},{"not_picked":["FlurryOfBlows","SignatureMove+1"],"picked":"TalkToTheHand+1","floor":24.0},{"not_picked":["FlyingSleeves","Prostrate","InnerPeace"],"picked":"SKIP","floor":28.0},{"not_picked":["Study+1","Protect","EmptyBody"],"picked":"SKIP","floor":30.0},{"not_picked":["Prostrate","SpiritShield","Evaluate"],"picked":"SKIP","floor":31},{"not_picked":["Scrawl","LessonLearned"],"picked":"Vault","floor":33},{"not_picked":["EmptyBody","Evaluate","BowlingBash"],"picked":"SKIP","floor":35},{"not_picked":["CrushJoints","Consecrate+1","EmptyFist+1"],"picked":"SKIP","floor":36},{"not_picked":["PathToVictory","Swivel","LessonLearned"],"picked":"SKIP","floor":37},{"not_picked":["ThirdEye+1","Adaptation"],"picked":"FlurryOfBlows","floor":39},{"not_picked":["WindmillStrike","Devotion"],"picked":"Scrawl","floor":40},{"not_picked":["InnerPeace+1","Protect+1"],"picked":"WheelKick+1","floor":42},{"not_picked":["Conclude+1","ClearTheMind","Meditate"],"picked":"SKIP","floor":47},{"not_picked":["FollowUp","Halt+1"],"picked":"Indignation+1","floor":48}],"player_experience":363167,"relics_obtained":[{"floor":8.0,"key":"Yang"},{"floor":9.0,"key":"Shuriken"},{"floor":14.0,"key":"Letter Opener"},{"floor":24.0,"key":"Oddly Smooth Stone"},{"floor":26.0,"key":"Mummified Hand"},{"floor":31,"key":"CeramicFish"},{"floor":40,"key":"TungstenRod"},{"floor":42,"key":"Incense Burner"},{"floor":43,"key":"Bottled Tornado"},{"floor":48,"key":"Mango"}],"event_choices":[{"damage_healed":0.0,"max_hp_gain":0.0,"max_hp_loss":0.0,"gold_gain":0.0,"event_name":"Scrap Ooze","player_choice":"Success","floor":10.0,"gold_loss":0.0,"damage_taken":3.0,"relics_obtained":["Damaru"]},{"damage_healed":0.0,"max_hp_gain":0.0,"max_hp_loss":0.0,"gold_gain":0.0,"event_name":"Drug Dealer","player_choice":"Inject Mutagens","floor":29.0,"gold_loss":0.0,"damage_taken":0.0,"relics_obtained":["MutagenicStrength"]},{"cards_removed":["TalkToTheHand"],"damage_healed":0,"gold_gain":0,"player_choice":"Removed Attack","damage_taken":0,"max_hp_gain":0,"max_hp_loss":0,"event_name":"Falling","floor":44,"gold_loss":0},{"damage_healed":0,"gold_gain":0,"player_choice":"Fight","damage_taken":0,"max_hp_gain":0,"max_hp_loss":0,"event_name":"Mysterious Sphere","floor":48,"gold_loss":0}],"is_beta":false,"boss_relics":[{"not_picked":["Coffee Dripper","Sozu"],"picked":"HolyWater"},{"not_picked":["SlaversCollar","Velvet Choker"],"picked":"Astrolabe"}],"items_purged_floors":[3,11,19,38],"is_endless":false,"potions_floor_spawned":[7,12,14,16,20,22,28,31,33,35,40,42,48],"ascension_level":7}}