{"host":"nia1zwr35jsu5y7h","time":1612261487,"event":{"mods":["2.2 Compatiblity","Abigail Mod","Bard","BaseMod","Colored Map","Conspire","Downfall","Friendly Minions","Hermit","Highlight Path","Hubris","Infinite Spire","Kiyohime????","Koishi","Marisa????????","Minty Spire (QoL Compilation)","Quick Restart","Replay The Spire","Shade Mod","Shop Mod","StSLib","The Administrix","The Animator","The Construct","The Cursed","The Disciple","The Mystic","The Necromancer","The Servant 0.9.4"],"gold_per_floor":[129,48,79,79,8,38,38,38,38,38,71,151,169,269,269,370,370,386,403,46,71,71,110,110,110,110,129,151,151,184,203,203,321,321,337,357,107,107,131,131,182,203,203,203,203,239,239,263,263,263],"floor_reached":51,"language":"ENG","playtime":9786,"items_purged":["animator:Curse_Nutcracker","TheCursedMod:Dregs","Hallucinations","animator:Strike"],"score":1109,"play_id":"ab232760-57cd-4c5e-91d2-fdbd0350ef04","local_time":"20210202022447","is_ascension_mode":true,"campfire_choices":[{"data":"animator:Eve","floor":7.0,"key":"SMITH"},{"floor":15.0,"key":"REST"},{"floor":29.0,"key":"REST"},{"floor":32.0,"key":"REST"},{"data":"animator:HomuraAkemi","floor":40,"key":"SMITH"},{"data":"animator:HinaKagiyama","floor":44,"key":"SMITH"},{"data":"animator:NagisaMomoe","floor":47,"key":"SMITH"},{"data":"animator:YachiyoNanami","floor":49,"key":"SMITH"}],"circlet_count":0,"master_deck":["animator:Strike_MadokaMagica","animator:Defend_MadokaMagica","animator:Strike","animator:Strike","animator:Defend","animator:Defend","animator:Defend","animator:IrohaTamaki","animator:YuiTsuruno","animator:NagisaMomoe","animator:Urushihara","animator:Jibril","animator:NarberalGamma","animator:Eve+1","animator:ElricEdward","animator:YunYun","CurseOfTheBell","CurseOfTheBell","hubris:Greed","animator:ItamiYouji","animator:Hans","AbeCurse","animator:ChlammyZell+1","animator:Pride","animator:Patchouli+1","animator:Magilou","animator:MisakiNakahara","animator:YachiyoNanami","animator:HinaKagiyama+1","animator:Curse_Dizziness","animator:NagisaMomoe+1","animator:YachiyoNanami+1","animator:HomuraAkemi+1","animator:ElricAlphonse","animator:Pride+1","Decay","animator:Arpeggio+1","animator:Rimuru","animator:NagisaMomoe"],"relics":["animator:LivingPicture","animator:TheMissingPiece","animator:PurgingStone","infinitespire:Joker Card","Regal Pillow","WingedGreaves","infinitespire:Golems Mask","infinitespire:ShieldingShard","White Beast Statue","downfall:ExtraCursedBell","Toy Ornithopter","Quantum Egg","Thread and Needle","Abe\u0027s Treasure","Oddly Smooth Stone","ReplayTheSpireMod:ShopPack","Slimebound:PreparedRelic","InkBottle","Ice Cream","hubris:Backtick","infinitespire:Bottled Soul","conspire:TopHat","Pocketwatch","Molten Egg 2","Strawberry"],"acts_visited":["Exordium","TheCity","TheBeyond"],"potions_floor_usage":[50,50],"damage_taken":[{"damage":2.0,"enemies":"2 Louse","floor":1.0,"turns":3.0},{"damage":1.0,"enemies":"Cultist","floor":3.0,"turns":3.0},{"damage":35.0,"enemies":"3 Sentries","floor":6.0,"turns":6.0},{"damage":27.0,"enemies":"Gremlin Nob","floor":11.0,"turns":5.0},{"damage":0.0,"enemies":"conspire:RoseBush","floor":13.0,"turns":3.0},{"damage":45.0,"enemies":"Slime Boss","floor":16.0,"turns":8.0},{"damage":13.0,"enemies":"Spheric Guardian","floor":18.0,"turns":4.0},{"damage":0.0,"enemies":"conspire:FuzzyDice","floor":19.0,"turns":5.0},{"damage":17.0,"enemies":"Snake Plant","floor":21.0,"turns":5.0},{"damage":55.0,"enemies":"Gremlin Leader","floor":23.0,"turns":5.0},{"damage":2.0,"enemies":"Snecko","floor":27.0,"turns":4.0},{"damage":3.0,"enemies":"Cultist and Chosen","floor":28.0,"turns":7.0},{"damage":32.0,"enemies":"conspire:SneckoGhost","floor":30.0,"turns":8.0},{"damage":3.0,"enemies":"Chosen and Byrds","floor":31.0,"turns":6.0},{"damage":27.0,"enemies":"conspire:MysteriousRune","floor":33.0,"turns":7.0},{"damage":0,"enemies":"3 Shapes","floor":35,"turns":6},{"damage":3,"enemies":"Orb Walker","floor":36,"turns":4},{"damage":7,"enemies":"Maw","floor":39,"turns":8},{"damage":0,"enemies":"R_Hoarder","floor":41,"turns":9},{"damage":27,"enemies":"3 Darklings","floor":42,"turns":4},{"damage":0,"enemies":"Giant Head","floor":46,"turns":6},{"damage":0,"enemies":"Sphere and 2 Shapes","floor":48,"turns":4},{"damage":45,"enemies":"Time Eater","floor":50,"turns":8}],"seed_played":"-7666098170771060108","potions_obtained":[{"floor":1.0,"key":"FearPotion"},{"floor":6.0,"key":"Explosive Potion"},{"floor":11.0,"key":"Languid Potion"},{"floor":13.0,"key":"FearPotion"},{"floor":16.0,"key":"SpeedPotion"},{"floor":18.0,"key":"SpeedPotion"},{"floor":19.0,"key":"ColorlessPotion"},{"floor":21.0,"key":"PowerPotion"},{"floor":23.0,"key":"SpeedPotion"},{"floor":27.0,"key":"Elixir"},{"floor":28.0,"key":"Dexterity Potion"},{"floor":30.0,"key":"AttackPotion"},{"floor":31.0,"key":"Cursed Concoction"},{"floor":33.0,"key":"Cursed Concoction"},{"floor":35,"key":"Fire Potion"},{"floor":36,"key":"FairyPotion"}],"is_trial":false,"path_per_floor":["M","$","M","?","$","E","R","$","T","?","E","T","M","?","R","B",null,"M","M","$","M","?","E","AVR","?","T","M","M","R","E","M","R","B",null,"M","M","$","?","M","R","E","M","T","R","AVR","E","R","M","R","B",null],"character_chosen":"THE_ANIMATOR","items_purchased":["animator:Urushihara","animator:NarberalGamma","Oddly Smooth Stone","ReplayTheSpireMod:ShopPack","conspire:TopHat"],"campfire_rested":3,"item_purchase_floors":[2,5,20,20,37],"current_hp_per_floor":[64,64,63,63,63,28,28,28,28,28,1,1,1,6,42,12,71,59,59,59,48,48,8,8,8,8,6,3,39,12,19,55,33,73,73,70,70,70,63,63,63,36,36,36,36,43,43,43,43,8],"gold":263,"neow_bonus":"ONE_RARE_RELIC","is_daily":false,"chose_seed":false,"campfire_upgraded":5,"win_rate":0.0,"timestamp":1612261487,"path_taken":["M","$","M","?","$","E","R","?","T","?","E","?","?","?","R","BOSS","M","M","$","M","?","E","AVR","?","T","?","M","R","E","M","R","BOSS","M","?","$","?","M","R","E","M","T","R","AVR","E","R","M","R","BOSS"],"items_purchased_type":["Card","Card","Relic","Relic","Relic"],"build_version":"2020-12-22","purchased_purges":4,"victory":true,"max_hp_per_floor":[66,66,66,66,66,66,66,66,66,66,66,66,66,71,71,71,71,72,72,72,73,73,73,73,73,73,73,73,73,73,73,73,73,73,73,73,73,73,73,73,73,73,73,73,73,80,80,80,80,80],"card_choices":[{"not_picked":["animator:DolaSchwi","animator:YachiyoNanami"],"picked":"animator:NagisaMomoe","floor":1.0},{"not_picked":["animator:Layla","animator:DolaStephanie"],"picked":"animator:Jibril","floor":3.0},{"not_picked":["animator:ElricEdward","animator:AcuraTooru"],"picked":"animator:Eve","floor":6.0},{"not_picked":["animator:Gluttony","animator:WinryRockbell"],"picked":"animator:ElricEdward","floor":11.0},{"not_picked":["animator:AcuraAkari","animator:DolaStephanie"],"picked":"animator:YunYun","floor":13.0},{"not_picked":["animator:PinaCoLada","animator:ItamiYouji"],"picked":"animator:Hans","floor":16.0},{"not_picked":["animator:Chris","animator:Gillette"],"picked":"animator:ChlammyZell+1","floor":18.0},{"not_picked":["animator:Bozes","animator:IzunaHatsuse"],"picked":"animator:Pride","floor":19.0},{"not_picked":["animator:HarukoHaruhara","animator:Lelouch"],"picked":"animator:Patchouli","floor":20.0},{"not_picked":["animator:Canti","animator:Kuroyukihime"],"picked":"animator:Magilou","floor":20.0},{"not_picked":["animator:Kuroyukihime","animator:HarukoHaruhara"],"picked":"animator:MisakiNakahara","floor":20.0},{"not_picked":["animator:MamiTomoe","animator:NagisaMomoe"],"picked":"animator:YachiyoNanami","floor":21.0},{"not_picked":["animator:PandorasActor","animator:Bozes","animator:Chung"],"picked":"SKIP","floor":23.0},{"not_picked":["animator:OrikoMikuni+1","animator:Kazuma","animator:Kuribayashi"],"picked":"SKIP","floor":27.0},{"not_picked":["animator:IzunaHatsuse","animator:ItamiYouji"],"picked":"animator:NagisaMomoe","floor":28.0},{"not_picked":["animator:IrohaTamaki","animator:SuzuneAmano"],"picked":"animator:YachiyoNanami","floor":30.0},{"not_picked":["animator:Fredrika","animator:Kazuma","animator:Shion"],"picked":"SKIP","floor":31.0},{"not_picked":["animator:Elesis","animator:Sora"],"picked":"animator:HomuraAkemi","floor":33.0},{"not_picked":["animator:SayakaMiki+1","animator:Tet"],"picked":"animator:ElricAlphonse","floor":35},{"not_picked":["animator:Tyuule","animator:Souei+1"],"picked":"animator:Pride+1","floor":36},{"not_picked":["animator:Cocytus","animator:ChlammyZell+1"],"picked":"animator:Arpeggio+1","floor":41},{"not_picked":["animator:IzunaHatsuse+1","animator:OrikoMikuni+1","animator:Tet"],"picked":"SKIP","floor":42},{"not_picked":["animator:Fredrika","animator:ElricAlphonse+1"],"picked":"animator:Rimuru","floor":46},{"not_picked":["animator:IrohaTamaki+1","animator:SuzuneAmano+1"],"picked":"animator:NagisaMomoe","floor":48}],"player_experience":2301062,"relics_obtained":[{"floor":6.0,"key":"WingedGreaves"},{"floor":9.0,"key":"infinitespire:Golems Mask"},{"floor":11.0,"key":"infinitespire:ShieldingShard"},{"floor":12.0,"key":"White Beast Statue"},{"floor":14.0,"key":"Toy Ornithopter"},{"floor":14.0,"key":"Quantum Egg"},{"floor":14.0,"key":"Thread and Needle"},{"floor":23.0,"key":"Slimebound:PreparedRelic"},{"floor":26.0,"key":"InkBottle"},{"floor":30.0,"key":"Ice Cream"},{"floor":41,"key":"Pocketwatch"},{"floor":43,"key":"Molten Egg 2"},{"floor":46,"key":"Strawberry"}],"event_choices":[{"damage_healed":0.0,"max_hp_gain":0.0,"max_hp_loss":0.0,"gold_gain":0.0,"event_name":"WeMeetAgain","player_choice":"Gave Potion","floor":4.0,"gold_loss":0.0,"damage_taken":0.0,"relics_obtained":["Regal Pillow"]},{"damage_healed":0.0,"max_hp_gain":0.0,"max_hp_loss":0.0,"gold_gain":0.0,"event_name":"Shining Light","player_choice":"Ignored","floor":10.0,"gold_loss":0.0,"damage_taken":0.0},{"damage_healed":0.0,"max_hp_gain":0.0,"max_hp_loss":0.0,"gold_gain":0.0,"event_name":"Upgrade Shrine","player_choice":"Upgraded","floor":25.0,"gold_loss":0.0,"damage_taken":0.0,"cards_upgraded":["animator:Patchouli"]},{"damage_healed":0,"gold_gain":0,"player_choice":"Cursed","damage_taken":0,"max_hp_gain":0,"max_hp_loss":0,"event_name":"Wheel of Change","floor":38,"gold_loss":0,"cards_obtained":["Decay"]}],"is_beta":false,"boss_relics":[{"not_picked":["Replay:Grab Bag","Replay:Wanted Poster"],"picked":"Abe\u0027s Treasure"},{"not_picked":["Runic Dome","Honey Jar"],"picked":"hubris:Backtick"}],"items_purged_floors":[20,24,37,45],"is_endless":false,"potions_floor_spawned":[1,6,11,13,16,18,19,21,23,27,28,30,31,33,35,36,39,41,42,46,48],"ascension_level":4}}