{"host":"jh7kh5nqtgzr3auj","time":1612249739,"event":{"mods":["AchievementEnabler","Act Like it!","BaseMod","CapriCore","Highlight Path","Minty Spire (QoL Compilation)","Quick Restart","StSLib","TestMod","The Bug Knight"],"gold_per_floor":[116,130,55,55,18,52,52,52,52],"floor_reached":8,"language":"ZHS","playtime":317,"items_purged":[],"score":84,"play_id":"cafe7492-2de0-42e5-8387-556fc5237dd3","local_time":"20210202150859","is_ascension_mode":true,"campfire_choices":[{"data":"HollowMod:ShadowDash","floor":7,"key":"SMITH"}],"circlet_count":0,"master_deck":["AscendersBane","HollowMod:NailStrikeStart","HollowMod:NailStrikeStart","HollowMod:NailStrikeStart","HollowMod:QuickDashStart","HollowMod:QuickDashStart","HollowMod:QuickDashStart","HollowMod:FocusHealStart","HollowMod:PogoStrike","HollowMod:SiblingsShadow","HollowMod:BrokenVessel","HollowMod:ShadowDash+1","HollowMod:BlackTendrils","HollowMod:GrimmsGift"],"relics":["HollowMod:VesselMask","testmod-TestBox","testmod-SaigiyounoYou","testmod-IntensifyImprint"],"acts_visited":["Exordium"],"potions_floor_usage":[],"damage_taken":[{"damage":2.0,"enemies":"2 Louse","floor":1.0,"turns":3.0},{"damage":7.0,"enemies":"Small Slimes","floor":2.0,"turns":5.0},{"damage":52,"enemies":"Gremlin Nob","floor":6,"turns":6},{"damage":42,"enemies":"Lagavulin","floor":8,"turns":5}],"seed_played":"8952479756293110516","potions_obtained":[{"floor":6,"key":"EssenceOfSteel"}],"is_trial":false,"path_per_floor":["M","M","?","?","$","E","R","E"],"character_chosen":"THE_BUGKNIGHT","items_purchased":["HollowMod:GrimmsGift"],"campfire_rested":0,"item_purchase_floors":[5],"current_hp_per_floor":[68,63,68,61,61,31,31,0,0],"gold":52,"neow_bonus":"TRANSFORM_TWO_CARDS","is_daily":false,"chose_seed":false,"campfire_upgraded":1,"win_rate":0.0,"timestamp":1612249739,"path_taken":["M","M","?","?","$","E","R","E"],"items_purchased_type":["Card"],"build_version":"2020-12-22","purchased_purges":0,"victory":false,"max_hp_per_floor":[68,68,73,73,73,73,73,73,73],"card_choices":[{"not_picked":["HollowMod:ChannelNail","HollowMod:PureNailStrike"],"picked":"HollowMod:ShadowDash","floor":1.0},{"not_picked":["HollowMod:QuirrelsAssistance","HollowMod:AbyssShriek"],"picked":"HollowMod:BlackTendrils","floor":2.0},{"not_picked":["HollowMod:BaldurShell","HollowMod:SiblingsSouls","HollowMod:RadiancesLament"],"picked":"SKIP","floor":6}],"player_experience":347329,"relics_obtained":[{"floor":6,"key":"testmod-IntensifyImprint"}],"event_choices":[{"damage_healed":0.0,"max_hp_gain":0.0,"max_hp_loss":0.0,"gold_gain":0.0,"event_name":"Wheel of Change","player_choice":"Damaged","floor":4.0,"gold_loss":0.0,"damage_taken":7.0}],"is_beta":false,"boss_relics":[],"items_purged_floors":[],"is_endless":false,"potions_floor_spawned":[6],"killed_by":"Lagavulin","ascension_level":11}}