{"host":"f9ntswufr8mq3t4y","time":1612291781,"event":{"mods":["AchievementEnabler","BaseMod","Best Route Mod","Block Reminder","Colored Map","Colored Powertips","Curses Come First","DeckTracker","Displayed Cursed Tome","Highlight Path","Minty Spire (QoL Compilation)","Permanent Neow","Quick Restart","Slay-I","StSLib"],"gold_per_floor":[116,133,147,173,143,143,173,173,200,214,214,230,260,274,274,377,377,387,387,397,22,22,22,39,74,74,109,109,144,144,157,157,258,258,278,292,302,355,355,355,388,31,106,106,135,153,87,141,141,141,141],"floor_reached":50,"language":"ENG","playtime":2066,"items_purged":[],"score":767,"play_id":"4a54c0d0-c103-46ae-9cbf-e48ccc22a055","local_time":"20210202214941","is_ascension_mode":true,"campfire_choices":[{"data":"Static Discharge","floor":6.0,"key":"SMITH"},{"data":"Defragment","floor":8.0,"key":"SMITH"},{"data":"Storm","floor":11.0,"key":"SMITH"},{"floor":15.0,"key":"REST"},{"data":"Dualcast","floor":23,"key":"SMITH"},{"data":"Double Energy","floor":30,"key":"SMITH"},{"data":"Strike_B","floor":32,"key":"PURGE"},{"data":"Strike_B","floor":40,"key":"PURGE"},{"data":"Multi-Cast","floor":44,"key":"SMITH"},{"data":"Defend_B","floor":49,"key":"PURGE"}],"circlet_count":0,"master_deck":["Defend_B","Defend_B","Zap","Dualcast+1","Static Discharge+1","Defragment+1","Leap","BootSequence","Storm+1","Static Discharge+1","Echo Form+1","Electrodynamics+1","Static Discharge+1","Defragment+1","Self Repair+1","Self Repair+1","Force Field","Double Energy+1","Static Discharge+1","Buffer+1","Leap","Multi-Cast+1","Loop+1","Capacitor+1","Defragment+1","Capacitor+1","Self Repair+1","Heatsinks+1","Loop+1","Heatsinks+1","Capacitor+1"],"relics":["Cracked Core","Lantern","Peace Pipe","Tiny Chest","Frozen Egg 2","Nuclear Battery","Bag of Marbles","PreservedInsect","Blood Vial","Centennial Puzzle","WingedGreaves","Girya","Mummified Hand","Regal Pillow","SacredBark","Thread and Needle","The Courier","InkBottle","Kunai","Oddly Smooth Stone"],"acts_visited":["Exordium","TheCity","TheBeyond"],"potions_floor_usage":[33,41,46,50,50],"damage_taken":[{"damage":1.0,"enemies":"Cultist","floor":1.0,"turns":3.0},{"damage":2.0,"enemies":"2 Louse","floor":2.0,"turns":3.0},{"damage":2.0,"enemies":"Small Slimes","floor":3.0,"turns":4.0},{"damage":8.0,"enemies":"Gremlin Nob","floor":7.0,"turns":4.0},{"damage":9.0,"enemies":"Exordium Wildlife","floor":10.0,"turns":3.0},{"damage":4.0,"enemies":"2 Fungi Beasts","floor":12.0,"turns":4.0},{"damage":11.0,"enemies":"3 Sentries","floor":13.0,"turns":3.0},{"damage":3.0,"enemies":"Blue Slaver","floor":14.0,"turns":2.0},{"damage":24.0,"enemies":"Slime Boss","floor":16.0,"turns":4.0},{"damage":7,"enemies":"Shell Parasite","floor":18,"turns":3},{"damage":0,"enemies":"Chosen","floor":20,"turns":4},{"damage":8,"enemies":"Centurion and Healer","floor":24,"turns":3},{"damage":0,"enemies":"Gremlin Leader","floor":25,"turns":3},{"damage":0,"enemies":"Slavers","floor":27,"turns":2},{"damage":10,"enemies":"Gremlin Leader","floor":29,"turns":3},{"damage":8,"enemies":"Snake Plant","floor":31,"turns":2},{"damage":16,"enemies":"Collector","floor":33,"turns":5},{"damage":14,"enemies":"3 Darklings","floor":35,"turns":3},{"damage":9,"enemies":"Orb Walker","floor":36,"turns":3},{"damage":48,"enemies":"Spire Growth","floor":37,"turns":4},{"damage":31,"enemies":"2 Orb Walkers","floor":38,"turns":3},{"damage":24,"enemies":"Nemesis","floor":41,"turns":3},{"damage":4,"enemies":"Reptomancer","floor":45,"turns":2},{"damage":0,"enemies":"Writhing Mass","floor":46,"turns":3},{"damage":84,"enemies":"Awakened One","floor":50,"turns":5}],"seed_played":"3093023723585802421","potions_obtained":[{"floor":1.0,"key":"LiquidMemories"},{"floor":5.0,"key":"EssenceOfDarkness"},{"floor":5.0,"key":"Energy Potion"},{"floor":7.0,"key":"Explosive Potion"},{"floor":24,"key":"Dexterity Potion"},{"floor":25,"key":"PowerPotion"},{"floor":35,"key":"SpeedPotion"},{"floor":41,"key":"CultistPotion"}],"is_trial":false,"path_per_floor":["M","M","M","T","?","R","E","R","T","M","R","M","E","M","R","B",null,"M","?","M","$","?","R","M","E","T","E","T","E","R","M","R","B",null,"M","M","M","?","?","R","E","$","T","R","E","M","$","T","R","B"],"character_chosen":"DEFECT","items_purchased":["PreservedInsect","Blood Vial","Defragment+1","Capacitor+1","Defragment+1","Capacitor+1","Self Repair+1","Heatsinks+1","Loop+1","Capacitor+1"],"campfire_rested":1,"item_purchase_floors":[21,21,21,42,42,42,42,42,42,47],"current_hp_per_floor":[67,65,63,63,63,63,55,55,55,46,46,42,31,28,48,24,68,61,61,61,61,61,61,55,68,68,68,68,58,58,62,62,68,68,54,67,50,41,41,41,39,39,39,39,67,68,68,68,68,0,0],"gold":141,"neow_bonus":"TRANSFORM_TWO_CARDS","is_daily":false,"chose_seed":false,"campfire_upgraded":6,"win_rate":0.0,"timestamp":1612291781,"path_taken":["M","?","?","?","?","R","E","R","T","?","R","M","E","M","R","BOSS","M","?","M","$","?","R","M","E","T","E","?","E","R","M","R","BOSS","M","M","M","?","?","R","E","$","T","R","E","M","?","?","R","BOSS"],"items_purchased_type":["Relic","Relic","Card","Card","Card","Card","Card","Card","Card","Card"],"build_version":"2020-12-22","purchased_purges":0,"victory":false,"max_hp_per_floor":[68,68,68,68,68,68,68,68,68,68,68,68,68,68,68,68,68,68,68,68,68,68,68,68,68,68,68,68,68,68,68,68,68,68,68,68,68,68,68,68,68,68,68,68,68,68,68,68,68,68,68],"card_choices":[{"not_picked":["Consume","Heatsinks","Steam"],"picked":"SKIP","floor":1.0},{"not_picked":["Gash","Stack","Sweeping Beam"],"picked":"SKIP","floor":2.0},{"not_picked":["Turbo","Steam"],"picked":"Leap","floor":3.0},{"not_picked":["Compile Driver","Aggregate"],"picked":"BootSequence","floor":7.0},{"not_picked":["Sweeping Beam","Streamline"],"picked":"Storm","floor":10.0},{"not_picked":["Barrage","Melter","Steam Power"],"picked":"SKIP","floor":12.0},{"not_picked":["Hello World+1","Redo"],"picked":"Static Discharge+1","floor":13.0},{"not_picked":["Rebound","Steam"],"picked":"Echo Form+1","floor":14.0},{"not_picked":["Machine Learning+1","Meteor Strike"],"picked":"Electrodynamics+1","floor":16.0},{"not_picked":["Beam Cell","Streamline","Turbo"],"picked":"SKIP","floor":18},{"not_picked":["Hello World+1","Auto Shields"],"picked":"Static Discharge+1","floor":20},{"not_picked":["FTL+1","Sweeping Beam"],"picked":"Self Repair+1","floor":24},{"not_picked":["Melter","Hologram","Ball Lightning"],"picked":"SKIP","floor":25},{"not_picked":["Force Field","Stack","Hello World+1"],"picked":"SKIP","floor":27},{"not_picked":["Stack","Hello World+1"],"picked":"Force Field","floor":27},{"not_picked":["Cold Snap","Compile Driver"],"picked":"Double Energy","floor":29},{"not_picked":["Hologram","Recycle"],"picked":"Static Discharge+1","floor":31},{"not_picked":["Electrodynamics+1","Hyperbeam"],"picked":"Buffer+1","floor":33},{"not_picked":["Melter+1","Gash","Redo"],"picked":"SKIP","floor":35},{"not_picked":["Gash","Rebound"],"picked":"Leap","floor":36},{"not_picked":["Cold Snap","Stack+1"],"picked":"Multi-Cast","floor":37},{"not_picked":["Steam+1","Undo"],"picked":"Loop+1","floor":41},{"not_picked":["Conserve Battery+1","Tempest","Stack+1"],"picked":"SKIP","floor":45},{"not_picked":["Hologram","Compile Driver"],"picked":"Heatsinks+1","floor":46}],"player_experience":387447,"relics_obtained":[{"floor":4.0,"key":"Lantern"},{"floor":7.0,"key":"Peace Pipe"},{"floor":9.0,"key":"Tiny Chest"},{"floor":13.0,"key":"Frozen Egg 2"},{"floor":25,"key":"Centennial Puzzle"},{"floor":26,"key":"WingedGreaves"},{"floor":27,"key":"Girya"},{"floor":28,"key":"Mummified Hand"},{"floor":29,"key":"Regal Pillow"},{"floor":38,"key":"Thread and Needle"},{"floor":41,"key":"The Courier"},{"floor":43,"key":"InkBottle"},{"floor":45,"key":"Kunai"},{"floor":48,"key":"Oddly Smooth Stone"}],"event_choices":[{"damage_healed":0.0,"max_hp_gain":0.0,"max_hp_loss":0.0,"gold_gain":0.0,"event_name":"The Woman in Blue","player_choice":"Bought 2 Potions","floor":5.0,"gold_loss":0.0,"damage_taken":0.0},{"damage_healed":0,"gold_gain":0,"player_choice":"Opened","damage_taken":0,"relics_obtained":["Bag of Marbles"],"max_hp_gain":0,"max_hp_loss":0,"event_name":"The Mausoleum","floor":19,"gold_loss":0},{"damage_healed":0,"gold_gain":0,"player_choice":"Read","damage_taken":0,"max_hp_gain":0,"max_hp_loss":0,"event_name":"The Library","floor":22,"gold_loss":0,"cards_obtained":["Self Repair"]},{"damage_healed":0,"gold_gain":0,"player_choice":"Fight","damage_taken":0,"max_hp_gain":0,"max_hp_loss":0,"event_name":"Mysterious Sphere","floor":38,"gold_loss":0},{"cards_removed":["Strike_B"],"damage_healed":0,"gold_gain":0,"player_choice":"Removed Attack","damage_taken":0,"max_hp_gain":0,"max_hp_loss":0,"event_name":"Falling","floor":39,"gold_loss":0}],"is_beta":false,"boss_relics":[{"not_picked":["Sozu","Velvet Choker"],"picked":"Nuclear Battery"},{"not_picked":["Snecko Eye","Cursed Key"],"picked":"SacredBark"}],"items_purged_floors":[],"is_endless":false,"potions_floor_spawned":[1,7,24,25,27,29,35,41,45],"killed_by":"Awakened One","ascension_level":4}}