{"host":"exhp4inpfmbngj23","time":1612266602,"event":{"mods":["Abigail Mod","BaseMod","Beaked The Cultist","Downfall","Friendly Minions","Kiyohime????","Koishi","Minty Spire (QoL Compilation)","StSLib","The Alterego"],"gold_per_floor":[99,117,102,252,252,352,352,380,399,417,217,236,136,157,177,283,333,333,358,386,386,11,11,11,28,28,71,71,71,71],"floor_reached":28,"language":"ENG","playtime":2089,"items_purged":[],"score":238,"play_id":"e415d06f-6f5e-4aaf-9a05-07a2438af9e1","local_time":"20210202035002","is_ascension_mode":false,"campfire_choices":[{"data":"hexamod:Sear","floor":1,"key":"SMITH"},{"floor":11,"key":"RECALL"},{"floor":13,"key":"REST"},{"data":"downfall:Icky","floor":18,"key":"PURGE"},{"data":"hexamod:ForkedFlame","floor":23,"key":"SMITH"},{"floor":26,"key":"REST"}],"circlet_count":0,"master_deck":["hexamod:Sear+1","hexamod:Float","hexamod:Incineration","hexamod:ThirdSeal","hexamod:RadiantFlame","hexamod:SecondSeal","hexamod:NecessarySacrifice","hexamod:BurningTouch","hexamod:ExtraCrispy","hexamod:AdvancingGuard","hexamod:ThermalTransfer","hexamod:ThermalTransfer","hexamod:TimeWarp","hexamod:EmpoweredFlame","hexamod:ExtraCrispy","hexamod:GhostflameInferno","hexamod:ForkedFlame+1","hexamod:GhostflameBarrier","hexamod:Firestarter","hexamod:Rewind","hexamod:SpectersWail","hexamod:CouncilsJustice","hexamod:CouncilsJustice","hexamod:CouncilsJustice","Ghostly","Ghostly","Ghostly","hexamod:ForkedFlame","hexamod:StepThrough","hexamod:RainOfEmbers"],"relics":["hexamod:SpiritBrand","Peace Pipe","Art of War","downfall:HeartBlessingGreen","downfall:HeartBlessingBlue","downfall:HeartBlessingRed","Tiny House","Calipers","MealTicket","Meat on the Bone"],"acts_visited":["Exordium","TheCity"],"potions_floor_usage":[3,16,27],"damage_taken":[{"damage":0,"enemies":"Small Slimes","floor":2,"turns":3},{"damage":0,"enemies":"downfall:FleeingMerchant","floor":3,"turns":4},{"damage":24,"enemies":"Gremlin Nob","floor":8,"turns":4},{"damage":11,"enemies":"Jaw Worm","floor":9,"turns":3},{"damage":7,"enemies":"2 Louse","floor":10,"turns":3},{"damage":22,"enemies":"Exordium Wildlife","floor":12,"turns":6},{"damage":13,"enemies":"3 Louse","floor":14,"turns":4},{"damage":0,"enemies":"Blue Slaver","floor":15,"turns":3},{"damage":48,"enemies":"IC_STATUS_ARCHETYPE","floor":16,"turns":9},{"damage":32,"enemies":"Spheric Guardian","floor":19,"turns":6},{"damage":7,"enemies":"Shell Parasite","floor":20,"turns":6},{"damage":0,"enemies":"downfall:FleeingMerchant","floor":22,"turns":4},{"damage":23,"enemies":"Snake Plant","floor":25,"turns":4},{"damage":31,"enemies":"Book of Stabbing","floor":27,"turns":6},{"damage":10,"enemies":"Shelled Parasite and Fungi","floor":28,"turns":2}],"seed_played":"-6141528715045224588","potions_obtained":[{"floor":2,"key":"FearPotion"},{"floor":8,"key":"Regen Potion"},{"floor":16,"key":"hexamod:EctoCoolerPotion"},{"floor":17,"key":"SteroidPotion"},{"floor":25,"key":"FearPotion"},{"floor":27,"key":"AttackPotion"}],"is_trial":false,"path_per_floor":["R","M","$","?","T","?","T","E","M","M","R","M","R","M","M","B",null,"R","M","M","?","$","R","T","M","R","E","M"],"character_chosen":"THE_SPIRIT","items_purchased":["Calipers","hexamod:StepThrough"],"campfire_rested":2,"item_purchase_floors":[22,22],"current_hp_per_floor":[77,77,77,77,77,77,77,53,42,35,45,23,49,36,36,3,92,92,60,53,46,46,46,46,23,36,5,0,0,0],"gold":71,"neow_bonus":"TEN_PERCENT_HP_BONUS","is_daily":false,"chose_seed":false,"campfire_upgraded":2,"win_rate":0.0,"timestamp":1612266602,"path_taken":["R","M","$","?","?","?","T","E","M","?","R","M","R","M","M","BOSS","R","M","M","?","$","R","T","M","R","E","M"],"items_purchased_type":["Relic","Card"],"build_version":"2020-12-22","purchased_purges":0,"victory":false,"max_hp_per_floor":[77,77,77,77,77,77,77,77,77,77,87,87,87,87,87,87,92,92,92,92,46,46,46,46,46,46,46,46,46,46],"card_choices":[{"not_picked":["hexamod:ThermalTransfer","hexamod:InspiringFlames"],"picked":"hexamod:Incineration","floor":2},{"not_picked":["hexamod:RecurringNightmare","hexamod:Firestarter"],"picked":"hexamod:ThirdSeal","floor":3},{"not_picked":["hexamod:HeatMetal","hexamod:HauntingEcho"],"picked":"hexamod:RadiantFlame","floor":8},{"not_picked":["hexamod:TimeWarp","hexamod:EtherealExpedition"],"picked":"hexamod:SecondSeal","floor":8},{"not_picked":["hexamod:GhostLash","hexamod:DynamicBlow"],"picked":"hexamod:NecessarySacrifice","floor":9},{"not_picked":["hexamod:CatchUp","hexamod:InspiringFlames"],"picked":"hexamod:BurningTouch","floor":9},{"not_picked":["hexamod:ThirdSeal","hexamod:BurningTouch"],"picked":"hexamod:ExtraCrispy","floor":10},{"not_picked":["hexamod:HeatCrush","hexamod:HauntingEcho"],"picked":"hexamod:AdvancingGuard","floor":10},{"not_picked":["hexamod:NecessarySacrifice","hexamod:FourthSeal"],"picked":"hexamod:ThermalTransfer","floor":12},{"not_picked":["hexamod:Hexaguard","hexamod:GhostShield"],"picked":"hexamod:ThermalTransfer","floor":12},{"not_picked":["hexamod:SpectralAdrenaline","hexamod:SoulSteal"],"picked":"hexamod:TimeWarp","floor":14},{"not_picked":["hexamod:SwordOfDarkness","hexamod:SpectralAdrenaline","hexamod:ThermalTransfer"],"picked":"SKIP","floor":14},{"not_picked":["hexamod:NightmareStrike","hexamod:ChargedBarrage"],"picked":"hexamod:EmpoweredFlame","floor":15},{"not_picked":["hexamod:DynamicBlow","hexamod:SpectersWail"],"picked":"hexamod:ExtraCrispy","floor":15},{"not_picked":["hexamod:UnlimitedPower","hexamod:TimeWarp"],"picked":"hexamod:GhostflameInferno","floor":16},{"not_picked":["hexamod:HexaLevel","hexamod:ParanormalForm"],"picked":"hexamod:ForkedFlame","floor":16},{"not_picked":["hexamod:InspiringFlames","hexamod:NightmareStrike"],"picked":"hexamod:GhostflameBarrier","floor":17},{"not_picked":["hexamod:HauntingEcho","hexamod:AdvancingGuard"],"picked":"hexamod:Firestarter","floor":19},{"not_picked":["hexamod:RecurringNightmare+1","hexamod:EtherealExpedition","hexamod:HeatMetal"],"picked":"SKIP","floor":19},{"not_picked":["hexamod:BacktrackSmack+1","hexamod:SecondSeal"],"picked":"hexamod:Rewind","floor":20},{"not_picked":["hexamod:ThirdSeal","hexamod:RecurringNightmare"],"picked":"hexamod:SpectersWail","floor":20},{"not_picked":["hexamod:GhostflameBarrier","hexamod:HeatShield"],"picked":"hexamod:ForkedFlame","floor":22},{"not_picked":["hexamod:FastForward+1","hexamod:HeatMetal+1","hexamod:BacktrackSmack"],"picked":"SKIP","floor":22},{"not_picked":["hexamod:ShieldOfDarkness+1","hexamod:NightmareGuise"],"picked":"hexamod:RainOfEmbers","floor":25},{"not_picked":["hexamod:GhostShield","hexamod:HeatShield+1","hexamod:NightmareGuise+1"],"picked":"SKIP","floor":25},{"not_picked":["hexamod:NightmareStrike","hexamod:NightmareGuise","hexamod:HeatMetal"],"picked":"SKIP","floor":27}],"player_experience":2147701,"relics_obtained":[{"floor":7,"key":"Peace Pipe"},{"floor":8,"key":"Art of War"},{"floor":24,"key":"MealTicket"},{"floor":27,"key":"Meat on the Bone"}],"event_choices":[],"is_beta":false,"boss_relics":[{"not_picked":["Philosopher\u0027s Stone","Sozu"],"picked":"Tiny House"}],"items_purged_floors":[],"is_endless":false,"potions_floor_spawned":[2,8,16,25,27],"killed_by":"Shelled Parasite and Fungi","ascension_level":0}}