{"host":"nwd160me4iqdtr8u","time":1612262946,"event":{"mods":["AchievementEnabler","Act Like it!","BaseMod","Colored Map","DeckTracker","Keyboard Shortcuts","Minty Spire (QoL Compilation)","Quick Restart","Rare Cards Sparkle","Smile Girya","StSLib","SuperFastMode","everything is the same but u backflip on backflip"],"gold_per_floor":[119,44,57,21,171,197,197,208,208,208,219,48,67,80,80,158,158,171,187,187,202,202,202],"floor_reached":22,"language":"KOR","playtime":726,"items_purged":["Doubt"],"score":426,"play_id":"9dd163de-caa0-4146-82fe-f0e6e448fa6a","local_time":"20210202194906","is_ascension_mode":true,"campfire_choices":[{"data":"Poisoned Stab","floor":7.0,"key":"SMITH"},{"data":"A Thousand Cuts","floor":15.0,"key":"SMITH"}],"circlet_count":0,"master_deck":["AscendersBane","Survivor","Neutralize","Poisoned Stab+1","Dagger Spray","Calculated Gamble","Backflip","PiercingWail","A Thousand Cuts+1","Panacea","Blade Dance","Deadly Poison","After Image","Deadly Poison","Reflex","Glass Knife","Noxious Fumes","Dagger Spray","Noxious Fumes","Backflip","Predator","Acrobatics","Backflip","Dagger Throw+1"],"relics":["Ring of the Snake","NeowsBlessing","Pantograph","CaptainsWheel","Pandora\u0027s Box","MutagenicStrength"],"acts_visited":["Exordium","TheCity"],"potions_floor_usage":[],"damage_taken":[{"damage":0.0,"enemies":"Jaw Worm","floor":1.0,"turns":1.0},{"damage":0.0,"enemies":"Small Slimes","floor":3.0,"turns":1.0},{"damage":0.0,"enemies":"Gremlin Nob","floor":6.0,"turns":1.0},{"damage":6.0,"enemies":"Cultist","floor":8.0,"turns":4.0},{"damage":7.0,"enemies":"Large Slime","floor":11.0,"turns":8.0},{"damage":8.0,"enemies":"2 Fungi Beasts","floor":13.0,"turns":3.0},{"damage":11.0,"enemies":"3 Louse","floor":14.0,"turns":3.0},{"damage":32.0,"enemies":"The Guardian","floor":16.0,"turns":9.0},{"damage":7.0,"enemies":"Spheric Guardian","floor":18.0,"turns":4.0},{"damage":0.0,"enemies":"Chosen","floor":19.0,"turns":4.0},{"damage":15.0,"enemies":"Sentry and Sphere","floor":21.0,"turns":5.0},{"damage":17,"enemies":"Chosen and Byrds","floor":22,"turns":6}],"seed_played":"4570851317594580706","potions_obtained":[{"floor":3.0,"key":"EssenceOfSteel"},{"floor":6.0,"key":"PowerPotion"},{"floor":21.0,"key":"EssenceOfSteel"}],"is_trial":false,"path_per_floor":["M","?","M","$","?","E","R","M","T","?","M","$","M","M","R","B",null,"M","M","?","M","M"],"character_chosen":"THE_SILENT","items_purchased":["Calculated Gamble","Panacea"],"campfire_rested":0,"item_purchase_floors":[4,12],"current_hp_per_floor":[59,59,59,59,59,59,59,53,53,53,46,46,38,27,27,20,55,48,48,48,33,16,16],"gold":202,"neow_bonus":"THREE_ENEMY_KILL","is_daily":false,"chose_seed":false,"campfire_upgraded":2,"win_rate":0.0,"timestamp":1612262946,"path_taken":["M","?","M","$","?","E","R","M","T","?","M","$","M","?","R","BOSS","M","M","?","M","M"],"items_purchased_type":["Card","Card"],"build_version":"2020-12-22","purchased_purges":1,"victory":false,"max_hp_per_floor":[66,66,66,66,66,66,66,66,66,66,66,66,66,66,66,66,66,66,66,66,66,66,66],"card_choices":[{"not_picked":["Quick Slash","Dodge and Roll"],"picked":"Poisoned Stab","floor":1.0},{"not_picked":["Caltrops","Dagger Throw"],"picked":"Dagger Spray","floor":3.0},{"not_picked":["Cloak And Dagger","Quick Slash"],"picked":"Backflip","floor":6.0},{"not_picked":["Dagger Throw","Bane"],"picked":"PiercingWail","floor":8.0},{"not_picked":["Terror","Slice","Choke"],"picked":"SKIP","floor":11.0},{"not_picked":["Prepared","Dagger Spray"],"picked":"Blade Dance","floor":13.0},{"not_picked":["Phantasmal Killer","Distraction"],"picked":"Deadly Poison","floor":14.0},{"not_picked":["Night Terror","Malaise"],"picked":"After Image","floor":16.0},{"not_picked":["Bane","Flechettes"],"picked":"Acrobatics","floor":18.0},{"not_picked":["Heel Hook","Underhanded Strike+1"],"picked":"Backflip","floor":19.0},{"not_picked":["Dagger Spray","All Out Attack"],"picked":"Dagger Throw+1","floor":21.0}],"player_experience":371112,"relics_obtained":[{"floor":6.0,"key":"Pantograph"},{"floor":9.0,"key":"CaptainsWheel"}],"event_choices":[{"cards_removed":["Strike_G"],"damage_healed":0.0,"max_hp_gain":0.0,"max_hp_loss":0.0,"gold_gain":0.0,"event_name":"The Cleric","player_choice":"Card Removal","floor":2.0,"gold_loss":75.0,"damage_taken":0.0},{"damage_healed":0.0,"max_hp_gain":0.0,"max_hp_loss":0.0,"gold_gain":150.0,"event_name":"Liars Game","player_choice":"AGREE","floor":5.0,"gold_loss":0.0,"damage_taken":0.0,"cards_obtained":["Doubt"]},{"damage_healed":0.0,"max_hp_gain":0.0,"max_hp_loss":0.0,"gold_gain":0.0,"cards_transformed":["Strike_G"],"event_name":"Transmorgrifier","player_choice":"Transformed","floor":10.0,"gold_loss":0.0,"damage_taken":0.0,"cards_obtained":["A Thousand Cuts"]},{"damage_healed":0.0,"max_hp_gain":0.0,"max_hp_loss":0.0,"gold_gain":0.0,"event_name":"Drug Dealer","player_choice":"Inject Mutagens","floor":20.0,"gold_loss":0.0,"damage_taken":0.0,"relics_obtained":["MutagenicStrength"]}],"is_beta":false,"boss_relics":[{"not_picked":["Sozu","Coffee Dripper"],"picked":"Pandora\u0027s Box"}],"items_purged_floors":[12],"is_endless":false,"potions_floor_spawned":[3,6,21],"killed_by":"Chosen and Byrds","ascension_level":20}}