{"host":"x6165drukuu8ns9f","time":1612263533,"event":{"mods":["100% Spire Juice","2.2 Compatiblity","Act Like it!","Aspiration","BaseMod","CapriCore","Colored Map","Colored Powertips","Conspire","Dark Map","GifTheSpireLib","HololiveMod","Hubris","Infinite Spire","Minty Spire (QoL Compilation)","Pale of the Ancients","Replay The Spire","Spicy Shops","Spire Birthday Party","StSLib","SuperFastMode","The Blue Laboratory","The Dragon Tamer","The Forsaken","TheFirefly","TheSurvivalist","??????REMEMod"],"gold_per_floor":[144,201,234,14,50,50,86,86,86,179,31,73,118,172,172,457,457,499,532,562,60,111,186,186,264,264,303,333,363,417,465,465,777,927,966,1008,1008,1053,1033,1138,1195,685,708,795,795,125,224,224,224,224,281,338,419,97,97,133,133,0,0,0],"floor_reached":61,"language":"ENG","playtime":1585,"items_purged":["Pot Of Greed"],"score":1762,"play_id":"460da40d-be6a-450c-a535-e40fed8f0c5d","local_time":"20210202115853","daily_mods":["Vintage","Flight","Midas"],"is_ascension_mode":false,"campfire_choices":[{"floor":6,"key":"REST"},{"floor":8,"key":"REST"},{"floor":15,"key":"REST"},{"floor":32,"key":"REST"}],"circlet_count":0,"master_deck":["thefirefly:Strike","thefirefly:Strike","thefirefly:Strike","thefirefly:Strike","thefirefly:Defend","thefirefly:Defend","thefirefly:Defend","thefirefly:Defend","thefirefly:StealthMode","thefirefly:PhotonBlast","thefirefly:Prominence+1","thefirefly:InterceptingShot+1","thefirefly:StoredPower","thefirefly:StoredPower","thefirefly:BoltzmannBrain+1","thefirefly:LaserMail","thefirefly:ArtillleryBeam+1","Swift Strike+1","thefirefly:Kugelblitz+1","thefirefly:LaserBarrage+1","thefirefly:SearingEnigma","thefirefly:Kugelblitz+1","thefirefly:DataMiner","infinitespire:DeathsTouch+1","thefirefly:FlareScreen","thefirefly:IonizedBarrier+1","thefirefly:ArtillleryBeam+1","Swift Strike+1","Poisoned Strike+1","Pot Of Greed+1","thefirefly:PhantomStrike+1","infinitespire:Gouge+1","Gash+1","ReplayTheSpireMod:Omega Cannon+1","Anger+1","Pot Of Greed","conspire:Banana","hubris:DuctTapeCard+2","thefirefly:StarCinder+1","thefirefly:AutoTargeting+1","thefirefly:AuroralDischarge+1","thefirefly:ChargedLaser+1","thefirefly:DataMiner+1","Metamorphosis+1"],"relics":["thefirefly:StealthSystem","REME_ComplimentaryCards","Replay:Wax Seal","Anchor","Replay:Bottled Flurry","Membership Card","Cauldron","Pet Ghost","Chameleon Ring","aspiration:FetidBarrel","Pen Nib","REME_HourglassOfDeath","FossilizedHelix","PreservedInsect","hubris:Metronome","hubris:BlackHole","Bottled Lightning","Omamori","aspiration:DSix","Molten Egg 2","Guide Book","hubris:Potato","infinitespire:EmpoweringShard","Shuriken","aspiration:ArtOfWarUpgrade","infinitespire:CheckeredPen","Durian","Simple Rune","Quantum Egg","Matryoshka","Lizard Tail","Tiny House","Golden Egg","aspiration:SeaSaltIceCream","REME_ComplimentaryCards","Replay:Baseball","conspire:Flyswatter","Question Card","Replay:WaspNest","Letter Opener","aspiration:Nostalgia","Iron Core","hubris:ToyBattleship","Juzu Bracelet","Grinning Jar","hubris:KleinBottle","infinitespire:Joker Card","HandDrill","conspire:TreasureMap","theForsaken:ScaryMask","War Paint","paleoftheancients:Timepiece","Ice Cream","Spirit Poop","paleoftheancients:SoulOfTheShowman","thefirefly:LongRangeScanner","Toy Ornithopter","Vajra","hubris:DuctTape","OrangePellets","Hololive_LightStick","aspiration:FrozenJewel"],"acts_visited":["Exordium","TheCity","TheBeyond","paleoftheancients:PaleOfTheAncients"],"potions_floor_usage":[16,16,16,25,31,33,38,50,50,50],"damage_taken":[{"damage":13,"enemies":"Jaw Worm","floor":1,"turns":3},{"damage":1,"enemies":"2 Louse","floor":2,"turns":2},{"damage":1,"enemies":"Cultist","floor":3,"turns":3},{"damage":21,"enemies":"Gremlin Gang","floor":5,"turns":4},{"damage":0,"enemies":"Looter","floor":7,"turns":2},{"damage":18,"enemies":"Replay:BlueRogue","floor":10,"turns":7},{"damage":0,"enemies":"Lots of Slimes","floor":12,"turns":2},{"damage":0,"enemies":"Large Slime","floor":13,"turns":4},{"damage":0,"enemies":"Looter","floor":14,"turns":3},{"damage":0,"enemies":"Slime Boss","floor":16,"turns":6},{"damage":0,"enemies":"3 Byrds","floor":18,"turns":2},{"damage":0,"enemies":"Chosen","floor":19,"turns":2},{"damage":0,"enemies":"Sentry and Sphere","floor":20,"turns":3},{"damage":0,"enemies":"Snake Plant","floor":22,"turns":2},{"damage":0,"enemies":"Gremlin Leader","floor":23,"turns":2},{"damage":0,"enemies":"Slavers","floor":25,"turns":2},{"damage":18,"enemies":"conspire:HollyBat","floor":27,"turns":7},{"damage":0,"enemies":"Cultist and Chosen","floor":28,"turns":3},{"damage":0,"enemies":"Shelled Parasite and Fungi","floor":29,"turns":2},{"damage":0,"enemies":"Snecko","floor":30,"turns":3},{"damage":0,"enemies":"Centurion and Healer","floor":31,"turns":2},{"damage":0,"enemies":"Automaton","floor":33,"turns":4},{"damage":0,"enemies":"3 Shapes","floor":35,"turns":2},{"damage":0,"enemies":"3 Darklings","floor":36,"turns":2},{"damage":0,"enemies":"Maw","floor":38,"turns":3},{"damage":0,"enemies":"R_Hoarder","floor":40,"turns":3},{"damage":0,"enemies":"Spire Growth","floor":41,"turns":3},{"damage":0,"enemies":"Giant Head","floor":44,"turns":4},{"damage":0,"enemies":"Reptomancer","floor":47,"turns":2},{"damage":83,"enemies":"conspire:OrnateMirror","floor":50,"turns":4},{"damage":0,"enemies":"conspire:OrnateMirror","floor":51,"turns":5},{"damage":0,"enemies":"conspire:OrnateMirror","floor":52,"turns":3},{"damage":0,"enemies":"conspire:OrnateMirror","floor":56,"turns":4},{"damage":41,"enemies":"paleoftheancients:N","floor":60,"turns":4}],"seed_played":"6589263247942535737","potions_obtained":[{"floor":1,"key":"Strength Potion"},{"floor":4,"key":"blueLaboratory:ArtificerPotion"},{"floor":4,"key":"Weak Potion"},{"floor":13,"key":"Explosive Potion"},{"floor":16,"key":"FairyPotion"},{"floor":20,"key":"SteroidPotion"},{"floor":22,"key":"Block Potion"},{"floor":23,"key":"Strength Potion"},{"floor":28,"key":"LiquidMemories"},{"floor":33,"key":"blueLaboratory:PolymorphPotion"},{"floor":34,"key":"Fruit Juice"},{"floor":36,"key":"PowerPotion"},{"floor":39,"key":"Adrenaline Potion"},{"floor":41,"key":"BlessingOfTheForge"},{"floor":51,"key":"conspire:TimeTravelPotion"}],"is_trial":true,"path_per_floor":["M","M","M","$","M","R","M","R","T","E","$","M","M","M","R","B",null,"M","M","M","$","M","E","?","E","T","M","M","M","M","M","R","B",null,"M","M","AVR","M","?","E","M","$","T","E","$","$","E","?","R_BF","B","M","M","T","$","R","M","R","$","?","B",null],"character_chosen":"THE_FIREFLY","items_purchased":["Membership Card","Cauldron","thefirefly:RecollectionSubroutine","thefirefly:StoredPower","REME_HourglassOfDeath","Molten Egg 2","Guide Book","thefirefly:LaserMail","thefirefly:ArtillleryBeam+1","Swift Strike+1","hubris:Potato","thefirefly:Kugelblitz+1","Replay:WaspNest","Letter Opener","thefirefly:IonizedBarrier","thefirefly:ArtillleryBeam+1","Swift Strike+1","Poisoned Strike+1","aspiration:Nostalgia","hubris:KleinBottle","infinitespire:Joker Card","Sadistic Nature","HandDrill","conspire:TreasureMap","Gash+1","ReplayTheSpireMod:Omega Cannon+1","OrangePellets","thefirefly:StarCinder","thefirefly:AutoTargeting","thefirefly:AuroralDischarge+1","Hololive_LightStick","thefirefly:ChargedLaser+1","thefirefly:DataMiner","Metamorphosis"],"campfire_rested":4,"item_purchase_floors":[4,4,4,11,11,21,21,21,21,21,21,21,42,42,42,42,42,42,42,45,46,46,46,46,46,46,54,54,54,54,54,54,58,58],"current_hp_per_floor":[42,41,40,40,19,35,35,51,51,33,33,33,33,33,49,49,55,55,55,55,55,55,55,55,55,55,42,42,42,42,42,60,60,65,65,65,65,72,72,72,72,72,72,72,53,53,53,53,53,73,74,74,74,74,74,74,74,74,74,54],"gold":0,"neow_bonus":"","is_daily":false,"chose_seed":false,"campfire_upgraded":0,"win_rate":0.0,"timestamp":1612263533,"path_taken":["M","M","M","$","M","R","M","R","T","E","$","M","M","M","R","BOSS","M","M","M","$","M","E","?","E","T","M","M","M","M","M","R","BOSS","M","M","AVR","M","?","E","M","$","T","E","?","$","E","?","R_BF","BOSS","M","M","?","$","R","M","R","$","?","BOSS"],"items_purchased_type":["Relic","Relic","Card","Card","Relic","Relic","Relic","Card","Card","Card","Relic","Card","Relic","Relic","Card","Card","Card","Card","Relic","Relic","Relic","Card","Relic","Relic","Card","Card","Relic","Card","Card","Card","Relic","Card","Card","Card"],"build_version":"2020-12-22","purchased_purges":1,"victory":true,"max_hp_per_floor":[55,55,55,55,55,55,55,55,55,55,55,55,55,55,55,55,55,55,55,55,55,55,55,55,55,55,60,60,60,60,60,60,60,65,65,65,65,72,72,72,72,72,72,72,72,72,72,72,72,73,74,74,74,74,74,74,74,74,74,74],"card_choices":[{"not_picked":["thefirefly:Teleport","thefirefly:Pacify"],"picked":"thefirefly:InterceptingShot","floor":10},{"not_picked":["thefirefly:ParadoxEngine","thefirefly:Kugelblitz"],"picked":"thefirefly:BoltzmannBrain","floor":16},{"not_picked":["thefirefly:Flight","thefirefly:Pacify"],"picked":"thefirefly:LaserBarrage+1","floor":23},{"not_picked":["thefirefly:AccountUncertainty","thefirefly:SteadyAim+1"],"picked":"thefirefly:SearingEnigma","floor":25},{"not_picked":["thefirefly:Unweft","thefirefly:TachyonBeam+1"],"picked":"thefirefly:Kugelblitz+1","floor":33},{"not_picked":["thefirefly:LaserMail","thefirefly:Boost"],"picked":"thefirefly:DataMiner","floor":34},{"not_picked":["thefirefly:FlakCannon+1","thefirefly:StoredPower"],"picked":"thefirefly:FlareScreen","floor":40},{"not_picked":["thefirefly:Unburden","Firewall","Flex"],"picked":"thefirefly:PhantomStrike+1","floor":44},{"not_picked":["ReplayTheSpireMod:Chaos Vortex","Replay:Fractal Strike"],"picked":"infinitespire:Gouge","floor":45},{"not_picked":["Clash+1","ReplayReversal","Hologram"],"picked":"Anger+1","floor":47}],"player_experience":90881,"relics_obtained":[{"floor":1,"key":"Replay:Wax Seal"},{"floor":2,"key":"Anchor"},{"floor":3,"key":"Replay:Bottled Flurry"},{"floor":5,"key":"Pet Ghost"},{"floor":7,"key":"Chameleon Ring"},{"floor":9,"key":"aspiration:FetidBarrel"},{"floor":10,"key":"Pen Nib"},{"floor":12,"key":"FossilizedHelix"},{"floor":13,"key":"PreservedInsect"},{"floor":14,"key":"hubris:Metronome"},{"floor":18,"key":"Bottled Lightning"},{"floor":19,"key":"Omamori"},{"floor":20,"key":"aspiration:DSix"},{"floor":22,"key":"infinitespire:EmpoweringShard"},{"floor":23,"key":"Shuriken"},{"floor":25,"key":"Art of War"},{"floor":26,"key":"infinitespire:CheckeredPen"},{"floor":27,"key":"Durian"},{"floor":28,"key":"Simple Rune"},{"floor":29,"key":"Quantum Egg"},{"floor":30,"key":"Matryoshka"},{"floor":31,"key":"Lizard Tail"},{"floor":35,"key":"Golden Egg"},{"floor":36,"key":"aspiration:SeaSaltIceCream"},{"floor":38,"key":"Replay:Baseball"},{"floor":40,"key":"conspire:Flyswatter"},{"floor":41,"key":"Question Card"},{"floor":43,"key":"hubris:ToyBattleship"},{"floor":43,"key":"Juzu Bracelet"},{"floor":44,"key":"Grinning Jar"},{"floor":47,"key":"theForsaken:ScaryMask"},{"floor":49,"key":"War Paint"},{"floor":51,"key":"paleoftheancients:SoulOfTheShowman"},{"floor":51,"key":"thefirefly:LongRangeScanner"},{"floor":52,"key":"Toy Ornithopter"},{"floor":53,"key":"Vajra"},{"floor":53,"key":"hubris:DuctTape"},{"floor":56,"key":"aspiration:FrozenJewel"}],"event_choices":[{"damage_healed":0,"gold_gain":0,"player_choice":"Ignored","damage_taken":0,"max_hp_gain":0,"max_hp_loss":0,"event_name":"Ghosts","floor":24,"gold_loss":0},{"damage_healed":0,"gold_gain":0,"player_choice":"Bought 1 Potion","damage_taken":0,"max_hp_gain":0,"max_hp_loss":0,"event_name":"The Woman in Blue","floor":39,"gold_loss":0},{"damage_healed":0,"gold_gain":0,"cards_transformed":["Pot Of Greed"],"player_choice":"Transformed","damage_taken":0,"max_hp_gain":0,"max_hp_loss":0,"event_name":"Transmorgrifier","floor":48,"gold_loss":0,"cards_obtained":["conspire:Banana"]},{"damage_healed":0,"gold_gain":0,"player_choice":"Relic","damage_taken":0,"max_hp_gain":0,"max_hp_loss":0,"event_name":"Wheel of Change","floor":49,"gold_loss":0}],"is_beta":false,"boss_relics":[{"not_picked":["Cursed Key","Kintsugi"],"picked":"hubris:BlackHole"},{"not_picked":["SacredBark","thefirefly:UpgradedSystem"],"picked":"Tiny House"}],"items_purged_floors":[54],"is_endless":false,"potions_floor_spawned":[1,5,7,13,16,20,22,23,28,33,36,41,51],"ascension_level":0}}