{"host":"1i9jpj392h4nt9ho","time":1612224783,"event":{"mods":["AchievementEnabler","BaseMod","Colored Map","Minty Spire (QoL Compilation)"],"gold_per_floor":[114,114,131,206,216,216,226,257,257,257,268,268,297,73,73,176,176,186,197,197,197,197],"floor_reached":21,"language":"ENG","playtime":1018,"items_purged":["Strike_R"],"score":233,"play_id":"0542a788-2d94-4712-b0f9-df615e855e79","local_time":"20210202111303","is_ascension_mode":true,"campfire_choices":[{"data":"Limit Break","floor":6,"key":"SMITH"},{"floor":10,"key":"REST"},{"data":"Combust","floor":12,"key":"SMITH"},{"data":"Shockwave","floor":15,"key":"SMITH"}],"circlet_count":0,"master_deck":["Strike_R+1","Strike_R+1","Strike_R+1","Defend_R+1","Defend_R+1","Defend_R+1","Bash","Cleave","Iron Wave","Limit Break+1","Shockwave+1","Combust+1","Clothesline","Flex","Demon Form","Warcry","Iron Wave"],"relics":["Burning Blood","Letter Opener","Shuriken","Odd Mushroom","Blood Vial","Empty Cage"],"acts_visited":["Exordium","TheCity"],"potions_floor_usage":[8,8,8,16,18,19],"damage_taken":[{"damage":9,"enemies":"Small Slimes","floor":1,"turns":5},{"damage":11,"enemies":"Jaw Worm","floor":3,"turns":4},{"damage":3,"enemies":"2 Louse","floor":5,"turns":2},{"damage":7,"enemies":"Looter","floor":7,"turns":5},{"damage":45,"enemies":"3 Sentries","floor":8,"turns":6},{"damage":6,"enemies":"Blue Slaver","floor":11,"turns":4},{"damage":17,"enemies":"The Mushroom Lair","floor":13,"turns":4},{"damage":28,"enemies":"Hexaghost","floor":16,"turns":8},{"damage":34,"enemies":"Shell Parasite","floor":18,"turns":9},{"damage":33,"enemies":"2 Thieves","floor":19,"turns":4},{"damage":23,"enemies":"Snecko","floor":21,"turns":4}],"seed_played":"7211991019737174357","potions_obtained":[{"floor":0,"key":"CultistPotion"},{"floor":0,"key":"SneckoOil"},{"floor":0,"key":"BloodPotion"},{"floor":11,"key":"CultistPotion"},{"floor":13,"key":"Weak Potion"},{"floor":16,"key":"Explosive Potion"},{"floor":19,"key":"EssenceOfSteel"}],"is_trial":false,"path_per_floor":["M","?","M","?","M","R","M","E","T","R","M","R","?","$","R","B",null,"M","M","?","M"],"character_chosen":"IRONCLAD","items_purchased":["Blood Vial"],"campfire_rested":1,"item_purchase_floors":[14],"current_hp_per_floor":[69,74,69,58,61,61,60,38,38,63,63,63,52,52,52,32,72,46,21,21,0,0],"gold":197,"neow_bonus":"THREE_SMALL_POTIONS","is_daily":false,"chose_seed":false,"campfire_upgraded":3,"win_rate":0.0,"timestamp":1612224783,"path_taken":["M","?","M","?","?","R","M","E","T","R","M","R","?","$","R","BOSS","M","M","?","M"],"items_purchased_type":["Relic"],"build_version":"2020-12-22","purchased_purges":1,"victory":false,"max_hp_per_floor":[80,85,85,85,85,85,85,85,85,85,85,85,85,85,85,85,85,85,85,85,85,85],"card_choices":[{"not_picked":["Body Slam","Evolve"],"picked":"Cleave","floor":1},{"not_picked":["Sword Boomerang","Wild Strike"],"picked":"Iron Wave","floor":3},{"not_picked":["Anger","Heavy Blade"],"picked":"Limit Break","floor":5},{"not_picked":["Body Slam","Pommel Strike"],"picked":"Shockwave","floor":7},{"not_picked":["Heavy Blade","Pommel Strike"],"picked":"Combust","floor":8},{"not_picked":["Fiend Fire","Cleave"],"picked":"Clothesline","floor":11},{"not_picked":["Body Slam","Armaments"],"picked":"Flex","floor":13},{"not_picked":["Immolate","Corruption"],"picked":"Demon Form","floor":16},{"not_picked":["Feel No Pain","Heavy Blade+1"],"picked":"Warcry","floor":18},{"not_picked":["Hemokinesis","Armaments"],"picked":"Iron Wave","floor":19}],"player_experience":581952,"relics_obtained":[{"floor":8,"key":"Letter Opener"},{"floor":9,"key":"Shuriken"},{"floor":13,"key":"Odd Mushroom"}],"event_choices":[{"damage_healed":0,"gold_gain":0,"player_choice":"Donut","damage_taken":0,"max_hp_gain":5,"max_hp_loss":0,"event_name":"Big Fish","floor":2,"gold_loss":0},{"damage_healed":0,"gold_gain":75,"player_choice":"Gather Gold","damage_taken":11,"max_hp_gain":0,"max_hp_loss":0,"event_name":"World of Goop","floor":4,"gold_loss":0},{"damage_healed":0,"gold_gain":0,"player_choice":"Fought Mushrooms","damage_taken":0,"max_hp_gain":0,"max_hp_loss":0,"event_name":"Mushrooms","floor":13,"gold_loss":0},{"damage_healed":0,"gold_gain":0,"player_choice":"Simplicity","damage_taken":0,"max_hp_gain":0,"max_hp_loss":0,"event_name":"Back to Basics","floor":20,"gold_loss":0,"cards_upgraded":["Strike_R","Strike_R","Strike_R","Defend_R","Defend_R","Defend_R"]}],"is_beta":false,"boss_relics":[{"not_picked":["Philosopher\u0027s Stone","Coffee Dripper"],"picked":"Empty Cage"}],"items_purged_floors":[14],"is_endless":false,"potions_floor_spawned":[1,5,11,13,16,19],"killed_by":"Snecko","ascension_level":6}}