{"host":"cjhtzh7tp54jdfyv","time":1612279519,"event":{"mods":["AchievementEnabler","BaseMod","Colored Map","Colored Powertips","Curses Come First","DeckTracker","Minty Spire (QoL Compilation)","RNG Fix","Relic Sorter","Relic Stats","StSLib","UnlockEverythingMod","ojb\u0027s Better Paths Mod","ojb\u0027s Info Mod"],"gold_per_floor":[112,112,132,132,145,177,177,177,177],"floor_reached":8,"language":"ENG","playtime":691,"items_purged":[],"score":112,"play_id":"ffc18026-0149-4166-bb34-32be2ad16c7f","local_time":"20210202102519","is_ascension_mode":true,"campfire_choices":[{"data":"Dagger Spray","floor":7,"key":"SMITH"}],"circlet_count":0,"master_deck":["AscendersBane","Strike_G","Strike_G","Strike_G","Strike_G","Defend_G","Defend_G","Defend_G","Survivor","Neutralize","Flying Knee","Blade Dance","Dagger Throw","Dagger Spray+1"],"relics":["Empty Cage"],"acts_visited":["Exordium"],"potions_floor_usage":[6,6,8],"damage_taken":[{"damage":8,"enemies":"2 Louse","floor":1,"turns":4},{"damage":3,"enemies":"Cultist","floor":3,"turns":4},{"damage":4,"enemies":"Small Slimes","floor":5,"turns":3},{"damage":20,"enemies":"3 Sentries","floor":6,"turns":9},{"damage":51,"enemies":"Gremlin Nob","floor":8,"turns":4}],"seed_played":"-3935055395529949782","potions_obtained":[{"floor":3,"key":"SneckoOil"},{"floor":5,"key":"EssenceOfSteel"},{"floor":6,"key":"LiquidMemories"}],"is_trial":false,"path_per_floor":["M","?","M","?","M","E","R","E"],"character_chosen":"THE_SILENT","items_purchased":[],"campfire_rested":0,"item_purchase_floors":[],"current_hp_per_floor":[51,51,48,48,44,24,24,0,0],"gold":177,"neow_bonus":"BOSS_RELIC","is_daily":false,"chose_seed":false,"campfire_upgraded":1,"win_rate":0.0,"timestamp":1612279519,"path_taken":["M","?","M","?","M","E","R","E"],"items_purchased_type":[],"build_version":"2020-12-22","purchased_purges":0,"victory":false,"max_hp_per_floor":[66,66,66,66,66,66,66,66,66],"relic_stats":{"counters":[5,24],"obtain_stats":[{"Empty Cage":0,"Ring of the Snake":0},{"Empty Cage":0,"Ring of the Snake":0},{"Empty Cage":0,"Ring of the Snake":0}]},"card_choices":[{"not_picked":["Flechettes","Acrobatics"],"picked":"Flying Knee","floor":1},{"not_picked":["Underhanded Strike","Well Laid Plans"],"picked":"Blade Dance","floor":3},{"not_picked":["Dagger Spray","Bane"],"picked":"Dagger Throw","floor":5},{"not_picked":["Deadly Poison","Deflect"],"picked":"Dagger Spray","floor":6}],"player_experience":4589431,"relics_obtained":[],"event_choices":[{"damage_healed":0,"gold_gain":0,"player_choice":"Ignored","damage_taken":0,"max_hp_gain":0,"max_hp_loss":0,"event_name":"Liars Game","floor":2,"gold_loss":0},{"cards_removed":["Strike_G"],"damage_healed":0,"gold_gain":0,"player_choice":"Offered Basic","damage_taken":0,"max_hp_gain":0,"max_hp_loss":0,"event_name":"Bonfire Elementals","floor":4,"gold_loss":0}],"is_beta":false,"boss_relics":[],"items_purged_floors":[],"is_endless":false,"potions_floor_spawned":[3,5,6],"killed_by":"Gremlin Nob","ascension_level":20}}