{"host":"Oniwa","time":1612258208,"event":{"mods":["BaseMod","Colored Map","Colored Powertips","Minty Spire (QoL Compilation)","Relic Stats","Slay the Relics Exporter","SpireBot","StSLib","ojb\u0027s Better Paths Mod","ojb\u0027s Info Mod"],"gold_per_floor":[20,36,36,54,77,77,111,111,137,168,168,23,23,23,23,119,119,144,38,52,52,68,68,68],"floor_reached":23,"language":"JPN","playtime":1277,"items_purged":["Strike_B","Pain"],"score":398,"play_id":"bdea9e6d-dafb-4eab-9181-41435c10be59","local_time":"20210202183008","is_ascension_mode":true,"campfire_choices":[{"data":"Defragment","floor":6,"key":"SMITH"},{"data":"Sunder","floor":8,"key":"SMITH"},{"data":"Chill","floor":15,"key":"SMITH"}],"circlet_count":0,"master_deck":["AscendersBane","Strike_B","Strike_B","Defend_B","Defend_B","Defend_B+1","Zap+1","Dualcast","Streamline","Redo","Defragment+1","Sunder+1","Undo","Go for the Eyes","Chill+1","Loop+1","Doom and Gloom","Echo Form","Reinforced Body","Ball Lightning","Double Energy","Multi-Cast","Consume"],"relics":["Cracked Core","Golden Idol","Smiling Mask","MealTicket","War Paint","WarpedTongs","Coffee Dripper"],"acts_visited":["Exordium","TheCity"],"potions_floor_usage":[7,10,16,16,22,23],"damage_taken":[{"damage":12,"enemies":"Jaw Worm","floor":1,"turns":3},{"damage":1,"enemies":"2 Louse","floor":2,"turns":2},{"damage":0,"enemies":"Small Slimes","floor":4,"turns":2},{"damage":6,"enemies":"Blue Slaver","floor":5,"turns":6},{"damage":10,"enemies":"Lagavulin","floor":7,"turns":6},{"damage":28,"enemies":"Gremlin Nob","floor":10,"turns":4},{"damage":13,"enemies":"Hexaghost","floor":16,"turns":7},{"damage":8,"enemies":"Chosen","floor":18,"turns":4},{"damage":3,"enemies":"3 Byrds","floor":20,"turns":5},{"damage":9,"enemies":"Centurion and Healer","floor":22,"turns":5},{"damage":55,"enemies":"Gremlin Leader","floor":23,"turns":4}],"seed_played":"3668437294016444204","potions_obtained":[{"floor":4,"key":"SkillPotion"},{"floor":5,"key":"BlessingOfTheForge"},{"floor":10,"key":"LiquidBronze"},{"floor":16,"key":"ColorlessPotion"},{"floor":22,"key":"GamblersBrew"}],"is_trial":false,"path_per_floor":["M","M","?","M","M","R","E","R","T","E","?","$","?","?","R","B",null,"M","$","M","?","M","E"],"character_chosen":"DEFECT","items_purchased":["Doom and Gloom","SkillPotion","Ball Lightning"],"campfire_rested":0,"item_purchase_floors":[12,12,19],"current_hp_per_floor":[52,51,51,51,45,45,35,35,35,7,7,22,27,27,27,14,55,47,62,59,59,50,0,0],"gold":68,"neow_bonus":"TRANSFORM_TWO_CARDS","is_daily":false,"chose_seed":false,"campfire_upgraded":3,"win_rate":0.0,"timestamp":1612258208,"path_taken":["M","M","?","M","M","R","E","R","T","E","?","$","?","?","R","BOSS","M","$","?","?","M","E"],"items_purchased_type":["Card","Potion","Card"],"build_version":"2020-12-18","purchased_purges":2,"victory":false,"max_hp_per_floor":[71,71,64,64,64,64,64,64,64,64,64,64,69,69,69,69,69,69,69,69,69,69,69,69],"relic_stats":{"counters":[11,48],"Golden Idol":52,"MealTicket":30,"War Paint":["Defend_B","Zap"],"Smiling Mask":75,"obtain_stats":[{"Golden Idol":3,"MealTicket":9,"Coffee Dripper":17,"War Paint":10,"Cracked Core":0,"Smiling Mask":7,"WarpedTongs":14},{"Golden Idol":2,"MealTicket":5,"Coffee Dripper":7,"War Paint":6,"Cracked Core":0,"Smiling Mask":5,"WarpedTongs":6},{"Golden Idol":5,"MealTicket":19,"Coffee Dripper":30,"War Paint":23,"Cracked Core":0,"Smiling Mask":19,"WarpedTongs":23}],"WarpedTongs":[25]},"card_choices":[{"not_picked":["Ball Lightning","Loop"],"picked":"Defragment","floor":1},{"not_picked":["Coolheaded","Steam"],"picked":"Sunder","floor":2},{"not_picked":["Leap","Rebound"],"picked":"Undo","floor":4},{"not_picked":["Rebound","Streamline"],"picked":"Go for the Eyes","floor":5},{"not_picked":["Turbo","Gash"],"picked":"Chill","floor":7},{"not_picked":["Leap","Rebound"],"picked":"Loop","floor":10},{"not_picked":["Rainbow","Hyperbeam"],"picked":"Echo Form","floor":16},{"not_picked":["Stack","Rebound"],"picked":"Reinforced Body","floor":18},{"not_picked":["Force Field","Steam"],"picked":"Double Energy","floor":20},{"not_picked":["Hologram","Compile Driver"],"picked":"Consume","floor":22}],"player_experience":2636891,"relics_obtained":[{"floor":7,"key":"Smiling Mask"},{"floor":9,"key":"MealTicket"},{"floor":10,"key":"War Paint"}],"event_choices":[{"damage_healed":0,"gold_gain":0,"player_choice":"Lose Max HP","damage_taken":0,"relics_obtained":["Golden Idol"],"max_hp_gain":0,"max_hp_loss":7,"event_name":"Golden Idol","floor":3,"gold_loss":0},{"damage_healed":0,"gold_gain":0,"player_choice":"Grow","damage_taken":0,"max_hp_gain":0,"max_hp_loss":0,"event_name":"Living Wall","floor":11,"gold_loss":0,"cards_upgraded":["Loop"]},{"damage_healed":0,"gold_gain":0,"player_choice":"Donut","damage_taken":0,"max_hp_gain":5,"max_hp_loss":0,"event_name":"Big Fish","floor":13,"gold_loss":0},{"damage_healed":0,"gold_gain":0,"player_choice":"Rummage","damage_taken":0,"relics_obtained":["WarpedTongs"],"max_hp_gain":0,"max_hp_loss":0,"event_name":"Accursed Blacksmith","floor":14,"gold_loss":0,"cards_obtained":["Pain"]},{"damage_healed":0,"gold_gain":0,"player_choice":"1 cards matched","damage_taken":0,"max_hp_gain":0,"max_hp_loss":0,"event_name":"Match and Keep!","floor":21,"gold_loss":0,"cards_obtained":["Multi-Cast"]}],"is_beta":true,"boss_relics":[{"not_picked":["SacredBark","SlaversCollar"],"picked":"Coffee Dripper"}],"items_purged_floors":[12,19],"is_endless":false,"potions_floor_spawned":[4,5,10,16,22],"killed_by":"Gremlin Leader","ascension_level":20}}