{"host":"6bsan6hkua32tfq7","time":1612300156,"event":{"mods":["BaseMod","Better Third Choice","Colored Map","Highlight Path","Minty Spire (QoL Compilation)","StSLib"],"gold_per_floor":[110,110,51,16,16,16,44,64,64,64,74,74,107,121,121,197,197,208,208,208,221,234,234,234,234,258,286,286,319,319,280,280,353,353,366,381,453,466,517,517,548,548,548,548,548,548,564,596,596,596,596,596,596,92,126,126],"floor_reached":57,"language":"ENG","playtime":5203,"items_purged":["Defend_R"],"score":2804,"play_id":"33c4d4e2-a989-4c13-b439-ca26524d447b","local_time":"20210202220916","is_ascension_mode":true,"campfire_choices":[{"data":"Uppercut","floor":6.0,"key":"SMITH"},{"data":"Sword Boomerang","floor":12.0,"key":"SMITH"},{"data":"Shockwave","floor":15.0,"key":"SMITH"},{"floor":23.0,"key":"REST"},{"floor":25.0,"key":"REST"},{"floor":30.0,"key":"REST"},{"data":"Demon Form","floor":32.0,"key":"SMITH"},{"data":"True Grit","floor":40.0,"key":"SMITH"},{"floor":42.0,"key":"RECALL"},{"data":"Pummel","floor":44.0,"key":"SMITH"},{"data":"Metallicize","floor":46,"key":"SMITH"},{"data":"Bloodletting","floor":49,"key":"SMITH"},{"data":"Shrug It Off","floor":53,"key":"SMITH"}],"circlet_count":0,"master_deck":["AscendersBane","Defend_R","Defend_R","Bash","Rampage","Bloodletting+1","Uppercut+1","Shrug It Off+1","Shockwave+1","Parasite","Sword Boomerang+1","Reaper","Demon Form+1","Whirlwind+1","Exhume+1","Clash+1","True Grit+1","Shame","J.A.X.","Pummel+1","Insight","Seeing Red+1","Reaper","Metallicize+1","Reaper","Evolve","Exhume","Feel No Pain"],"relics":["Burning Blood","betterThird:SlimedRelic","Du-Vu Doll","InkBottle","Bag of Preparation","Astrolabe","Mango","Art of War","Darkstone Periapt","Self Forming Clay","Sozu","Dead Branch","Paper Frog","Blue Candle","Anchor","Kunai","Happy Flower"],"acts_visited":["Exordium","TheCity","TheBeyond","TheEnding"],"potions_floor_usage":[],"damage_taken":[{"damage":2.0,"enemies":"2 Louse","floor":1.0,"turns":2.0},{"damage":43.0,"enemies":"3 Sentries","floor":7.0,"turns":9.0},{"damage":4.0,"enemies":"Small Slimes","floor":8.0,"turns":4.0},{"damage":0.0,"enemies":"Cultist","floor":11.0,"turns":4.0},{"damage":20.0,"enemies":"Lagavulin","floor":13.0,"turns":4.0},{"damage":0.0,"enemies":"2 Fungi Beasts","floor":14.0,"turns":2.0},{"damage":15.0,"enemies":"The Guardian","floor":16.0,"turns":10.0},{"damage":3.0,"enemies":"3 Byrds","floor":18.0,"turns":3.0},{"damage":44.0,"enemies":"Spheric Guardian","floor":21.0,"turns":5.0},{"damage":22.0,"enemies":"Snake Plant","floor":22.0,"turns":3.0},{"damage":37.0,"enemies":"Gremlin Leader","floor":27.0,"turns":5.0},{"damage":6.0,"enemies":"Slavers","floor":29.0,"turns":1.0},{"damage":20.0,"enemies":"Automaton","floor":33.0,"turns":5.0},{"damage":34.0,"enemies":"3 Shapes","floor":35.0,"turns":7.0},{"damage":3.0,"enemies":"3 Darklings","floor":36.0,"turns":3.0},{"damage":35.0,"enemies":"Sphere and 2 Shapes","floor":38.0,"turns":4.0},{"damage":49.0,"enemies":"2 Orb Walkers","floor":39.0,"turns":7.0},{"damage":19.0,"enemies":"Reptomancer","floor":41.0,"turns":3.0},{"damage":14,"enemies":"Writhing Mass","floor":47,"turns":3},{"damage":9,"enemies":"Giant Head","floor":48,"turns":3},{"damage":47,"enemies":"Time Eater","floor":50,"turns":9},{"damage":85,"enemies":"Awakened One","floor":51,"turns":9},{"damage":62,"enemies":"Shield and Spear","floor":55,"turns":6},{"damage":61,"enemies":"The Heart","floor":56,"turns":8}],"seed_played":"-8625756849874959393","potions_obtained":[{"floor":1.0,"key":"LiquidBronze"},{"floor":13.0,"key":"DistilledChaos"},{"floor":16.0,"key":"Strength Potion"},{"floor":27.0,"key":"CultistPotion"},{"floor":29.0,"key":"Explosive Potion"},{"floor":33.0,"key":"BlessingOfTheForge"}],"is_trial":false,"path_per_floor":["M","?","?","?","?","R","E","M","T","?","M","R","E","M","R","B",null,"M","?","?","M","M","R","?","R","T","E","?","E","R","$","R","B",null,"M","M","T","M","?","R","E","R","T","R","?","R","M","E","R","B","B",null,"R","$","E","B",null],"character_chosen":"IRONCLAD","items_purchased":["Metallicize","Kunai","Evolve","Exhume"],"campfire_rested":3,"item_purchase_floors":[31,54,54,54],"current_hp_per_floor":[68,61,50,67,67,67,30,32,32,49,55,55,41,47,47,38,61,68,82,82,44,36,60,60,82,82,51,51,51,75,75,75,61,77,82,82,82,64,67,67,82,82,82,82,82,82,75,82,82,82,48,74,74,74,73,82],"gold":126,"neow_bonus":"TRANSFORM_TWO_CARDS","is_daily":false,"chose_seed":false,"campfire_upgraded":9,"win_rate":0.0,"timestamp":1612300156,"path_taken":["M","?","?","?","?","R","E","?","T","?","M","R","E","M","R","BOSS","M","?","?","M","M","R","?","R","T","E","?","E","R","$","R","BOSS","M","M","?","M","?","R","E","R","T","R","?","R","?","E","R","BOSS","BOSS","R","$","E","BOSS"],"items_purchased_type":["Card","Relic","Card","Card"],"build_version":"2020-12-22","purchased_purges":1,"victory":true,"max_hp_per_floor":[68,68,68,68,68,68,68,68,68,68,68,68,68,68,68,68,68,68,82,82,82,82,82,82,82,82,82,82,82,82,82,82,82,82,82,82,82,82,82,82,82,82,82,82,82,82,82,82,82,82,82,82,82,82,82,82],"card_choices":[{"not_picked":["Evolve","Body Slam"],"picked":"Uppercut","floor":1.0},{"not_picked":["Perfected Strike","Havoc"],"picked":"Shockwave","floor":7.0},{"not_picked":["Sword Boomerang","Clash","Burning Pact"],"picked":"SKIP","floor":8.0},{"not_picked":["Shockwave","Entrench"],"picked":"Sword Boomerang","floor":11.0},{"not_picked":["Perfected Strike","Thunderclap","Burning Pact"],"picked":"SKIP","floor":13.0},{"not_picked":["Flame Barrier","True Grit"],"picked":"Reaper","floor":14.0},{"not_picked":["Barricade","Brutality"],"picked":"Demon Form","floor":16.0},{"not_picked":["Burning Pact","Havoc"],"picked":"True Grit","floor":18.0},{"not_picked":["Wild Strike","Thunderclap"],"picked":"Pummel","floor":21.0},{"not_picked":["Dual Wield","Thunderclap","Infernal Blade"],"picked":"SKIP","floor":22.0},{"not_picked":["Feel No Pain+1","Infernal Blade+1"],"picked":"Seeing Red+1","floor":27.0},{"not_picked":["Headbutt","Iron Wave","Entrench+1"],"picked":"SKIP","floor":29.0},{"not_picked":["Double Tap","Corruption"],"picked":"Reaper","floor":33.0},{"not_picked":["Burning Pact+1","Perfected Strike","Dual Wield"],"picked":"SKIP","floor":35.0},{"not_picked":["Bloodletting","Heavy Blade","Hemokinesis"],"picked":"SKIP","floor":36.0},{"not_picked":["Blood for Blood+1","Dropkick","Thunderclap"],"picked":"SKIP","floor":38.0},{"not_picked":["Shockwave","Exhume","Iron Wave+1"],"picked":"SKIP","floor":41.0},{"not_picked":["Body Slam","Pommel Strike","Power Through+1"],"picked":"SKIP","floor":47},{"not_picked":["Clash+1","Sword Boomerang+1","Hemokinesis"],"picked":"SKIP","floor":48},{"not_picked":["Heavy Blade+1","Clothesline+1"],"picked":"Feel No Pain","floor":55}],"player_experience":5385312,"relics_obtained":[{"floor":7.0,"key":"Du-Vu Doll"},{"floor":9.0,"key":"InkBottle"},{"floor":13.0,"key":"Bag of Preparation"},{"floor":26.0,"key":"Art of War"},{"floor":27.0,"key":"Darkstone Periapt"},{"floor":29.0,"key":"Self Forming Clay"},{"floor":39.0,"key":"Dead Branch"},{"floor":41.0,"key":"Paper Frog"},{"floor":43.0,"key":"Blue Candle"},{"floor":48,"key":"Anchor"},{"floor":55,"key":"Happy Flower"}],"event_choices":[{"cards_removed":["Strike_R"],"damage_healed":0.0,"max_hp_gain":0.0,"max_hp_loss":0.0,"gold_gain":0.0,"event_name":"Golden Wing","player_choice":"Card Removal","floor":2.0,"gold_loss":0.0,"damage_taken":7.0},{"damage_healed":0.0,"max_hp_gain":0.0,"max_hp_loss":0.0,"gold_gain":0.0,"event_name":"betterThird:BetterGoop","player_choice":"Slimed","floor":3.0,"gold_loss":59.0,"damage_taken":11.0},{"damage_healed":17.0,"max_hp_gain":0.0,"max_hp_loss":0.0,"gold_gain":0.0,"event_name":"The Cleric","player_choice":"Healed","floor":4.0,"gold_loss":35.0,"damage_taken":0.0},{"damage_healed":0.0,"max_hp_gain":0.0,"max_hp_loss":0.0,"gold_gain":0.0,"event_name":"Match and Keep!","player_choice":"1 cards matched","floor":5.0,"gold_loss":0.0,"damage_taken":0.0,"cards_obtained":["Shrug It Off"]},{"damage_healed":17.0,"max_hp_gain":0.0,"max_hp_loss":0.0,"gold_gain":0.0,"event_name":"Mushrooms","player_choice":"Healed and dodged fight","floor":10.0,"gold_loss":0.0,"damage_taken":0.0,"cards_obtained":["Parasite"]},{"damage_healed":0.0,"max_hp_gain":0.0,"max_hp_loss":0.0,"gold_gain":0.0,"event_name":"Addict","player_choice":"Stole Relic","floor":19.0,"gold_loss":0.0,"damage_taken":0.0,"relics_obtained":["Mango"],"cards_obtained":["Shame"]},{"damage_healed":0.0,"max_hp_gain":0.0,"max_hp_loss":0.0,"gold_gain":0.0,"event_name":"Drug Dealer","player_choice":"Obtain J.A.X.","floor":20.0,"gold_loss":0.0,"damage_taken":0.0,"cards_obtained":["J.A.X."]},{"damage_healed":0.0,"max_hp_gain":0.0,"max_hp_loss":0.0,"gold_gain":0.0,"event_name":"betterThird:BetterWriting","player_choice":"Insight","floor":24.0,"gold_loss":0.0,"damage_taken":0.0,"cards_obtained":["Insight"]},{"damage_healed":0.0,"max_hp_gain":0.0,"max_hp_loss":0.0,"gold_gain":0.0,"event_name":"Duplicator","player_choice":"Copied","floor":28.0,"gold_loss":0.0,"damage_taken":0.0,"cards_obtained":["Reaper"]},{"damage_healed":0.0,"max_hp_gain":0.0,"max_hp_loss":0.0,"gold_gain":0.0,"event_name":"Mysterious Sphere","player_choice":"Fight","floor":39.0,"gold_loss":0.0,"damage_taken":0.0},{"damage_healed":0.0,"max_hp_gain":0.0,"max_hp_loss":0.0,"gold_gain":0.0,"event_name":"Tomb of Lord Red Mask","player_choice":"Ignored","floor":45.0,"gold_loss":0.0,"damage_taken":0.0}],"is_beta":false,"boss_relics":[{"not_picked":["Runic Pyramid","Pandora\u0027s Box"],"picked":"Astrolabe"},{"not_picked":["Black Blood","Velvet Choker"],"picked":"Sozu"}],"items_purged_floors":[54],"is_endless":false,"potions_floor_spawned":[1,13,16,27,29,33,39,41,55],"ascension_level":20}}