{"host":"nyffms3wv8okr3l3","time":1612292935,"event":{"mods":["Astrologer","Bard","BaseMod","Beaked The Cultist","Bestiary","BetterRewards","Colored Powertips","Downfall","Fiend Mod","Gremlin Mod","Hermit","Hubris","Hunter ??","Infinite Spire","Marisa????????","Minty Spire (QoL Compilation)","Replay The Spire","SOS???????","StSLib","Synergy Search","The Forsaken"],"gold_per_floor":[109,125,10,10,10,10,37,37,60,60,78,78,96,96,96,96,96],"floor_reached":16,"language":"ENG","playtime":574,"items_purged":[],"score":98,"play_id":"ba32888f-8a5b-4bd8-a29d-3a0b6e64ea48","local_time":"20210202170855","is_ascension_mode":false,"campfire_choices":[{"floor":6,"key":"REST"},{"floor":8,"key":"REST"},{"data":"Carnage","floor":12,"key":"SMITH"},{"floor":15,"key":"REST"}],"circlet_count":0,"master_deck":["Strike_R","Strike_R","Strike_R","Strike_R+1","Strike_R+1","Defend_R","Defend_R","Defend_R","Defend_R","Bash","Inflame+1","Flex+1","Uppercut","Carnage+1","Juggernaut","Flex","Rampage"],"relics":["Burning Blood","Boot","Gremlin Food","Kunai","MealTicket"],"acts_visited":["Exordium"],"potions_floor_usage":[16],"damage_taken":[{"damage":5,"enemies":"Cultist","floor":1,"turns":4},{"damage":14,"enemies":"2 Louse","floor":2,"turns":3},{"damage":22,"enemies":"Gremlin Nob","floor":7,"turns":4},{"damage":11,"enemies":"Jaw Worm","floor":11,"turns":2},{"damage":9,"enemies":"2 Fungi Beasts","floor":13,"turns":2},{"damage":95,"enemies":"Fading Forest","floor":16,"turns":9}],"seed_played":"5763484416897018617","potions_obtained":[{"floor":13,"key":"ColorlessPotion"}],"is_trial":false,"path_per_floor":["M","M","$","?","$","R","E","R","T","$","M","R","M","?","R","B"],"character_chosen":"IRONCLAD","items_purchased":["Uppercut","Carnage"],"campfire_rested":3,"item_purchase_floors":[3,3],"current_hp_per_floor":[80,72,72,65,65,80,64,80,80,80,75,75,72,72,80,0,0],"gold":96,"neow_bonus":"RANDOM_COMMON_RELIC","is_daily":false,"chose_seed":false,"campfire_upgraded":1,"win_rate":0.0,"timestamp":1612292935,"path_taken":["M","M","?","?","$","R","E","R","T","?","?","R","M","?","R","BOSS"],"items_purchased_type":["Card","Card"],"build_version":"2020-12-22","purchased_purges":0,"victory":false,"max_hp_per_floor":[80,80,80,80,80,80,80,80,80,80,80,80,80,80,80,80,80],"card_choices":[{"not_picked":["Pommel Strike","Sever Soul"],"picked":"Inflame","floor":1},{"not_picked":["Dark Embrace","Battle Trance"],"picked":"Flex","floor":2},{"not_picked":["Run Through","Feel No Pain"],"picked":"Juggernaut","floor":7},{"not_picked":["ReplayTheSpireMod:Stacked","ReplayTheSpireMod:Strike From Hell"],"picked":"Flex","floor":11},{"not_picked":["True Grit","Defy Death"],"picked":"Rampage","floor":13}],"player_experience":63723,"relics_obtained":[{"floor":7,"key":"Kunai"},{"floor":9,"key":"MealTicket"}],"event_choices":[{"damage_healed":0,"gold_gain":0,"player_choice":"Success","damage_taken":7,"relics_obtained":["Gremlin Food"],"max_hp_gain":0,"max_hp_loss":0,"event_name":"Scrap Ooze","floor":4,"gold_loss":0},{"damage_healed":0,"gold_gain":0,"player_choice":"Forge","damage_taken":0,"max_hp_gain":0,"max_hp_loss":0,"event_name":"Accursed Blacksmith","floor":14,"gold_loss":0,"cards_upgraded":["Flex"]}],"is_beta":false,"boss_relics":[],"items_purged_floors":[],"is_endless":false,"potions_floor_spawned":[13],"killed_by":"Fading Forest","ascension_level":0}}