{"host":"6drv1qzpbnls60z2","time":1612271952,"event":{"mods":["ATMod(°¢èªMod)","Act Like it!","Arknights","BaseMod","Hallownest","Minty Spire (QoL Compilation)","Replay The Spire","Shop Mod","Spicy Shops","StSLib","Uncapped","¡¾ÒÅÎï¿¨ÅÆ¡¿REMEMod","óô»ðÖ¸ÄÏ"],"gold_per_floor":[110,127,127,145,45,73,73,90,90,90,90,90,125,175,3,3,3],"floor_reached":16,"language":"ZHS","playtime":728,"items_purged":[],"score":316,"play_id":"b8466f0a-71da-4285-b966-691c8b77cacc","local_time":"20210202211912","daily_mods":["SealedDeck","Flight"],"is_ascension_mode":true,"campfire_choices":[{"data":"AT_ThistleTea","floor":7,"key":"SMITH"},{"floor":11,"key":"REST"},{"data":"ats:Serious Mode","floor":12,"key":"SMITH"}],"circlet_count":0,"master_deck":["AscendersBane","AT_ThistleTea+1","AT_EssenceShift","ats:Serious Mode+1","ats:Very Hot Blade","ats:Ignite","ats:Ignite","ats:Sword Rain","ats:Very Hot Blade","ats:Revitalization","ats:Apocalypse","ats:Counter Healing Mode","ats:Composite Medical Shells+1","ats:Shell Defense","ats:Part Time Job","ats:Closed Bolt Burst Fire","ats:Very Hot Blade","ats:Thorns","ats:Shadow Assault+1","ats:Closed Bolt Burst Fire","ats:Mental Burst"],"relics":["ats:Sanity","AT_ATBox","REME_ComplimentaryCards","ats:Originium","Golden Egg","ats:Industrial Water Cannon","AT_Manta","ats:Cure"],"acts_visited":["Exordium"],"potions_floor_usage":[1,16],"damage_taken":[{"damage":20,"enemies":"2 Louse","floor":1,"turns":3},{"damage":19,"enemies":"Jaw Worm","floor":2,"turns":3},{"damage":6,"enemies":"Cultist","floor":4,"turns":3},{"damage":36,"enemies":"3 Sentries","floor":6,"turns":4},{"damage":18,"enemies":"Large Slime","floor":8,"turns":3},{"damage":32,"enemies":"Lagavulin","floor":13,"turns":5},{"damage":17,"enemies":"Fading Forest","floor":16,"turns":4}],"seed_played":"-4630263412364894486","potions_obtained":[{"floor":1,"key":"REME_GoldPotion"},{"floor":13,"key":"ats:Top Emergency Sanity Potion"}],"is_trial":true,"path_per_floor":["M","M","?","M","$","E","R","M","T","$","R","R","E","?","R","B"],"character_chosen":"DOCTOR_CLASS","items_purchased":["ats:Very Hot Blade","ats:Thorns","ats:Cure"],"campfire_rested":1,"item_purchase_floors":[5,5,15],"current_hp_per_floor":[49,37,37,37,37,19,19,8,8,8,29,29,6,6,6,0,0],"gold":3,"neow_bonus":"","is_daily":false,"chose_seed":false,"campfire_upgraded":2,"win_rate":0.0,"timestamp":1612271952,"path_taken":["M","M","?","M","$","E","R","M","T","$","R","R","E","?","R","BOSS"],"items_purchased_type":["Card","Card","Relic"],"build_version":"2020-12-22","purchased_purges":0,"victory":false,"max_hp_per_floor":[72,72,72,72,72,72,72,72,72,72,72,72,72,72,72,72,72],"card_choices":[{"not_picked":["ats:Demon Strength","ats:Poison Spread"],"picked":"ats:Shell Defense","floor":1},{"not_picked":["ats:Poison Spread","ats:Closed Bolt Burst Fire"],"picked":"ats:Part Time Job","floor":2},{"not_picked":["ats:Shell Defense","ats:Defend Order"],"picked":"ats:Closed Bolt Burst Fire","floor":4},{"not_picked":["ats:Poison Spread","ats:Composite Medical Shells"],"picked":"ats:Shadow Assault","floor":6},{"not_picked":["ats:Demon Strength","ats:Shell Defense"],"picked":"ats:Closed Bolt Burst Fire","floor":8},{"not_picked":["ats:Very Hot Blade","ats:Leaping Hammer"],"picked":"ats:Mental Burst","floor":13}],"player_experience":154487,"relics_obtained":[{"floor":6,"key":"ats:Originium"},{"floor":6,"key":"Golden Egg"},{"floor":9,"key":"ats:Industrial Water Cannon"},{"floor":13,"key":"ats:Originium"},{"floor":13,"key":"AT_Manta"}],"event_choices":[{"damage_healed":0,"gold_gain":0,"player_choice":"Grow","damage_taken":0,"max_hp_gain":0,"max_hp_loss":0,"event_name":"Living Wall","floor":3,"gold_loss":0,"cards_upgraded":["ats:Composite Medical Shells"]},{"damage_healed":0,"gold_gain":50,"player_choice":"Pray","damage_taken":0,"max_hp_gain":0,"max_hp_loss":0,"event_name":"Golden Shrine","floor":14,"gold_loss":0}],"is_beta":false,"boss_relics":[],"items_purged_floors":[],"is_endless":true,"potions_floor_spawned":[1,13],"killed_by":"Fading Forest","ascension_level":20}}