{"host":"sum4dy402bbv9y4o","time":1612300200,"event":{"mods":["Aspiration","BaseMod","Conspire","Highlight Path","Minty Spire (QoL Compilation)","StSLib"],"gold_per_floor":[114,138,156,175,6,6,39,54,54,54,54],"floor_reached":10,"language":"ENG","playtime":303,"items_purged":[],"score":136,"play_id":"0154bc9b-8fee-4713-bfab-8933137c57f1","local_time":"20210203001000","is_ascension_mode":true,"campfire_choices":[{"data":"Eruption","floor":6,"key":"SMITH"}],"circlet_count":0,"master_deck":["AscendersBane","Strike_P","Strike_P","Strike_P","Strike_P","Defend_P","Defend_P","Defend_P","Defend_P","Eruption+1","Vigilance","Adaptation","SashWhip","Evaluate","MentalFortress","Halt","FlyingSleeves","FlyingSleeves","Consecrate"],"relics":["PureWater","aspiration:Nostalgia","Burning Blood","Bag of Preparation","Blue Candle","Molten Egg 2"],"acts_visited":["Exordium"],"potions_floor_usage":[7,7,10],"damage_taken":[{"damage":0,"enemies":"Cultist","floor":1,"turns":2},{"damage":0,"enemies":"2 Louse","floor":3,"turns":4},{"damage":0,"enemies":"Jaw Worm","floor":4,"turns":3},{"damage":8,"enemies":"3 Sentries","floor":7,"turns":5},{"damage":12,"enemies":"Exordium Thugs","floor":8,"turns":5},{"damage":70,"enemies":"Lagavulin","floor":10,"turns":4}],"seed_played":"9014877975571557150","potions_obtained":[{"floor":3,"key":"Block Potion"},{"floor":4,"key":"DuplicationPotion"},{"floor":8,"key":"Swift Potion"}],"is_trial":false,"path_per_floor":["M","T","M","M","$","R","E","M","T","E"],"character_chosen":"WATCHER","items_purchased":["MentalFortress","Halt","FlyingSleeves"],"campfire_rested":0,"item_purchase_floors":[5,5,5],"current_hp_per_floor":[67,67,68,68,68,68,66,60,60,0,0],"gold":54,"neow_bonus":"NOSTALGIA","is_daily":false,"chose_seed":false,"campfire_upgraded":1,"win_rate":0.0,"timestamp":1612300200,"path_taken":["M","?","M","M","$","R","E","M","T","E"],"items_purchased_type":["Card","Card","Card"],"build_version":"2020-12-22","purchased_purges":0,"victory":false,"max_hp_per_floor":[68,68,68,68,68,68,68,68,68,68,68],"card_choices":[{"not_picked":["ThirdEye","PathToVictory"],"picked":"Adaptation","floor":1},{"not_picked":["Indignation","BattleHymn"],"picked":"SashWhip","floor":3},{"not_picked":["Swivel","WreathOfFlame"],"picked":"Evaluate","floor":4},{"not_picked":["Swivel","Blasphemy"],"picked":"FlyingSleeves","floor":7},{"not_picked":["EmptyBody","SashWhip"],"picked":"Consecrate","floor":8}],"player_experience":3036598,"relics_obtained":[{"floor":2,"key":"Bag of Preparation"},{"floor":7,"key":"Blue Candle"},{"floor":9,"key":"Molten Egg 2"}],"event_choices":[],"is_beta":false,"boss_relics":[],"items_purged_floors":[],"is_endless":false,"potions_floor_spawned":[3,4,8],"killed_by":"Lagavulin","ascension_level":20}}