{"host":"ewqldq2sdiy6ytim","time":1612265798,"event":{"mods":["BaseMod","Colored Map","Downfall","Hermit","Hubris","Minty Spire (QoL Compilation)","StSLib","The Animator","The Construct","The Cursed","The Jungle","The Runesmith","The Servant 0.9.4"],"gold_per_floor":[368,385,399,101,113,144,162,162,162,162,175,175,258,276,276,281,281],"floor_reached":16,"language":"ENG","playtime":921,"items_purged":[],"score":104,"play_id":"10a47dfa-0fb3-4bd1-892a-b018d84b3b84","local_time":"20210202033638","is_ascension_mode":false,"campfire_choices":[{"floor":10,"key":"REST"},{"floor":15,"key":"REST"}],"circlet_count":0,"master_deck":["hermit:Strike_Hermit","hermit:Strike_Hermit","hermit:Strike_Hermit","hermit:Strike_Hermit","hermit:Defend_Hermit","hermit:Defend_Hermit","hermit:Defend_Hermit","hermit:Defend_Hermit","hermit:Snapshot","hermit:Covet","hermit:CursedWeapon","hermit:Maintenance","hermit:Horror","hermit:Virtue","hermit:Brawl","hermit:Roughhouse","hermit:Scavenge","Injury","hermit:Malice","hermit:Shortfuse"],"relics":["hermit:Momento","Runesmith:Nanobots","Akabeko","Juzu Bracelet","Golden Idol","hubris:MysteriousPyramids"],"acts_visited":["Exordium"],"potions_floor_usage":[11,13,14],"damage_taken":[{"damage":1,"enemies":"Cultist","floor":1,"turns":3},{"damage":5,"enemies":"Jaw Worm","floor":2,"turns":3},{"damage":2,"enemies":"2 Louse","floor":3,"turns":2},{"damage":6,"enemies":"Exordium Wildlife","floor":5,"turns":3},{"damage":38,"enemies":"Gremlin Nob","floor":6,"turns":5},{"damage":0,"enemies":"Blue Slaver","floor":7,"turns":2},{"damage":10,"enemies":"Red Slaver","floor":11,"turns":3},{"damage":11,"enemies":"Lagavulin Event","floor":13,"turns":5},{"damage":0,"enemies":"2 Fungi Beasts","floor":14,"turns":2},{"damage":30,"enemies":"Hexaghost","floor":16,"turns":7}],"seed_played":"-5694489488588227417","potions_obtained":[{"floor":3,"key":"construct:ShiftPotion"},{"floor":6,"key":"construct:ShiftPotion"},{"floor":7,"key":"Explosive Potion"},{"floor":14,"key":"Explosive Potion"}],"is_trial":false,"path_per_floor":["M","M","M","$","M","E","M","?","T","R","M","?","?","M","R","B"],"character_chosen":"HERMIT","items_purchased":["Runesmith:Nanobots","hermit:Virtue"],"campfire_rested":2,"item_purchase_floors":[4,4],"current_hp_per_floor":[53,48,46,46,40,2,2,2,2,24,14,14,3,3,25,0,0],"gold":281,"neow_bonus":"TWO_FIFTY_GOLD","is_daily":false,"chose_seed":false,"campfire_upgraded":0,"win_rate":0.0,"timestamp":1612265798,"path_taken":["M","?","M","$","?","E","M","?","T","R","M","?","?","M","R","BOSS"],"items_purchased_type":["Relic","Card"],"build_version":"2020-12-22","purchased_purges":0,"victory":false,"max_hp_per_floor":[75,75,75,75,75,75,75,75,75,75,75,75,75,75,75,75,75],"card_choices":[{"not_picked":["hermit:Glare","hermit:Snipe"],"picked":"hermit:CursedWeapon","floor":1},{"not_picked":["hermit:Manifest","hermit:Glare"],"picked":"hermit:Maintenance","floor":2},{"not_picked":["hermit:Midnight","hermit:DeadMansHand"],"picked":"hermit:Horror","floor":3},{"not_picked":["hermit:Manifest","hermit:WideOpen","hermit:TrackingShot"],"picked":"SKIP","floor":5},{"not_picked":["hermit:Manifest","hermit:Malice"],"picked":"hermit:Brawl","floor":6},{"not_picked":["hermit:Horror","hermit:SprayPray"],"picked":"hermit:Roughhouse","floor":7},{"not_picked":["hermit:HighCaliber","hermit:Misfire"],"picked":"hermit:Scavenge","floor":11},{"not_picked":["hermit:HighCaliber","hermit:Ricochet"],"picked":"hermit:Malice","floor":13},{"not_picked":["hermit:Feint","hermit:LowProfile"],"picked":"hermit:Shortfuse","floor":14}],"player_experience":978095,"relics_obtained":[{"floor":6,"key":"Akabeko"},{"floor":9,"key":"Juzu Bracelet"},{"floor":13,"key":"hubris:MysteriousPyramids"}],"event_choices":[{"damage_healed":0,"gold_gain":0,"player_choice":"Fled","damage_taken":0,"max_hp_gain":0,"max_hp_loss":0,"event_name":"Scrap Ooze","floor":8,"gold_loss":0},{"damage_healed":0,"gold_gain":0,"player_choice":"Take Wound","damage_taken":0,"relics_obtained":["Golden Idol"],"max_hp_gain":0,"max_hp_loss":0,"event_name":"Golden Idol","floor":12,"gold_loss":0,"cards_obtained":["Injury"]},{"damage_healed":0,"gold_gain":0,"player_choice":"Searched \u00271\u0027 times","damage_taken":0,"max_hp_gain":0,"max_hp_loss":0,"event_name":"Dead Adventurer","floor":13,"gold_loss":0}],"is_beta":false,"boss_relics":[],"items_purged_floors":[],"is_endless":false,"potions_floor_spawned":[3,6,7,14],"killed_by":"Hexaghost","ascension_level":0}}