{"host":"5v9rfzf5qju8k9wy","time":1612235259,"event":{"mods":["Act Like it!","Arknights","BaseMod","Gensokyo","Marisa£®ÏF”Í°°ƒß¿Ì…≥£©","Minty Spire (QoL Compilation)","Reimu£®≤©¿ˆ¡È√Œ£©","Remilia£®¿Ÿ√◊¿Ú—«£©","Replay The Spire","StSLib","The Administrix","Youmu£®ªÍ∆«—˝√Œ£©"],"gold_per_floor":[114,129,144,144,144,144,174,174,174,189,204,204,54,84,84,84,84],"floor_reached":16,"language":"ZHS","playtime":636,"items_purged":["Strike_G"],"score":110,"play_id":"713022af-0958-4dd4-b26a-ccc66f51afa0","local_time":"20210202110739","daily_mods":["Chimera","Blue Cards","Binary"],"is_ascension_mode":false,"campfire_choices":[{"data":"Eruption","floor":6,"key":"SMITH"},{"data":"True Grit","floor":8,"key":"SMITH"},{"data":"Coolheaded","floor":15,"key":"SMITH"}],"circlet_count":0,"master_deck":["Bash","Survivor","Zap","Eruption+1","Strike_R","Defend_R","Defend_G","Defend_P","ReplayTheSpireMod:Strike From Hell","Clash","True Grit+1","Fire Breathing","Coolheaded+1","Storm"],"relics":["Burning Blood","Mirror","Mummified Hand","Garlic","Replay:Multitool","Pen Nib"],"acts_visited":["Exordium"],"potions_floor_usage":[14,16],"damage_taken":[{"damage":1,"enemies":"Cultist","floor":1,"turns":3},{"damage":14,"enemies":"Small Slimes","floor":2,"turns":3},{"damage":2,"enemies":"2 Louse","floor":3,"turns":3},{"damage":31,"enemies":"Lagavulin","floor":7,"turns":5},{"damage":7,"enemies":"Blue Slaver","floor":10,"turns":3},{"damage":9,"enemies":"Looter","floor":11,"turns":3},{"damage":2,"enemies":"3 Sentries","floor":14,"turns":6},{"damage":49,"enemies":"Hexaghost","floor":16,"turns":9}],"seed_played":"-9070903199233054170","potions_obtained":[{"floor":1,"key":"Languid Potion"},{"floor":3,"key":"GrandPatriotsElixir:ReiMu"},{"floor":10,"key":"Toxic Potion"},{"floor":14,"key":"Strength Potion"}],"is_trial":false,"path_per_floor":["M","M","M","?","?","R","E","R","T","M","M","T","$","E","R","B"],"character_chosen":"IRONCLAD","items_purchased":["Storm"],"campfire_rested":0,"item_purchase_floors":[13],"current_hp_per_floor":[80,72,76,76,69,69,44,44,44,43,40,40,40,44,44,0,0],"gold":84,"neow_bonus":"","is_daily":true,"chose_seed":false,"campfire_upgraded":3,"win_rate":0.0,"timestamp":1612235259,"path_taken":["M","M","?","?","?","R","E","R","T","M","M","?","?","E","R","BOSS"],"items_purchased_type":["Card"],"build_version":"2020-12-22","purchased_purges":1,"victory":false,"max_hp_per_floor":[80,80,80,80,80,80,80,80,80,80,80,80,80,80,80,80,80],"card_choices":[{"not_picked":["Disarm"],"picked":"ReplayTheSpireMod:Strike From Hell","floor":1},{"not_picked":["Havoc"],"picked":"Clash","floor":2},{"not_picked":["Barrage","Thunderclap"],"picked":"SKIP","floor":3},{"not_picked":["Blizzard"],"picked":"True Grit","floor":7},{"not_picked":["Shrug It Off"],"picked":"Fire Breathing","floor":10},{"not_picked":["Recycle"],"picked":"Coolheaded","floor":11},{"not_picked":["Thunder Strike","Iron Wave"],"picked":"SKIP","floor":14}],"player_experience":123294,"relics_obtained":[{"floor":7,"key":"Mummified Hand"},{"floor":9,"key":"Garlic"},{"floor":12,"key":"Replay:Multitool"},{"floor":14,"key":"Pen Nib"}],"event_choices":[{"damage_healed":0,"gold_gain":0,"player_choice":"Success","damage_taken":7,"relics_obtained":["Mirror"],"max_hp_gain":0,"max_hp_loss":0,"event_name":"Scrap Ooze","floor":5,"gold_loss":0}],"is_beta":false,"boss_relics":[],"items_purged_floors":[13],"is_endless":false,"potions_floor_spawned":[1,3,10,14],"killed_by":"Hexaghost","ascension_level":0}}