{"host":"DrTrollPool","time":1612259569,"event":{"mods":["2.2 Compatiblity","BaseMod","BetterRewards","Colored Map","DeckTracker","Downfall","Googly Eyes","Hermit","HexUI Lib","Highlight Path","Hubris","Infinite Spire","Minty Spire (QoL Compilation)","Potionbrewer","Replay The Spire","StSLib","SuperFastMode","The Construct","The Cursed","The Disciple","The Hierophant","The Jungle","The Necromancer","The Runesmith","The Servant 0.9.4"],"gold_per_floor":[110,129,129,129,87,87,125,148,148,179,199,199,199,239,239,239,239],"floor_reached":16,"language":"ENG","playtime":1040,"items_purged":[],"score":118,"play_id":"997b33cd-656b-4eef-85a4-adb378c015a3","local_time":"20210202105249","is_ascension_mode":false,"campfire_choices":[{"data":"hermit:GoldenBullet","floor":6,"key":"SMITH"},{"floor":13,"key":"REST"},{"floor":15,"key":"REST"}],"circlet_count":0,"master_deck":["hermit:Strike_Hermit","hermit:Strike_Hermit","hermit:Strike_Hermit","hermit:Strike_Hermit","hermit:Defend_Hermit","hermit:Defend_Hermit","hermit:Defend_Hermit","hermit:Defend_Hermit","hermit:Snapshot","hermit:Covet","hermit:Determination","hermit:GoldenBullet+1","Injury","hermit:HighNoon","hermit:TakeCover","hermit:Adapt"],"relics":["hexamod:SpiritBrand","Golden Idol","infinitespire:Cubic Diamond","ReplayTheSpireMod:Lightbulb","hubris:Zylophone","Anchor","hubris:BottledRain"],"acts_visited":["Exordium"],"potions_floor_usage":[16],"damage_taken":[{"damage":0,"enemies":"Cultist","floor":1,"turns":3},{"damage":8,"enemies":"Jaw Worm","floor":2,"turns":4},{"damage":16,"enemies":"Replay:BlueRogue","floor":7,"turns":7},{"damage":15,"enemies":"2 Louse","floor":8,"turns":4},{"damage":27,"enemies":"3 Sentries","floor":10,"turns":10},{"damage":7,"enemies":"Exordium Thugs","floor":11,"turns":6},{"damage":2,"enemies":"Replay:BlueRogue","floor":14,"turns":6},{"damage":46,"enemies":"Fading Forest","floor":16,"turns":7}],"seed_played":"-1514118481655461631","potions_obtained":[{"floor":2,"key":"potionbrewer:AcidPotion"},{"floor":10,"key":"Dexterity Potion"},{"floor":11,"key":"hexamod:SoulburnPotion"},{"floor":14,"key":"Explosive Potion"}],"is_trial":false,"path_per_floor":["M","M","?","?","?","R","E","M","T","E","M","$","R","E","R","B"],"character_chosen":"HERMIT","items_purchased":["hermit:Determination"],"campfire_rested":2,"item_purchase_floors":[0],"current_hp_per_floor":[75,67,67,67,67,67,51,36,36,9,2,2,24,22,44,0,0],"gold":239,"neow_bonus":"","is_daily":false,"chose_seed":false,"campfire_upgraded":1,"win_rate":0.0,"timestamp":1612259569,"path_taken":["M","M","?","?","?","R","E","M","T","E","?","?","R","E","R","BOSS"],"items_purchased_type":["Card"],"build_version":"2020-12-18","purchased_purges":0,"victory":false,"max_hp_per_floor":[75,75,75,75,75,75,75,75,75,75,75,75,75,75,75,75,75],"card_choices":[{"not_picked":["hermit:Headshot","hermit:Maintenance","hermit:LowProfile"],"picked":"SKIP","floor":1},{"not_picked":["hermit:Misfire","hermit:TrackingShot"],"picked":"hermit:GoldenBullet","floor":2},{"not_picked":["hermit:LowProfile","hermit:RoundhouseKick"],"picked":"hermit:HighNoon","floor":7},{"not_picked":["hermit:Midnight","hermit:HighCaliber"],"picked":"hermit:TakeCover","floor":8},{"not_picked":["hermit:GhostlyPresence","hermit:Coalescence","hermit:CalledShot"],"picked":"SKIP","floor":10},{"not_picked":["hermit:Deadeye","hermit:Maintenance","hermit:ShadowCloak"],"picked":"SKIP","floor":11},{"not_picked":["hermit:Manifest","hermit:Malice"],"picked":"hermit:Adapt","floor":14}],"player_experience":123502,"relics_obtained":[{"floor":7,"key":"ReplayTheSpireMod:Lightbulb"},{"floor":9,"key":"hubris:Zylophone"},{"floor":10,"key":"Anchor"},{"floor":14,"key":"hubris:BottledRain"}],"event_choices":[{"damage_healed":0,"gold_gain":0,"player_choice":"Take Wound","damage_taken":0,"relics_obtained":["Golden Idol"],"max_hp_gain":0,"max_hp_loss":0,"event_name":"Golden Idol","floor":3,"gold_loss":0,"cards_obtained":["Injury"]},{"damage_healed":0,"gold_gain":0,"player_choice":"Left Gold","damage_taken":0,"max_hp_gain":0,"max_hp_loss":0,"event_name":"World of Goop","floor":5,"gold_loss":42}],"is_beta":true,"boss_relics":[],"items_purged_floors":[],"is_endless":false,"potions_floor_spawned":[2,10,11,14],"killed_by":"Fading Forest","ascension_level":0}}