{"host":"jumrmhf584hajrnz","time":1612261812,"event":{"mods":["BaseMod","Duelist Mod","GifTheSpireLib","Minty Spire (QoL Compilation)","Quick Restart","StSLib"],"gold_per_floor":[135,210,210,222,233,233,264,264,264,276,276,9,33,33,33,124,124,124,124,124,124,124,124,124,124,124],"floor_reached":25,"language":"ENG","playtime":1213,"items_purged":[],"score":406,"play_id":"0b3c0600-7a43-4b53-91fd-aa4d37ca04ac","local_time":"20210202113012","is_ascension_mode":true,"campfire_choices":[{"floor":6,"key":"RECALL"},{"floor":8,"key":"REST"},{"floor":15,"key":"REST"},{"floor":23,"key":"REST"}],"circlet_count":0,"master_deck":["AscendersBane","theDuelist:BabyDragon","theDuelist:CastleWalls","theDuelist:CastleWalls","theDuelist:CaveDragon","theDuelist:CaveDragon","theDuelist:LesserDragon","theDuelist:LesserDragon","theDuelist:Sparks","theDuelist:Sparks","theDuelist:YamataDragon","theDuelist:SmashingGround","theDuelist:GravityLash","theDuelist:CoralDragon","theDuelist:WhiteNightDragon","theDuelist:MirageDragon","theDuelist:StardustDragon","theDuelist:BeserkDragon","Mayhem","theDuelist:CoralDragon","theDuelist:Nameless:War:BlueEyes","theDuelist:Lancephorhynchus","theDuelist:DragonMirror","theDuelist:RareMetronome","theDuelist:Raigeki","theDuelist:LeviaDragon"],"relics":["theDuelist:MillenniumPuzzle","theDuelist:CardPoolRelic","theDuelist:CardPoolBasicRelic","theDuelist:BoosterPackPoolRelic","theDuelist:CardPoolAddRelic","theDuelist:CardPoolMinusRelic","theDuelist:CardPoolSaveRelic","theDuelist:MetronomeRelicB","Golden Idol","theDuelist:MerchantPendant","Membership Card","Gremlin Horn","Ectoplasm","Nloth\u0027s Gift"],"acts_visited":["Exordium","TheCity"],"potions_floor_usage":[13,16],"damage_taken":[{"damage":2,"enemies":"2 Louse","floor":1,"turns":3},{"damage":6,"enemies":"Small Slimes","floor":4,"turns":4},{"damage":2,"enemies":"Jaw Worm","floor":5,"turns":2},{"damage":26,"enemies":"3 Sentries","floor":7,"turns":7},{"damage":13,"enemies":"Blue Slaver","floor":10,"turns":2},{"damage":0,"enemies":"Looter","floor":13,"turns":2},{"damage":36,"enemies":"Slime Boss","floor":16,"turns":8},{"damage":22,"enemies":"Shell Parasite","floor":18,"turns":3},{"damage":0,"enemies":"Chosen","floor":20,"turns":3},{"damage":24,"enemies":"Snake Plant","floor":21,"turns":3},{"damage":12,"enemies":"3 Cultists","floor":24,"turns":4},{"damage":0,"enemies":"Shelled Parasite and Fungi","floor":25,"turns":1}],"seed_played":"6907426283372340096","potions_obtained":[{"floor":1,"key":"theDuelist:VampireVial"},{"floor":13,"key":"theDuelist:VampireVial"},{"floor":18,"key":"theDuelist:WaterBottle"},{"floor":21,"key":"theDuelist:ElectricPotion"}],"is_trial":false,"path_per_floor":["M","?","?","M","M","R","E","R","T","M","?","$","M","?","R","B",null,"M","?","M","M","$","R","M","M"],"character_chosen":"THE_DUELIST","items_purchased":["theDuelist:MerchantPendant","Membership Card","Gremlin Horn","theDuelist:BeserkDragon","Mayhem"],"campfire_rested":3,"item_purchase_floors":[12,12,12,12,12],"current_hp_per_floor":[61,50,55,49,47,47,21,41,41,28,28,28,28,30,49,13,51,29,29,29,5,5,24,12,12,12],"gold":124,"neow_bonus":"RANDOM_COLORLESS_2","is_daily":false,"chose_seed":false,"campfire_upgraded":0,"win_rate":0.0,"timestamp":1612261812,"path_taken":["M","?","?","M","M","R","E","R","T","M","?","?","?","?","R","BOSS","M","?","M","M","$","R","M","M"],"items_purchased_type":["Relic","Relic","Relic","Card","Card"],"build_version":"2020-12-22","purchased_purges":0,"victory":false,"max_hp_per_floor":[63,63,68,68,68,68,68,68,68,68,62,62,62,64,64,64,64,64,64,64,64,64,64,64,64,64],"card_choices":[{"not_picked":["Secret Weapon","theDuelist:TheCreator"],"picked":"theDuelist:SmashingGround","floor":0},{"not_picked":["theDuelist:SpiralSpearStrike","theDuelist:AxeDespair","theDuelist:Dracocension","theDuelist:BerserkScales"],"picked":"theDuelist:GravityLash","floor":1},{"not_picked":["theDuelist:WaterDragonCluster","theDuelist:TotemDragon","theDuelist:ExploderDragon","theDuelist:CurseDragon"],"picked":"theDuelist:CoralDragon","floor":4},{"not_picked":["theDuelist:FiendSkull","theDuelist:BlackBrachios","theDuelist:BeserkDragon","theDuelist:FiveHeaded"],"picked":"theDuelist:WhiteNightDragon","floor":5},{"not_picked":["theDuelist:ViceDragon","theDuelist:Pyrorex","theDuelist:BusterBlader","theDuelist:StampingDestruction"],"picked":"theDuelist:MirageDragon","floor":7},{"not_picked":["theDuelist:BarrelDragon","theDuelist:RedDragonArchfiend","theDuelist:EyeTimaeus","theDuelist:GravityLash"],"picked":"theDuelist:StardustDragon","floor":10},{"not_picked":["theDuelist:Hydrogeddon","theDuelist:Duoterion","theDuelist:TwinHeadedFire","theDuelist:DefenseZone"],"picked":"theDuelist:CoralDragon","floor":13},{"not_picked":["theDuelist:TailSwipe","theDuelist:SeismicShockwave","theDuelist:GaiaDragonChamp","theDuelist:BSkullDragon"],"picked":"theDuelist:Lancephorhynchus","floor":16},{"not_picked":["theDuelist:Earthquake","theDuelist:EvolutionBurst","theDuelist:DragonTreasure","theDuelist:AxeDespair"],"picked":"theDuelist:DragonMirror","floor":18},{"not_picked":["theDuelist:UncommonMonsterMetronome","theDuelist:SuperheavyMetronome","theDuelist:ThalassicMetronome"],"picked":"theDuelist:RareMetronome","floor":20},{"not_picked":["theDuelist:BattleguardKing","theDuelist:BigFire","theDuelist:Hinotama","theDuelist:RainbowOverdragon"],"picked":"theDuelist:Raigeki","floor":21},{"not_picked":["theDuelist:BlackPtera","theDuelist:Carboneddon","theDuelist:WhiteHornDragon","theDuelist:FrozenFitzgerald"],"picked":"theDuelist:LeviaDragon","floor":24}],"player_experience":1668137,"relics_obtained":[{"floor":7,"key":"theDuelist:MetronomeRelicB"}],"event_choices":[{"damage_healed":0,"gold_gain":75,"player_choice":"Gather Gold","damage_taken":11,"max_hp_gain":0,"max_hp_loss":0,"event_name":"World of Goop","floor":2,"gold_loss":0},{"damage_healed":0,"gold_gain":0,"player_choice":"Donut","damage_taken":0,"max_hp_gain":5,"max_hp_loss":0,"event_name":"Big Fish","floor":3,"gold_loss":0},{"damage_healed":0,"gold_gain":0,"player_choice":"Lose Max HP","damage_taken":0,"relics_obtained":["Golden Idol"],"max_hp_gain":0,"max_hp_loss":6,"event_name":"Golden Idol","floor":11,"gold_loss":0},{"total_magic_score":50,"gold_gain":0,"duelist":true,"damage_taken":0,"relics_obtained":[],"points":8,"war_reward":4,"max_hp_gain":2,"max_hp_loss":0,"spent_points":{"magic":0,"greed":0,"war":4,"power":0,"hunger":4},"event_name":"Nameless Tomb","hunger_reward":4,"floor":14,"gold_loss":0,"cards_obtained":["theDuelist:Nameless:War:BlueEyes"]},{"damage_healed":0,"gold_gain":0,"player_choice":"Traded Relic","damage_taken":0,"relics_obtained":["Nloth\u0027s Gift"],"max_hp_gain":0,"max_hp_loss":0,"event_name":"N\u0027loth","floor":19,"relics_lost":["theDuelist:CardPoolOptionsRelic"],"gold_loss":0}],"is_beta":false,"boss_relics":[{"not_picked":["SacredBark","Calling Bell"],"picked":"Ectoplasm"}],"items_purged_floors":[],"is_endless":false,"potions_floor_spawned":[1,13,18,21],"killed_by":"Shelled Parasite and Fungi","ascension_level":20}}