{"host":"utqe55yv0jihe4d6","time":1612244745,"event":{"mods":["2.2 Compatiblity","AchievementEnabler","BaseMod","Block Reminder","Colored Map","Colored Powertips","Minty Spire (QoL Compilation)","Quick Restart","Rare Cards Sparkle","Relic Stats","SuperFastMode"],"gold_per_floor":[111,126,126,126,142,142,182,206,206,231,256,292,44,80,80,175,175,189,233,281,281,332,332,373,373,373,373,414,1,1,201,201,291,291,364,344,390,435,460,25,25,44,44,44,85,85,85,85],"floor_reached":47,"language":"ENG","playtime":1904,"items_purged":["Defend_P"],"score":1180,"play_id":"e2d8cd0f-656a-4dd8-96dd-85a57a8edc6a","local_time":"20210202004545","is_ascension_mode":true,"campfire_choices":[{"data":"Tantrum","floor":6.0,"key":"SMITH"},{"data":"1","floor":15.0,"key":"LIFT"},{"data":"2","floor":23,"key":"LIFT"},{"floor":25,"key":"REST"},{"data":"3","floor":27,"key":"LIFT"},{"floor":30,"key":"REST"},{"floor":32,"key":"REST"},{"data":"Adaptation","floor":41,"key":"SMITH"},{"floor":46,"key":"REST"}],"circlet_count":0,"master_deck":["AscendersBane","Strike_P+1","Strike_P+1","Strike_P+1","Defend_P+1","Defend_P+1","Defend_P+1","Eruption+1","Vigilance+1","LessonLearned+1","Tantrum+1","Wallop+1","FlyingSleeves+1","ReachHeaven+1","Wallop+1","MentalFortress+1","Protect","Blasphemy+1","Wallop","Wireheading+1","Wallop","Wish+1","ClearTheMind+1","FlurryOfBlows+1","Halt+1","InnerPeace","EmptyMind","MentalFortress","Wallop","Omniscience","Meditate+1","Adaptation+1"],"relics":["PureWater","Golden Idol","Girya","Question Card","TeardropLocket","Whetstone","Philosopher\u0027s Stone","Bottled Lightning","Mercury Hourglass","WingedGreaves","Yang","VioletLotus","OrangePellets","Mummified Hand","Kunai"],"acts_visited":["Exordium","TheCity","TheBeyond"],"potions_floor_usage":[24,28,35,38,45,45],"damage_taken":[{"damage":6.0,"enemies":"Jaw Worm","floor":1.0,"turns":7.0},{"damage":5.0,"enemies":"2 Louse","floor":2.0,"turns":4.0},{"damage":0.0,"enemies":"Small Slimes","floor":5.0,"turns":2.0},{"damage":0.0,"enemies":"3 Sentries","floor":7.0,"turns":4.0},{"damage":4.0,"enemies":"Exordium Thugs","floor":8.0,"turns":3.0},{"damage":8.0,"enemies":"Lots of Slimes","floor":10.0,"turns":6.0},{"damage":1.0,"enemies":"Large Slime","floor":11.0,"turns":5.0},{"damage":0.0,"enemies":"Gremlin Nob","floor":12.0,"turns":1.0},{"damage":4.0,"enemies":"Lagavulin","floor":14.0,"turns":5.0},{"damage":5.0,"enemies":"Slime Boss","floor":16.0,"turns":6.0},{"damage":3,"enemies":"Shell Parasite","floor":18,"turns":4},{"damage":2,"enemies":"Chosen","floor":19,"turns":5},{"damage":0,"enemies":"Centurion and Healer","floor":20,"turns":7},{"damage":24,"enemies":"Snake Plant","floor":22,"turns":4},{"damage":10,"enemies":"Book of Stabbing","floor":24,"turns":3},{"damage":25,"enemies":"Slavers","floor":28,"turns":5},{"damage":10,"enemies":"Automaton","floor":33,"turns":8},{"damage":2,"enemies":"3 Darklings","floor":35,"turns":6},{"damage":9,"enemies":"Orb Walker","floor":37,"turns":4},{"damage":18,"enemies":"Maw","floor":38,"turns":7},{"damage":0,"enemies":"Transient","floor":39,"turns":6},{"damage":22,"enemies":"Writhing Mass","floor":42,"turns":5},{"damage":2,"enemies":"Nemesis","floor":45,"turns":5},{"damage":35,"enemies":"Reptomancer","floor":47,"turns":2}],"seed_played":"-6993156969746743811","potions_obtained":[{"floor":2.0,"key":"BlessingOfTheForge"},{"floor":10.0,"key":"EssenceOfSteel"},{"floor":11.0,"key":"SteroidPotion"},{"floor":16.0,"key":"Strength Potion"},{"floor":33,"key":"GamblersBrew"},{"floor":35,"key":"Fruit Juice"},{"floor":36,"key":"Regen Potion"},{"floor":42,"key":"SkillPotion"}],"is_trial":false,"path_per_floor":["M","M","?","?","M","R","E","M","T","M","M","E","$","E","R","B",null,"M","M","M","?","M","R","E","R","T","R","E","$","R","?","R","B",null,"M","?","M","M","M","$","R","M","T","?","E","R","E"],"character_chosen":"WATCHER","items_purchased":["Wallop","Wireheading","SteroidPotion","MentalFortress","Wallop","Yang","OrangePellets","Mummified Hand"],"campfire_rested":4,"item_purchase_floors":[13,13,13,29,29,29,40,40],"current_hp_per_floor":[55,50,50,50,50,50,50,46,46,38,37,37,37,33,33,28,49,46,44,44,44,20,20,10,26,26,26,1,1,17,17,33,23,48,51,51,42,39,39,39,39,17,17,17,15,33,0,0],"gold":85,"neow_bonus":"THREE_RARE_CARDS","is_daily":false,"chose_seed":false,"campfire_upgraded":2,"win_rate":0.0,"timestamp":1612244745,"path_taken":["M","M","?","?","M","R","E","M","T","M","M","E","$","E","R","BOSS","M","M","M","?","M","R","E","R","T","R","E","$","R","?","R","BOSS","M","?","M","?","?","$","R","M","T","?","E","R","E"],"items_purchased_type":["Card","Card","Potion","Card","Card","Relic","Relic","Relic"],"build_version":"2020-12-22","purchased_purges":1,"victory":false,"max_hp_per_floor":[62,62,56,56,56,56,56,56,56,56,56,56,56,56,56,56,56,56,56,56,56,56,56,56,56,56,56,56,56,56,56,56,56,56,61,61,61,61,61,61,61,61,61,61,61,61,61,61],"relic_stats":{"OrangePellets":[5],"counters":[24,114],"Golden Idol":133,"Mummified Hand":[8],"Yang":[105],"VioletLotus":[13],"Whetstone":["ReachHeaven","LessonLearned"],"Kunai":[0],"Question Card":18,"obtain_stats":[{"Girya":7,"Golden Idol":3,"Yang":29,"TeardropLocket":12,"Whetstone":14,"Question Card":9,"Mercury Hourglass":26,"OrangePellets":40,"Mummified Hand":40,"Philosopher\u0027s Stone":17,"WingedGreaves":28,"VioletLotus":34,"Bottled Lightning":24,"Kunai":45,"PureWater":0},{"Girya":4,"Golden Idol":2,"Yang":16,"TeardropLocket":8,"Whetstone":9,"Question Card":5,"Mercury Hourglass":15,"OrangePellets":21,"Mummified Hand":21,"Philosopher\u0027s Stone":10,"WingedGreaves":16,"VioletLotus":17,"Bottled Lightning":15,"Kunai":23,"PureWater":0},{"Girya":17,"Golden Idol":11,"Yang":71,"TeardropLocket":32,"Whetstone":37,"Question Card":20,"Mercury Hourglass":66,"OrangePellets":102,"Mummified Hand":102,"Philosopher\u0027s Stone":43,"WingedGreaves":71,"VioletLotus":79,"Bottled Lightning":66,"Kunai":112,"PureWater":0}],"Mercury Hourglass":[182]},"card_choices":[{"not_picked":["ConjureBlade","Devotion"],"picked":"LessonLearned","floor":0.0},{"not_picked":["FlurryOfBlows","CrushJoints"],"picked":"Tantrum","floor":1.0},{"not_picked":["Protect","ClearTheMind"],"picked":"Wallop","floor":2.0},{"not_picked":["BowlingBash","Protect"],"picked":"FlyingSleeves","floor":5.0},{"not_picked":["EmptyBody","Sanctity"],"picked":"ReachHeaven","floor":7.0},{"not_picked":["Evaluate","CrushJoints"],"picked":"Wallop","floor":8.0},{"not_picked":["ThirdEye","Consecrate","DeceiveReality"],"picked":"MentalFortress","floor":10.0},{"not_picked":["PathToVictory","JustLucky","Study"],"picked":"Protect","floor":11.0},{"not_picked":["Swivel","WaveOfTheHand","DeceiveReality"],"picked":"Blasphemy","floor":12.0},{"not_picked":["BattleHymn","FearNoEvil","WaveOfTheHand"],"picked":"Wallop","floor":14.0},{"not_picked":["LessonLearned","DeusExMachina","Brilliance"],"picked":"Wish","floor":16.0},{"not_picked":["EmptyBody","JustLucky","FollowUp"],"picked":"ClearTheMind","floor":18},{"not_picked":["FlyingSleeves","Consecrate","CutThroughFate"],"picked":"FlurryOfBlows","floor":19},{"not_picked":["BattleHymn","Fasting2","WindmillStrike"],"picked":"Halt","floor":20},{"not_picked":["BowlingBash","Swivel","BattleHymn"],"picked":"InnerPeace","floor":22},{"not_picked":["EmptyBody","FlyingSleeves","Consecrate","CarveReality+1"],"picked":"SKIP","floor":24},{"not_picked":["JustLucky","SashWhip","Protect"],"picked":"EmptyMind","floor":28},{"not_picked":["DevaForm","ConjureBlade","DeusExMachina"],"picked":"Omniscience","floor":33},{"not_picked":["FlurryOfBlows+1","PathToVictory","ClearTheMind","Perseverance"],"picked":"SKIP","floor":35},{"not_picked":["Consecrate","FlyingSleeves","CrushJoints"],"picked":"Meditate+1","floor":37},{"not_picked":["EmptyMind","InnerPeace","CutThroughFate","ThirdEye"],"picked":"SKIP","floor":38},{"not_picked":["Nirvana","Worship","WaveOfTheHand"],"picked":"Adaptation","floor":39},{"not_picked":["PathToVictory","BowlingBash","MasterReality","Crescendo"],"picked":"SKIP","floor":42},{"not_picked":["ThirdEye","Perseverance","Conclude","Prostrate+1"],"picked":"SKIP","floor":45}],"player_experience":2977383,"relics_obtained":[{"floor":7.0,"key":"Girya"},{"floor":9.0,"key":"Question Card"},{"floor":12.0,"key":"TeardropLocket"},{"floor":14.0,"key":"Whetstone"},{"floor":24,"key":"Bottled Lightning"},{"floor":26,"key":"Mercury Hourglass"},{"floor":28,"key":"WingedGreaves"},{"floor":45,"key":"Kunai"}],"event_choices":[{"damage_healed":0.0,"max_hp_gain":0.0,"max_hp_loss":6.0,"gold_gain":0.0,"event_name":"Golden Idol","player_choice":"Lose Max HP","floor":3.0,"gold_loss":0.0,"damage_taken":0.0,"relics_obtained":["Golden Idol"]},{"damage_healed":0.0,"max_hp_gain":0.0,"max_hp_loss":0.0,"gold_gain":0.0,"event_name":"Living Wall","player_choice":"Grow","floor":4.0,"gold_loss":0.0,"damage_taken":0.0,"cards_upgraded":["Wallop"]},{"damage_healed":0,"gold_gain":0,"player_choice":"Ignored","damage_taken":0,"max_hp_gain":0,"max_hp_loss":0,"event_name":"Vampires","floor":21,"gold_loss":0},{"damage_healed":0,"gold_gain":200,"player_choice":"Gold","damage_taken":0,"max_hp_gain":0,"max_hp_loss":0,"event_name":"Wheel of Change","floor":31,"gold_loss":0},{"damage_healed":0,"gold_gain":0,"player_choice":"Bought 1 Potion","damage_taken":0,"max_hp_gain":0,"max_hp_loss":0,"event_name":"The Woman in Blue","floor":36,"gold_loss":0},{"cards_removed":["Strike_P"],"damage_healed":0,"gold_gain":0,"player_choice":"Purged","damage_taken":0,"max_hp_gain":0,"max_hp_loss":0,"event_name":"Purifier","floor":44,"gold_loss":0}],"is_beta":false,"boss_relics":[{"not_picked":["Velvet Choker","Runic Pyramid"],"picked":"Philosopher\u0027s Stone"},{"not_picked":["Empty Cage","Snecko Eye"],"picked":"VioletLotus"}],"items_purged_floors":[13],"is_endless":false,"potions_floor_spawned":[2,10,11,16,18,22,33,35,37,42],"killed_by":"Reptomancer","ascension_level":20}}