{"host":"95i1gxnztdrdyvhi","time":1612244485,"event":{"mods":["AchievementEnabler","Act Like it!","BaseMod","Downfall","Minty Spire (QoL Compilation)","Quick Restart","StSLib"],"gold_per_floor":[99,109,126,126,226,226,226,226,257,270,170,184,84,100,118,213,213,213,223,223,233,143,143,143,177,194,205,205,240,240,256,275,373,373,373,384,377,397,415,445,445,474,349,384,284,61,61,111,124,124,124,154,3,3,3,3],"floor_reached":57,"language":"ENG","playtime":5191,"items_purged":["bronze:Strike","bronze:Boost","bronze:Defend","bronze:Defend"],"score":1382,"play_id":"5049565c-5d10-401c-9e1e-7d87ec1436a2","local_time":"20210202054125","is_ascension_mode":false,"campfire_choices":[{"data":"bronze:FindAndReplace","floor":1,"key":"SMITH"},{"data":"bronze:Overheat","floor":8,"key":"SMITH"},{"floor":11,"key":"RECALL"},{"data":"bronze:DazingPulse","floor":13,"key":"SMITH"},{"data":"bronze:Replicate","floor":18,"key":"SMITH"},{"data":"bronze:Deprecate","floor":28,"key":"SMITH"},{"data":"bronze:Refactor","floor":30,"key":"SMITH"},{"data":"bronze:FindAndReplace","floor":35,"key":"SMITH"},{"data":"bronze:DelayedGuard","floor":45,"key":"SMITH"},{"data":"bronze:Repulsor","floor":54,"key":"SMITH"}],"circlet_count":0,"master_deck":["bronze:Defend","bronze:Defend","bronze:Replicate+1","bronze:Goto","bronze:FindAndReplace+1","bronze:DazingPulse+1","bronze:Overheat+1","bronze:CloningBeam+1","bronze:NullPointer+1","bronze:BronzeOrb+1","bronze:InfiniteLoop+1","bronze:DelayedGuard+1","bronze:Deprecate+1","bronze:Refactor+1","bronze:Turbo+1","bronze:FindAndReplace+1","bronze:Philosophize","bronze:FindAndReplace+1","bronze:Repulsor+1"],"relics":["bronze:BronzeCore","PreservedInsect","Molten Egg 2","hexamod:CandleOfCauterizing","downfall:HeartBlessingGreen","downfall:HeartBlessingRed","Coffee Dripper","InkBottle","Dream Catcher","Bronze Scales","Empty Cage","DollysMirror","Calipers","Lantern","Omamori","downfall:HeartBlessingBlue","FossilizedHelix","Thread and Needle","Bag of Preparation"],"acts_visited":["Exordium","TheCity","TheBeyond","TheEnding"],"potions_floor_usage":[55,56],"damage_taken":[{"damage":0,"enemies":"Small Slimes","floor":2,"turns":3},{"damage":0,"enemies":"Jaw Worm","floor":3,"turns":3},{"damage":0,"enemies":"Jaw Worm","floor":4,"turns":3},{"damage":13,"enemies":"3 Sentries","floor":9,"turns":7},{"damage":0,"enemies":"Cultist","floor":10,"turns":3},{"damage":6,"enemies":"2 Fungi Beasts","floor":12,"turns":3},{"damage":13,"enemies":"Exordium Thugs","floor":14,"turns":3},{"damage":0,"enemies":"3 Louse","floor":15,"turns":2},{"damage":13,"enemies":"IC_STATUS_ARCHETYPE","floor":16,"turns":7},{"damage":0,"enemies":"Spheric Guardian","floor":19,"turns":2},{"damage":0,"enemies":"Shell Parasite","floor":21,"turns":3},{"damage":0,"enemies":"downfall:FleeingMerchant","floor":22,"turns":4},{"damage":0,"enemies":"Book of Stabbing","floor":25,"turns":4},{"damage":2,"enemies":"Centurion and Healer","floor":26,"turns":5},{"damage":0,"enemies":"Shelled Parasite and Fungi","floor":27,"turns":4},{"damage":0,"enemies":"Slavers","floor":29,"turns":3},{"damage":5,"enemies":"Snake Plant","floor":31,"turns":3},{"damage":0,"enemies":"Snecko","floor":32,"turns":3},{"damage":27,"enemies":"DF_ARCHETYPE_CLAW","floor":33,"turns":8},{"damage":0,"enemies":"3 Darklings","floor":36,"turns":5},{"damage":0,"enemies":"downfall:FleeingMerchant","floor":37,"turns":3},{"damage":0,"enemies":"3 Shapes","floor":38,"turns":2},{"damage":0,"enemies":"Spire Growth","floor":39,"turns":4},{"damage":0,"enemies":"Reptomancer","floor":40,"turns":5},{"damage":11,"enemies":"Giant Head","floor":42,"turns":6},{"damage":0,"enemies":"Reptomancer","floor":44,"turns":4},{"damage":0,"enemies":"Reptomancer","floor":48,"turns":4},{"damage":0,"enemies":"Maw","floor":49,"turns":6},{"damage":6,"enemies":"SI_POISON_ARCHETYPE","floor":50,"turns":11},{"damage":1,"enemies":"downfall:CharBossMerchant","floor":52,"turns":7},{"damage":0,"enemies":"downfall:NeowBoss","floor":55,"turns":15},{"damage":48,"enemies":"downfall:NeowBossFinal","floor":56,"turns":13}],"seed_played":"9071315823056197768","potions_obtained":[{"floor":2,"key":"BlessingOfTheForge"},{"floor":9,"key":"PowerPotion"},{"floor":12,"key":"LiquidMemories"}],"is_trial":false,"path_per_floor":["R","M","M","?","?","T","T","R","E","M","R","M","R","M","M","B",null,"R","M","?","M","$","?","T","E","M","M","R","E","R","M","M","B",null,"R","M","$","M","M","E","T","E","$","E","R","$","?","?","M","B",null,"E","$","R","B","B",null],"character_chosen":"THE_AUTOMATON","items_purchased":["bronze:Philosophize","DollysMirror","bronze:Repulsor","Bag of Preparation"],"campfire_rested":0,"item_purchase_floors":[37,37,46,53],"current_hp_per_floor":[63,63,63,63,63,63,63,63,50,50,50,44,44,31,31,18,63,63,63,63,63,63,63,63,63,61,61,61,61,61,56,56,29,63,63,63,63,63,63,63,63,52,52,52,62,62,62,62,62,56,73,72,72,72,72,24],"gold":3,"neow_bonus":"THREE_RARE_CARDS","is_daily":false,"chose_seed":false,"campfire_upgraded":9,"win_rate":0.0,"timestamp":1612244485,"path_taken":["R","M","M","?","?","?","T","R","E","M","R","M","R","?","M","BOSS","R","M","?","M","$","?","T","E","M","M","R","E","R","?","M","BOSS","R","M","$","M","M","E","T","E","$","E","R","$","?","?","M","BOSS","E","$","R","BOSS","BOSS"],"items_purchased_type":["Card","Relic","Card","Relic"],"build_version":"2020-12-22","purchased_purges":4,"victory":true,"max_hp_per_floor":[63,63,63,63,63,63,63,63,63,63,63,63,63,63,63,63,63,63,63,63,63,63,63,63,63,63,63,63,63,63,63,63,63,63,63,63,63,63,63,63,63,63,63,63,73,73,73,73,73,73,73,73,73,73,73,73],"card_choices":[{"not_picked":["bronze:BurnOut","bronze:ThunderWave"],"picked":"bronze:FindAndReplace","floor":0},{"not_picked":["bronze:Fortify","bronze:Iterate"],"picked":"bronze:Boost","floor":2},{"not_picked":["bronze:BugBarrage","bronze:OilSpill","bronze:Shield"],"picked":"SKIP","floor":3},{"not_picked":[],"picked":"bronze:DazingPulse","floor":4},{"not_picked":["bronze:Deprecate","bronze:ChosenStrike"],"picked":"bronze:Overheat","floor":4},{"not_picked":["bronze:Deprecate","bronze:Assembly"],"picked":"bronze:CloningBeam+1","floor":9},{"not_picked":["bronze:WildBeam+1","bronze:BuggyMess"],"picked":"bronze:NullPointer+1","floor":10},{"not_picked":["bronze:Safeguard","bronze:OilSpill+1","bronze:ChildClass"],"picked":"SKIP","floor":12},{"not_picked":["bronze:BitShift","bronze:Branch+1","bronze:ForceShield"],"picked":"SKIP","floor":14},{"not_picked":["bronze:Flail+1","bronze:Boost"],"picked":"bronze:BronzeOrb+1","floor":15},{"not_picked":["bronze:HardenedForm","bronze:CleanCode"],"picked":"bronze:InfiniteLoop+1","floor":16},{"not_picked":["bronze:GetLatest+1","bronze:BitShift","bronze:Constructor"],"picked":"SKIP","floor":19},{"not_picked":["bronze:Iterate+1","bronze:OilSpill+1","bronze:Flail+1"],"picked":"SKIP","floor":21},{"not_picked":["bronze:DarkDash+1","bronze:WhirlingStrike+1","bronze:Branch+1"],"picked":"SKIP","floor":22},{"not_picked":["bronze:Repair","bronze:ChosenStrike+1"],"picked":"bronze:Deprecate","floor":25},{"not_picked":["bronze:MaxOutput","bronze:Safeguard","bronze:BurnOut+1"],"picked":"SKIP","floor":26},{"not_picked":["bronze:DigitalCarnage+1","bronze:Constructor","bronze:Frontload"],"picked":"SKIP","floor":27},{"not_picked":["bronze:DelayedSlice+1","bronze:NullPointer+1"],"picked":"bronze:Refactor","floor":29},{"not_picked":["bronze:GetLatest+1","bronze:Frontload"],"picked":"bronze:Turbo+1","floor":31},{"not_picked":["bronze:FineTuning+1","bronze:Invalidate","bronze:Shell+1"],"picked":"SKIP","floor":32},{"not_picked":["bronze:Assembly","bronze:ThunderWave+1"],"picked":"bronze:FindAndReplace","floor":33},{"not_picked":["bronze:Shell+1","bronze:DelayedSlice+1","bronze:Frontload+1"],"picked":"SKIP","floor":36},{"not_picked":["bronze:Turbo","bronze:Deprecate+1","bronze:OilSpill+1"],"picked":"SKIP","floor":37},{"not_picked":["bronze:WhirlingStrike+1","bronze:Deprecate+1","bronze:Branch+1"],"picked":"SKIP","floor":38},{"not_picked":["bronze:Shield+1","bronze:WhirlingStrike+1","bronze:ItsAFeature+1"],"picked":"SKIP","floor":39},{"not_picked":["bronze:Turbo+1","bronze:Flail+1","bronze:MaxOutput+1"],"picked":"SKIP","floor":40},{"not_picked":["bronze:Invalidate+1","bronze:Frontload","bronze:BronzeOrb+1"],"picked":"SKIP","floor":42},{"not_picked":["bronze:Optimize+1","bronze:Repair","bronze:DelayedSlice+1"],"picked":"SKIP","floor":44},{"not_picked":["bronze:DarkDash+1","bronze:Overheat+1","bronze:BuggyMess"],"picked":"SKIP","floor":49},{"not_picked":["bronze:Repulsor","bronze:Return","bronze:ThunderWave+1"],"picked":"SKIP","floor":52}],"player_experience":853961,"relics_obtained":[{"floor":6,"key":"PreservedInsect"},{"floor":7,"key":"Molten Egg 2"},{"floor":9,"key":"hexamod:CandleOfCauterizing"},{"floor":24,"key":"InkBottle"},{"floor":25,"key":"Dream Catcher"},{"floor":29,"key":"Bronze Scales"},{"floor":40,"key":"Calipers"},{"floor":42,"key":"Lantern"},{"floor":44,"key":"Omamori"},{"floor":48,"key":"FossilizedHelix"},{"floor":52,"key":"Thread and Needle"}],"event_choices":[],"is_beta":false,"boss_relics":[{"not_picked":["SlaversCollar","Philosopher\u0027s Stone"],"picked":"Coffee Dripper"},{"not_picked":["Calling Bell","Velvet Choker"],"picked":"Empty Cage"}],"items_purged_floors":[22,37,43,46],"is_endless":false,"potions_floor_spawned":[2,9,12,21,26,27,31,32,39,40,42,44],"ascension_level":0}}