{"host":"dn6kke80v5f7isus","time":1612227752,"event":{"mods":["AchievementEnabler","Act Like it!","BaseMod","Colored Powertips","Custom Start","Defuse TimeMaze Blight","Gremlin Skip","Highlight Path","Hubris","Infinite Spire","Marisa????????","Minty Spire (QoL Compilation)","Rare Cards Sparkle","Reliquary","Replay The Spire","StSLib","The Servant 0.9.4","Uncapped","Unceasing Turn Reminder"],"gold_per_floor":[111,36,53,128,128,159,177,187,187,220,220,8133,8144,8144,8144,8242,8242,8259,8259,7584,7604,7622,7647,7647,7666,7666,7691,7252,7282,7294,7294,7294,7394,7394,7405,7405,7422,6703,6720,6720,6750,6750,6750,6750,6779,6779,6831,6865,6865,6967,6967,6982,6982,7018,7026,7026,7031,4433,4433,4456,4479,4479,4479,4479,489,489,569,569,584,583,706,715,253,267,267,275,275,321,330,326,74,74,74,164,164,170,170,5320,5319,5319,5319,5346,5360,5410,5440,1504,1520,1520,1523,1523,1628,1628,1633,1710,1712,1712],"floor_reached":105,"language":"ENG","playtime":3269,"items_purged":["Strike_MRS","Strike_MRS","Strike_MRS","Defend_MRS","Defend_MRS+1","Defend_MRS+1","Defend_MRS+1"],"score":2113,"play_id":"7e869827-8884-431d-bb59-aedad1976f0e","local_time":"20210201200232","is_ascension_mode":true,"campfire_choices":[{"data":"PulseMagic","floor":11.0,"key":"SMITH"},{"data":"GasGiant","floor":15.0,"key":"SMITH"},{"data":"UltimateShortwave","floor":24.0,"key":"SMITH"},{"data":"MagicChant","floor":32.0,"key":"SMITH"},{"data":"Master of Strategy","floor":40.0,"key":"SMITH"},{"data":"MagicChant","floor":46.0,"key":"SMITH"},{"data":"UltimateShortwave","floor":49.0,"key":"SMITH"},{"data":"Singularity","floor":59.0,"key":"SMITH"},{"data":"OortCloud","floor":62.0,"key":"SMITH"},{"data":"OrrerysSun","floor":64.0,"key":"SMITH"},{"data":"Strike_MRS","floor":66.0,"key":"SMITH"},{"data":"J.A.X.","floor":75.0,"key":"SMITH"},{"data":"Pot Of Greed","floor":83.0,"key":"SMITH"},{"data":"ShootingEcho","floor":91,"key":"SMITH"},{"floor":100,"key":"DIG"}],"circlet_count":0,"master_deck":["Strike_MRS","MasterSpark+1","SporeBomb+1","Master of Strategy+1","UltimateShortwave+1","MilkyWay+1","UnstableBomb+1","MagicChant+1","MagicChant+1","UltimateShortwave+1","Parasite","Parasite","J.A.X.+1","Pot Of Greed+1","Pot Of Greed+1","UltimateShortwave+1"],"relics":["BewitchedHakkero","NeowsBlessing","FaceOfCleric","Onion Ring","Replay:Bottled Snecko","Gremlin Food","Calipers","reliquary:Bookmark","hubris:BottledRain","White Beast Statue","hubris:ScarierMask","hubris:BottledHeart","Strange Spoon","infinitespire:FocusingShard","MealTicket","StrikeDummy","infinitespire:Satchel","Ice Cream","infinitespire:PuzzleCube","Medical Kit","Anchor","reliquary:RoseTintedGlasses","Darkstone Periapt","Toolbox","Molten Egg 2","hubris:Backtick","The Courier","Akabeko","Blue Candle","infinitespire:Beetle Shell","Pondfish Scales","reliquary:Stiletto","reliquary:BoilingFlask","Kunai","ReplayTheSpireMod:TigerMarble","CeramicFish","Replay:Rubber Ducky","infinitespire:WardingShard","InkBottle","reliquary:TridentHead","Juzu Bracelet","reliquary:SilkGlove","hubris:MedicalManual","Bag of Preparation","Matryoshka","Frozen Eye","reliquary:PorcupineQuills","Pen Nib","reliquary:WeakTea","Toy Ornithopter","Simple Rune","Replay:PocketPolymizer","War Paint","Gremlin Horn","hubris:SlimyHat","Mummified Hand","Orichalcum","reliquary:TuningFork","hubris:Zylophone","ShroomBag","reliquary:Knoch","Happy Flower","hubris:TinFlute","HandmadeGrimoire","Sundial","infinitespire:Midas Blood","Replay:Mystery Machine","reliquary:Aerogel","Dream Catcher","reliquary:Buckler","Centennial Puzzle","AmplifyWand","Bird Faced Urn","reliquary:RosewoodLute","Regal Pillow","Replay:Baseball","Mango","Blood Vial","hubris:TerracottaHorce","Ancient Tea Set","Sling","ReplayTheSpireMod:Lightbulb","infinitespire:ShieldingShard","reliquary:SharkskinSheath","Oddly Smooth Stone","Grinning Jar","Du-Vu Doll","SlaversCollar","Replay:Bottled Eggs","MagicBroom","Tiny Chest","Art of War","Vajra","infinitespire:EmpoweringShard","hubris:TenFootPole","hubris:Potato","Bag of Marbles","Pear","Shuriken","Replay:Bandana","Toxic Egg 2","Bronze Scales","reliquary:TatteredRug","reliquary:Firecrackers","hubris:PeanutButter","reliquary:IridiumChain","infinitespire:Lucky Rock","Replay:Lucky Slots","Blue Doll","hubris:FunFungus","Replay:Wax Seal","reliquary:Boomerang","Meat on the Bone","Lantern","Potion Belt","PreservedInsect","reliquary:BrokenClock","Strawberry","Whetstone","Thread and Needle","reliquary:ExpiredCoupon","Prayer Wheel","reliquary:PartyBalloon","Snack Pack","Gambling Chip","Meat on the Bone","Ornamental Fan","Pantograph","Quantum Egg","infinitespire:Eraser","reliquary:OuijaBoard","Garlic","Mirror","Replay:Ringing Soul","ReplayTheSpireMod:Shallot","hubris:SphereOfDissonance","reliquary:FeatherDuster","infinitespire:CheckeredPen"],"acts_visited":["Exordium","TheCity","TheBeyond","Exordium","TheCity","TheBeyond","Exordium"],"potions_floor_usage":[89,101],"damage_taken":[{"damage":0.0,"enemies":"2 Louse","floor":1.0,"turns":1.0},{"damage":0.0,"enemies":"Cultist","floor":3.0,"turns":1.0},{"damage":0.0,"enemies":"Gremlin Nob","floor":6.0,"turns":1.0},{"damage":11.0,"enemies":"Jaw Worm","floor":7.0,"turns":2.0},{"damage":13.0,"enemies":"Large Slime","floor":8.0,"turns":4.0},{"damage":18.0,"enemies":"Lagavulin","floor":10.0,"turns":4.0},{"damage":2.0,"enemies":"Blue Slaver","floor":13.0,"turns":2.0},{"damage":37.0,"enemies":"Fading Forest","floor":16.0,"turns":11.0},{"damage":15.0,"enemies":"Shell Parasite","floor":18.0,"turns":4.0},{"damage":0.0,"enemies":"Spheric Guardian","floor":21.0,"turns":6.0},{"damage":0.0,"enemies":"Shelled Parasite and Fungi","floor":22.0,"turns":4.0},{"damage":0.0,"enemies":"Nightmare","floor":23.0,"turns":6.0},{"damage":0.0,"enemies":"Centurion and Healer","floor":25.0,"turns":3.0},{"damage":0.0,"enemies":"Slavers","floor":27.0,"turns":3.0},{"damage":0.0,"enemies":"Book of Stabbing","floor":29.0,"turns":4.0},{"damage":0.0,"enemies":"Snecko","floor":30.0,"turns":4.0},{"damage":0.0,"enemies":"Champ","floor":33.0,"turns":7.0},{"damage":0.0,"enemies":"Orb Walker","floor":35.0,"turns":2.0},{"damage":0.0,"enemies":"3 Shapes","floor":37.0,"turns":2.0},{"damage":0.0,"enemies":"Transient","floor":39.0,"turns":5.0},{"damage":0.0,"enemies":"Reptomancer","floor":41.0,"turns":3.0},{"damage":0.0,"enemies":"R_Hoarder","floor":45.0,"turns":4.0},{"damage":0.0,"enemies":"2 Orb Walkers","floor":47.0,"turns":1.0},{"damage":0.0,"enemies":"Giant Head","floor":48.0,"turns":2.0},{"damage":0.0,"enemies":"Replay:Hell Engine","floor":50.0,"turns":3.0},{"damage":0.0,"enemies":"Small Slimes","floor":52.0,"turns":1.0},{"damage":0.0,"enemies":"2 Louse","floor":54.0,"turns":1.0},{"damage":0.0,"enemies":"Jaw Worm","floor":55.0,"turns":1.0},{"damage":0.0,"enemies":"Nightmare","floor":57.0,"turns":3.0},{"damage":0.0,"enemies":"Gremlin Nob","floor":61.0,"turns":3.0},{"damage":0.0,"enemies":"Fading Forest","floor":67.0,"turns":1.0},{"damage":0.0,"enemies":"Chosen","floor":69.0,"turns":1.0},{"damage":0.0,"enemies":"3 Byrds","floor":70.0,"turns":1.0},{"damage":0.0,"enemies":"Gremlin Leader","floor":74.0,"turns":1.0},{"damage":0.0,"enemies":"Centurion and Healer","floor":76.0,"turns":1.0},{"damage":0.0,"enemies":"Book of Stabbing","floor":78.0,"turns":1.0},{"damage":0.0,"enemies":"Snecko","floor":80.0,"turns":2.0},{"damage":0.0,"enemies":"hubris:MusketHawk","floor":84.0,"turns":1.0},{"damage":0.0,"enemies":"3 Shapes","floor":86.0,"turns":1.0},{"damage":0,"enemies":"3 Darklings","floor":89,"turns":1},{"damage":0,"enemies":"R_Hoarder","floor":92,"turns":1},{"damage":0,"enemies":"Sphere and 2 Shapes","floor":93,"turns":1},{"damage":0,"enemies":"Reptomancer","floor":95,"turns":1},{"damage":0,"enemies":"Spire Growth","floor":97,"turns":1},{"damage":0,"enemies":"Transient","floor":99,"turns":1},{"damage":0,"enemies":"hubris:GrandSnecko","floor":101,"turns":1},{"damage":0,"enemies":"Jaw Worm","floor":103,"turns":1}],"seed_played":"6653010151791013227","potions_obtained":[{"floor":1.0,"key":"Swift Potion"},{"floor":3.0,"key":"SteroidPotion"},{"floor":7.0,"key":"BlessingOfTheForge"},{"floor":10.0,"key":"SpeedPotion"},{"floor":16.0,"key":"SpeedPotion"},{"floor":18.0,"key":"EssenceOfSteel"},{"floor":22.0,"key":"EssenceOfSteel"},{"floor":23.0,"key":"Dexterity Potion"},{"floor":25.0,"key":"Strength Potion"},{"floor":27.0,"key":"PowerPotion"},{"floor":29.0,"key":"EntropicBrew"},{"floor":30.0,"key":"ColorlessPotion"},{"floor":33.0,"key":"PowerPotion"},{"floor":35.0,"key":"BottledSpark"},{"floor":37.0,"key":"Explosive Potion"},{"floor":41.0,"key":"Regen Potion"},{"floor":54.0,"key":"infinitespire:BlackPotion"},{"floor":55.0,"key":"Fruit Juice"},{"floor":57.0,"key":"SmokeBomb"},{"floor":61.0,"key":"PowerPotion"},{"floor":67.0,"key":"EntropicBrew"},{"floor":74.0,"key":"SpeedPotion"},{"floor":92,"key":"SteroidPotion"},{"floor":95,"key":"SkillPotion"},{"floor":97,"key":"Strength Potion"},{"floor":101,"key":"ColorlessPotion"}],"is_trial":false,"path_per_floor":["M","$","M","?","?","E","M","M","T","E","R","$","M","?","R","B",null,"M","?","$","M","M","NM","R","M","T","E","$","E","M","?","R","B",null,"M","?","M","$","M","R","E","AVR","T","?","E","R","?","E","R","B",null,"M","?","M","M","?","NM","$","R","T","E","R","?","R","$","R","B",null,"M","M","?","?","$","E","R","M","T","E","?","M","$","?","R","B",null,"M","?","$","M","AVR","R","E","M","T","E","$","M","?","M","R","B",null,"M","?","?"],"character_chosen":"MARISA","items_purchased":["Calipers","reliquary:Bookmark","hubris:BottledRain","FairyPotion","Master of Strategy","Strange Spoon","infinitespire:FocusingShard","MealTicket","infinitespire:PuzzleCube","Medical Kit","reliquary:RoseTintedGlasses","Darkstone Periapt","Toolbox","Kunai","ReplayTheSpireMod:TigerMarble","CeramicFish","Replay:Rubber Ducky","infinitespire:WardingShard","InkBottle","reliquary:TridentHead","Juzu Bracelet","reliquary:SilkGlove","hubris:MedicalManual","Bag of Preparation","Matryoshka","Frozen Eye","reliquary:PorcupineQuills","Pen Nib","reliquary:WeakTea","War Paint","Gremlin Horn","hubris:SlimyHat","Mummified Hand","Orichalcum","reliquary:TuningFork","hubris:Zylophone","ShroomBag","reliquary:Knoch","Happy Flower","hubris:TinFlute","HandmadeGrimoire","Sundial","infinitespire:Midas Blood","Replay:Mystery Machine","reliquary:Aerogel","Dream Catcher","reliquary:Buckler","Centennial Puzzle","AmplifyWand","Bird Faced Urn","reliquary:RosewoodLute","Regal Pillow","Replay:Baseball","Mango","Blood Vial","Sling","ReplayTheSpireMod:Lightbulb","infinitespire:ShieldingShard","Du-Vu Doll","Replay:Bottled Eggs","MagicBroom","Tiny Chest","Art of War","Vajra","infinitespire:EmpoweringShard","hubris:TenFootPole","hubris:Potato","Bag of Marbles","Pear","Shuriken","Replay:Bandana","Toxic Egg 2","Bronze Scales","reliquary:TatteredRug","reliquary:Firecrackers","hubris:PeanutButter","reliquary:IridiumChain","infinitespire:Lucky Rock","Replay:Lucky Slots","Blue Doll","hubris:FunFungus","Replay:Wax Seal","reliquary:Boomerang","reliquary:BrokenClock","Strawberry","Whetstone","Thread and Needle","reliquary:ExpiredCoupon","Prayer Wheel","reliquary:PartyBalloon","Snack Pack","Gambling Chip","Meat on the Bone","Ornamental Fan","Pantograph","Quantum Egg","infinitespire:Eraser","reliquary:OuijaBoard","Garlic","Mirror","Replay:Ringing Soul","ReplayTheSpireMod:Shallot","hubris:SphereOfDissonance","reliquary:FeatherDuster"],"campfire_rested":0,"item_purchase_floors":[12,12,12,12,12,20,20,20,28,28,38,38,38,58,58,58,58,58,58,58,58,58,58,58,58,58,58,58,58,65,65,65,65,65,65,65,65,65,65,65,65,65,65,65,65,65,65,65,65,65,65,65,65,65,65,73,73,73,81,88,88,88,88,88,88,88,88,88,88,88,88,88,88,88,88,88,88,88,88,88,88,88,88,96,96,96,96,96,96,96,96,96,96,96,96,96,96,96,96,96,96,96,96,96],"current_hp_per_floor":[75,75,75,64,64,65,55,43,43,26,26,76,75,42,42,26,81,67,1,1,1,1,1,1,1,1,1,1,1,1,1,1,1,1,1,1,1,1,1,1,1,1,1,1,1,1,1,1,1,1,1,1,1,1,1,1,1,1,1,1,1,1,1,1,1,1,1,1,1,1,1,1,1,1,1,1,1,1,1,1,1,1,1,1,1,1,1,1,1,1,1,1,1,1,1,1,1,1,1,1,1,1,1,1,0,0],"gold":1712,"neow_bonus":"THREE_ENEMY_KILL","is_daily":false,"chose_seed":false,"campfire_upgraded":14,"win_rate":0.0,"timestamp":1612227752,"path_taken":["M","$","M","?","?","E","?","M","T","E","R","?","M","?","R","BOSS","M","?","$","M","M","NM","R","M","T","E","$","E","M","?","R","BOSS","M","?","M","$","M","R","E","AVR","T","?","E","R","?","E","R","BOSS","M","?","?","M","?","NM","$","R","T","E","R","?","R","$","R","BOSS","M","M","?","?","$","E","R","M","T","E","?","M","$","?","R","BOSS","M","?","?","M","AVR","R","E","M","T","E","$","M","?","M","R","BOSS","M","?","?"],"items_purchased_type":["Relic","Relic","Relic","Potion","Card","Relic","Relic","Relic","Relic","Relic","Relic","Relic","Relic","Relic","Relic","Relic","Relic","Relic","Relic","Relic","Relic","Relic","Relic","Relic","Relic","Relic","Relic","Relic","Relic","Relic","Relic","Relic","Relic","Relic","Relic","Relic","Relic","Relic","Relic","Relic","Relic","Relic","Relic","Relic","Relic","Relic","Relic","Relic","Relic","Relic","Relic","Relic","Relic","Relic","Relic","Relic","Relic","Relic","Relic","Relic","Relic","Relic","Relic","Relic","Relic","Relic","Relic","Relic","Relic","Relic","Relic","Relic","Relic","Relic","Relic","Relic","Relic","Relic","Relic","Relic","Relic","Relic","Relic","Relic","Relic","Relic","Relic","Relic","Relic","Relic","Relic","Relic","Relic","Relic","Relic","Relic","Relic","Relic","Relic","Relic","Relic","Relic","Relic","Relic"],"build_version":"2020-12-22","purchased_purges":7,"victory":false,"max_hp_per_floor":[75,75,75,75,75,76,77,78,78,79,79,79,80,80,80,81,81,82,1,1,1,1,1,1,1,1,1,1,1,1,1,1,1,1,1,1,1,1,1,1,1,1,1,1,1,1,1,1,1,1,1,1,1,1,1,1,1,1,1,1,1,1,1,1,1,1,1,1,1,1,1,1,1,1,1,1,1,1,1,1,1,1,1,1,1,1,1,1,1,1,1,1,1,1,1,1,1,1,1,1,1,1,1,1,1,1],"card_choices":[{"not_picked":["MysteriousBeam","Acceleration","BlazeAway"],"picked":"SKIP","floor":1.0},{"not_picked":["AlicesGift","Acceleration"],"picked":"SporeBomb","floor":3.0},{"not_picked":["GalacticHalo","6A"],"picked":"PulseMagic","floor":6.0},{"not_picked":["Robbery","GravityBeat","DC"],"picked":"SKIP","floor":7.0},{"not_picked":["IllusionStar","UnstableBomb"],"picked":"ShootingEcho","floor":8.0},{"not_picked":["UnstableBomb","GalacticHalo","EscapeVelocity"],"picked":"SKIP","floor":10.0},{"not_picked":["EnergyFlow","ManaConvection"],"picked":"GasGiant","floor":13.0},{"not_picked":["MillisecondPulsars","StarDustReverie"],"picked":"UltimateShortwave","floor":16.0},{"not_picked":["GravityBeat+1","SporeBomb"],"picked":"OrrerysSun","floor":18.0},{"not_picked":["DoubleSpark","GrandCross+1"],"picked":"MilkyWay+1","floor":21.0},{"not_picked":["WitchOfGreed","RefractionSpark"],"picked":"UnstableBomb+1","floor":22.0},{"not_picked":["IllusionStar","ManaRampage","DarkSpark+1"],"picked":"SKIP","floor":23.0},{"not_picked":["LuminesStrike","EventHorizon","6A"],"picked":"SKIP","floor":25.0},{"not_picked":["ChargingUp","AsteroidBelt"],"picked":"MagicChant","floor":27.0},{"not_picked":["ShootingEcho+1","DC"],"picked":"MagicChant","floor":29.0},{"not_picked":["MysteriousBeam","6A+1","Robbery"],"picked":"SKIP","floor":30.0},{"not_picked":["OrrerysSun+1","ShootingEcho","NonDirectionalLaser+1"],"picked":"SKIP","floor":35.0},{"not_picked":["AsteroidBelt+1","MysteriousBeam+1"],"picked":"Acceleration","floor":37.0},{"not_picked":["EnergyRecoil","WitchOfGreed","LuminesStrike"],"picked":"SKIP","floor":39.0},{"not_picked":["RefractionSpark+1","DC+1"],"picked":"ChargingUp","floor":41.0},{"not_picked":["MachineGunSpark+1","IllusionStar","RefractionSpark+1"],"picked":"SKIP","floor":45.0},{"not_picked":["OpenUniverse+1","ManaRampage"],"picked":"UltimateShortwave","floor":48.0},{"not_picked":["IllusionStar","6A+1"],"picked":"Singularity","floor":52.0},{"not_picked":["IllusionStar","GrandCross+1"],"picked":"WitchLeyline+1","floor":54.0},{"not_picked":["SuperPerseids","PowerUp","AsteroidBelt"],"picked":"SKIP","floor":55.0},{"not_picked":["WitchOfGreed","FinalSpark+1","GravityBeat+1"],"picked":"SKIP","floor":57.0},{"not_picked":["MillisecondPulsars","Singularity"],"picked":"OortCloud","floor":61.0},{"not_picked":["Acceleration","6A+1"],"picked":"PropBag","floor":69.0},{"not_picked":["FairyDestructionRay+1","ShootingEcho+1","WitchOfGreed"],"picked":"SKIP","floor":70.0},{"not_picked":["ShootingEcho+1","SporeBomb"],"picked":"PowerUp+1","floor":71.0},{"not_picked":["PulseMagic","OpenUniverse+1"],"picked":"EscapeVelocity","floor":71.0},{"not_picked":["MysteriousBeam+1","SporeBomb+1","WitchLeyline+1"],"picked":"SKIP","floor":74.0},{"not_picked":["EnergyRecoil","PulseMagic","MilkyWay"],"picked":"SKIP","floor":76.0},{"not_picked":["GravityBeat+1","EnergyRecoil","Singularity+1"],"picked":"SKIP","floor":78.0},{"not_picked":["ShootingEcho+1","Acceleration","StarlightTyphoon"],"picked":"SKIP","floor":80.0},{"not_picked":["GrandCross+1","UnstableBomb+1","NonDirectionalLaser+1"],"picked":"SKIP","floor":86.0},{"not_picked":["ShootingEcho+1","DarkMatter+1","TreasureHunter+1"],"picked":"SKIP","floor":92},{"not_picked":["GravityBeat+1","ChargeUpSpray+1","NonDirectionalLaser+1"],"picked":"SKIP","floor":93},{"not_picked":["DarkMatter+1","6A+1","OrrerysSun+1"],"picked":"SKIP","floor":95},{"not_picked":["infinitespire:Oblivion","ReplayTheSpireMod:??????????????????????"],"picked":"infinitespire:SealOfDarkness+","floor":96},{"not_picked":["PulseMagic+1","MilkyWay+1","StarlightTyphoon+1"],"picked":"SKIP","floor":97},{"not_picked":["WitchLeyline+1","StarlightTyphoon+1","OrrerysSun"],"picked":"SKIP","floor":97},{"not_picked":["BlazeAway+1","GasGiant+1","Orbital+1"],"picked":"SKIP","floor":99},{"not_picked":["ShootingEcho+1","LuminesStrike+1","GrandCross+1"],"picked":"SKIP","floor":99},{"not_picked":["TreasureHunter+1","MaximisePower+1"],"picked":"UltimateShortwave+1","floor":101},{"not_picked":["MysteriousBeam+1","WitchLeyline+1","OortCloud"],"picked":"SKIP","floor":103},{"not_picked":["IllusionStar+1","Orbital+1","GrandCross+1"],"picked":"SKIP","floor":103}],"player_experience":421038,"relics_obtained":[{"floor":6.0,"key":"Onion Ring"},{"floor":9.0,"key":"Replay:Bottled Snecko"},{"floor":10.0,"key":"Gremlin Food"},{"floor":23.0,"key":"StrikeDummy"},{"floor":26.0,"key":"infinitespire:Satchel"},{"floor":27.0,"key":"Ice Cream"},{"floor":29.0,"key":"Anchor"},{"floor":41.0,"key":"Molten Egg 2"},{"floor":43.0,"key":"Blue Candle"},{"floor":45.0,"key":"infinitespire:Beetle Shell"},{"floor":47.0,"key":"Pondfish Scales"},{"floor":48.0,"key":"reliquary:Stiletto"},{"floor":57.0,"key":"reliquary:BoilingFlask"},{"floor":60.0,"key":"Toy Ornithopter"},{"floor":60.0,"key":"Simple Rune"},{"floor":61.0,"key":"Replay:PocketPolymizer"},{"floor":71.0,"key":"Ancient Tea Set"},{"floor":74.0,"key":"reliquary:SharkskinSheath"},{"floor":77.0,"key":"Oddly Smooth Stone"},{"floor":78.0,"key":"Grinning Jar"},{"floor":92,"key":"Lantern"},{"floor":94,"key":"Potion Belt"},{"floor":95,"key":"PreservedInsect"},{"floor":100,"key":"infinitespire:CheckeredPen"}],"event_choices":[{"damage_healed":0.0,"max_hp_gain":0.0,"max_hp_loss":0.0,"gold_gain":75.0,"event_name":"World of Goop","player_choice":"Gather Gold","floor":4.0,"gold_loss":0.0,"damage_taken":11.0},{"damage_healed":0.0,"max_hp_gain":0.0,"max_hp_loss":0.0,"gold_gain":0.0,"event_name":"FaceTrader","player_choice":"Trade","floor":5.0,"gold_loss":0.0,"damage_taken":0.0,"relics_obtained":["FaceOfCleric"]},{"damage_healed":0.0,"max_hp_gain":0.0,"max_hp_loss":0.0,"gold_gain":0.0,"event_name":"Scrap Ooze","player_choice":"Success","floor":14.0,"gold_loss":0.0,"damage_taken":33.0,"relics_obtained":["White Beast Statue"]},{"damage_healed":0.0,"max_hp_gain":0.0,"max_hp_loss":0.0,"gold_gain":0.0,"event_name":"Back to Basics","player_choice":"Simplicity","floor":31.0,"gold_loss":0.0,"damage_taken":0.0,"cards_upgraded":["Strike_MRS","Defend_MRS","Defend_MRS","Defend_MRS"]},{"cards_removed":["UpSweep"],"damage_healed":0.0,"max_hp_gain":0.0,"max_hp_loss":0.0,"gold_gain":0.0,"event_name":"Falling","player_choice":"Removed Attack","floor":44.0,"gold_loss":0.0,"damage_taken":0.0},{"damage_healed":0.0,"max_hp_gain":0.0,"max_hp_loss":0.0,"gold_gain":0.0,"event_name":"Mysterious Sphere","player_choice":"Fight","floor":47.0,"gold_loss":0.0,"damage_taken":0.0},{"damage_healed":0.0,"max_hp_gain":0.0,"max_hp_loss":0.0,"gold_gain":0.0,"event_name":"Accursed Blacksmith","player_choice":"Forge","floor":53.0,"gold_loss":0.0,"damage_taken":0.0,"cards_upgraded":["ChargingUp"]},{"damage_healed":0.0,"max_hp_gain":0.0,"max_hp_loss":0.0,"gold_gain":0.0,"event_name":"Drug Dealer","player_choice":"Obtain J.A.X.","floor":72.0,"gold_loss":0.0,"damage_taken":0.0,"cards_obtained":["J.A.X."]},{"damage_healed":0.0,"max_hp_gain":0.0,"max_hp_loss":0.0,"gold_gain":0.0,"event_name":"The Library","player_choice":"Read","floor":79.0,"gold_loss":0.0,"damage_taken":0.0,"cards_obtained":["Acceleration"]},{"cards_removed":["Pot Of Greed"],"damage_healed":0.0,"max_hp_gain":0.0,"max_hp_loss":0.0,"gold_gain":0.0,"event_name":"Purifier","player_choice":"Purged","floor":87.0,"gold_loss":0.0,"damage_taken":0.0},{"damage_healed":0,"gold_gain":75,"player_choice":"Gather Gold","damage_taken":11,"max_hp_gain":0,"max_hp_loss":0,"event_name":"World of Goop","floor":104,"gold_loss":0}],"is_beta":false,"boss_relics":[{"not_picked":["hubris:CrackedHourglass","Tiny House"],"picked":"hubris:ScarierMask"},{"not_picked":["ExperimentalFamiliar","reliquary:RedCape"],"picked":"BewitchedHakkero"},{"not_picked":["hubris:BlackHole","Runic Dome","reliquary:RedPaperclip"]},{"not_picked":["Runic Dome","Astrolabe"],"picked":"hubris:TerracottaHorce"},{"not_picked":["Replay:Drink Me","hubris:HollowSoul"],"picked":"SlaversCollar"},{"not_picked":["reliquary:RedPaperclip","hubris:RunicObelisk","reliquary:Craggleroot"]}],"items_purged_floors":[2,12,20,28,38,42,58],"is_endless":true,"potions_floor_spawned":[1,3,7,10,16,18,21,22,23,25,27,29,30,33,35,37,39,41,45,47,48,50,52,54,55,57,61,67,69,70,74,76,78,80,84,86,89,92,93,95,97,99,101,103],"ascension_level":1}}