{"host":"evny4tziu33vpgm7","time":1612273713,"event":{"mods":["2.2 Compatiblity","BaseMod","BetterRewards","Booster Modes","Card Filter","Colored Map","Colored Powertips","Fox Events","Friendly Minions","GifTheSpireLib","Minty Spire (QoL Compilation)","Random Character Button","Random Character Mod","Rare Cards Sparkle","Relic Filter","Relic Sorter","Reliquary","Shop Mod","Spire Arcade","StS++","StSLib","SuperFastMode","The Blue Laboratory","The Dragonkin","TheSurvivalist","Yuri Mod","??????REMEMod"],"gold_per_floor":[116,44,107,182,197,197,210,210,255,255,24,37,37,69,69,174,174,194,119,133,133,161,161,161,161,208,233,233,263,279,33,33,133,133,152,0,10,20,52,52,52,52,52,52,84,84,111,111,111,111],"floor_reached":51,"language":"ENG","playtime":27357,"items_purged":["theDragonkin:FlameWard"],"score":1108,"play_id":"0ee9820b-5023-4d63-a85d-a3016f55241a","local_time":"20210202064833","daily_mods":["SealedDeck","Heirloom","Flight","DeadlyEvents"],"is_ascension_mode":true,"campfire_choices":[{"data":"theDragonkin:DivineBreath","floor":6,"key":"SMITH"},{"data":"theDragonkin:DivineBreath","floor":8,"key":"SMITH"},{"data":"theDragonkin:DivineBreath","floor":10,"key":"SMITH"},{"data":"theDragonkin:HammerOfWrath","floor":13,"key":"SMITH"},{"data":"theDragonkin:DivineStorm","floor":15,"key":"SMITH"},{"data":"theDragonkin:DivineVision","floor":23,"key":"SMITH"},{"data":"theDragonkin:LightArmor","floor":24,"key":"SMITH"},{"data":"theDragonkin:LightArmor","floor":25,"key":"SMITH"},{"data":"theDragonkin:HolyWordBarrier","floor":28,"key":"SMITH"},{"data":"theDragonkin:Detox","floor":32,"key":"SMITH"},{"data":"theDragonkin:AkatirnsDecree","floor":40,"key":"SMITH"},{"data":"theDragonkin:VoiceofOrder","floor":41,"key":"SMITH"},{"data":"theDragonkin:DivinePrayer","floor":42,"key":"SMITH"},{"data":"theDragonkin:AshBreath","floor":44,"key":"SMITH"},{"data":"theDragonkin:DivineBreath","floor":46,"key":"SMITH"},{"data":"theDragonkin:HolyBarrier","floor":49,"key":"SMITH"}],"circlet_count":0,"master_deck":["theDragonkin:DivineBreath+1","theDragonkin:FlameWard","theDragonkin:Detox+1","theDragonkin:VoiceofOrder+1","theDragonkin:DivineBreath+1","theDragonkin:DivineBreath+1","theDragonkin:AshBreath+1","theDragonkin:DivineVision+1","theDragonkin:LightArmor+1","theDragonkin:DivinePrayer+1","theDragonkin:LightArmor+1","theDragonkin:HolyWordBarrier+1","theDragonkin:HammerOfWrath+1","theDragonkin:DivineStorm+1","theDragonkin:AkatirnsDecree+1","theDragonkin:MoltenBreath","theDragonkin:Smaugs_Smog","theDragonkin:DivineBreath+1","theDragonkin:DivinePrayer+1","theDragonkin:AcidArmor+1","theDragonkin:DivineBreath+1","theDragonkin:HolyBarrier+1","theDragonkin:MirrorBreath"],"relics":["theDragonkin:GarnetScale","REME_ComplimentaryCards","Ice Cream","reliquary:SharkskinSheath","MerchantsRug","Frozen Egg 2","Ornamental Fan","Orichalcum","Anchor","theDragonkin:FernosBellows","Ginger","White Beast Statue","SlaversCollar","Red Mask","Lizard Tail","Du-Vu Doll","Turnip","Shovel"],"acts_visited":["Exordium","TheCity","TheBeyond"],"potions_floor_usage":[],"damage_taken":[{"damage":0,"enemies":"Small Slimes","floor":1,"turns":3},{"damage":0,"enemies":"Cultist","floor":5,"turns":4},{"damage":3,"enemies":"Jaw Worm","floor":7,"turns":4},{"damage":0,"enemies":"2 Fungi Beasts","floor":12,"turns":2},{"damage":0,"enemies":"3 Sentries","floor":14,"turns":5},{"damage":0,"enemies":"Slime Boss","floor":16,"turns":13},{"damage":0,"enemies":"2 Thieves","floor":18,"turns":3},{"damage":0,"enemies":"Spheric Guardian","floor":20,"turns":3},{"damage":0,"enemies":"Book of Stabbing","floor":22,"turns":4},{"damage":0,"enemies":"Gremlin Leader","floor":27,"turns":3},{"damage":0,"enemies":"REME_1_Revenger","floor":29,"turns":3},{"damage":0,"enemies":"Snake Plant","floor":30,"turns":3},{"damage":4,"enemies":"Automaton","floor":33,"turns":9},{"damage":1,"enemies":"3 Darklings","floor":35,"turns":7},{"damage":0,"enemies":"3 Shapes","floor":38,"turns":3},{"damage":0,"enemies":"Nemesis","floor":39,"turns":5},{"damage":0,"enemies":"Reptomancer","floor":45,"turns":4},{"damage":0,"enemies":"Nemesis","floor":47,"turns":5},{"damage":0,"enemies":"TheAcolyte","floor":50,"turns":7}],"seed_played":"3048767103076407181","potions_obtained":[{"floor":1,"key":"blueLaboratory:PyrophylliteBrew"},{"floor":5,"key":"theDragonkin:DragonkinUncommonPotion"},{"floor":16,"key":"StSpp:ScatteredPotion"},{"floor":18,"key":"blueLaboratory:BubblePotion"},{"floor":29,"key":"DistilledChaos"},{"floor":33,"key":"blueLaboratory:FrostheartPotion"},{"floor":47,"key":"Energy Potion"},{"floor":48,"key":"blueLaboratory:RecallPotion"}],"is_trial":true,"path_per_floor":["M","$","?","?","M","R","M","R","T","R","$","M","R","E","R","B",null,"M","?","M","?","E","R","R","R","T","E","R","E","M","$","R","B",null,"M","?","?","M","E","R","R","R","T","R","E","R","E","?","R","B",null],"character_chosen":"THE_DRAGONKIN","items_purchased":["theDragonkin:LightArmor","MerchantsRug","theDragonkin:HammerOfWrath","White Beast Statue","theDragonkin:MoltenBreath"],"campfire_rested":0,"item_purchase_floors":[2,11,11,31,31],"current_hp_per_floor":[85,85,85,77,77,77,74,74,74,74,74,74,74,74,74,74,85,85,85,85,85,85,85,85,85,85,85,85,85,85,85,85,81,85,84,84,84,84,84,84,84,84,84,84,84,84,84,84,84,84],"gold":111,"neow_bonus":"","is_daily":false,"chose_seed":false,"campfire_upgraded":16,"win_rate":0.0,"timestamp":1612273713,"path_taken":["M","$","?","?","?","R","M","R","T","R","$","M","R","E","R","BOSS","M","?","M","?","?","R","R","R","T","E","R","E","?","$","R","BOSS","M","?","?","?","?","R","R","R","T","R","E","R","E","?","R","BOSS"],"items_purchased_type":["Card","Relic","Card","Relic","Card"],"build_version":"2020-12-22","purchased_purges":1,"victory":true,"max_hp_per_floor":[85,85,85,85,85,85,85,85,85,85,85,85,85,85,85,85,85,85,85,85,85,85,85,85,85,85,85,85,85,85,85,85,85,85,85,85,85,85,85,85,85,85,85,85,85,85,85,85,85,85],"card_choices":[{"not_picked":["theDragonkin:EmberSwipe","theDragonkin:ControlledBreath"],"picked":"theDragonkin:FlameWard","floor":1},{"not_picked":["theDragonkin:DivineFire","theDragonkin:Cauterize"],"picked":"theDragonkin:HolyWordBarrier","floor":5},{"not_picked":["theDragonkin:DivineFire","theDragonkin:DivineJolt","theDragonkin:CorrosiveBelch"],"picked":"SKIP","floor":7},{"not_picked":["theDragonkin:MiasmicBreath","theDragonkin:AcidBreath","theDragonkin:CorrosiveBelch"],"picked":"SKIP","floor":12},{"not_picked":["theDragonkin:GooGrip","theDragonkin:SandBreath"],"picked":"theDragonkin:DivineStorm","floor":14},{"not_picked":["theDragonkin:DivineStorm","theDragonkin:AshenArmor+1"],"picked":"theDragonkin:AkatirnsDecree","floor":16},{"not_picked":["theDragonkin:MiasmicBreath"],"picked":"SKIP","floor":18},{"not_picked":["theDragonkin:MiasmicBreath"],"picked":"SKIP","floor":18},{"not_picked":["theDragonkin:MiasmicBreath"],"picked":"SKIP","floor":18},{"not_picked":["theDragonkin:EmberSwipe+1"],"picked":"SKIP","floor":20},{"not_picked":["theDragonkin:CorrosiveBelch"],"picked":"SKIP","floor":22},{"not_picked":["theDragonkin:HolyWordBarrier"],"picked":"SKIP","floor":27},{"not_picked":["theDragonkin:EmberSwipe"],"picked":"SKIP","floor":29},{"not_picked":["theDragonkin:FlameBreath"],"picked":"SKIP","floor":30},{"not_picked":["theDragonkin:BurnAfterReading","theDragonkin:MirrorBreath"],"picked":"theDragonkin:Smaugs_Smog","floor":33},{"not_picked":["theDragonkin:HolyWordBarrier+1","theDragonkin:BurningRage+1"],"picked":"theDragonkin:DivineBreath+1","floor":35},{"not_picked":["theDragonkin:MagmaScales+1","theDragonkin:SlowBurn+1"],"picked":"theDragonkin:DivinePrayer+1","floor":38},{"not_picked":["theDragonkin:SandBreath","theDragonkin:MiasmicBreath"],"picked":"theDragonkin:AcidArmor+1","floor":39},{"not_picked":["theDragonkin:DivineJolt","theDragonkin:HolyWordBarrier+1"],"picked":"theDragonkin:DivineBreath","floor":45},{"not_picked":["theDragonkin:SandBreath","theDragonkin:DivineJolt"],"picked":"theDragonkin:HolyBarrier","floor":47}],"player_experience":963202,"relics_obtained":[{"floor":9,"key":"reliquary:SharkskinSheath"},{"floor":14,"key":"Frozen Egg 2"},{"floor":22,"key":"Orichalcum"},{"floor":26,"key":"Anchor"},{"floor":27,"key":"theDragonkin:FernosBellows"},{"floor":29,"key":"Ginger"},{"floor":39,"key":"Lizard Tail"},{"floor":43,"key":"Du-Vu Doll"},{"floor":45,"key":"Turnip"},{"floor":47,"key":"Shovel"}],"event_choices":[{"damage_healed":0,"gold_gain":63,"player_choice":"Gained Gold","damage_taken":0,"max_hp_gain":0,"max_hp_loss":0,"event_name":"Golden Wing","floor":3,"gold_loss":0},{"damage_healed":0,"gold_gain":75,"player_choice":"Touch","damage_taken":8,"max_hp_gain":0,"max_hp_loss":0,"event_name":"FaceTrader","floor":4,"gold_loss":0},{"cards_removed":["REME_PuzzleBox"],"damage_healed":0,"gold_gain":0,"player_choice":"Gave Gold","damage_taken":0,"max_hp_gain":0,"max_hp_loss":0,"event_name":"Beggar","floor":19,"gold_loss":75},{"damage_healed":0,"gold_gain":0,"player_choice":"Gave Potion","damage_taken":0,"relics_obtained":["Ornamental Fan"],"max_hp_gain":0,"max_hp_loss":0,"event_name":"WeMeetAgain","floor":21,"gold_loss":0},{"damage_healed":0,"gold_gain":0,"player_choice":"Paid","damage_taken":0,"relics_obtained":["Red Mask"],"max_hp_gain":0,"max_hp_loss":0,"event_name":"Tomb of Lord Red Mask","floor":36,"gold_loss":152},{"damage_healed":0,"gold_gain":0,"player_choice":"Got Potions","damage_taken":0,"max_hp_gain":0,"max_hp_loss":0,"event_name":"Lab","floor":48,"gold_loss":0}],"is_beta":false,"boss_relics":[{"not_picked":["theDragonkin:ObsidianScale","Snecko Eye"],"picked":"Busted Crown"},{"not_picked":["Tiny House","reliquary:RedCape"],"picked":"SlaversCollar"}],"items_purged_floors":[31],"is_endless":false,"potions_floor_spawned":[1,5,16,18,29,30,33,35,38,39,45,47],"ascension_level":1}}