{"host":"nwd160me4iqdtr8u","time":1612290712,"event":{"mods":["AchievementEnabler","Act Like it!","BaseMod","Colored Map","DeckTracker","Keyboard Shortcuts","Minty Spire (QoL Compilation)","Quick Restart","Rare Cards Sparkle","Smile Girya","StSLib","SuperFastMode","everything is the same but u backflip on backflip"],"gold_per_floor":[118,118,118,43,62,62,96,107,155,155,172,207,217,60,60,133,133,144,156,156,206,206,206],"floor_reached":22,"language":"KOR","playtime":562,"items_purged":["Strike_G"],"score":438,"play_id":"8f6dea9f-1c25-49d3-9ff1-da63817e8849","local_time":"20210203033152","is_ascension_mode":true,"campfire_choices":[{"data":"Backstab","floor":6.0,"key":"SMITH"},{"floor":15.0,"key":"REST"}],"circlet_count":0,"master_deck":["AscendersBane","Defend_G","Defend_G","Defend_G","Survivor","Neutralize+1","Backstab+1","Cloak And Dagger","Deadly Poison","Phantasmal Killer","Poisoned Stab","Bouncing Flask","Die Die Die","Corpse Explosion","Caltrops+1","Concentrate+1","Blade Dance+1","Well Laid Plans+1"],"relics":["Ring of the Snake","NeowsBlessing","Boot","Vajra","Whetstone","Art of War","Astrolabe"],"acts_visited":["Exordium","TheCity"],"potions_floor_usage":[22],"damage_taken":[{"damage":0.0,"enemies":"Small Slimes","floor":1.0,"turns":1.0},{"damage":0.0,"enemies":"2 Louse","floor":5.0,"turns":1.0},{"damage":0.0,"enemies":"Gremlin Nob","floor":7.0,"turns":1.0},{"damage":0.0,"enemies":"Jaw Worm","floor":8.0,"turns":3.0},{"damage":18.0,"enemies":"Exordium Thugs","floor":11.0,"turns":5.0},{"damage":17.0,"enemies":"Lagavulin","floor":12.0,"turns":4.0},{"damage":6.0,"enemies":"2 Fungi Beasts","floor":13.0,"turns":3.0},{"damage":34.0,"enemies":"Hexaghost","floor":16.0,"turns":10.0},{"damage":22.0,"enemies":"2 Thieves","floor":18.0,"turns":2.0},{"damage":18.0,"enemies":"Spheric Guardian","floor":19.0,"turns":4.0},{"damage":18,"enemies":"Centurion and Healer","floor":22,"turns":1}],"seed_played":"8303456109732475702","potions_obtained":[{"floor":5.0,"key":"EssenceOfSteel"},{"floor":8.0,"key":"FairyPotion"},{"floor":16.0,"key":"Regen Potion"},{"floor":19.0,"key":"AttackPotion"}],"is_trial":false,"path_per_floor":["M","?","?","$","M","R","E","M","T","?","M","E","M","$","R","B",null,"M","M","?","?","M"],"character_chosen":"THE_SILENT","items_purchased":["Art of War"],"campfire_rested":1,"item_purchase_floors":[14],"current_hp_per_floor":[59,59,52,52,52,52,52,52,52,52,34,17,11,11,30,15,53,36,18,18,18,0,0],"gold":206,"neow_bonus":"THREE_ENEMY_KILL","is_daily":false,"chose_seed":false,"campfire_upgraded":1,"win_rate":0.0,"timestamp":1612290712,"path_taken":["M","?","?","$","M","R","E","M","T","?","M","E","M","$","R","BOSS","M","M","?","?","M"],"items_purchased_type":["Relic"],"build_version":"2020-12-22","purchased_purges":1,"victory":false,"max_hp_per_floor":[66,66,66,66,66,66,66,66,66,66,66,66,66,66,66,66,66,66,66,66,66,66,66],"card_choices":[{"not_picked":["Cloak And Dagger","Dagger Spray"],"picked":"Backstab","floor":1.0},{"not_picked":["Sucker Punch","Acrobatics"],"picked":"Deadly Poison","floor":5.0},{"not_picked":["Prepared","Bane"],"picked":"Phantasmal Killer","floor":7.0},{"not_picked":["Slice","Acrobatics"],"picked":"Poisoned Stab","floor":8.0},{"not_picked":["Predator","Bane"],"picked":"Bouncing Flask","floor":11.0},{"not_picked":["Choke","All Out Attack","Bane"],"picked":"SKIP","floor":12.0},{"not_picked":["Sucker Punch","Deadly Poison"],"picked":"Die Die Die","floor":13.0},{"not_picked":["Die Die Die","Doppelganger"],"picked":"Corpse Explosion","floor":16.0},{"not_picked":["Dodge and Roll","Slice"],"picked":"Well Laid Plans+1","floor":18.0},{"not_picked":["Cloak And Dagger","Blade Dance","Unload"],"picked":"SKIP","floor":19.0}],"player_experience":381458,"relics_obtained":[{"floor":7.0,"key":"Boot"},{"floor":9.0,"key":"Vajra"},{"floor":12.0,"key":"Whetstone"}],"event_choices":[{"damage_healed":0.0,"max_hp_gain":0.0,"max_hp_loss":0.0,"gold_gain":0.0,"cards_transformed":["Strike_G"],"event_name":"Living Wall","player_choice":"Change","floor":2.0,"gold_loss":0.0,"damage_taken":0.0,"cards_obtained":["Cloak And Dagger"]},{"cards_removed":["Strike_G"],"damage_healed":0.0,"max_hp_gain":0.0,"max_hp_loss":0.0,"gold_gain":0.0,"event_name":"Golden Wing","player_choice":"Card Removal","floor":3.0,"gold_loss":0.0,"damage_taken":7.0},{"damage_healed":0.0,"max_hp_gain":0.0,"max_hp_loss":0.0,"gold_gain":0.0,"event_name":"Liars Game","player_choice":"Ignored","floor":10.0,"gold_loss":0.0,"damage_taken":0.0},{"cards_removed":["Strike_G"],"damage_healed":0.0,"max_hp_gain":0.0,"max_hp_loss":0.0,"gold_gain":0.0,"event_name":"Back to Basics","player_choice":"Elegance","floor":20.0,"gold_loss":0.0,"damage_taken":0.0},{"damage_healed":0.0,"max_hp_gain":0.0,"max_hp_loss":0.0,"gold_gain":50.0,"event_name":"Nest","player_choice":"Stole From Cult","floor":21.0,"gold_loss":0.0,"damage_taken":0.0}],"is_beta":false,"boss_relics":[{"not_picked":["Velvet Choker","Philosopher\u0027s Stone"],"picked":"Astrolabe"}],"items_purged_floors":[4],"is_endless":false,"potions_floor_spawned":[5,8,16,19],"killed_by":"Centurion and Healer","ascension_level":20}}