{"host":"6a9c3xws62y7efyw","time":1612254963,"event":{"mods":["BaseMod","Colored Map","Minty Spire (QoL Compilation)","Relic Stats","StSLib"],"gold_per_floor":[16,28,38,55,67,67,85,85,85,97,97,97,128,3,3,82,82,94,106,106,121,141,141,167,180,226,258,258,268,297,16,16,90,90,108,108,58,0,17,17,48,48,99,99,115,95,113,146,146,146,146,146,146,13,43,43],"floor_reached":57,"language":"ENG","playtime":3734,"items_purged":["Strike_G","Bite","Defend_G"],"score":2948,"play_id":"51f63a5d-618b-4626-b234-5f2d78610b3b","local_time":"20210202003603","is_ascension_mode":true,"campfire_choices":[{"data":"Dash","floor":6.0,"key":"SMITH"},{"data":"Predator","floor":8,"key":"SMITH"},{"data":"Neutralize","floor":12,"key":"SMITH"},{"data":"Crippling Poison","floor":15,"key":"SMITH"},{"data":"Bouncing Flask","floor":23,"key":"SMITH"},{"data":"Cloak And Dagger","floor":28,"key":"SMITH"},{"data":"Leg Sweep","floor":32,"key":"SMITH"},{"data":"Well Laid Plans","floor":40,"key":"SMITH"},{"floor":42,"key":"RECALL"},{"data":"Acrobatics","floor":44,"key":"SMITH"},{"data":"Master of Strategy","floor":49,"key":"SMITH"},{"data":"Backflip","floor":53,"key":"SMITH"}],"circlet_count":0,"master_deck":["AscendersBane","Defend_G","Defend_G","Defend_G","Defend_G","Survivor","Neutralize+1","Master of Strategy+1","Bane+1","Predator+1","Dash+1","Backflip+1","Poisoned Stab","Dagger Spray","Crippling Poison+1","Bouncing Flask+1","After Image","Dodge and Roll+1","Bite","Bite","Bite","Bite","Noxious Fumes+1","Corpse Explosion","Cloak And Dagger+1","Blade Dance","Leg Sweep+1","Acrobatics+1","Bullet Time","Well Laid Plans+1","Mayhem","PanicButton","Predator+1","Backflip","Catalyst"],"relics":["Ring of the Snake","Kunai","Incense Burner","Smiling Mask","Snecko Eye","Orichalcum","Oddly Smooth Stone","Dead Branch","White Beast Statue","HornCleat","Coffee Dripper","Red Mask","Calipers","Darkstone Periapt","Whetstone"],"acts_visited":["Exordium","TheCity","TheBeyond","TheEnding"],"potions_floor_usage":[13,16,22,29,41,56,56],"damage_taken":[{"damage":15.0,"enemies":"Cultist","floor":1.0,"turns":6.0},{"damage":4.0,"enemies":"Jaw Worm","floor":2.0,"turns":7.0},{"damage":0.0,"enemies":"Small Slimes","floor":3.0,"turns":3.0},{"damage":7.0,"enemies":"Looter","floor":4.0,"turns":4.0},{"damage":3.0,"enemies":"Large Slime","floor":5.0,"turns":5.0},{"damage":5,"enemies":"Gremlin Gang","floor":7,"turns":6},{"damage":3,"enemies":"Blue Slaver","floor":10,"turns":4},{"damage":2,"enemies":"3 Sentries","floor":13,"turns":6},{"damage":10,"enemies":"Hexaghost","floor":16,"turns":10},{"damage":0,"enemies":"Shell Parasite","floor":18,"turns":5},{"damage":0,"enemies":"Spheric Guardian","floor":19,"turns":4},{"damage":0,"enemies":"3 Cultists","floor":21,"turns":4},{"damage":14,"enemies":"Snake Plant","floor":22,"turns":5},{"damage":24,"enemies":"Gremlin Leader","floor":24,"turns":7},{"damage":9,"enemies":"Sentry and Sphere","floor":25,"turns":6},{"damage":0,"enemies":"Slavers","floor":27,"turns":2},{"damage":7,"enemies":"Shelled Parasite and Fungi","floor":29,"turns":3},{"damage":12,"enemies":"Gremlin Leader","floor":30,"turns":5},{"damage":13,"enemies":"Champ","floor":33,"turns":12},{"damage":0,"enemies":"Orb Walker","floor":35,"turns":3},{"damage":0,"enemies":"3 Darklings","floor":39,"turns":4},{"damage":6,"enemies":"Nemesis","floor":41,"turns":7},{"damage":0,"enemies":"Writhing Mass","floor":45,"turns":5},{"damage":0,"enemies":"Sphere and 2 Shapes","floor":47,"turns":4},{"damage":0,"enemies":"Reptomancer","floor":48,"turns":5},{"damage":3,"enemies":"Awakened One","floor":50,"turns":12},{"damage":4,"enemies":"Donu and Deca","floor":51,"turns":7},{"damage":0,"enemies":"Shield and Spear","floor":55,"turns":5},{"damage":3,"enemies":"The Heart","floor":56,"turns":8}],"seed_played":"-4665307077701185337","potions_obtained":[{"floor":3.0,"key":"DuplicationPotion"},{"floor":10,"key":"SkillPotion"},{"floor":13,"key":"Fruit Juice"},{"floor":16,"key":"SneckoOil"},{"floor":18,"key":"Strength Potion"},{"floor":19,"key":"Block Potion"},{"floor":27,"key":"Energy Potion"},{"floor":33,"key":"Weak Potion"},{"floor":35,"key":"DuplicationPotion"},{"floor":41,"key":"AttackPotion"},{"floor":46,"key":"PowerPotion"}],"is_trial":false,"path_per_floor":["M","M","M","M","M","R","M","R","T","M","T","R","E","$","R","B",null,"M","M","?","M","M","R","E","M","T","E","R","M","E","$","R","B",null,"M","?","$","?","M","R","E","R","T","R","M","?","M","E","R","B","B",null,"R","$","E","B",null],"character_chosen":"THE_SILENT","items_purchased":["Bouncing Flask","HornCleat","Catalyst"],"campfire_rested":0,"item_purchase_floors":[14,31,54],"current_hp_per_floor":[44,40,40,33,30,30,25,25,25,22,22,22,20,20,20,15,57,57,57,49,49,45,45,35,34,34,42,42,39,37,37,37,46,48,49,39,39,39,47,47,49,49,49,49,49,49,49,49,49,49,49,49,49,49,49,49],"gold":43,"neow_bonus":"RANDOM_COLORLESS_2","is_daily":false,"chose_seed":false,"campfire_upgraded":11,"win_rate":0.0,"timestamp":1612254963,"path_taken":["M","M","M","M","M","R","?","R","T","M","?","R","E","?","R","BOSS","M","?","?","M","M","R","E","M","T","E","R","M","E","$","R","BOSS","M","?","$","?","M","R","E","R","T","R","M","?","?","E","R","BOSS","BOSS","R","$","E","BOSS"],"items_purchased_type":["Card","Relic","Card"],"build_version":"2020-12-22","purchased_purges":3,"victory":true,"max_hp_per_floor":[66,66,66,66,66,66,66,66,66,66,66,66,66,66,66,71,71,71,71,49,49,49,49,49,49,49,49,49,49,49,49,49,49,49,49,49,49,49,49,49,49,49,49,49,49,49,49,49,49,49,49,49,49,49,49,49],"relic_stats":{"Darkstone Periapt":0,"counters":[29,164],"Dead Branch":[158],"Snecko Eye":[247,238,230,231],"Kunai":[81],"Whetstone":["Bane","Predator"],"Orichalcum":[24],"Smiling Mask":150,"obtain_stats":[{"Darkstone Periapt":48,"Calipers":41,"Dead Branch":27,"Oddly Smooth Stone":26,"Incense Burner":11,"Whetstone":55,"Orichalcum":24,"Smiling Mask":13,"White Beast Statue":30,"HornCleat":31,"Snecko Eye":17,"Coffee Dripper":34,"Red Mask":38,"Kunai":9,"Ring of the Snake":0},{"Darkstone Periapt":25,"Calipers":22,"Dead Branch":16,"Oddly Smooth Stone":15,"Incense Burner":7,"Whetstone":28,"Orichalcum":14,"Smiling Mask":8,"White Beast Statue":18,"HornCleat":18,"Snecko Eye":9,"Coffee Dripper":19,"Red Mask":20,"Kunai":6,"Ring of the Snake":0},{"Darkstone Periapt":132,"Calipers":118,"Dead Branch":84,"Oddly Smooth Stone":82,"Incense Burner":35,"Whetstone":156,"Orichalcum":76,"Smiling Mask":41,"White Beast Statue":92,"HornCleat":92,"Snecko Eye":51,"Coffee Dripper":104,"Red Mask":107,"Kunai":31,"Ring of the Snake":0}],"Ring of the Snake":[58]},"card_choices":[{"not_picked":["Secret Weapon","Magnetism"],"picked":"Master of Strategy","floor":0.0},{"not_picked":["Acrobatics","Heel Hook"],"picked":"Bane","floor":1.0},{"not_picked":["Escape Plan","Concentrate"],"picked":"Predator","floor":2.0},{"not_picked":["Infinite Blades","PiercingWail"],"picked":"Dash","floor":3.0},{"not_picked":["Underhanded Strike","Sucker Punch"],"picked":"Backflip","floor":4.0},{"not_picked":["Deadly Poison","Well Laid Plans"],"picked":"Poisoned Stab","floor":5.0},{"not_picked":["Night Terror","Riddle With Holes","Flechettes"],"picked":"SKIP","floor":7},{"not_picked":["Accuracy","Finisher"],"picked":"Dagger Spray","floor":10},{"not_picked":["Reflex","Prepared"],"picked":"Crippling Poison","floor":13},{"not_picked":["Grand Finale","Tools of the Trade"],"picked":"After Image","floor":16},{"not_picked":["Prepared","Underhanded Strike"],"picked":"Dodge and Roll+1","floor":18},{"not_picked":["Escape Plan","Sucker Punch","Prepared"],"picked":"SKIP","floor":19},{"not_picked":["Flechettes","Dagger Throw","Prepared"],"picked":"SKIP","floor":21},{"not_picked":["Crippling Poison","Bane"],"picked":"Noxious Fumes+1","floor":22},{"not_picked":["Catalyst","Expertise"],"picked":"Corpse Explosion","floor":24},{"not_picked":["Prepared","Footwork"],"picked":"Cloak And Dagger","floor":25},{"not_picked":["Well Laid Plans","Slice"],"picked":"Blade Dance","floor":27},{"not_picked":["Expertise","Outmaneuver"],"picked":"Leg Sweep","floor":29},{"not_picked":["Doppelganger","Accuracy"],"picked":"Acrobatics","floor":30},{"not_picked":["Adrenaline","Doppelganger"],"picked":"Bullet Time","floor":33},{"not_picked":["Riddle With Holes","Deadly Poison"],"picked":"Well Laid Plans","floor":35},{"not_picked":["PanicButton","Discovery"],"picked":"Mayhem","floor":36},{"not_picked":["Transmutation","Panacea"],"picked":"PanicButton","floor":36},{"not_picked":["Dagger Throw","Sucker Punch","Skewer+1"],"picked":"SKIP","floor":39},{"not_picked":["Dagger Throw","Sucker Punch","Skewer+1"],"picked":"SKIP","floor":39},{"not_picked":["Bane","Flechettes+1"],"picked":"Predator","floor":41},{"not_picked":["Bane","Noxious Fumes","Endless Agony"],"picked":"SKIP","floor":45},{"not_picked":["Slice","Accuracy","Poisoned Stab"],"picked":"SKIP","floor":47},{"not_picked":["Corpse Explosion","Heel Hook"],"picked":"Backflip","floor":48},{"not_picked":["Sucker Punch","Bane","Reflex"],"picked":"SKIP","floor":55}],"player_experience":1459087,"relics_obtained":[{"floor":9,"key":"Kunai"},{"floor":11,"key":"Incense Burner"},{"floor":13,"key":"Smiling Mask"},{"floor":24,"key":"Orichalcum"},{"floor":26,"key":"Oddly Smooth Stone"},{"floor":27,"key":"Dead Branch"},{"floor":30,"key":"White Beast Statue"},{"floor":41,"key":"Calipers"},{"floor":48,"key":"Darkstone Periapt"},{"floor":55,"key":"Whetstone"}],"event_choices":[{"damage_healed":0,"gold_gain":0,"player_choice":"Became a vampire","damage_taken":0,"max_hp_gain":0,"max_hp_loss":22,"event_name":"Vampires","floor":20,"gold_loss":0,"cards_obtained":["Bite","Bite","Bite","Bite","Bite"]},{"damage_healed":0,"gold_gain":0,"player_choice":"Memory 3","damage_taken":10,"max_hp_gain":0,"max_hp_loss":0,"event_name":"SensoryStone","floor":36,"gold_loss":0},{"damage_healed":0,"gold_gain":0,"player_choice":"Paid","damage_taken":0,"relics_obtained":["Red Mask"],"max_hp_gain":0,"max_hp_loss":0,"event_name":"Tomb of Lord Red Mask","floor":38,"gold_loss":58},{"damage_healed":0,"gold_gain":0,"player_choice":"Bought 1 Potion","damage_taken":0,"max_hp_gain":0,"max_hp_loss":0,"event_name":"The Woman in Blue","floor":46,"gold_loss":0}],"is_beta":false,"boss_relics":[{"not_picked":["Empty Cage","Calling Bell"],"picked":"Snecko Eye"},{"not_picked":["Astrolabe","Tiny House"],"picked":"Coffee Dripper"}],"items_purged_floors":[14,37,54],"is_endless":false,"potions_floor_spawned":[3,10,13,16,18,19,21,27,33,35,39,41,45,47,48,55],"ascension_level":20}}