{"host":"uv5ws9rdk87e8i5k","time":1612233069,"event":{"mods":["AchievementEnabler","BaseMod","Colored Map","Minty Spire (QoL Compilation)","Permanent Neow","Quick Restart","StSLib","SuperFastMode","The Necromancer"],"gold_per_floor":[119,119,139,155,167,167,202,202,248,248,264,298,298,308,308,408,408,421,520,14,32,51,51,80,80,134,146,174,174,193,225,225,330,330,344,361,361,86,86,86,116,136,163,163,188,208,208,224,224,224],"floor_reached":51,"language":"ENG","playtime":994,"items_purged":["Defend_R"],"score":1299,"play_id":"2153a0d5-41a4-4e9a-85dd-64efe9e68858","local_time":"20210201203109","is_ascension_mode":true,"campfire_choices":[{"data":"1","floor":6.0,"key":"LIFT"},{"data":"2","floor":8.0,"key":"LIFT"},{"data":"3","floor":10.0,"key":"LIFT"},{"data":"Heavy Blade","floor":15.0,"key":"SMITH"},{"data":"Offering","floor":23.0,"key":"SMITH"},{"data":"Seeing Red","floor":32.0,"key":"SMITH"},{"data":"Inflame","floor":40,"key":"SMITH"},{"data":"Limit Break","floor":44,"key":"SMITH"},{"data":"Demon Form","floor":47,"key":"SMITH"},{"data":"Offering","floor":49,"key":"SMITH"}],"circlet_count":0,"master_deck":["Strike_R","Strike_R","Strike_R","Strike_R","Strike_R","Defend_R","Defend_R","Defend_R","Bash+1","Clash","Sword Boomerang","Pummel","Battle Trance","Pommel Strike+1","Heavy Blade+1","Offering+1","Headbutt","Anger","Anger","Seeing Red+1","Pommel Strike","Clash","Seeing Red+1","Immolate","Double Tap","Perfected Strike+1","Pommel Strike+1","Seeing Red","Inflame+1","Pommel Strike+1","Twin Strike+1","Cleave","Heavy Blade","Inflame","Limit Break+1","Injury","Demon Form+1","Offering+1"],"relics":["Burning Blood","Girya","Shuriken","Orichalcum","Darkstone Periapt","Runic Dome","TungstenRod","Pen Nib","Matryoshka","Gremlin Horn","Oddly Smooth Stone","Blue Candle","Nloth\u0027s Gift","Du-Vu Doll","Cursed Key","Orrery","Meat on the Bone","Red Skull","Whetstone","Peace Pipe"],"acts_visited":["Exordium","TheCity","TheBeyond"],"potions_floor_usage":[42,45,50,50,50],"damage_taken":[{"damage":1.0,"enemies":"Cultist","floor":1.0,"turns":3.0},{"damage":0.0,"enemies":"Small Slimes","floor":3.0,"turns":3.0},{"damage":2.0,"enemies":"2 Louse","floor":4.0,"turns":3.0},{"damage":4.0,"enemies":"2 Fungi Beasts","floor":5.0,"turns":3.0},{"damage":30.0,"enemies":"3 Sentries","floor":7.0,"turns":7.0},{"damage":2.0,"enemies":"3 Louse","floor":11.0,"turns":2.0},{"damage":14.0,"enemies":"Lagavulin","floor":12.0,"turns":3.0},{"damage":6.0,"enemies":"Red Slaver","floor":14.0,"turns":1.0},{"damage":6.0,"enemies":"Slime Boss","floor":16.0,"turns":2.0},{"damage":0.0,"enemies":"3 Byrds","floor":18.0,"turns":3.0},{"damage":5.0,"enemies":"Chosen","floor":21.0,"turns":2.0},{"damage":0.0,"enemies":"Snecko","floor":22.0,"turns":2.0},{"damage":11.0,"enemies":"Book of Stabbing","floor":24.0,"turns":2.0},{"damage":11.0,"enemies":"Shelled Parasite and Fungi","floor":27.0,"turns":2.0},{"damage":7.0,"enemies":"Slavers","floor":28.0,"turns":3.0},{"damage":7.0,"enemies":"Centurion and Healer","floor":30.0,"turns":2.0},{"damage":11.0,"enemies":"Book of Stabbing","floor":31.0,"turns":2.0},{"damage":23.0,"enemies":"Collector","floor":33.0,"turns":4.0},{"damage":7.0,"enemies":"3 Shapes","floor":35.0,"turns":2.0},{"damage":0.0,"enemies":"3 Darklings","floor":36.0,"turns":1.0},{"damage":12,"enemies":"Giant Head","floor":41,"turns":4},{"damage":0,"enemies":"Jaw Worm Horde","floor":42,"turns":1},{"damage":5,"enemies":"Reptomancer","floor":45,"turns":2},{"damage":0,"enemies":"Sphere and 2 Shapes","floor":46,"turns":2},{"damage":5,"enemies":"3 Darklings","floor":48,"turns":2},{"damage":38,"enemies":"Awakened One","floor":50,"turns":4}],"seed_played":"840359168158346290","potions_obtained":[{"floor":1.0,"key":"BloodPotion"},{"floor":5.0,"key":"GamblersBrew"},{"floor":14.0,"key":"PowerPotion"},{"floor":16.0,"key":"DistilledChaos"},{"floor":18.0,"key":"LiquidMemories"},{"floor":22.0,"key":"DistilledChaos"},{"floor":33.0,"key":"FearPotion"},{"floor":35.0,"key":"SneckoOil"},{"floor":36.0,"key":"AttackPotion"},{"floor":45,"key":"AttackPotion"},{"floor":48,"key":"BlessingOfTheForge"}],"is_trial":false,"path_per_floor":["M","T","M","M","M","R","E","R","T","R","M","E","?","M","R","B",null,"M","?","$","M","M","R","E","?","T","M","E","?","M","E","R","B",null,"M","M","?","$","?","R","E","M","T","R","E","M","R","M","R","B",null],"character_chosen":"IRONCLAD","items_purchased":["TungstenRod","Pen Nib","Anger","Orrery","Heavy Blade"],"campfire_rested":0,"item_purchase_floors":[20,20,20,38,38],"current_hp_per_floor":[72,72,72,72,72,72,48,48,48,48,52,44,44,44,44,44,65,71,71,71,72,72,72,67,67,67,62,61,61,60,55,55,38,64,63,69,69,69,69,69,63,69,75,75,76,78,78,78,78,61],"gold":224,"neow_bonus":"ONE_RARE_RELIC","is_daily":false,"chose_seed":false,"campfire_upgraded":7,"win_rate":0.0,"timestamp":1612233069,"path_taken":["M","?","M","?","M","R","E","R","T","R","M","E","?","M","R","BOSS","M","?","$","M","M","R","E","?","T","M","E","?","?","E","R","BOSS","M","M","?","$","?","R","E","M","T","R","E","M","R","?","R","BOSS"],"items_purchased_type":["Relic","Relic","Card","Relic","Card"],"build_version":"2020-12-22","purchased_purges":1,"victory":true,"max_hp_per_floor":[72,72,72,72,72,72,72,72,72,72,72,72,72,72,72,72,72,72,72,72,72,72,72,72,72,72,72,72,72,72,72,72,72,72,72,72,72,72,72,72,72,72,78,78,78,78,78,78,78,78],"card_choices":[{"not_picked":["Dark Embrace","Body Slam"],"picked":"Clash","floor":1.0},{"not_picked":["Warcry","True Grit"],"picked":"Sword Boomerang","floor":3.0},{"not_picked":["Dark Embrace","Headbutt"],"picked":"Pummel","floor":4.0},{"not_picked":["Flex","Perfected Strike"],"picked":"Battle Trance","floor":5.0},{"not_picked":["Fiend Fire","Sword Boomerang"],"picked":"Pommel Strike","floor":7.0},{"not_picked":["Pommel Strike","Feel No Pain"],"picked":"Heavy Blade","floor":11.0},{"not_picked":["Intimidate","Iron Wave"],"picked":"Offering","floor":12.0},{"not_picked":["Reckless Charge","True Grit"],"picked":"Headbutt","floor":14.0},{"not_picked":["Flex+1","Body Slam+1"],"picked":"Anger","floor":18.0},{"not_picked":["Heavy Blade","Infernal Blade"],"picked":"Seeing Red","floor":21.0},{"not_picked":["Headbutt","Disarm+1"],"picked":"Pommel Strike","floor":22.0},{"not_picked":["Burning Pact","Anger"],"picked":"Clash","floor":24.0},{"not_picked":["Warcry","Pommel Strike","Brutality"],"picked":"SKIP","floor":27.0},{"not_picked":["Shockwave","Iron Wave"],"picked":"Seeing Red+1","floor":28.0},{"not_picked":["Hemokinesis","Power Through","Anger"],"picked":"SKIP","floor":30.0},{"not_picked":["Reckless Charge","Berserk"],"picked":"Immolate","floor":31.0},{"not_picked":["Brutality","Feed"],"picked":"Double Tap","floor":33.0},{"not_picked":["Clothesline","Pummel"],"picked":"Perfected Strike+1","floor":35.0},{"not_picked":["Anger+1","Headbutt"],"picked":"Pommel Strike+1","floor":36.0},{"not_picked":["Disarm+1","Warcry"],"picked":"Seeing Red","floor":38},{"not_picked":["Sword Boomerang+1","Juggernaut"],"picked":"Inflame","floor":38},{"not_picked":["Body Slam+1","Headbutt"],"picked":"Pommel Strike+1","floor":38},{"not_picked":["Shrug It Off+1","Sever Soul+1"],"picked":"Twin Strike+1","floor":38},{"not_picked":["Shockwave","Iron Wave"],"picked":"Cleave","floor":38},{"not_picked":["Intimidate","Brutality"],"picked":"Limit Break","floor":41},{"not_picked":["Twin Strike+1","Anger","Entrench"],"picked":"SKIP","floor":42},{"not_picked":["Perfected Strike","Flex"],"picked":"Demon Form","floor":45},{"not_picked":["Twin Strike","Searing Blow+1","Whirlwind"],"picked":"SKIP","floor":46},{"not_picked":["Impervious","Second Wind+1"],"picked":"Offering","floor":48}],"player_experience":333266,"relics_obtained":[{"floor":2.0,"key":"Shuriken"},{"floor":7.0,"key":"Art of War"},{"floor":9.0,"key":"Orichalcum"},{"floor":12.0,"key":"Darkstone Periapt"},{"floor":24.0,"key":"Matryoshka"},{"floor":26.0,"key":"Gremlin Horn"},{"floor":26.0,"key":"Oddly Smooth Stone"},{"floor":28.0,"key":"Blue Candle"},{"floor":31.0,"key":"Du-Vu Doll"},{"floor":41,"key":"Meat on the Bone"},{"floor":43,"key":"Red Skull"},{"floor":43,"key":"Whetstone"},{"floor":45,"key":"Peace Pipe"}],"event_choices":[{"damage_healed":0.0,"max_hp_gain":0.0,"max_hp_loss":0.0,"gold_gain":0.0,"event_name":"Liars Game","player_choice":"Ignored","floor":13.0,"gold_loss":0.0,"damage_taken":0.0},{"damage_healed":0.0,"max_hp_gain":0.0,"max_hp_loss":0.0,"gold_gain":99.0,"event_name":"Nest","player_choice":"Stole From Cult","floor":19.0,"gold_loss":0.0,"damage_taken":0.0},{"damage_healed":0.0,"max_hp_gain":0.0,"max_hp_loss":0.0,"gold_gain":0.0,"event_name":"Vampires","player_choice":"Ignored","floor":25.0,"gold_loss":0.0,"damage_taken":0.0},{"damage_healed":0.0,"max_hp_gain":0.0,"max_hp_loss":0.0,"gold_gain":0.0,"event_name":"N\u0027loth","player_choice":"Traded Relic","floor":29.0,"relics_lost":["Art of War"],"gold_loss":0.0,"damage_taken":0.0,"relics_obtained":["Nloth\u0027s Gift"]},{"damage_healed":0.0,"max_hp_gain":0.0,"max_hp_loss":0.0,"gold_gain":0.0,"event_name":"SensoryStone","player_choice":"Memory 1","floor":37.0,"gold_loss":0.0,"damage_taken":0.0},{"damage_healed":0,"gold_gain":0,"player_choice":"Copied","damage_taken":0,"max_hp_gain":0,"max_hp_loss":0,"event_name":"Duplicator","floor":39,"gold_loss":0,"cards_obtained":["Inflame"]}],"is_beta":false,"boss_relics":[{"not_picked":["Mark of Pain","Busted Crown"],"picked":"Runic Dome"},{"not_picked":["Tiny House","Philosopher\u0027s Stone"],"picked":"Cursed Key"}],"items_purged_floors":[38],"is_endless":false,"potions_floor_spawned":[1,5,14,16,18,22,27,33,35,36,45,48],"ascension_level":9}}