{"host":"dlre6nluqh4zuhws","time":1612288737,"event":{"mods":["BaseMod","Colored Powertips","Highlight Path","Minty Spire (QoL Compilation)","Quick Restart","Replay The Spire","StSLib"],"gold_per_floor":[111,53,53,53,66,66,66,100,100,110,110,110,127,137,137,240,240,251,251,261,351,368,368,401,401,401,401,55,71,102,201,201,296,296,306,108,108,118,118,118,133,143,143,66,66,86,136,153,153,153],"floor_reached":51,"language":"ENG","playtime":3669,"items_purged":["Strike_G","Strike_G"],"score":661,"play_id":"8560780c-9219-4a5d-8219-a31a60105401","local_time":"20210203005857","is_ascension_mode":true,"campfire_choices":[{"data":"Sucker Punch","floor":6,"key":"SMITH"},{"data":"Cloak And Dagger","floor":15,"key":"SMITH"},{"floor":23,"key":"REST"},{"floor":25,"key":"REST"},{"data":"Accuracy","floor":27,"key":"SMITH"},{"floor":32,"key":"REST"},{"floor":40,"key":"REST"},{"floor":45,"key":"REST"},{"floor":49,"key":"REST"}],"circlet_count":0,"master_deck":["Strike_G","Strike_G","Strike_G","Defend_G","Defend_G+1","Defend_G+1","Survivor","Sucker Punch+1","Cloak And Dagger+1","Accuracy+1","Blade Dance","Accuracy+1","Neutralize","All Out Attack","Acrobatics","Envenom","Fluid Movement","Infinite Blades+1","Deflect+1","Pot Of Greed","Pot Of Greed","Flying Knee+1","Bandage Up","Pot Of Greed","Cloak And Dagger","Cloak And Dagger","PiercingWail","Poison Darts","Atom Bomb","Crippling Poison","Footwork+1","Parasite","Bane","Expertise","Caltrops+1","Hidden Blade+1","Pot Of Greed","Acrobatics+1"],"relics":["Ring of the Snake","NeowsBlessing","Lizard Tail","Ancient Tea Set","Sundial","Honey Jar","Grinning Jar","Mango","Chameleon Ring","Busted Crown","Replay:Ringing Soul","FossilizedHelix"],"acts_visited":["Exordium","TheCity","TheBeyond"],"potions_floor_usage":[22,24,33,33,33,41,50,50,50],"damage_taken":[{"damage":0,"enemies":"Jaw Worm","floor":1,"turns":1},{"damage":0,"enemies":"Cultist","floor":5,"turns":1},{"damage":0,"enemies":"3 Sentries","floor":8,"turns":1},{"damage":0,"enemies":"2 Louse","floor":10,"turns":3},{"damage":0,"enemies":"Exordium Wildlife","floor":13,"turns":3},{"damage":1,"enemies":"3 Louse","floor":14,"turns":3},{"damage":5,"enemies":"Hexaghost","floor":16,"turns":8},{"damage":24,"enemies":"2 Thieves","floor":18,"turns":4},{"damage":4,"enemies":"Chosen","floor":20,"turns":4},{"damage":10,"enemies":"Sentry and Sphere","floor":22,"turns":4},{"damage":18,"enemies":"Gremlin Leader","floor":24,"turns":4},{"damage":13,"enemies":"Snecko","floor":29,"turns":4},{"damage":8,"enemies":"Replay:Snechameleon","floor":30,"turns":5},{"damage":2,"enemies":"Collector","floor":33,"turns":7},{"damage":7,"enemies":"Orb Walker","floor":35,"turns":4},{"damage":47,"enemies":"3 Shapes","floor":38,"turns":4},{"damage":3,"enemies":"Writhing Mass","floor":41,"turns":6},{"damage":23,"enemies":"4 Shapes","floor":42,"turns":6},{"damage":0,"enemies":"Sphere and 2 Shapes","floor":46,"turns":4},{"damage":0,"enemies":"Mind Bloom Boss Battle","floor":47,"turns":5},{"damage":29,"enemies":"Jaw Worm Horde","floor":48,"turns":4},{"damage":30,"enemies":"Replay:Hell Engine","floor":50,"turns":7}],"seed_played":"-3608498345940403307","potions_obtained":[{"floor":5,"key":"Ancient Potion"},{"floor":14,"key":"SpeedPotion"},{"floor":18,"key":"BlessingOfTheForge"},{"floor":22,"key":"SpeedPotion"},{"floor":29,"key":"LiquidBronze"},{"floor":35,"key":"AttackPotion"},{"floor":41,"key":"FearPotion"},{"floor":48,"key":"SpeedPotion"}],"is_trial":false,"path_per_floor":["M","?","$","$","M","R","?","E","T","M","?","?","M","M","R","B",null,"M","?","M","?","M","R","E","R","T","R","$","M","E","?","R","B",null,"M","$","?","M","?","R","M","M","T","$","R","M","?","M","R","B",null],"character_chosen":"THE_SILENT","items_purchased":["Bandage Up","Cloak And Dagger","Cursed Concoction","BlessingOfTheForge","CultistPotion","Regen Potion"],"campfire_rested":6,"item_purchase_floors":[28,28,28,28,36,44],"current_hp_per_floor":[70,70,70,70,70,70,70,70,70,70,56,56,56,55,55,50,70,46,46,42,30,20,41,23,44,58,58,58,45,41,41,66,70,84,77,77,77,30,30,55,56,37,37,37,62,69,76,54,81,77],"gold":153,"neow_bonus":"THREE_ENEMY_KILL","is_daily":false,"chose_seed":false,"campfire_upgraded":3,"win_rate":0.0,"timestamp":1612288737,"path_taken":["M","?","?","$","M","R","?","E","T","?","?","?","?","M","R","BOSS","M","?","?","?","?","R","E","R","T","R","$","M","E","?","R","BOSS","M","$","?","M","?","R","M","?","T","$","R","?","?","M","R","BOSS"],"items_purchased_type":["Card","Card","Potion","Potion","Potion","Potion"],"build_version":"2020-12-13","purchased_purges":2,"victory":true,"max_hp_per_floor":[70,70,70,70,70,70,70,70,70,70,70,70,70,70,70,70,70,70,70,70,70,70,70,70,70,84,84,84,84,84,84,84,84,84,84,84,84,84,84,84,84,84,84,84,84,87,90,93,93,93],"card_choices":[{"not_picked":["Hidden Blade","Flying Knee"],"picked":"Sucker Punch","floor":1},{"not_picked":["Distraction","ReplayTheSpireMod:Scrap Shanks"],"picked":"Cloak And Dagger","floor":5},{"not_picked":["Hidden Blade","Phantasmal Killer"],"picked":"Blade Dance","floor":8},{"not_picked":["Calculated Gamble","Terror"],"picked":"Accuracy","floor":10},{"not_picked":["Fluid Movement","Underhanded Strike"],"picked":"All Out Attack","floor":13},{"not_picked":["Underhanded Strike","Catalyst"],"picked":"Acrobatics","floor":14},{"not_picked":["Malaise","Die Die Die"],"picked":"Envenom","floor":16},{"not_picked":["Underhanded Strike+1","Sucker Punch","Dagger Throw"],"picked":"Fluid Movement","floor":18},{"not_picked":["Tactician","Terror+1","Dash+1"],"picked":"Infinite Blades+1","floor":20},{"not_picked":["Deadly Poison","Flechettes","Bane"],"picked":"Deflect+1","floor":22},{"not_picked":["Flechettes","Acrobatics","Wraith Form v2"],"picked":"Flying Knee+1","floor":24},{"not_picked":["Flying Knee","Toxin Wave","Quick Slash"],"picked":"PiercingWail","floor":29},{"not_picked":["Bane","Accuracy+1","Dagger Throw"],"picked":"Poison Darts","floor":30},{"not_picked":["ReplayTheSpireMod:Necrosis","A Thousand Cuts","Unload"],"picked":"Atom Bomb","floor":33},{"not_picked":["Dagger Spray"],"picked":"Crippling Poison","floor":35},{"not_picked":["Blade Dance"],"picked":"Footwork","floor":38},{"not_picked":["Deadly Poison"],"picked":"Bane","floor":41},{"not_picked":["Flechettes+1"],"picked":"Expertise","floor":42},{"not_picked":["Backflip+1"],"picked":"Caltrops+1","floor":46},{"not_picked":["Bullet Time"],"picked":"Hidden Blade+1","floor":47},{"not_picked":["Underhanded Strike"],"picked":"Acrobatics+1","floor":48}],"player_experience":47482,"relics_obtained":[{"floor":8,"key":"Ancient Tea Set"},{"floor":9,"key":"Sundial"},{"floor":24,"key":"Grinning Jar"},{"floor":26,"key":"Mango"},{"floor":30,"key":"Chameleon Ring"},{"floor":43,"key":"Replay:Ringing Soul"},{"floor":47,"key":"FossilizedHelix"}],"event_choices":[{"damage_healed":0,"gold_gain":0,"player_choice":"Paid Gold","damage_taken":0,"relics_obtained":["Lizard Tail"],"max_hp_gain":0,"max_hp_loss":0,"event_name":"WeMeetAgain","floor":2,"gold_loss":58},{"damage_healed":0,"gold_gain":0,"player_choice":"Entered Light","damage_taken":14,"max_hp_gain":0,"max_hp_loss":0,"event_name":"Shining Light","floor":11,"gold_loss":0,"cards_upgraded":["Defend_G","Defend_G"]},{"damage_healed":0,"gold_gain":0,"player_choice":"1 cards matched","damage_taken":0,"max_hp_gain":0,"max_hp_loss":0,"event_name":"Match and Keep!","floor":12,"gold_loss":0,"cards_obtained":["Neutralize"]},{"cards_removed":["Defend_G"],"damage_healed":0,"gold_gain":0,"player_choice":"Purged","damage_taken":0,"max_hp_gain":0,"max_hp_loss":0,"event_name":"Purifier","floor":19,"gold_loss":0},{"damage_healed":0,"gold_gain":90,"player_choice":"GOLD ","damage_taken":12,"max_hp_gain":0,"max_hp_loss":0,"event_name":"Knowing Skull","floor":21,"potions_obtained":[],"gold_loss":0,"cards_obtained":[]},{"damage_healed":0,"gold_gain":99,"player_choice":"Stole From Cult","damage_taken":0,"max_hp_gain":0,"max_hp_loss":0,"event_name":"Nest","floor":31,"gold_loss":0},{"cards_removed":["Defend_G"],"damage_healed":0,"gold_gain":0,"player_choice":"Removed Skill","damage_taken":0,"max_hp_gain":0,"max_hp_loss":0,"event_name":"Falling","floor":37,"gold_loss":0},{"damage_healed":0,"gold_gain":0,"player_choice":"Upgraded","damage_taken":0,"max_hp_gain":0,"max_hp_loss":0,"event_name":"Upgrade Shrine","floor":39,"gold_loss":0,"cards_upgraded":["Footwork"]},{"damage_healed":0,"gold_gain":0,"player_choice":"Fight","damage_taken":0,"max_hp_gain":0,"max_hp_loss":0,"event_name":"MindBloom","floor":47,"gold_loss":0}],"is_beta":false,"boss_relics":[{"not_picked":["Painkiller Herb","HoveringKite"],"picked":"Honey Jar"},{"not_picked":["Replay:Wanted Poster","Empty Cage"],"picked":"Busted Crown"}],"items_purged_floors":[28,36],"is_endless":false,"potions_floor_spawned":[5,14,18,22,29,35,41,48],"ascension_level":2}}