{"host":"Ringo","time":1612276856,"event":{"mods":["BaseMod","Colored Map","Conspire","Dota2Spire","Hubris","Minty Spire (QoL Compilation)","Replay The Spire","StSLib","The Construct","[IsaacMod]ÒÔÈö¼âËþ","¡¾ÒÅÎï¿¨ÅÆ¡¿REMEMod"],"gold_per_floor":[113,132,150,165,185,218,252,281,281,312,343,372,406,422,422,494,544,544,560,570,581,599,627,689,178,178,209,109,142,152,180,180,259,259,272,282,282,293,11,40,65,100,100,129,162,188,38,56,56,56,56],"floor_reached":52,"language":"ZHS","playtime":1376,"items_purged":["Underhanded Strike","Cloak And Dagger","Underhanded Strike+1","Backstab+1"],"score":3705,"play_id":"f32d416a-cb40-4b5a-8798-3311f02972d9","local_time":"20210202224056","daily_mods":["SealedDeck","Vintage","Heirloom","Time Dilation","Flight","DeadlyEvents","Elite Swarm","Lethality","Binary"],"is_ascension_mode":true,"campfire_choices":[{"data":"Footwork","floor":15,"key":"SMITH"},{"data":"Dodge and Roll","floor":32,"key":"SMITH"},{"data":"Backflip","floor":49,"key":"SMITH"}],"circlet_count":0,"master_deck":["AscendersBane","Feed+1","Deflect","Dodge and Roll+1","Backflip+1","Footwork+1","Blade Dance","Dagger Spray","Dagger Spray+1","Well Laid Plans+1","ReplayTheSpireMod:Scrap Shanks+1"],"relics":["Ring of the Serpent","Busted Crown","HushsDoor","REME_ComplimentaryCards","replay:Trail_Library","SatanicBible","Torii","Bag of Marbles","Frozen Egg 2","Lizard Tail","Replay:Mystery Machine","Replay:Bottled Steam","Dead Branch","Mercury Hourglass","Bird Faced Urn","Eternal Feather","Tough Bandages","Snake Skull","hubris:Spice","Dota2Spire:PhaseBoots","hubris:GlazedTorus","Tiny House","Incubus","Damocles","White Beast Statue","YumHeart","Dota2Spire:EtherealBlade","Whetstone","Bottled Flame","Replay:PocketPolymizer","Boot","Dota2Spire:OrchidMalevolence","Replay:Rubber Ducky","GuppysHead","conspire:Flyswatter","Anchor","Dota2Spire:BladeMail","Centennial Puzzle","Ice Cream","Iron Hammer","REME_HandOfSuture","PreservedInsect","Molten Egg 2","conspire:BottledYoYo","Mirror","Ancient Tea Set","REME_HourglassOfDeath","Kunai"],"acts_visited":["Exordium","TheCity","TheBeyond"],"potions_floor_usage":[10,16,21,23,24,41,51,51],"damage_taken":[{"damage":0,"enemies":"conspire:RoseBush","floor":1,"turns":1},{"damage":0,"enemies":"2 Louse","floor":2,"turns":1},{"damage":0,"enemies":"Jaw Worm","floor":3,"turns":1},{"damage":0,"enemies":"Lots of Slimes","floor":4,"turns":1},{"damage":0,"enemies":"Looter","floor":5,"turns":1},{"damage":0,"enemies":"3 Sentries","floor":6,"turns":2},{"damage":0,"enemies":"Lagavulin","floor":7,"turns":2},{"damage":0,"enemies":"Gremlin Nob","floor":8,"turns":1},{"damage":0,"enemies":"Lagavulin","floor":10,"turns":3},{"damage":0,"enemies":"Gremlin Nob","floor":11,"turns":2},{"damage":0,"enemies":"Lagavulin","floor":12,"turns":1},{"damage":0,"enemies":"Gremlin Nob","floor":13,"turns":1},{"damage":0,"enemies":"2 Fungi Beasts","floor":14,"turns":1},{"damage":0,"enemies":"Hexaghost","floor":16,"turns":2},{"damage":0,"enemies":"2 Thieves","floor":19,"turns":1},{"damage":0,"enemies":"Spheric Guardian","floor":20,"turns":1},{"damage":0,"enemies":"Shelled Parasite and Fungi","floor":21,"turns":1},{"damage":0,"enemies":"Snecko","floor":22,"turns":2},{"damage":0,"enemies":"Slavers","floor":23,"turns":2},{"damage":0,"enemies":"conspire:Head Lice","floor":24,"turns":3},{"damage":0,"enemies":"conspire:SneckoGhost","floor":27,"turns":1},{"damage":0,"enemies":"Slavers","floor":29,"turns":1},{"damage":0,"enemies":"Sentry and Sphere","floor":30,"turns":1},{"damage":0,"enemies":"Replay:Snechameleon","floor":31,"turns":1},{"damage":0,"enemies":"Collector","floor":33,"turns":2},{"damage":0,"enemies":"3 Darklings","floor":35,"turns":1},{"damage":0,"enemies":"3 Shapes","floor":36,"turns":1},{"damage":0,"enemies":"Maw","floor":38,"turns":2},{"damage":0,"enemies":"R_Hoarder","floor":40,"turns":2},{"damage":0,"enemies":"Nemesis","floor":41,"turns":3},{"damage":0,"enemies":"R_Hoarder","floor":42,"turns":1},{"damage":0,"enemies":"Nemesis","floor":44,"turns":1},{"damage":0,"enemies":"R_Hoarder","floor":45,"turns":1},{"damage":0,"enemies":"Reptomancer","floor":46,"turns":2},{"damage":0,"enemies":"Jaw Worm Horde","floor":48,"turns":1},{"damage":0,"enemies":"Donu and Deca","floor":50,"turns":2},{"damage":0,"enemies":"hubris:GrandSnecko","floor":51,"turns":3}],"seed_played":"-6404418579624135329","potions_obtained":[{"floor":1,"key":"SkillPotion"},{"floor":3,"key":"SpeedPotion"},{"floor":10,"key":"FearPotion"},{"floor":17,"key":"GamblersBrew"},{"floor":21,"key":"Block Potion"},{"floor":23,"key":"REME_GoldPotion"},{"floor":24,"key":"Languid Potion"},{"floor":41,"key":"SpeedPotion"},{"floor":42,"key":"BlessingOfTheForge"}],"is_trial":true,"path_per_floor":["M","M","M","M","M","E","E","E","T","E","E","E","E","M","R","B",null,"?","M","M","M","M","E","E","$","T","E","$","E","M","E","R","B",null,"M","M","?","M","$","E","E","E","T","E","E","E","$","M","R","B","B",null],"character_chosen":"THE_SILENT","items_purchased":["Incubus","Dota2Spire:OrchidMalevolence","Replay:Rubber Ducky","REME_HandOfSuture"],"campfire_rested":0,"item_purchase_floors":[17,25,25,39],"current_hp_per_floor":[59,62,65,68,71,74,77,80,80,85,85,96,99,102,107,110,95,95,98,98,106,109,105,109,109,109,105,105,93,97,93,93,97,97,85,77,73,69,69,73,69,61,53,45,29,21,21,13,13,13,17],"gold":56,"neow_bonus":"","is_daily":false,"chose_seed":false,"campfire_upgraded":3,"win_rate":0.0,"timestamp":1612276856,"path_taken":["?","M","M","M","M","E","E","E","T","E","E","E","E","M","R","BOSS","?","M","M","M","M","E","E","$","T","E","$","E","?","?","R","BOSS","M","M","?","?","$","E","E","E","T","E","?","?","?","?","R","BOSS","BOSS"],"items_purchased_type":["Relic","Relic","Relic","Relic"],"build_version":"2020-12-18","purchased_purges":4,"victory":true,"max_hp_per_floor":[66,69,72,75,78,81,84,87,87,90,90,101,104,107,107,110,95,95,98,98,106,109,105,109,109,109,105,105,93,97,93,93,97,97,85,77,77,69,69,73,69,61,53,45,29,21,21,13,13,13,17],"card_choices":[],"player_experience":616930,"relics_obtained":[{"floor":1,"key":"Bag of Marbles"},{"floor":2,"key":"Frozen Egg 2"},{"floor":3,"key":"Lizard Tail"},{"floor":4,"key":"Replay:Mystery Machine"},{"floor":5,"key":"Replay:Bottled Steam"},{"floor":6,"key":"Dead Branch"},{"floor":7,"key":"Mercury Hourglass"},{"floor":8,"key":"Bird Faced Urn"},{"floor":9,"key":"Eternal Feather"},{"floor":10,"key":"Tough Bandages"},{"floor":11,"key":"Snake Skull"},{"floor":12,"key":"hubris:Spice"},{"floor":13,"key":"Dota2Spire:PhaseBoots"},{"floor":14,"key":"hubris:GlazedTorus"},{"floor":19,"key":"Damocles"},{"floor":20,"key":"White Beast Statue"},{"floor":20,"key":"YumHeart"},{"floor":21,"key":"Dota2Spire:EtherealBlade"},{"floor":21,"key":"hubris:Spice"},{"floor":22,"key":"Whetstone"},{"floor":22,"key":"Bottled Flame"},{"floor":23,"key":"Replay:PocketPolymizer"},{"floor":23,"key":"hubris:Spice"},{"floor":24,"key":"Boot"},{"floor":26,"key":"GuppysHead"},{"floor":27,"key":"conspire:Flyswatter"},{"floor":27,"key":"hubris:Spice"},{"floor":29,"key":"hubris:Spice"},{"floor":29,"key":"hubris:Spice"},{"floor":30,"key":"Anchor"},{"floor":30,"key":"Dota2Spire:BladeMail"},{"floor":31,"key":"hubris:Spice"},{"floor":31,"key":"Centennial Puzzle"},{"floor":35,"key":"hubris:Spice"},{"floor":35,"key":"hubris:Spice"},{"floor":36,"key":"Ice Cream"},{"floor":36,"key":"hubris:Spice"},{"floor":38,"key":"Iron Hammer"},{"floor":38,"key":"hubris:Spice"},{"floor":40,"key":"PreservedInsect"},{"floor":40,"key":"Molten Egg 2"},{"floor":41,"key":"conspire:BottledYoYo"},{"floor":41,"key":"hubris:Spice"},{"floor":42,"key":"Mirror"},{"floor":42,"key":"hubris:Spice"},{"floor":43,"key":"hubris:Spice"},{"floor":44,"key":"Ancient Tea Set"},{"floor":44,"key":"hubris:Spice"},{"floor":45,"key":"hubris:Spice"},{"floor":45,"key":"hubris:Spice"},{"floor":46,"key":"REME_HourglassOfDeath"},{"floor":46,"key":"hubris:Spice"},{"floor":48,"key":"Kunai"},{"floor":48,"key":"hubris:Spice"}],"event_choices":[{"damage_healed":0,"gold_gain":0,"player_choice":"Leave","damage_taken":0,"max_hp_gain":0,"max_hp_loss":0,"event_name":"conspire:Investor","floor":37,"gold_loss":0}],"is_beta":true,"boss_relics":[{"not_picked":["Replay:Ancient Bell","Astrolabe"],"picked":"Tiny House"},{"not_picked":[]},{"not_picked":["hubris:Spice","hubris:RunicObelisk"],"picked":"Ring of the Serpent"},{"not_picked":[]}],"items_purged_floors":[25,28,39,47],"is_endless":false,"potions_floor_spawned":[1,3,6,10,12,14,19,20,21,22,23,24,27,29,30,31,33,35,36,38,40,41,42,44,45,46,48],"ascension_level":20}}