{"host":"sygfylmorsvdndbx","time":1612234261,"event":{"mods":["AchievementEnabler","BaseMod","Highlight Path","Minty Spire (QoL Compilation)","Permanent Neow","Quick Restart","Relic Stats"],"gold_per_floor":[119,119,132,151,7,7,36,36,83,83,102,133,143,163,163,263,263,279,290,389,409,409,434,434,257,257,167,167,199,209,227,227,327,327,344,362,362,362,382,382,382],"floor_reached":40,"language":"ENG","playtime":4186,"items_purged":["Strike_R"],"score":660,"play_id":"075a1637-83e5-4ac8-bc2b-01f60591bee2","local_time":"20210201215101","is_ascension_mode":true,"campfire_choices":[{"data":"Hemokinesis","floor":6,"key":"SMITH"},{"data":"Armaments","floor":8,"key":"SMITH"},{"floor":10,"key":"REST"},{"data":"Demon Form","floor":15,"key":"SMITH"},{"floor":24,"key":"REST"},{"data":"Bash","floor":28,"key":"SMITH"},{"data":"Disarm","floor":32,"key":"SMITH"}],"circlet_count":0,"master_deck":["Strike_R","Strike_R","Strike_R","Strike_R","Defend_R","Defend_R","Bash+1","Sword Boomerang","Evolve","Hemokinesis+1","Armaments+1","Thunderclap","Disarm+1","Demon Form+1","Feed+1","True Grit+1","Disarm+1","Shrug It Off","True Grit","Reaper","Pommel Strike","Inflame"],"relics":["Burning Blood","Gambling Chip","Bag of Preparation","Red Skull","Bottled Lightning","Philosopher\u0027s Stone","Omamori","Anchor","Bottled Tornado","Eternal Feather","Mark of Pain"],"acts_visited":["Exordium","TheCity","TheBeyond"],"potions_floor_usage":[12,21,23,23,33,40],"damage_taken":[{"damage":6,"enemies":"Cultist","floor":1,"turns":4},{"damage":5,"enemies":"2 Louse","floor":3,"turns":3},{"damage":5,"enemies":"Small Slimes","floor":4,"turns":3},{"damage":61,"enemies":"Lagavulin","floor":7,"turns":10},{"damage":4,"enemies":"Gremlin Gang","floor":11,"turns":4},{"damage":19,"enemies":"3 Sentries","floor":12,"turns":6},{"damage":2,"enemies":"3 Louse","floor":13,"turns":3},{"damage":2,"enemies":"Looter","floor":14,"turns":2},{"damage":6,"enemies":"Hexaghost","floor":16,"turns":6},{"damage":6,"enemies":"3 Byrds","floor":18,"turns":6},{"damage":9,"enemies":"2 Thieves","floor":19,"turns":4},{"damage":32,"enemies":"Centurion and Healer","floor":21,"turns":5},{"damage":28,"enemies":"Gremlin Leader","floor":23,"turns":7},{"damage":27,"enemies":"Book of Stabbing","floor":29,"turns":4},{"damage":4,"enemies":"Snake Plant","floor":30,"turns":2},{"damage":16,"enemies":"3 Cultists","floor":31,"turns":6},{"damage":33,"enemies":"Champ","floor":33,"turns":8},{"damage":26,"enemies":"Orb Walker","floor":35,"turns":4},{"damage":45,"enemies":"3 Darklings","floor":36,"turns":6},{"damage":41,"enemies":"Maw","floor":39,"turns":7},{"damage":60,"enemies":"Nemesis","floor":40,"turns":4}],"seed_played":"6434930530824120715","potions_obtained":[{"floor":1,"key":"FearPotion"},{"floor":7,"key":"FearPotion"},{"floor":14,"key":"BlessingOfTheForge"},{"floor":16,"key":"LiquidBronze"},{"floor":21,"key":"DistilledChaos"},{"floor":31,"key":"ColorlessPotion"},{"floor":33,"key":"Dexterity Potion"},{"floor":35,"key":"Weak Potion"}],"is_trial":false,"path_per_floor":["M","T","M","M","$","R","E","R","T","R","M","E","M","M","R","B",null,"M","M","?","M","?","E","R","$","T","?","R","E","M","M","R","B",null,"M","M","?","?","M","E"],"character_chosen":"IRONCLAD","items_purchased":["Bag of Preparation","Shrug It Off","DuplicationPotion"],"campfire_rested":2,"item_purchase_floors":[5,25,25],"current_hp_per_floor":[72,72,72,72,72,72,17,17,17,38,40,27,31,35,35,35,63,67,68,68,45,45,23,47,47,47,47,47,30,36,30,42,15,75,69,62,62,62,59,0,0],"gold":382,"neow_bonus":"ONE_RARE_RELIC","is_daily":false,"chose_seed":false,"campfire_upgraded":5,"win_rate":0.0,"timestamp":1612234261,"path_taken":["M","?","M","M","$","R","E","R","T","R","M","E","M","M","R","BOSS","M","M","?","M","?","E","R","$","T","?","R","E","?","M","R","BOSS","M","M","?","?","?","E"],"items_purchased_type":["Relic","Card","Potion"],"build_version":"2020-12-22","purchased_purges":1,"victory":false,"max_hp_per_floor":[72,72,72,72,72,72,72,72,72,72,72,72,72,72,72,72,72,76,80,80,83,83,83,83,83,83,83,83,87,91,95,95,95,95,99,99,99,99,103,103,103],"relic_stats":{"counters":[21,104],"Gambling Chip":[89],"Eternal Feather":12,"Bag of Preparation":[36],"obtain_stats":[{"Anchor":23,"Gambling Chip":0,"Philosopher\u0027s Stone":17,"Eternal Feather":29,"Mark of Pain":34,"Bag of Preparation":5,"Omamori":22,"Bottled Lightning":12,"Bottled Tornado":26,"Burning Blood":0,"Red Skull":7},{"Anchor":13,"Gambling Chip":0,"Philosopher\u0027s Stone":9,"Eternal Feather":14,"Mark of Pain":17,"Bag of Preparation":3,"Omamori":12,"Bottled Lightning":6,"Bottled Tornado":13,"Burning Blood":0,"Red Skull":4},{"Anchor":63,"Gambling Chip":0,"Philosopher\u0027s Stone":41,"Eternal Feather":67,"Mark of Pain":83,"Bag of Preparation":10,"Omamori":56,"Bottled Lightning":30,"Bottled Tornado":63,"Burning Blood":0,"Red Skull":20}],"Burning Blood":118},"card_choices":[{"not_picked":["Armaments","Iron Wave"],"picked":"Sword Boomerang","floor":1},{"not_picked":["Sentinel","True Grit"],"picked":"Evolve","floor":3},{"not_picked":["Twin Strike","Sever Soul"],"picked":"Hemokinesis","floor":4},{"not_picked":["Dark Embrace","Rampage"],"picked":"Armaments","floor":7},{"not_picked":["Hemokinesis","Evolve"],"picked":"Thunderclap","floor":11},{"not_picked":["Anger","Cleave","Pommel Strike"],"picked":"SKIP","floor":12},{"not_picked":["Seeing Red","Havoc"],"picked":"Disarm","floor":13},{"not_picked":["Flex","Carnage"],"picked":"Demon Form","floor":14},{"not_picked":["Bludgeon","Berserk"],"picked":"Feed","floor":16},{"not_picked":["Warcry","Wild Strike+1"],"picked":"True Grit+1","floor":18},{"not_picked":["Sword Boomerang","Clothesline","Rage"],"picked":"SKIP","floor":19},{"not_picked":["Havoc","Body Slam","Metallicize"],"picked":"SKIP","floor":21},{"not_picked":["Entrench","Rage"],"picked":"Disarm+1","floor":23},{"not_picked":["Sword Boomerang","Juggernaut"],"picked":"True Grit","floor":29},{"not_picked":["Warcry","Infernal Blade","Headbutt"],"picked":"SKIP","floor":30},{"not_picked":["Clash","Anger","Berserk"],"picked":"SKIP","floor":31},{"not_picked":["Bludgeon","Juggernaut"],"picked":"Reaper","floor":33},{"not_picked":["Clash","Whirlwind","Wild Strike"],"picked":"SKIP","floor":35},{"not_picked":["Body Slam","Iron Wave"],"picked":"Pommel Strike","floor":36},{"not_picked":["Havoc","Rampage"],"picked":"Inflame","floor":39}],"player_experience":390892,"relics_obtained":[{"floor":7,"key":"Red Skull"},{"floor":12,"key":"Bottled Lightning"},{"floor":23,"key":"Anchor"},{"floor":26,"key":"Bottled Tornado"},{"floor":29,"key":"Eternal Feather"}],"event_choices":[{"damage_healed":0,"gold_gain":99,"player_choice":"Stole From Cult","damage_taken":0,"max_hp_gain":0,"max_hp_loss":0,"event_name":"Nest","floor":20,"gold_loss":0},{"damage_healed":0,"gold_gain":0,"player_choice":"Opened","damage_taken":0,"relics_obtained":["Omamori"],"max_hp_gain":0,"max_hp_loss":0,"event_name":"The Mausoleum","floor":22,"gold_loss":0},{"cards_removed":["Defend_R"],"damage_healed":0,"gold_gain":0,"player_choice":"Upgrade and Remove","damage_taken":0,"max_hp_gain":0,"max_hp_loss":0,"event_name":"Designer","floor":27,"gold_loss":90,"cards_upgraded":["Feed"]},{"cards_removed":["Defend_R"],"damage_healed":0,"gold_gain":0,"player_choice":"Removed Skill","damage_taken":0,"max_hp_gain":0,"max_hp_loss":0,"event_name":"Falling","floor":37,"gold_loss":0},{"damage_healed":0,"gold_gain":0,"player_choice":"Bought 0 Potions","damage_taken":0,"max_hp_gain":0,"max_hp_loss":0,"event_name":"The Woman in Blue","floor":38,"gold_loss":0}],"is_beta":false,"boss_relics":[{"not_picked":["SacredBark","Runic Cube"],"picked":"Philosopher\u0027s Stone"},{"not_picked":["Calling Bell","Runic Pyramid"],"picked":"Mark of Pain"}],"items_purged_floors":[25],"is_endless":false,"potions_floor_spawned":[1,7,14,16,21,31,33,35,36],"killed_by":"Nemesis","ascension_level":9}}