{"host":"7iv10lxbxedtd0qh","time":1612301686,"event":{"mods":["BaseMod","Colored Map","Colored Powertips","Downfall","Minty Spire (QoL Compilation)","StSLib"],"gold_per_floor":[99,118,130,150,250,250,250,350,366,376,376,411,141,170,183,288,288,188,200,200,200,45,74,74,74,91,116,126,126,226,1,12,116,116,116,127,174,218,218,248,271,298,298,317,351,370,370,195,215,215],"floor_reached":51,"language":"ENG","playtime":3249,"items_purged":["champ:Strike","champ:Strike","champ:Strike","champ:TripleStrike","champ:ViciousMockery"],"score":884,"play_id":"b470eab6-9d34-4dfb-ad5e-f8b6c2c85b24","local_time":"20210202223446","is_ascension_mode":true,"campfire_choices":[{"data":"champ:Taunt","floor":1.0,"key":"SMITH"},{"data":"champ:EnragedBash","floor":6.0,"key":"SMITH"},{"data":"champ:HeartStrike","floor":11.0,"key":"SMITH"},{"data":"champ:AdrenalArmor","floor":18.0,"key":"SMITH"},{"data":"champ:Improvising","floor":29.0,"key":"SMITH"},{"data":"champ:AdrenalArmor","floor":35.0,"key":"SMITH"},{"data":"expansioncontent:InvincibleStrength","floor":43,"key":"SMITH"},{"data":"champ:BerserkersShout","floor":47,"key":"SMITH"}],"circlet_count":0,"master_deck":["champ:Defend","champ:Defend","champ:Defend","champ:Defend","champ:Taunt+1","champ:EnragedBash+1","champ:BerserkersShout+1","champ:ShieldSigil","champ:HeartStrike+1","champ:AdrenalArmor+1","champ:BerserkerStyle","champ:AdrenalArmor+1","champ:LastStand","champ:Encircle","champ:Improvising+1","Bandage Up+1","champ:EnchantSword+1","champ:ShieldSlam+1","champ:Improvising+1","expansioncontent:InvincibleStrength+1","expansioncontent:YouAreMine+1"],"relics":["champ:ChampionCrownUpgraded","Champion Belt","Mango","Bronze Scales","champ:BerserkersGuideToSlaughter","HornCleat","downfall:HeartBlessingGreen","FossilizedHelix","Bottled Tornado","Toxic Egg 2","Blood Vial","downfall:GremlinWheel","Sozu","Mummified Hand","DollysMirror","champ:DefensiveTrainingManual","Vajra","Bag of Marbles","CaptainsWheel"],"acts_visited":["Exordium","TheCity","TheBeyond"],"potions_floor_usage":[50],"damage_taken":[{"damage":12.0,"enemies":"Small Slimes","floor":2.0,"turns":5.0},{"damage":21.0,"enemies":"Jaw Worm","floor":3.0,"turns":5.0},{"damage":15.0,"enemies":"2 Louse","floor":4.0,"turns":2.0},{"damage":62.0,"enemies":"2 Louse","floor":5.0,"turns":4.0},{"damage":44.0,"enemies":"Red Slaver","floor":9.0,"turns":3.0},{"damage":20.0,"enemies":"2 Fungi Beasts","floor":10.0,"turns":3.0},{"damage":69.0,"enemies":"3 Sentries","floor":12.0,"turns":6.0},{"damage":56.0,"enemies":"downfall:FleeingMerchant","floor":13.0,"turns":4.0},{"damage":65.0,"enemies":"Gremlin Nob","floor":14.0,"turns":4.0},{"damage":50.0,"enemies":"Large Slime","floor":15.0,"turns":3.0},{"damage":117.0,"enemies":"WA_ARCHETYPE_RETAIN","floor":16.0,"turns":6.0},{"damage":56.0,"enemies":"Chosen","floor":19.0,"turns":4.0},{"damage":38.0,"enemies":"downfall:FleeingMerchant","floor":22.0,"turns":4.0},{"damage":114.0,"enemies":"Gremlin Leader","floor":23.0,"turns":5.0},{"damage":83.0,"enemies":"3 Cultists","floor":26.0,"turns":5.0},{"damage":74.0,"enemies":"Book of Stabbing","floor":27.0,"turns":6.0},{"damage":50.0,"enemies":"Snake Plant","floor":28.0,"turns":3.0},{"damage":28.0,"enemies":"Snake Plant","floor":30.0,"turns":3.0},{"damage":35.0,"enemies":"downfall:FleeingMerchant","floor":31.0,"turns":4.0},{"damage":47.0,"enemies":"Snecko","floor":32.0,"turns":5.0},{"damage":158.0,"enemies":"DF_ARCHETYPE_CLAW","floor":33.0,"turns":8.0},{"damage":67.0,"enemies":"Orb Walker","floor":36.0,"turns":2.0},{"damage":104,"enemies":"2 Orb Walkers","floor":37,"turns":6},{"damage":67,"enemies":"downfall:FleeingMerchant","floor":38,"turns":2},{"damage":116,"enemies":"Giant Head","floor":40,"turns":7},{"damage":119,"enemies":"Reptomancer","floor":42,"turns":7},{"damage":2,"enemies":"3 Shapes","floor":44,"turns":2},{"damage":59,"enemies":"Giant Head","floor":45,"turns":5},{"damage":27,"enemies":"Jaw Worm Horde","floor":46,"turns":5},{"damage":61,"enemies":"3 Darklings","floor":49,"turns":5},{"damage":144,"enemies":"SI_POISON_ARCHETYPE","floor":50,"turns":7}],"seed_played":"-1505904693953523470","potions_obtained":[{"floor":3.0,"key":"ColorlessPotion"},{"floor":5.0,"key":"champ:OpenerPotion"},{"floor":12.0,"key":"GamblersBrew"},{"floor":15.0,"key":"Strength Potion"},{"floor":23.0,"key":"sneckomod:MuddlingPotion"},{"floor":27.0,"key":"sneckomod:MuddlingPotion"},{"floor":30.0,"key":"champ:OpenerPotion"},{"floor":32.0,"key":"hexamod:SoulburnPotion"}],"is_trial":false,"path_per_floor":["R","M","M","M","?","R","T","?","M","M","R","E","$","E","M","B",null,"R","M","?","?","$","E","T","T","M","E","M","R","?","$","M","B",null,"R","M","?","?","?","E","T","E","R","M","E","M","R","$","M","B",null],"character_chosen":"THE_CHAMP","items_purchased":["champ:BerserkersGuideToSlaughter","champ:AdrenalArmor","champ:Encircle","Bandage Up+1","DollysMirror"],"campfire_rested":0,"item_purchase_floors":[13,13,22,31,38],"current_hp_per_floor":[90,88,87,87,60,60,74,74,65,60,60,46,46,28,38,30,104,104,102,102,102,104,66,66,66,75,61,70,70,89,104,104,89,104,104,104,89,104,99,90,90,47,47,72,104,104,104,104,104,95],"gold":215,"neow_bonus":"UPGRADE_CARD","is_daily":false,"chose_seed":false,"campfire_upgraded":8,"win_rate":0.0,"timestamp":1612301686,"path_taken":["R","M","M","M","?","R","T","?","M","M","R","E","$","E","M","BOSS","R","M","?","?","$","E","T","?","M","E","M","R","?","$","M","BOSS","R","M","?","?","?","E","T","E","R","M","E","M","R","$","M","BOSS"],"items_purchased_type":["Relic","Card","Card","Card","Relic"],"build_version":"2020-12-22","purchased_purges":5,"victory":true,"max_hp_per_floor":[90,90,90,90,90,90,104,104,104,104,104,104,104,104,104,104,104,104,104,104,104,104,104,104,104,104,104,104,104,104,104,104,104,104,104,104,104,104,104,104,104,104,104,104,104,104,104,104,104,104],"card_choices":[{"not_picked":["champ:TornadoPunch","champ:ShieldWall"],"picked":"champ:EnragedBash","floor":2.0},{"not_picked":["champ:FancyFootwork","champ:StanceDance"],"picked":"champ:BerserkersShout","floor":3.0},{"not_picked":["champ:GladiatorStyle","champ:BringItOn","champ:PreciseThrust"],"picked":"SKIP","floor":4.0},{"not_picked":["champ:BringItOn","champ:Backstep"],"picked":"champ:ShieldSigil","floor":5.0},{"not_picked":["champ:SetATrap","champ:HeartStrike","champ:TornadoPunch"],"picked":"SKIP","floor":9.0},{"not_picked":["champ:SetATrap","champ:TornadoPunch"],"picked":"champ:HeartStrike","floor":9.0},{"not_picked":["champ:Backstep","champ:DeathBlow"],"picked":"champ:AdrenalArmor","floor":10.0},{"not_picked":["champ:Endure","champ:VampiricStrike"],"picked":"champ:BerserkerStyle","floor":12.0},{"not_picked":["champ:BringItOn","champ:DefensiveShout","champ:CrookedStrike"],"picked":"SKIP","floor":13.0},{"not_picked":["champ:Circumvent","champ:ArenaPreparation","champ:FlashCut"],"picked":"SKIP","floor":14.0},{"not_picked":["champ:PreemptiveStrike","champ:Circumvent","champ:FlashCut"],"picked":"SKIP","floor":15.0},{"not_picked":["champ:SwordThrow","champ:VampiricStrike"],"picked":"champ:LastStand","floor":16.0},{"not_picked":["champ:StanceDance","champ:PerfectedStrike+1","champ:TornadoPunch"],"picked":"SKIP","floor":19.0},{"not_picked":["champ:BerserkersShout","champ:FocusedDefense+1","champ:EnGarde"],"picked":"SKIP","floor":22.0},{"not_picked":["champ:Parry","champ:BringItOn","champ:PerfectedStrike"],"picked":"SKIP","floor":23.0},{"not_picked":["champ:PerfectedStrike","champ:EnragedBash","champ:CrownThrow"],"picked":"SKIP","floor":26.0},{"not_picked":["champ:Endure+1","champ:BladeFlurry"],"picked":"champ:Improvising","floor":27.0},{"not_picked":["champ:BladeFlurry","champ:GutPunch+1","champ:FancyFootwork+1"],"picked":"SKIP","floor":28.0},{"not_picked":["champ:DeathBlow","champ:GutPunch","champ:BringItOn+1"],"picked":"SKIP","floor":31.0},{"not_picked":["champ:FlashCut+1","champ:DefensiveShout+1","champ:Backstep+1"],"picked":"SKIP","floor":32.0},{"not_picked":["champ:CheapShot","champ:MurderStrike"],"picked":"champ:EnchantSword+1","floor":33.0},{"not_picked":["champ:Shatter","champ:Backstep+1","champ:Endure+1"],"picked":"SKIP","floor":36.0},{"not_picked":["champ:PerfectedStrike+1","champ:TornadoPunch+1"],"picked":"champ:ShieldSlam+1","floor":37},{"not_picked":["champ:PerfectedStrike+1","champ:PreciseThrust+1","champ:CrookedStrike+1"],"picked":"SKIP","floor":38},{"not_picked":["expansioncontent:HyperBeam","expansioncontent:PrepareCrush"],"picked":"expansioncontent:InvincibleStrength","floor":39},{"not_picked":["expansioncontent:Chronoboost","expansioncontent:PolyBeam"],"picked":"expansioncontent:YouAreMine","floor":39},{"not_picked":["champ:FancyFootwork+1","champ:FlashCut+1","champ:GladiatorStyle"],"picked":"SKIP","floor":40},{"not_picked":["champ:BringItOn+1","champ:PreciseThrust+1","champ:DefensiveShout+1"],"picked":"SKIP","floor":42},{"not_picked":["champ:FlashCut","champ:HeartStrike+1","champ:BringItOn+1"],"picked":"SKIP","floor":44},{"not_picked":["champ:ShieldSigil+1","champ:SwordThrow","champ:StanceDance+1"],"picked":"SKIP","floor":45},{"not_picked":["champ:Backstep+1","champ:PreciseThrust","champ:FocusedDefense+1"],"picked":"SKIP","floor":46},{"not_picked":["champ:Encircle","champ:BringItOn+1","champ:BladeFlurry"],"picked":"SKIP","floor":49}],"player_experience":789651,"relics_obtained":[{"floor":5.0,"key":"Champion Belt"},{"floor":7.0,"key":"Mango"},{"floor":12.0,"key":"Bronze Scales"},{"floor":14.0,"key":"HornCleat"},{"floor":23.0,"key":"FossilizedHelix"},{"floor":24.0,"key":"Bottled Tornado"},{"floor":25.0,"key":"Toxic Egg 2"},{"floor":27.0,"key":"Blood Vial"},{"floor":30.0,"key":"downfall:GremlinWheel"},{"floor":35.0,"key":"Mummified Hand"},{"floor":40,"key":"champ:DefensiveTrainingManual"},{"floor":41,"key":"Vajra"},{"floor":42,"key":"Bag of Marbles"},{"floor":45,"key":"CaptainsWheel"}],"event_choices":[{"damage_healed":0.0,"max_hp_gain":0.0,"max_hp_loss":0.0,"gold_gain":0.0,"cards_transformed":["champ:Execute","champ:Strike"],"event_name":"Drug Dealer","player_choice":"Became Test Subject","floor":20.0,"gold_loss":0.0,"damage_taken":0.0,"cards_obtained":["champ:ViciousMockery","champ:TripleStrike"]},{"damage_healed":0.0,"max_hp_gain":0.0,"max_hp_loss":0.0,"gold_gain":0.0,"event_name":"Wheel of Change","player_choice":"Relic","floor":35.0,"gold_loss":0.0,"damage_taken":0.0},{"damage_healed":0,"gold_gain":0,"player_choice":"Fight","damage_taken":0,"max_hp_gain":0,"max_hp_loss":0,"event_name":"Mysterious Sphere","floor":37,"gold_loss":0}],"is_beta":false,"boss_relics":[{"not_picked":["Runic Pyramid","Velvet Choker"],"picked":"champ:ChampionCrownUpgraded"},{"not_picked":["SacredBark","SlaversCollar"],"picked":"Sozu"}],"items_purged_floors":[13,22,31,38,48],"is_endless":false,"potions_floor_spawned":[3,5,12,15,23,27,30,32,37,40,45],"ascension_level":2}}