{"host":"kwnpvqmnt47pmyi1","time":1612284034,"event":{"mods":["AchievementEnabler","BaseMod","Bestiary","BetterRewards","Clockwork Mod","Downfall","Hermit","Hubris","Infinite Spire","Marisa????????","Minty Spire (QoL Compilation)","Reliquary","Replay The Spire","Shade Mod","StSLib","The Hierophant","The Servant 0.9.4"],"gold_per_floor":[113,133,93,93,112,143,143,253,253,253,253,271,287,312,312,408,408,390,410,410,377,377,403,403,432,432,432,480,492,507,507,507,609,609,629,629,629],"floor_reached":36,"language":"ENG","playtime":2831,"items_purged":[],"score":410,"play_id":"a9ff60f5-3708-4f9e-a950-8f44db894227","local_time":"20210202084034","is_ascension_mode":false,"campfire_choices":[{"data":"hermit:BigShot","floor":7,"key":"SMITH"},{"floor":11,"key":"REST"},{"floor":15,"key":"REST"},{"data":"hubris:InfiniteBlow","floor":24,"key":"SMITH"},{"floor":27,"key":"RECALL"},{"floor":32,"key":"REST"}],"circlet_count":0,"master_deck":["hermit:Strike_Hermit","hermit:Strike_Hermit","hermit:Strike_Hermit","hermit:Strike_Hermit","hermit:Defend_Hermit","hermit:Defend_Hermit","hermit:Defend_Hermit","hermit:Defend_Hermit","hermit:Snapshot","hermit:Covet","hermit:Headshot","hermit:BigShot+1","hermit:BigShot","hermit:Headshot","hermit:HighCaliber","hermit:Ricochet","hermit:Enervate","hermit:Vantage+1","hubris:InfiniteBlow+1","hermit:Quickdraw+1","hermit:Quickdraw","hermit:BigShot+1","hermit:CalledShot+1","hermit:Coalescence","hermit:Snipe+1"],"relics":["hermit:Momento","TungstenRod","Replay:Towering Pillar of Hats","Tiny Chest","hubris:Spice","hubris:PeanutButter","hubris:ToyBattleship","Omamori"],"acts_visited":["Exordium","TheCity","TheBeyond"],"potions_floor_usage":[14,23,25,30,30,36,36,36],"damage_taken":[{"damage":0,"enemies":"Cultist","floor":1,"turns":3},{"damage":0,"enemies":"2 Louse","floor":2,"turns":1},{"damage":0,"enemies":"Jaw Worm","floor":5,"turns":2},{"damage":30,"enemies":"Gremlin Nob","floor":6,"turns":4},{"damage":11,"enemies":"Blue Slaver","floor":12,"turns":2},{"damage":5,"enemies":"Large Slime","floor":13,"turns":5},{"damage":18,"enemies":"3 Sentries","floor":14,"turns":6},{"damage":22,"enemies":"Fading Forest","floor":16,"turns":11},{"damage":12,"enemies":"2 Thieves","floor":18,"turns":4},{"damage":6,"enemies":"Shell Parasite","floor":19,"turns":4},{"damage":23,"enemies":"Gremlin Leader","floor":23,"turns":8},{"damage":17,"enemies":"Book of Stabbing","floor":25,"turns":6},{"damage":0,"enemies":"Snake Plant","floor":29,"turns":4},{"damage":9,"enemies":"Centurion and Healer","floor":30,"turns":7},{"damage":33,"enemies":"Champ","floor":33,"turns":9},{"damage":8,"enemies":"3 Darklings","floor":35,"turns":6},{"damage":74,"enemies":"Orin","floor":36,"turns":7}],"seed_played":"-5527100972094493953","potions_obtained":[{"floor":1,"key":"Strength Potion"},{"floor":14,"key":"SpeedPotion"},{"floor":16,"key":"sneckomod:MuddlingPotion"},{"floor":18,"key":"hexamod:SoulburnPotion"},{"floor":23,"key":"Fire Potion"},{"floor":29,"key":"LifebloodPotion"},{"floor":30,"key":"LifebloodPotion"},{"floor":35,"key":"BlessingOfTheForge"}],"is_trial":false,"path_per_floor":["M","M","?","?","M","E","R","?","T","$","R","M","M","E","R","B",null,"M","M","AVR","$","?","E","R","E","T","R","T","M","M","?","R","B",null,"M","?"],"character_chosen":"HERMIT","items_purchased":["hermit:Quickdraw+1"],"campfire_rested":3,"item_purchase_floors":[21],"current_hp_per_floor":[80,80,80,62,62,32,32,1,9,9,35,24,19,1,27,5,96,84,78,78,78,78,55,55,38,38,38,38,38,29,29,55,22,80,72,0,0],"gold":629,"neow_bonus":"RANDOM_EVENT","is_daily":false,"chose_seed":false,"campfire_upgraded":2,"win_rate":0.0,"timestamp":1612284034,"path_taken":["M","M","?","?","M","E","R","?","T","?","R","M","M","E","R","BOSS","M","M","AVR","?","?","E","R","E","T","R","?","?","M","?","R","BOSS","M","?"],"items_purchased_type":["Card"],"build_version":"2020-12-22","purchased_purges":0,"victory":false,"max_hp_per_floor":[80,80,80,80,80,80,80,80,88,88,88,88,88,88,88,88,96,96,96,96,96,96,88,88,88,88,88,88,88,88,88,88,88,80,80,80,80],"card_choices":[{"not_picked":["hermit:CalledShot","hermit:Glare"],"picked":"hermit:Headshot","floor":1},{"not_picked":["hermit:BodyArmor","hermit:Cheat"],"picked":"hermit:BigShot","floor":2},{"not_picked":["hermit:Malice","hermit:Coalescence"],"picked":"hermit:BigShot","floor":5},{"not_picked":["hermit:DeadMansHand","hermit:FlashPowder"],"picked":"hermit:Headshot","floor":6},{"not_picked":["hermit:ItchyTrigger","hermit:CursedWeapon"],"picked":"hermit:HighCaliber","floor":8},{"not_picked":["hermit:Spite","hermit:Maintenance","hermit:Manifest"],"picked":"SKIP","floor":12},{"not_picked":["hermit:Maintenance","hermit:LoneWolf"],"picked":"hermit:Ricochet","floor":13},{"not_picked":["hermit:BodyArmor","hermit:HeroicBravado"],"picked":"hermit:Enervate","floor":14},{"not_picked":["hermit:NoHoldsBarred+1","hermit:Scavenge"],"picked":"hermit:Vantage+1","floor":18},{"not_picked":["hermit:Desperado+1","hermit:Manifest","hermit:Determination"],"picked":"SKIP","floor":19},{"not_picked":["hermit:Gestalt+1","hermit:NoHoldsBarred"],"picked":"hermit:Quickdraw","floor":23},{"not_picked":["hermit:HighCaliber","hermit:FromBeyond"],"picked":"hermit:BigShot+1","floor":25},{"not_picked":["hermit:BodyArmor","hermit:Scavenge"],"picked":"hermit:CalledShot+1","floor":29},{"not_picked":["hermit:Shortfuse+1","hermit:SprayPray"],"picked":"hermit:Coalescence","floor":30},{"not_picked":["hubris:SpiceAddiction","hermit:Quickdraw"],"picked":"hermit:Snipe+1","floor":35}],"player_experience":291072,"relics_obtained":[{"floor":6,"key":"Replay:Towering Pillar of Hats"},{"floor":8,"key":"Tiny Chest"},{"floor":9,"key":"hubris:Spice"},{"floor":14,"key":"hubris:PeanutButter"},{"floor":23,"key":"hubris:Spice"},{"floor":25,"key":"hubris:ToyBattleship"},{"floor":28,"key":"Omamori"}],"event_choices":[{"damage_healed":0,"gold_gain":0,"player_choice":"Donut","damage_taken":0,"max_hp_gain":5,"max_hp_loss":0,"event_name":"Big Fish","floor":0,"gold_loss":0},{"damage_healed":0,"gold_gain":0,"player_choice":"Left Gold","damage_taken":0,"max_hp_gain":0,"max_hp_loss":0,"event_name":"World of Goop","floor":3,"gold_loss":40},{"damage_healed":0,"gold_gain":0,"player_choice":"Success","damage_taken":18,"relics_obtained":["TungstenRod"],"max_hp_gain":0,"max_hp_loss":0,"event_name":"Scrap Ooze","floor":4,"gold_loss":0},{"damage_healed":0,"gold_gain":0,"player_choice":"Smashed Altar","damage_taken":0,"max_hp_gain":0,"max_hp_loss":0,"event_name":"Forgotten Altar","floor":31,"gold_loss":0,"cards_obtained":["Decay"]},{"damage_healed":0,"gold_gain":0,"player_choice":"Fight","damage_taken":0,"max_hp_gain":0,"max_hp_loss":0,"event_name":"OrinTheCat","floor":36,"gold_loss":0}],"is_beta":false,"boss_relics":[{"not_picked":["hubris:Spice","hubris:CrackedHourglass"],"picked":"hubris:Spice"},{"not_picked":["ChewingGum","Runic Pyramid"],"picked":"hubris:Spice"}],"items_purged_floors":[],"is_endless":false,"potions_floor_spawned":[1,14,16,18,23,29,30,35],"killed_by":"Orin","ascension_level":0}}