{"host":"u7y9frlpoazak2mn","time":1612230463,"event":{"mods":["AchievementEnabler","Act Like it!","Alarm Clock","Aspiration","Astrologer","BaseMod","Beaked The Cultist","Better Altar","Better Match","Better Note","Better Sensory Stone","Better Skull","Better Third Choice","CCEM2","Chen","Colored Map","Colored Powertips","Conspire","Curses Come First","Dark Map","Displayed Cursed Tome","Energized Spire","Friendly Minions","Gensokyo","GifTheSpireLib","Glutton Mod","Halation","Hallownest","Hermit","Hubris","Infinite Spire","Jedi Mod","Koishi","Marisa????????","Marked Mod","Mimic Mod","Minty Spire (QoL Compilation)","Pale of the Ancients","Prisma Mod","Quick Restart","Random Character Button","Rare Cards Sparkle","Relic Stats","Reliquary","Remilia??????","Replay The Spire","Retaliation","Spicy Shops","Spikes Relics","StS++","StSLib","Stuff the Spire","The Administrix","The Blue Laboratory","The Bug Knight","The Construct","The Cursed","The Druid","The Forsaken","The Juggle","The Jungle","The Marked","The Servant 0.9.4","Waifu the Spire","Wandering Minibosses","Wide Potions","Yuri Mod"],"gold_per_floor":[111,41,59,78,91,116,41,57,57,57,57,57,57,57],"floor_reached":13,"language":"ENG","playtime":366,"items_purged":["Strike_B"],"score":89,"play_id":"cf02fc82-5011-4d52-8907-71b47e5d2e12","local_time":"20210201204743","is_ascension_mode":true,"campfire_choices":[{"data":"hubris:PowerSurge","floor":10,"key":"SMITH"}],"circlet_count":0,"master_deck":["Strike_B","Strike_B","Strike_B","Defend_B","Defend_B","Defend_B","Defend_B","Zap","Dualcast","Hologram","ReplayGash","hubris:PowerSurge+1","Gash"],"relics":["Cracked Core","NeowsBlessing","aspiration:EmptySkull","CCEMRelics:TechnogenicHelmet","hubris:Icosahedron"],"acts_visited":["Exordium"],"potions_floor_usage":[],"damage_taken":[{"damage":0,"enemies":"Cultist","floor":1,"turns":1},{"damage":0,"enemies":"Jaw Worm","floor":3,"turns":1},{"damage":0,"enemies":"2 Louse","floor":4,"turns":1},{"damage":7,"enemies":"Looter","floor":5,"turns":4},{"damage":21,"enemies":"Gremlin Nob","floor":6,"turns":4},{"damage":14,"enemies":"3 Louse","floor":8,"turns":2},{"damage":36,"enemies":"Lagavulin","floor":13,"turns":3}],"seed_played":"2862114481788262792","potions_obtained":[{"floor":1,"key":"EssenceOfDarkness"},{"floor":4,"key":"CultistPotion"}],"is_trial":false,"path_per_floor":["M","$","M","M","M","E","$","M","T","R","?","$","E"],"character_chosen":"DEFECT","items_purchased":["ReplayGash"],"campfire_rested":0,"item_purchase_floors":[2],"current_hp_per_floor":[75,75,75,75,68,47,47,33,33,33,33,33,0,0],"gold":57,"neow_bonus":"THREE_ENEMY_KILL","is_daily":false,"chose_seed":false,"campfire_upgraded":1,"win_rate":0.0,"timestamp":1612230463,"path_taken":["M","$","?","M","M","E","$","M","T","R","?","?","E"],"items_purchased_type":["Card"],"build_version":"2020-12-22","purchased_purges":1,"victory":false,"max_hp_per_floor":[75,75,75,75,75,75,75,75,75,75,75,75,75,75],"relic_stats":{"counters":[7,16],"obtain_stats":[{"aspiration:EmptySkull":6,"hubris:Icosahedron":11,"NeowsBlessing":0,"CCEMRelics:TechnogenicHelmet":9,"Cracked Core":0},{"aspiration:EmptySkull":5,"hubris:Icosahedron":6,"NeowsBlessing":0,"CCEMRelics:TechnogenicHelmet":6,"Cracked Core":0},{"aspiration:EmptySkull":11,"hubris:Icosahedron":13,"NeowsBlessing":0,"CCEMRelics:TechnogenicHelmet":13,"Cracked Core":0}]},"card_choices":[{"not_picked":["Chill","Steam Power"],"picked":"Hologram","floor":1},{"not_picked":["Streamline","Double Energy","Go for the Eyes"],"picked":"SKIP","floor":3},{"not_picked":["Sweeping Beam","Lockon","Coolheaded"],"picked":"SKIP","floor":4},{"not_picked":["Sweeping Beam","Lockon","Coolheaded"],"picked":"SKIP","floor":4},{"not_picked":["StSpp:Channeliser","RefreshScreen"],"picked":"hubris:PowerSurge","floor":5},{"not_picked":["Streamline","BasicCrystalCard"],"picked":"Gash","floor":6},{"not_picked":["Rip and Tear","StuffTheSpire:Purify","Sweeping Beam"],"picked":"SKIP","floor":8}],"player_experience":373353,"relics_obtained":[{"floor":6,"key":"aspiration:EmptySkull"},{"floor":9,"key":"CCEMRelics:TechnogenicHelmet"}],"event_choices":[],"is_beta":false,"boss_relics":[],"items_purged_floors":[7],"is_endless":false,"potions_floor_spawned":[1,4,6],"killed_by":"Lagavulin","ascension_level":1}}