{"host":"4par9lyhj7bf4dsa","time":1612234482,"event":{"mods":["AchievementEnabler","BaseMod","Colored Map","Minty Spire (QoL Compilation)","Relic Stats","StSLib"],"gold_per_floor":[117,136,136,147,222,222,241,241,322,322,349,349,365,393,393,469,469,489,489,61,61,61,61,75,89,116,116,129,129,129],"floor_reached":29,"language":"ENG","playtime":1491,"items_purged":["Pain"],"score":490,"play_id":"dc5ded9e-f374-4ed3-8429-a2f76f26729c","local_time":"20210202135442","is_ascension_mode":true,"campfire_choices":[{"floor":6,"key":"REST"},{"floor":8,"key":"REST"},{"data":"Zap","floor":10,"key":"SMITH"},{"data":"Defragment","floor":15,"key":"SMITH"},{"floor":23,"key":"REST"},{"floor":27,"key":"REST"}],"circlet_count":0,"master_deck":["AscendersBane","Strike_B","Strike_B","Strike_B","Strike_B","Defend_B","Defend_B","Defend_B","Defend_B","Zap+1","Dualcast","Streamline","Reinforced Body","Go for the Eyes+1","Ball Lightning","Glacier","Aggregate","FTL","Defragment+1","Amplify","Genetic Algorithm","Defragment+1","Recycle","Conserve Battery+1","Coolheaded"],"relics":["Runic Pyramid","Dream Catcher","HornCleat","Bag of Marbles","Akabeko","Philosopher\u0027s Stone","WarpedTongs","Frozen Egg 2","Nilry\u0027s Codex"],"acts_visited":["Exordium","TheCity"],"potions_floor_usage":[11,28,28],"damage_taken":[{"damage":15,"enemies":"Small Slimes","floor":1,"turns":4},{"damage":2,"enemies":"Jaw Worm","floor":2,"turns":4},{"damage":9,"enemies":"2 Louse","floor":4,"turns":3},{"damage":12,"enemies":"Exordium Thugs","floor":7,"turns":5},{"damage":10,"enemies":"Gremlin Nob","floor":11,"turns":4},{"damage":0,"enemies":"3 Louse","floor":13,"turns":5},{"damage":0,"enemies":"Lagavulin","floor":14,"turns":7},{"damage":2,"enemies":"Slime Boss","floor":16,"turns":9},{"damage":0,"enemies":"Chosen","floor":18,"turns":3},{"damage":18,"enemies":"3 Byrds","floor":24,"turns":6},{"damage":15,"enemies":"Snake Plant","floor":25,"turns":5},{"damage":17,"enemies":"Cultist and Chosen","floor":28,"turns":9},{"damage":40,"enemies":"Masked Bandits","floor":29,"turns":3}],"seed_played":"-6716622365634587310","potions_obtained":[{"floor":2,"key":"Ancient Potion"},{"floor":7,"key":"Explosive Potion"},{"floor":13,"key":"Dexterity Potion"},{"floor":14,"key":"Energy Potion"}],"is_trial":false,"path_per_floor":["M","M","?","M","?","R","M","R","T","R","E","?","M","E","R","B",null,"M","?","$","?","?","R","M","M","T","R","M","?"],"character_chosen":"DEFECT","items_purchased":["Frozen Egg 2","Defragment+1"],"campfire_rested":4,"item_purchase_floors":[20,20],"current_hp_per_floor":[49,47,36,27,16,37,25,46,46,46,36,36,36,36,36,34,62,62,62,62,41,35,56,38,23,23,44,27,0,0],"gold":129,"neow_bonus":"BOSS_RELIC","is_daily":false,"chose_seed":false,"campfire_upgraded":2,"win_rate":0.0,"timestamp":1612234482,"path_taken":["M","M","?","M","?","R","M","R","T","R","E","?","M","E","R","BOSS","M","?","?","?","?","R","M","?","T","R","M","?"],"items_purchased_type":["Relic","Card"],"build_version":"2020-12-22","purchased_purges":1,"victory":false,"max_hp_per_floor":[71,71,71,71,71,71,71,71,71,71,71,71,71,71,71,71,71,71,71,71,71,71,71,71,71,71,71,71,71,71],"relic_stats":{"Dream Catcher":4,"counters":[13,67],"obtain_stats":[{"Dream Catcher":3,"HornCleat":9,"Nilry\u0027s Codex":21,"Philosopher\u0027s Stone":17,"Bag of Marbles":11,"Frozen Egg 2":20,"Cracked Core":0,"Akabeko":14,"Runic Pyramid":0,"WarpedTongs":19},{"Dream Catcher":2,"HornCleat":4,"Nilry\u0027s Codex":9,"Philosopher\u0027s Stone":8,"Bag of Marbles":5,"Frozen Egg 2":9,"Cracked Core":0,"Akabeko":7,"Runic Pyramid":0,"WarpedTongs":9},{"Dream Catcher":8,"HornCleat":16,"Nilry\u0027s Codex":44,"Philosopher\u0027s Stone":41,"Bag of Marbles":20,"Frozen Egg 2":44,"Cracked Core":0,"Akabeko":32,"Runic Pyramid":0,"WarpedTongs":44}],"WarpedTongs":[23]},"card_choices":[{"not_picked":["Gash","Stack"],"picked":"Streamline","floor":1},{"not_picked":["Rebound","Scrape"],"picked":"Reinforced Body","floor":2},{"not_picked":["Steam","Conserve Battery"],"picked":"Go for the Eyes","floor":4},{"not_picked":["Auto Shields","Reprogram"],"picked":"Ball Lightning","floor":6},{"not_picked":["Go for the Eyes","Steam"],"picked":"Glacier","floor":7},{"not_picked":["Rebound","Streamline"],"picked":"Aggregate","floor":8},{"not_picked":["Static Discharge","Hello World","Rebound"],"picked":"SKIP","floor":11},{"not_picked":["Genetic Algorithm","Gash"],"picked":"FTL","floor":13},{"not_picked":["Consume","Tempest"],"picked":"Defragment","floor":14},{"not_picked":["Echo Form","Meteor Strike"],"picked":"Amplify","floor":16},{"not_picked":["Conserve Battery","Heatsinks"],"picked":"Genetic Algorithm","floor":18},{"not_picked":["Glacier","Double Energy"],"picked":"Recycle","floor":23},{"not_picked":["Beam Cell","Hologram","Conserve Battery"],"picked":"SKIP","floor":24},{"not_picked":["Melter+1","Blizzard"],"picked":"Conserve Battery+1","floor":25},{"not_picked":["Barrage","Rainbow"],"picked":"Coolheaded","floor":28}],"player_experience":914802,"relics_obtained":[{"floor":9,"key":"HornCleat"},{"floor":11,"key":"Bag of Marbles"},{"floor":14,"key":"Akabeko"},{"floor":21,"key":"Nilry\u0027s Codex"}],"event_choices":[{"damage_healed":0,"gold_gain":0,"player_choice":"Success","damage_taken":11,"relics_obtained":["Dream Catcher"],"max_hp_gain":0,"max_hp_loss":0,"event_name":"Scrap Ooze","floor":3,"gold_loss":0},{"damage_healed":0,"gold_gain":75,"player_choice":"Gather Gold","damage_taken":11,"max_hp_gain":0,"max_hp_loss":0,"event_name":"World of Goop","floor":5,"gold_loss":0},{"damage_healed":0,"gold_gain":0,"player_choice":"Grow","damage_taken":0,"max_hp_gain":0,"max_hp_loss":0,"event_name":"Living Wall","floor":12,"gold_loss":0,"cards_upgraded":["Go for the Eyes"]},{"damage_healed":0,"gold_gain":0,"player_choice":"Rummage","damage_taken":0,"relics_obtained":["WarpedTongs"],"max_hp_gain":0,"max_hp_loss":0,"event_name":"Accursed Blacksmith","floor":19,"gold_loss":0,"cards_obtained":["Pain"]},{"damage_healed":0,"gold_gain":0,"player_choice":"Obtained Book","damage_taken":21,"max_hp_gain":0,"max_hp_loss":0,"event_name":"Cursed Tome","floor":21,"gold_loss":0},{"damage_healed":0,"gold_gain":0,"player_choice":"","damage_taken":6,"max_hp_gain":0,"max_hp_loss":0,"event_name":"Knowing Skull","floor":22,"potions_obtained":[],"gold_loss":0,"cards_obtained":[]},{"damage_healed":0,"gold_gain":0,"player_choice":"Fought Bandits","damage_taken":0,"max_hp_gain":0,"max_hp_loss":0,"event_name":"Masked Bandits","floor":29,"gold_loss":0}],"is_beta":false,"boss_relics":[{"not_picked":["Fusion Hammer","Tiny House"],"picked":"Philosopher\u0027s Stone"}],"items_purged_floors":[20],"is_endless":false,"potions_floor_spawned":[2,7,13,14],"killed_by":"Masked Bandits","ascension_level":18}}