{"host":"8rqsnaeml9gxb0kp","time":1612310311,"event":{"mods":["AchievementEnabler","BaseMod","Dark Map","Minty Spire (QoL Compilation)","Relic Stats","StSLib","slay the spire mod where everything is the same but ironclad has a cowboy hat"],"gold_per_floor":[117,131,56,70,83,108,108,141,164,184,195,205,231,249,249,326,376,390,406,438,79,79,79,105,105,105,122,122,22,22,34,34,34,34],"floor_reached":33,"language":"ENG","playtime":1376,"items_purged":["Defend_R","Shame"],"score":535,"play_id":"1a283c68-9165-4886-a716-021ba5fc543a","local_time":"20210202155831","is_ascension_mode":true,"campfire_choices":[{"data":"Whirlwind","floor":7.0,"key":"SMITH"},{"data":"Disarm","floor":15,"key":"SMITH"},{"data":"Berserk","floor":23,"key":"SMITH"},{"data":"Flame Barrier","floor":25,"key":"SMITH"},{"data":"Bash","floor":28,"key":"SMITH"},{"data":"Seeing Red","floor":32,"key":"SMITH"}],"circlet_count":0,"master_deck":["AscendersBane","Strike_R","Strike_R","Strike_R","Strike_R","Strike_R","Defend_R","Defend_R","Defend_R","Bash+1","Cleave","Perfected Strike","Whirlwind+1","Thunderclap","Flame Barrier+1","Feed+1","Clothesline","Disarm+1","Perfected Strike","Seeing Red+1","Perfected Strike","Berserk+1","Shrug It Off","Clothesline+1","Pommel Strike+1","Cleave","Bloodletting","Seeing Red+1","Decay","Reaper"],"relics":["Coffee Dripper","Bag of Marbles","Oddly Smooth Stone","Anchor","Toy Ornithopter","Tiny House","Red Mask","Meat on the Bone","White Beast Statue","Dream Catcher","Bottled Lightning"],"acts_visited":["Exordium","TheCity"],"potions_floor_usage":[13,14,20,20,24,33,33],"damage_taken":[{"damage":1.0,"enemies":"Cultist","floor":1.0,"turns":3.0},{"damage":2.0,"enemies":"Jaw Worm","floor":2.0,"turns":3.0},{"damage":0.0,"enemies":"2 Louse","floor":4.0,"turns":2.0},{"damage":4.0,"enemies":"Large Slime","floor":5.0,"turns":5.0},{"damage":7.0,"enemies":"3 Sentries","floor":6.0,"turns":4.0},{"damage":23.0,"enemies":"Lagavulin","floor":8.0,"turns":4.0},{"damage":8.0,"enemies":"Exordium Wildlife","floor":10.0,"turns":4.0},{"damage":0.0,"enemies":"Blue Slaver","floor":11.0,"turns":2.0},{"damage":0.0,"enemies":"Lots of Slimes","floor":12.0,"turns":1.0},{"damage":25,"enemies":"Gremlin Nob","floor":13,"turns":4},{"damage":0,"enemies":"Large Slime","floor":14,"turns":2},{"damage":6,"enemies":"Hexaghost","floor":16,"turns":9},{"damage":6,"enemies":"Chosen","floor":18,"turns":3},{"damage":0,"enemies":"3 Byrds","floor":19,"turns":3},{"damage":11,"enemies":"Masked Bandits","floor":20,"turns":4},{"damage":4,"enemies":"Gremlin Leader","floor":24,"turns":6},{"damage":21,"enemies":"Sentry and Sphere","floor":27,"turns":5},{"damage":0,"enemies":"Snecko","floor":31,"turns":2},{"damage":64,"enemies":"Automaton","floor":33,"turns":6}],"seed_played":"-6239322357003494800","potions_obtained":[{"floor":2.0,"key":"BloodPotion"},{"floor":5.0,"key":"BlessingOfTheForge"},{"floor":12,"key":"GamblersBrew"},{"floor":13,"key":"SteroidPotion"},{"floor":17,"key":"HeartOfIron"},{"floor":18,"key":"PowerPotion"},{"floor":20,"key":"FearPotion"},{"floor":24,"key":"Ancient Potion"},{"floor":27,"key":"PowerPotion"}],"is_trial":false,"path_per_floor":["M","M","$","M","M","E","R","E","T","M","M","M","E","M","R","B",null,"M","M","?","$","?","R","E","R","T","M","R","$","?","M","R","B"],"character_chosen":"IRONCLAD","items_purchased":["Meat on the Bone","LiquidBronze"],"campfire_rested":0,"item_purchase_floors":[21,21],"current_hp_per_floor":[67,65,65,65,61,54,54,31,31,26,29,29,25,30,30,24,72,66,66,69,69,69,69,70,70,70,49,49,49,49,49,49,0,0],"gold":34,"neow_bonus":"BOSS_RELIC","is_daily":false,"chose_seed":false,"campfire_upgraded":6,"win_rate":0.0,"timestamp":1612310311,"path_taken":["M","M","$","M","M","E","R","E","T","M","M","M","E","M","R","BOSS","M","?","?","$","?","R","E","R","T","M","R","$","?","M","R","BOSS"],"items_purchased_type":["Relic","Potion"],"build_version":"2020-12-22","purchased_purges":2,"victory":false,"max_hp_per_floor":[75,75,75,75,75,75,75,75,75,78,81,81,81,81,81,81,86,86,86,90,90,90,90,90,90,90,90,90,90,90,90,90,90,90],"relic_stats":{"Dream Catcher":0,"counters":[19,72],"obtain_stats":[{"Anchor":9,"Dream Catcher":24,"Tiny House":17,"Oddly Smooth Stone":8,"Coffee Dripper":0,"Bag of Marbles":6,"Red Mask":20,"Bottled Lightning":26,"Burning Blood":0,"Toy Ornithopter":13,"White Beast Statue":22,"Meat on the Bone":21},{"Anchor":6,"Dream Catcher":16,"Tiny House":12,"Oddly Smooth Stone":6,"Coffee Dripper":0,"Bag of Marbles":5,"Red Mask":15,"Bottled Lightning":16,"Burning Blood":0,"Toy Ornithopter":10,"White Beast Statue":15,"Meat on the Bone":15},{"Anchor":21,"Dream Catcher":59,"Tiny House":43,"Oddly Smooth Stone":21,"Coffee Dripper":0,"Bag of Marbles":17,"Red Mask":53,"Bottled Lightning":59,"Burning Blood":0,"Toy Ornithopter":32,"White Beast Statue":53,"Meat on the Bone":53}],"Toy Ornithopter":35,"Meat on the Bone":0},"card_choices":[{"not_picked":["Seeing Red","Dark Embrace"],"picked":"Cleave","floor":1.0},{"not_picked":["Wild Strike","Flame Barrier"],"picked":"Perfected Strike","floor":2.0},{"not_picked":["Headbutt","True Grit"],"picked":"Whirlwind","floor":4.0},{"not_picked":["Whirlwind","Combust"],"picked":"Thunderclap","floor":5.0},{"not_picked":["Seeing Red","Feel No Pain"],"picked":"Flame Barrier","floor":6.0},{"not_picked":["Battle Trance","Anger"],"picked":"Feed","floor":8.0},{"not_picked":["Entrench","Shrug It Off"],"picked":"Clothesline","floor":10.0},{"not_picked":["Flex","Clothesline"],"picked":"Disarm","floor":11.0},{"not_picked":["Twin Strike","Dual Wield"],"picked":"Perfected Strike","floor":12},{"not_picked":["Corruption","Ghostly Armor"],"picked":"Seeing Red","floor":13},{"not_picked":["Heavy Blade","Twin Strike"],"picked":"Perfected Strike","floor":14},{"not_picked":["Impervious","Brutality"],"picked":"Berserk","floor":16},{"not_picked":["Heavy Blade","Feel No Pain"],"picked":"Shrug It Off","floor":17},{"not_picked":["Shrug It Off","Fire Breathing"],"picked":"Clothesline+1","floor":18},{"not_picked":["Clothesline","Second Wind+1"],"picked":"Pommel Strike+1","floor":19},{"not_picked":["Exhume","Warcry"],"picked":"Cleave","floor":20},{"not_picked":["Rampage","Thunderclap"],"picked":"Bloodletting","floor":24},{"not_picked":["Body Slam","Ghostly Armor"],"picked":"Seeing Red+1","floor":27},{"not_picked":["Blood for Blood+1","Infernal Blade"],"picked":"Reaper","floor":31}],"player_experience":175432,"relics_obtained":[{"floor":6.0,"key":"Bag of Marbles"},{"floor":8.0,"key":"Oddly Smooth Stone"},{"floor":9.0,"key":"Anchor"},{"floor":13,"key":"Toy Ornithopter"},{"floor":20,"key":"Red Mask"},{"floor":24,"key":"Dream Catcher"},{"floor":26,"key":"Bottled Lightning"}],"event_choices":[{"damage_healed":0,"gold_gain":0,"player_choice":"Fought Bandits","damage_taken":0,"max_hp_gain":0,"max_hp_loss":0,"event_name":"Masked Bandits","floor":20,"gold_loss":0},{"damage_healed":0,"gold_gain":0,"player_choice":"Stole Relic","damage_taken":0,"relics_obtained":["White Beast Statue"],"max_hp_gain":0,"max_hp_loss":0,"event_name":"Addict","floor":22,"gold_loss":0,"cards_obtained":["Shame"]},{"damage_healed":0,"gold_gain":0,"player_choice":"Smashed Altar","damage_taken":0,"max_hp_gain":0,"max_hp_loss":0,"event_name":"Forgotten Altar","floor":30,"gold_loss":0,"cards_obtained":["Decay"]}],"is_beta":false,"boss_relics":[{"not_picked":["Fusion Hammer","Empty Cage"],"picked":"Tiny House"}],"items_purged_floors":[3,29],"is_endless":false,"potions_floor_spawned":[2,5,12,13,18,19,20,24,27,31],"killed_by":"Automaton","ascension_level":17}}