{"host":"3498uni0c31c9bdm","time":1612279128,"event":{"mods":["BaseMod","Better Third Choice","Minty Spire (QoL Compilation)","Replay The Spire","StSLib"],"gold_per_floor":[153,328,384,418,478,478,508,508,508,554,590,628,628,676,676,773,773,793,793,892,935,244,277,308,308,332,332,16,16,16],"floor_reached":29,"language":"ENG","playtime":1441,"items_purged":["Doubt","Doubt"],"score":567,"play_id":"7fd684db-3098-4d37-9994-d241a4bffd39","local_time":"20210203021848","is_ascension_mode":true,"campfire_choices":[{"floor":6,"key":"REST"},{"floor":8,"key":"RECALL"},{"floor":13,"key":"REST"},{"floor":15,"key":"REST"}],"circlet_count":0,"master_deck":["AscendersBane","Strike_P","Strike_P","Strike_P","Strike_P","Defend_P","Defend_P","Defend_P","Defend_P","Eruption","Vigilance","Defend_G","Strike_B","HandOfGreed","EmptyBody","CarveReality","WaveOfTheHand","FearNoEvil+1","Crescendo","BowlingBash","TalkToTheHand","SashWhip","EmptyFist","Omniscience","CurseOfTheBell","CommonCold","MasterReality","Weave","SashWhip","PathToVictory+1","Replay:ManipulateFuture","ReplayTheSpireMod:IOU","ReplayTheSpireMod:IOU"],"relics":["PureWater","Toy Ornithopter","Replay:Wax Seal","Odd Mushroom","Pear","Replay:Ancient Bell","Juzu Bracelet","Iron Hammer","Pondfish Scales","Replay:Multitool","Ancient Tea Set","Melange","Lantern","Membership Card","Mango","Pantograph"],"acts_visited":["Exordium","TheCity"],"potions_floor_usage":[14,16,16,24,24,24,24,29],"damage_taken":[{"damage":7,"enemies":"Small Slimes","floor":1,"turns":4},{"damage":0,"enemies":"2 Louse","floor":3,"turns":4},{"damage":0,"enemies":"Cultist","floor":4,"turns":2},{"damage":1,"enemies":"2 Fungi Beasts","floor":5,"turns":5},{"damage":23,"enemies":"Lagavulin","floor":7,"turns":10},{"damage":15,"enemies":"The Mushroom Lair","floor":10,"turns":5},{"damage":0,"enemies":"Exordium Thugs","floor":11,"turns":5},{"damage":6,"enemies":"3 Louse","floor":12,"turns":2},{"damage":16,"enemies":"Gremlin Nob","floor":14,"turns":3},{"damage":32,"enemies":"The Guardian","floor":16,"turns":19},{"damage":0,"enemies":"Spheric Guardian","floor":18,"turns":2},{"damage":15,"enemies":"3 Byrds","floor":21,"turns":8},{"damage":15,"enemies":"Snake Plant","floor":23,"turns":5},{"damage":52,"enemies":"Book of Stabbing","floor":24,"turns":8},{"damage":57,"enemies":"Gremlin Leader","floor":29,"turns":5}],"seed_played":"-6179111952515257271","potions_obtained":[{"floor":1,"key":"SneckoOil"},{"floor":4,"key":"Block Potion"},{"floor":14,"key":"StancePotion"},{"floor":21,"key":"Flashbang"},{"floor":23,"key":"EntropicBrew"}],"is_trial":false,"path_per_floor":["M","?","M","M","M","R","E","R","T","?","M","M","R","E","R","B",null,"M","?","?","M","$","M","E","R","T","?","$","E"],"character_chosen":"WATCHER","items_purchased":["Replay:Multitool","Ancient Tea Set","Melange","Membership Card","Mango","Pantograph","Block Potion"],"campfire_rested":3,"item_purchase_floors":[22,22,22,28,28,28,28],"current_hp_per_floor":[58,58,58,58,57,72,49,49,49,34,34,28,49,48,72,50,74,74,74,74,59,59,44,12,36,36,36,50,0,0],"gold":16,"neow_bonus":"RANDOM_COLORLESS_2","is_daily":false,"chose_seed":false,"campfire_upgraded":0,"win_rate":0.0,"timestamp":1612279128,"path_taken":["M","?","M","M","M","R","E","R","T","?","M","M","R","E","R","BOSS","M","?","?","M","$","M","E","R","T","?","$","E"],"items_purchased_type":["Relic","Relic","Relic","Relic","Relic","Relic","Potion"],"build_version":"2020-12-22","purchased_purges":2,"victory":false,"max_hp_per_floor":[72,72,72,72,72,72,72,72,72,72,72,72,72,82,82,82,82,82,82,82,82,82,82,82,82,82,82,96,96,96],"card_choices":[{"not_picked":["ReplayTheSpireMod:Brewmster","The Bomb"],"picked":"HandOfGreed","floor":0},{"not_picked":["SignatureMove","Nirvana"],"picked":"EmptyBody","floor":1},{"not_picked":["Adaptation","Evaluate"],"picked":"CarveReality","floor":3},{"not_picked":["Nirvana","Replay:ManipulateFuture"],"picked":"WaveOfTheHand","floor":4},{"not_picked":["ClearTheMind","WaveOfTheHand"],"picked":"FearNoEvil","floor":5},{"not_picked":["Protect","ClearTheMind"],"picked":"Crescendo","floor":7},{"not_picked":["Replay:Anticipation","WindmillStrike"],"picked":"BowlingBash","floor":10},{"not_picked":["EmptyFist","FollowUp"],"picked":"TalkToTheHand","floor":11},{"not_picked":["Evaluate","CutThroughFate"],"picked":"SashWhip","floor":12},{"not_picked":["WaveOfTheHand","Nirvana"],"picked":"EmptyFist","floor":14},{"not_picked":["Wish","Ragnarok"],"picked":"Omniscience","floor":16},{"not_picked":["Delirium","Regret"],"picked":"CurseOfTheBell","floor":17},{"not_picked":["ReplayTheSpireMod:Doomed","Regret"],"picked":"Doubt","floor":17},{"not_picked":["Normality","Languid"],"picked":"CommonCold","floor":17},{"not_picked":["Replay:AtTheReady","FollowUp"],"picked":"MasterReality","floor":18},{"not_picked":["Replay:AtTheReady","ThirdEye"],"picked":"SashWhip","floor":21},{"not_picked":["Consecrate+1","Pray"],"picked":"PathToVictory+1","floor":23},{"not_picked":["SignatureMove","Consecrate"],"picked":"Replay:ManipulateFuture","floor":24}],"player_experience":810197,"relics_obtained":[{"floor":7,"key":"Toy Ornithopter"},{"floor":9,"key":"Replay:Wax Seal"},{"floor":10,"key":"Odd Mushroom"},{"floor":14,"key":"Pear"},{"floor":24,"key":"Lantern"}],"event_choices":[{"damage_healed":0,"gold_gain":175,"player_choice":"AGREE","damage_taken":153,"max_hp_gain":0,"max_hp_loss":0,"event_name":"betterThird:BetterSerpent","floor":2,"gold_loss":0},{"damage_healed":0,"gold_gain":0,"player_choice":"Fought Mushrooms","damage_taken":0,"max_hp_gain":0,"max_hp_loss":0,"event_name":"Mushrooms","floor":10,"gold_loss":0},{"damage_healed":0,"gold_gain":0,"player_choice":"1 cards matched","damage_taken":0,"max_hp_gain":0,"max_hp_loss":0,"event_name":"Match and Keep!","floor":19,"gold_loss":0,"cards_obtained":["Weave"]},{"damage_healed":0,"gold_gain":99,"player_choice":"Steal","damage_taken":0,"max_hp_gain":0,"max_hp_loss":0,"event_name":"betterThird:BetterNest","floor":20,"gold_loss":0},{"damage_healed":0,"gold_gain":0,"player_choice":"Ignored","damage_taken":0,"max_hp_gain":0,"max_hp_loss":0,"event_name":"Ghosts","floor":27,"gold_loss":0}],"is_beta":false,"boss_relics":[{"not_picked":["Black Star","Empty Cage"],"picked":"Replay:Ancient Bell"},{"not_picked":["CeramicFish","Centennial Puzzle"],"picked":"Juzu Bracelet"},{"not_picked":["Sundial","Snack Pack"],"picked":"Iron Hammer"},{"not_picked":["Unceasing Top","Replay:Kaleidoscope"],"picked":"Pondfish Scales"}],"items_purged_floors":[22,28],"is_endless":false,"potions_floor_spawned":[1,4,5,10,11,14,21,23],"killed_by":"Gremlin Leader","ascension_level":13}}