{"host":"iittsup1ixgwip8e","time":1612228745,"event":{"mods":["A Magickal Journey","Aspiration","BaseMod","Challenge The Spire","Clockwork Mod","Colored Powertips","Conspire","Downfall","Energized Spire","Exacting","GifTheSpireLib","Halation","Hermit","Hubris","Infinite Spire","Mari Mod (Legacy)","Mari\u0027s V1 Patch","Marisa????????","Mimic Mod","Minty Spire (QoL Compilation)","Quick Restart","READ ME - Guardian Mod","Reliquary","Replay The Spire","Shop Mod","Spikes Relics","Spire Arcade","StSLib","Stuff the Spire","The Animator","The Cursed","The Disciple","The Jungle","The Marked","The Runesmith","The Servant 0.9.4","The Valiant","The Vixen"],"gold_per_floor":[109,122,122,133,133,133,167,181,181,181,242,259,278,313,313,418,418,428,293,307,319,330,330,330,349,386,386,400,415,455,0,0,111,111,126,126,139,139,139,139],"floor_reached":39,"language":"ENG","playtime":4498,"items_purged":["Strike_R","Strike_R"],"score":437,"play_id":"a54d6f50-669b-4f80-846c-164682430709","local_time":"20210201201905","is_ascension_mode":false,"campfire_choices":[{"floor":6,"key":"REST"},{"floor":10,"key":"RECALL"},{"data":"Infernal Blade","floor":15,"key":"SMITH"},{"floor":23,"key":"REST"},{"floor":27,"key":"REST"},{"floor":32,"key":"REST"}],"circlet_count":0,"master_deck":["Strike_R","Strike_R","Strike_R","Defend_R","Defend_R+1","Defend_R+1","Defend_R","Bash","Anger","Rage+1","Infernal Blade+1","Feed","Infernal Blade+1","Flex","Body Slam","Cleave","Flex","StuffTheSpire:TitanForm","Headbutt+1","Thunderclap","ReplayTheSpireMod:Strike From Hell","Spot Weakness","Second Wind+1","Reaper","True Grit+1","Spot Weakness+1","Reaper","Cleave+1","Clash","Replay:Bootleg Shield Generator","Shrug It Off+1","Fire Breathing","Demonic Infusion","infinitespire:OneForAll+1","infinitespire:Collect","infinitespire:TheBestDefense","Battle Trance"],"relics":["Burning Blood","NeowsBlessing","infinitespire:Satchel","aspiration:AnachronicSnailShell","Black Star","hubris:CrystalStatue","StuffTheSpire:CocoNut","BargainBundle","reliquary:RedPaperclip","War Paint","aspiration:SecretTechniqueScroll"],"acts_visited":["Exordium","TheCity","TheBeyond"],"potions_floor_usage":[7,11,13,18,21,26,29,33,33,33,35,37],"damage_taken":[{"damage":0,"enemies":"Cultist","floor":1,"turns":1},{"damage":0,"enemies":"Jaw Worm","floor":2,"turns":1},{"damage":0,"enemies":"Small Slimes","floor":4,"turns":1},{"damage":13,"enemies":"Gremlin Nob","floor":7,"turns":3},{"damage":0,"enemies":"2 Fungi Beasts","floor":8,"turns":3},{"damage":28,"enemies":"Lagavulin Event","floor":11,"turns":6},{"damage":2,"enemies":"Gremlin Gang","floor":12,"turns":3},{"damage":0,"enemies":"Exordium Wildlife","floor":13,"turns":3},{"damage":0,"enemies":"Lots of Slimes","floor":14,"turns":3},{"damage":15,"enemies":"Slime Boss","floor":16,"turns":10},{"damage":12,"enemies":"Spheric Guardian","floor":18,"turns":4},{"damage":20,"enemies":"3 Byrds","floor":20,"turns":5},{"damage":32,"enemies":"3 Cultists","floor":21,"turns":6},{"damage":35,"enemies":"Centurion and Healer","floor":22,"turns":4},{"damage":28,"enemies":"conspire:HollyBat","floor":25,"turns":7},{"damage":8,"enemies":"Cultist and Chosen","floor":26,"turns":7},{"damage":35,"enemies":"Cultist and Chosen","floor":28,"turns":5},{"damage":27,"enemies":"Snecko","floor":29,"turns":4},{"damage":20,"enemies":"3 Cultists","floor":30,"turns":8},{"damage":35,"enemies":"Champ","floor":33,"turns":8},{"damage":21,"enemies":"3 Darklings","floor":35,"turns":6},{"damage":1,"enemies":"3 Shapes","floor":37,"turns":3},{"damage":126,"enemies":"conspire:OrnateMirror","floor":39,"turns":6}],"seed_played":"5349605944489020043","potions_obtained":[{"floor":2,"key":"SkillPotion"},{"floor":8,"key":"Doom Potion"},{"floor":11,"key":"FearPotion"},{"floor":16,"key":"HeartOfIron"},{"floor":20,"key":"Swift Potion"},{"floor":25,"key":"Strength Potion"},{"floor":28,"key":"EssenceOfSteel"},{"floor":33,"key":"ElixirPotion"},{"floor":35,"key":"Explosive Potion"}],"is_trial":false,"path_per_floor":["M","M","?","M","?","R","E","M","T","R","?","M","M","M","R","B",null,"M","?","M","M","M","R","?","M","MIM","R","M","M","MIM","$","R","B",null,"M","AVR","M","?","B"],"character_chosen":"IRONCLAD","items_purchased":["StuffTheSpire:CocoNut","BargainBundle","Cleave+1","Clash","SteroidPotion","Adrenaline Potion","Languid Potion","Replay:Bootleg Shield Generator","Shrug It Off","Fire Breathing"],"campfire_rested":4,"item_purchase_floors":[31,31,31,31,31,31,31,31,31,31],"current_hp_per_floor":[80,80,80,80,64,80,73,83,83,83,61,68,74,83,83,74,89,83,83,72,46,20,48,48,26,24,52,41,26,18,25,56,27,105,105,105,108,108,0,0],"gold":139,"neow_bonus":"THREE_ENEMY_KILL","is_daily":false,"chose_seed":false,"campfire_upgraded":1,"win_rate":0.0,"timestamp":1612228745,"path_taken":["M","M","?","M","?","R","E","M","T","R","?","M","M","M","R","BOSS","M","?","?","M","M","R","?","?","MIM","R","M","M","?","$","R","BOSS","M","AVR","M","?","BOSS"],"items_purchased_type":["Relic","Relic","Card","Card","Potion","Potion","Potion","Card","Card","Card"],"build_version":"2020-12-22","purchased_purges":2,"victory":false,"max_hp_per_floor":[80,80,80,80,80,80,80,83,83,83,83,86,86,89,89,89,89,89,89,92,92,95,95,95,95,95,95,98,98,98,105,105,105,105,105,105,108,108,108,108],"card_choices":[{"not_picked":["Iron Wave","StuffTheSpire:Slingshot"],"picked":"Anger","floor":1},{"not_picked":["Clothesline","True Grit"],"picked":"Run Through","floor":2},{"not_picked":["StuffTheSpire:Incineration","StuffTheSpire:Slingshot"],"picked":"Infernal Blade","floor":4},{"not_picked":["Replay:Undeath\u0027s Touch","conspire:Charge"],"picked":"Feed","floor":7},{"not_picked":["Wild Strike","Burning Pact"],"picked":"Infernal Blade","floor":8},{"not_picked":["Havoc","True Grit"],"picked":"Flex","floor":11},{"not_picked":["Headbutt","Clothesline"],"picked":"Body Slam","floor":12},{"not_picked":["StuffTheSpire:Incineration","True Grit"],"picked":"Cleave","floor":13},{"not_picked":["Clothesline","Body Slam"],"picked":"Flex","floor":14},{"not_picked":["Hemogenesis","Corruption"],"picked":"StuffTheSpire:TitanForm","floor":16},{"not_picked":["StuffTheSpire:Slingshot","Shrug It Off"],"picked":"Headbutt+1","floor":18},{"not_picked":["ReplayTheSpireMod:LeadingStrike","Dual Wield"],"picked":"Thunderclap","floor":20},{"not_picked":["Shrug It Off","StuffTheSpire:Incineration"],"picked":"ReplayTheSpireMod:Strike From Hell","floor":21},{"not_picked":["Havoc+1","Iron Wave"],"picked":"Spot Weakness","floor":22},{"not_picked":["Thunderclap","Armaments"],"picked":"Second Wind+1","floor":25},{"not_picked":["StuffTheSpire:Slingshot","Warcry+1"],"picked":"Reaper","floor":26},{"not_picked":["Massacre","Twin Strike"],"picked":"True Grit+1","floor":28},{"not_picked":["Uppercut","Dual Wield"],"picked":"Spot Weakness+1","floor":29},{"not_picked":["Flex","StuffTheSpire:RagingBull+1"],"picked":"Reaper","floor":30},{"not_picked":["hubris:StunningStrike","conspire:HitWhereItHurts"],"picked":"Demonic Infusion","floor":33},{"not_picked":["StuffTheSpire:Incineration","True Grit+1"],"picked":"infinitespire:OneForAll+1","floor":35},{"not_picked":["Warcry","Run Through"],"picked":"Battle Trance","floor":37}],"player_experience":146547,"relics_obtained":[{"floor":7,"key":"infinitespire:Satchel"},{"floor":11,"key":"aspiration:AnachronicSnailShell"},{"floor":26,"key":"hubris:CrystalStatue"},{"floor":30,"key":"infinitespire:Midas Blood"}],"event_choices":[{"damage_healed":0,"gold_gain":0,"cards_transformed":["Run Through"],"player_choice":"Change","damage_taken":0,"max_hp_gain":0,"max_hp_loss":0,"event_name":"Living Wall","floor":3,"gold_loss":0,"cards_obtained":["Rage"]},{"damage_healed":0,"gold_gain":0,"player_choice":"Entered Light","damage_taken":16,"max_hp_gain":0,"max_hp_loss":0,"event_name":"Shining Light","floor":5,"gold_loss":0,"cards_upgraded":["Defend_R","Defend_R"]},{"damage_healed":0,"gold_gain":0,"player_choice":"Searched \u00272\u0027 times","damage_taken":0,"max_hp_gain":0,"max_hp_loss":0,"event_name":"Dead Adventurer","floor":11,"gold_loss":0},{"damage_healed":0,"gold_gain":0,"player_choice":"Paid Gold","damage_taken":0,"relics_obtained":["infinitespire:Broken Mirror"],"max_hp_gain":0,"max_hp_loss":0,"event_name":"WeMeetAgain","floor":19,"gold_loss":135},{"damage_healed":0,"gold_gain":0,"player_choice":"Forge","damage_taken":0,"max_hp_gain":0,"max_hp_loss":0,"event_name":"Accursed Blacksmith","floor":24,"gold_loss":0,"cards_upgraded":["Infernal Blade"]},{"damage_healed":0,"gold_gain":0,"player_choice":"Took Portal","damage_taken":0,"max_hp_gain":0,"max_hp_loss":0,"event_name":"SecretPortal","floor":38,"gold_loss":0}],"is_beta":false,"boss_relics":[{"not_picked":["Cursed Key","halation:MonkeysPaw"],"picked":"Black Star"},{"not_picked":["energizedSpire:OgreHead","halation:LoveArrow"],"picked":"reliquary:RedPaperclip"}],"items_purged_floors":[31,36],"is_endless":false,"potions_floor_spawned":[2,8,11,16,20,25,28,33,35],"killed_by":"conspire:OrnateMirror","ascension_level":0}}