{"host":"gobyjzz6xbwq9f9i","time":1612232908,"event":{"mods":["AchievementEnabler","BaseMod","Bestiary","Colored Map","Minty Spire (QoL Compilation)","Relic Stats"],"gold_per_floor":[366,378,54,64,76,106,106,133,133,144,26,26,53,67,67,168,168,185,260,272,282,302,337,101,101,101,135,151,151,162,187,187,284,284,297,297,312,330,340,340,373,373,373,393,393,408,440,137,137,137,137,137,23,23,23],"floor_reached":54,"language":"ENG","playtime":4558,"items_purged":["Strike_P"],"score":1086,"play_id":"eb05de13-ec10-473e-8db1-fd04350b49d5","local_time":"20210201182828","is_ascension_mode":true,"campfire_choices":[{"data":"CrushJoints","floor":7,"key":"SMITH"},{"data":"FlyingSleeves","floor":12,"key":"SMITH"},{"data":"Fasting2","floor":15,"key":"SMITH"},{"floor":25,"key":"REST"},{"floor":32,"key":"REST"},{"floor":40,"key":"REST"},{"floor":42,"key":"RECALL"},{"floor":49,"key":"REST"},{"floor":52,"key":"REST"}],"circlet_count":0,"master_deck":["Strike_P+1","Strike_P+1","Defend_P+1","Defend_P+1","Defend_P+1","Defend_P","Eruption+1","Vigilance+1","Vengeance+1","FlyingSleeves+1","CutThroughFate+1","CrushJoints+1","WheelKick+1","Consecrate+1","EmptyFist+1","InnerPeace+1","Halt","Vault+1","Fasting2+1","LessonLearned","LikeWater+1","BowlingBash+1","Perseverance+1","TalkToTheHand","Tantrum","ThirdEye","Study+1","ThirdEye","Ragnarok","Parasite","MentalFortress+1","Swivel"],"relics":["PureWater","TeardropLocket","Mercury Hourglass","Letter Opener","The Courier","ClockworkSouvenir","Pear","Fusion Hammer","Bottled Tornado","War Paint","Whetstone","HornCleat","Red Mask","Snecko Eye","Centennial Puzzle","Pantograph","Toy Ornithopter","Strawberry","Happy Flower"],"acts_visited":["Exordium","TheCity","TheBeyond","TheEnding"],"potions_floor_usage":[21,23,47,54],"damage_taken":[{"damage":2,"enemies":"Jaw Worm","floor":1,"turns":5},{"damage":0,"enemies":"Cultist","floor":2,"turns":3},{"damage":0,"enemies":"Small Slimes","floor":4,"turns":1},{"damage":0,"enemies":"2 Fungi Beasts","floor":5,"turns":1},{"damage":5,"enemies":"3 Sentries","floor":6,"turns":3},{"damage":0,"enemies":"Gremlin Nob","floor":8,"turns":2},{"damage":0,"enemies":"Large Slime","floor":10,"turns":2},{"damage":12,"enemies":"Lagavulin","floor":13,"turns":5},{"damage":6,"enemies":"Looter","floor":14,"turns":2},{"damage":11,"enemies":"The Guardian","floor":16,"turns":6},{"damage":3,"enemies":"Chosen","floor":18,"turns":3},{"damage":0,"enemies":"2 Thieves","floor":20,"turns":2},{"damage":15,"enemies":"3 Cultists","floor":21,"turns":5},{"damage":12,"enemies":"Snake Plant","floor":22,"turns":4},{"damage":15,"enemies":"Slavers","floor":23,"turns":3},{"damage":5,"enemies":"Gremlin Leader","floor":27,"turns":5},{"damage":1,"enemies":"Shelled Parasite and Fungi","floor":28,"turns":4},{"damage":0,"enemies":"Centurion and Healer","floor":30,"turns":4},{"damage":0,"enemies":"Masked Bandits","floor":31,"turns":2},{"damage":6,"enemies":"Champ","floor":33,"turns":7},{"damage":0,"enemies":"3 Shapes","floor":35,"turns":3},{"damage":0,"enemies":"Orb Walker","floor":37,"turns":2},{"damage":0,"enemies":"Sphere and 2 Shapes","floor":38,"turns":2},{"damage":0,"enemies":"Writhing Mass","floor":39,"turns":4},{"damage":0,"enemies":"Nemesis","floor":41,"turns":4},{"damage":0,"enemies":"Spire Growth","floor":44,"turns":2},{"damage":3,"enemies":"Sphere and 2 Shapes","floor":46,"turns":3},{"damage":42,"enemies":"Giant Head","floor":47,"turns":8},{"damage":11,"enemies":"Donu and Deca","floor":50,"turns":9},{"damage":84,"enemies":"Shield and Spear","floor":54,"turns":4}],"seed_played":"9219245601064709281","potions_obtained":[{"floor":1,"key":"SkillPotion"},{"floor":6,"key":"CultistPotion"},{"floor":14,"key":"SpeedPotion"},{"floor":16,"key":"DuplicationPotion"},{"floor":18,"key":"BlessingOfTheForge"},{"floor":22,"key":"PowerPotion"},{"floor":23,"key":"Dexterity Potion"},{"floor":28,"key":"StancePotion"},{"floor":35,"key":"DuplicationPotion"},{"floor":39,"key":"Strength Potion"}],"is_trial":false,"path_per_floor":["M","M","$","M","M","E","R","E","T","M","$","R","E","M","R","B",null,"M","?","M","M","M","E","$","R","T","E","M","?","M","?","R","B",null,"M","?","M","M","M","R","E","R","T","M","?","M","E","$","R","B",null,"R","$","E"],"character_chosen":"WATCHER","items_purchased":["TeardropLocket","CutThroughFate","CrushJoints","ClockworkSouvenir","TalkToTheHand","War Paint","Toy Ornithopter","Strawberry","StancePotion","Happy Flower"],"campfire_rested":5,"item_purchase_floors":[3,3,3,11,24,24,48,48,48,53],"current_hp_per_floor":[63,63,63,63,63,58,58,58,58,58,58,58,56,50,50,39,66,63,56,56,41,29,14,14,36,36,31,30,30,30,30,52,46,68,68,68,68,68,68,75,75,75,75,75,71,68,26,33,56,67,75,78,78,0,0],"gold":23,"neow_bonus":"TWO_FIFTY_GOLD","is_daily":false,"chose_seed":false,"campfire_upgraded":3,"win_rate":0.0,"timestamp":1612232908,"path_taken":["M","M","$","M","M","E","R","E","T","M","$","R","E","M","R","BOSS","M","?","M","M","?","E","$","R","T","E","M","?","M","?","R","BOSS","M","?","?","M","M","R","E","R","T","M","?","M","E","$","R","BOSS","R","$","E"],"items_purchased_type":["Relic","Card","Card","Relic","Card","Relic","Relic","Relic","Potion","Relic"],"build_version":"2020-12-22","purchased_purges":1,"victory":false,"max_hp_per_floor":[65,65,65,65,65,65,65,65,65,65,65,65,75,75,75,75,75,75,75,75,75,75,75,75,75,75,75,75,75,75,75,75,75,75,75,75,75,75,75,75,75,75,75,75,71,71,71,78,78,78,78,78,78,78,78],"relic_stats":{"Centennial Puzzle":[12],"Happy Flower":[1],"counters":[30,109],"Pantograph":22,"Snecko Eye":[78,79,73,86],"Letter Opener":[86],"Whetstone":["CutThroughFate","Eruption"],"War Paint":["Vengeance","Vigilance"],"obtain_stats":[{"Pear":13,"Happy Flower":53,"The Courier":9,"TeardropLocket":3,"Letter Opener":8,"Whetstone":26,"Bottled Tornado":23,"War Paint":24,"Mercury Hourglass":6,"ClockworkSouvenir":11,"Centennial Puzzle":41,"HornCleat":27,"Pantograph":47,"Strawberry":48,"Snecko Eye":34,"Fusion Hammer":17,"Red Mask":31,"PureWater":0,"Toy Ornithopter":48},{"Pear":8,"Happy Flower":29,"The Courier":6,"TeardropLocket":2,"Letter Opener":6,"Whetstone":15,"Bottled Tornado":15,"War Paint":15,"Mercury Hourglass":5,"ClockworkSouvenir":7,"Centennial Puzzle":25,"HornCleat":16,"Pantograph":28,"Strawberry":28,"Snecko Eye":20,"Fusion Hammer":10,"Red Mask":19,"PureWater":0,"Toy Ornithopter":28},{"Pear":22,"Happy Flower":105,"The Courier":15,"TeardropLocket":8,"Letter Opener":15,"Whetstone":47,"Bottled Tornado":47,"War Paint":47,"Mercury Hourglass":13,"ClockworkSouvenir":17,"Centennial Puzzle":83,"HornCleat":52,"Pantograph":96,"Strawberry":96,"Snecko Eye":68,"Fusion Hammer":30,"Red Mask":61,"PureWater":0,"Toy Ornithopter":96}],"Toy Ornithopter":0,"Mercury Hourglass":[342]},"card_choices":[{"not_picked":["Worship","EmptyBody"],"picked":"Vengeance","floor":1},{"not_picked":["ClearTheMind","CrushJoints"],"picked":"FlyingSleeves","floor":2},{"not_picked":["Evaluate","Protect"],"picked":"WheelKick","floor":4},{"not_picked":["DeceiveReality","Halt"],"picked":"Consecrate","floor":5},{"not_picked":["EmptyBody","ThirdEye"],"picked":"EmptyFist","floor":6},{"not_picked":["Fasting2","Devotion"],"picked":"InnerPeace","floor":8},{"not_picked":["PathToVictory","WindmillStrike"],"picked":"Halt","floor":10},{"not_picked":["Prostrate","SignatureMove"],"picked":"Vault","floor":13},{"not_picked":["Tantrum","FlyingSleeves"],"picked":"Fasting2","floor":14},{"not_picked":["ConjureBlade","SpiritShield"],"picked":"LessonLearned","floor":16},{"not_picked":["FlyingSleeves","BowlingBash","CutThroughFate"],"picked":"SKIP","floor":18},{"not_picked":["PathToVictory","Protect"],"picked":"LikeWater+1","floor":20},{"not_picked":["Study","CutThroughFate"],"picked":"BowlingBash+1","floor":21},{"not_picked":["Conclude","Prostrate","FlyingSleeves"],"picked":"SKIP","floor":22},{"not_picked":["SignatureMove+1","WheelKick"],"picked":"Perseverance+1","floor":23},{"not_picked":["FlurryOfBlows","DeusExMachina"],"picked":"Tantrum","floor":27},{"not_picked":["Evaluate","EmptyBody"],"picked":"ThirdEye","floor":28},{"not_picked":["LessonLearned","Evaluate","Indignation"],"picked":"SKIP","floor":30},{"not_picked":["CutThroughFate","FollowUp"],"picked":"ThirdEye","floor":31},{"not_picked":["MasterReality","Alpha"],"picked":"Ragnarok","floor":33},{"not_picked":["Halt","Evaluate","PathToVictory"],"picked":"SKIP","floor":35},{"not_picked":["CarveReality+1","Consecrate+1","SashWhip"],"picked":"SKIP","floor":37},{"not_picked":["Crescendo","Establishment","Evaluate"],"picked":"SKIP","floor":38},{"not_picked":["ClearTheMind+1","FlyingSleeves+1","BowlingBash+1"],"picked":"SKIP","floor":39},{"not_picked":["Establishment","Evaluate","Consecrate"],"picked":"SKIP","floor":41},{"not_picked":["PathToVictory","CarveReality+1"],"picked":"MentalFortress+1","floor":44},{"not_picked":["Evaluate+1","ClearTheMind+1"],"picked":"Swivel","floor":46},{"not_picked":["LessonLearned","BowlingBash+1","FollowUp+1"],"picked":"SKIP","floor":47}],"player_experience":1258886,"relics_obtained":[{"floor":6,"key":"Mercury Hourglass"},{"floor":8,"key":"Letter Opener"},{"floor":9,"key":"The Courier"},{"floor":13,"key":"Pear"},{"floor":23,"key":"Bottled Tornado"},{"floor":26,"key":"Whetstone"},{"floor":27,"key":"HornCleat"},{"floor":31,"key":"Red Mask"},{"floor":41,"key":"Centennial Puzzle"},{"floor":47,"key":"Pantograph"}],"event_choices":[{"damage_healed":0,"gold_gain":75,"player_choice":"Touch","damage_taken":7,"max_hp_gain":0,"max_hp_loss":0,"event_name":"FaceTrader","floor":19,"gold_loss":0},{"damage_healed":0,"gold_gain":0,"player_choice":"Read","damage_taken":0,"max_hp_gain":0,"max_hp_loss":0,"event_name":"The Library","floor":29,"gold_loss":0,"cards_obtained":["Study"]},{"damage_healed":0,"gold_gain":0,"player_choice":"Fought Bandits","damage_taken":0,"max_hp_gain":0,"max_hp_loss":0,"event_name":"Masked Bandits","floor":31,"gold_loss":0},{"cards_removed":["Strike_P"],"damage_healed":0,"gold_gain":0,"player_choice":"Offered Basic","damage_taken":0,"max_hp_gain":0,"max_hp_loss":0,"event_name":"Bonfire Elementals","floor":36,"gold_loss":0},{"damage_healed":0,"gold_gain":0,"player_choice":"Max HP","damage_taken":0,"max_hp_gain":0,"max_hp_loss":4,"event_name":"Winding Halls","floor":45,"gold_loss":0}],"is_beta":false,"boss_relics":[{"not_picked":["Runic Dome","Astrolabe"],"picked":"Fusion Hammer"},{"not_picked":["Calling Bell","Velvet Choker"],"picked":"Snecko Eye"}],"items_purged_floors":[24],"is_endless":false,"potions_floor_spawned":[1,6,14,16,18,22,23,28,30,35,39,44],"killed_by":"Shield and Spear","ascension_level":7}}