{"host":"m7jrdcbl89w2s34c","time":1612229879,"event":{"mods":["AchievementEnabler","BaseMod","Bestiary","Block Reminder","Colored Map","Colored Powertips","Minty Spire (QoL Compilation)","Permanent Neow","Relic Stats","StSLib"],"gold_per_floor":[116,116,128,139,162,194,194,194,194,221,72,72,82,108,108,206,206,217,227,227,227,245,245,255,286,286,313,413,431,356,385,385,481,481,495,276,292,54,70,70,99,149,173,173,173,205,205,223,223,223,223,223,70,104,104],"floor_reached":56,"language":"ENG","playtime":4941,"items_purged":["Strike_B"],"score":1486,"play_id":"ed1a807d-d66d-413e-afe6-359b2b19b2c1","local_time":"20210202023759","is_ascension_mode":true,"campfire_choices":[{"data":"Creative AI","floor":8.0,"key":"SMITH"},{"data":"Coolheaded","floor":15.0,"key":"SMITH"},{"data":"Biased Cognition","floor":23.0,"key":"SMITH"},{"data":"Creative AI","floor":32.0,"key":"SMITH"},{"data":"Capacitor","floor":40.0,"key":"SMITH"},{"data":"Echo Form","floor":45.0,"key":"SMITH"},{"data":"Loop","floor":47.0,"key":"SMITH"},{"floor":49.0,"key":"RECALL"},{"data":"Electrodynamics","floor":52.0,"key":"SMITH"}],"circlet_count":0,"master_deck":["Strike_B+1","Strike_B+1","Strike_B+1","Defend_B+1","Defend_B+1","Defend_B+1","Zap","Dualcast","Undo","Ball Lightning","Coolheaded+1","Creative AI+1","Conserve Battery+1","Heatsinks","White Noise","Biased Cognition+1","Cold Snap+1","Genetic Algorithm+1","Consume+1","Creative AI+1","Echo Form+1","Defragment","Loop+1","Enlightenment","Capacitor+1","Doubt","Clumsy","Electrodynamics+1","Core Surge"],"relics":["FrozenCore","Bag of Marbles","FaceOfCleric","Juzu Bracelet","Thread and Needle","Mango","Gremlin Horn","Omamori","Bird Faced Urn","War Paint","Cursed Key","Nilry\u0027s Codex","Ornamental Fan","Sundial","Blood Vial","Nunchaku","OrangePellets","Lantern","Kunai","Unceasing Top","Darkstone Periapt","Pocketwatch","Orrery","Boot"],"acts_visited":["Exordium","TheCity","TheBeyond","TheEnding"],"potions_floor_usage":[],"damage_taken":[{"damage":4.0,"enemies":"Small Slimes","floor":1.0,"turns":5.0},{"damage":0.0,"enemies":"Cultist","floor":3.0,"turns":2.0},{"damage":0.0,"enemies":"2 Louse","floor":4.0,"turns":1.0},{"damage":24.0,"enemies":"Lagavulin","floor":6.0,"turns":8.0},{"damage":13.0,"enemies":"Gremlin Nob","floor":10.0,"turns":4.0},{"damage":0.0,"enemies":"Blue Slaver","floor":13.0,"turns":4.0},{"damage":13.0,"enemies":"Lagavulin","floor":14.0,"turns":7.0},{"damage":0.0,"enemies":"The Guardian","floor":16.0,"turns":16.0},{"damage":10.0,"enemies":"3 Byrds","floor":18.0,"turns":6.0},{"damage":0.0,"enemies":"Shell Parasite","floor":19.0,"turns":5.0},{"damage":5.0,"enemies":"Sentry and Sphere","floor":22.0,"turns":7.0},{"damage":3.0,"enemies":"Snecko","floor":24.0,"turns":6.0},{"damage":29.0,"enemies":"Slavers","floor":25.0,"turns":9.0},{"damage":9.0,"enemies":"Gremlin Leader","floor":27.0,"turns":6.0},{"damage":3.0,"enemies":"Centurion and Healer","floor":29.0,"turns":5.0},{"damage":0.0,"enemies":"Book of Stabbing","floor":31.0,"turns":7.0},{"damage":6.0,"enemies":"Champ","floor":33.0,"turns":8.0},{"damage":2.0,"enemies":"3 Shapes","floor":35.0,"turns":7.0},{"damage":5.0,"enemies":"Orb Walker","floor":37.0,"turns":7.0},{"damage":0.0,"enemies":"Writhing Mass","floor":39.0,"turns":7.0},{"damage":7.0,"enemies":"Giant Head","floor":41.0,"turns":6.0},{"damage":0.0,"enemies":"Mind Bloom Boss Battle","floor":42.0,"turns":6.0},{"damage":41.0,"enemies":"Reptomancer","floor":46.0,"turns":8.0},{"damage":7.0,"enemies":"Sphere and 2 Shapes","floor":48.0,"turns":4.0},{"damage":19.0,"enemies":"Donu and Deca","floor":50.0,"turns":8.0},{"damage":68.0,"enemies":"Shield and Spear","floor":54.0,"turns":6.0},{"damage":84,"enemies":"The Heart","floor":55,"turns":11}],"seed_played":"9161926959558347837","potions_obtained":[{"floor":1.0,"key":"BlessingOfTheForge"},{"floor":6.0,"key":"EssenceOfSteel"},{"floor":10.0,"key":"FearPotion"},{"floor":19.0,"key":"FairyPotion"},{"floor":24.0,"key":"Dexterity Potion"},{"floor":29.0,"key":"AttackPotion"},{"floor":33.0,"key":"Block Potion"},{"floor":41.0,"key":"LiquidMemories"},{"floor":46.0,"key":"Block Potion"}],"is_trial":false,"path_per_floor":["M","?","M","M","T","E","?","R","T","E","$","?","M","E","R","B",null,"M","M","?","?","M","R","M","E","T","E","?","M","?","E","R","B",null,"M","$","M","$","M","R","E","?","T","T","R","E","R","M","R","B",null,"R","$","E","B",null],"character_chosen":"DEFECT","items_purchased":["Heatsinks","OrangePellets","Loop","Lantern","Enlightenment","Orrery"],"campfire_rested":0,"item_purchase_floors":[11,36,36,38,38,53],"current_hp_per_floor":[71,71,72,73,73,50,52,52,52,40,40,40,43,45,45,80,96,95,98,98,82,96,96,99,101,101,101,101,103,103,104,104,105,105,106,106,107,107,108,108,109,110,110,110,110,104,104,111,111,113,113,113,113,70,53],"gold":104,"neow_bonus":"RANDOM_COMMON_RELIC","is_daily":false,"chose_seed":false,"campfire_upgraded":8,"win_rate":0.0,"timestamp":1612229879,"path_taken":["M","?","M","?","?","E","?","R","T","E","?","?","M","E","R","BOSS","M","M","?","?","M","R","M","E","T","E","?","M","?","E","R","BOSS","M","$","M","$","M","R","E","?","T","?","R","E","R","M","R","BOSS","R","$","E","BOSS"],"items_purchased_type":["Card","Relic","Card","Relic","Card","Relic"],"build_version":"2020-12-22","purchased_purges":1,"victory":true,"max_hp_per_floor":[75,75,76,77,77,78,92,92,92,93,93,93,94,95,95,96,96,97,98,98,98,99,99,100,101,101,102,102,103,103,104,104,105,105,106,106,107,107,108,108,109,110,110,110,110,111,111,112,112,113,113,113,113,114,115],"relic_stats":{"Darkstone Periapt":0,"Gremlin Horn":[18,19],"counters":[27,175],"Juzu Bracelet":2,"War Paint":["Conserve Battery","Defend_B"],"Cursed Key":3,"Boot":[0],"FrozenCore":[26],"Blood Vial":6,"OrangePellets":[21],"Nunchaku":[5],"FaceOfCleric":26,"Ornamental Fan":[8],"Sundial":[14],"Bird Faced Urn":[296],"Kunai":[0],"obtain_stats":[{"Darkstone Periapt":44,"Lantern":38,"Gremlin Horn":9,"Nilry\u0027s Codex":21,"Mango":7,"Juzu Bracelet":5,"Cursed Key":17,"Boot":54,"FrozenCore":34,"Blood Vial":27,"Nunchaku":31,"FaceOfCleric":2,"Sundial":26,"Kunai":41,"Cracked Core":0,"Thread and Needle":6,"Omamori":10,"War Paint":14,"OrangePellets":36,"Ornamental Fan":25,"Bird Faced Urn":12,"Orrery":53,"Bag of Marbles":0,"Unceasing Top":42,"Pocketwatch":46},{"Darkstone Periapt":22,"Lantern":19,"Gremlin Horn":4,"Nilry\u0027s Codex":10,"Mango":4,"Juzu Bracelet":3,"Cursed Key":8,"Boot":26,"FrozenCore":17,"Blood Vial":14,"Nunchaku":16,"FaceOfCleric":1,"Sundial":13,"Kunai":21,"Cracked Core":0,"Thread and Needle":4,"Omamori":5,"War Paint":7,"OrangePellets":18,"Ornamental Fan":13,"Bird Faced Urn":5,"Orrery":25,"Bag of Marbles":0,"Unceasing Top":22,"Pocketwatch":23},{"Darkstone Periapt":138,"Lantern":120,"Gremlin Horn":16,"Nilry\u0027s Codex":58,"Mango":16,"Juzu Bracelet":8,"Cursed Key":47,"Boot":164,"FrozenCore":106,"Blood Vial":86,"Nunchaku":98,"FaceOfCleric":5,"Sundial":80,"Kunai":132,"Cracked Core":0,"Thread and Needle":16,"Omamori":20,"War Paint":31,"OrangePellets":113,"Ornamental Fan":80,"Bird Faced Urn":20,"Orrery":158,"Bag of Marbles":0,"Unceasing Top":138,"Pocketwatch":146}],"Unceasing Top":[0],"Pocketwatch":[30]},"card_choices":[{"not_picked":["Rip and Tear","Rebound"],"picked":"Undo","floor":1.0},{"not_picked":["Compile Driver","Turbo"],"picked":"Ball Lightning","floor":3.0},{"not_picked":["Steam","Recycle"],"picked":"Coolheaded","floor":4.0},{"not_picked":["Go for the Eyes","Ball Lightning"],"picked":"Creative AI","floor":6.0},{"not_picked":["Sweeping Beam","Rebound"],"picked":"Conserve Battery","floor":10.0},{"not_picked":["Sweeping Beam","Steam"],"picked":"White Noise","floor":13.0},{"not_picked":["Sweeping Beam","Hyperbeam","Stack"],"picked":"SKIP","floor":14.0},{"not_picked":["Reboot","Core Surge"],"picked":"Biased Cognition","floor":16.0},{"not_picked":["Recycle+1","Steam Power+1"],"picked":"Cold Snap+1","floor":18.0},{"not_picked":["Ball Lightning","Go for the Eyes"],"picked":"Genetic Algorithm+1","floor":19.0},{"not_picked":["Turbo","Leap+1","Beam Cell"],"picked":"SKIP","floor":22.0},{"not_picked":["Turbo","Leap+1","Beam Cell"],"picked":"SKIP","floor":22.0},{"not_picked":["Reinforced Body","Coolheaded"],"picked":"Consume+1","floor":24.0},{"not_picked":["Aggregate","Chill"],"picked":"Creative AI","floor":25.0},{"not_picked":["Hologram","Fusion","Compile Driver"],"picked":"SKIP","floor":27.0},{"not_picked":["Barrage","Rebound","Turbo"],"picked":"SKIP","floor":29.0},{"not_picked":["Undo+1","Auto Shields","Sweeping Beam+1"],"picked":"SKIP","floor":31.0},{"not_picked":["Creative AI","Multi-Cast"],"picked":"Echo Form","floor":33.0},{"not_picked":["Beam Cell","Reprogram+1"],"picked":"Defragment","floor":35.0},{"not_picked":["Sweeping Beam+1","Turbo+1","Go for the Eyes+1"],"picked":"SKIP","floor":37.0},{"not_picked":["White Noise","Redo"],"picked":"Capacitor","floor":39.0},{"not_picked":["Fusion","Reboot","Gash+1"],"picked":"SKIP","floor":41.0},{"not_picked":["Amplify","Coolheaded"],"picked":"Electrodynamics","floor":46.0},{"not_picked":["Sunder+1","Beam Cell","Hologram"],"picked":"SKIP","floor":48.0},{"not_picked":["Consume","Steam"],"picked":"Core Surge","floor":53.0},{"not_picked":["Turbo","Barrage","Hologram"],"picked":"SKIP","floor":54.0}],"player_experience":188993,"relics_obtained":[{"floor":5.0,"key":"Juzu Bracelet"},{"floor":6.0,"key":"Thread and Needle"},{"floor":9.0,"key":"Gremlin Horn"},{"floor":10.0,"key":"Omamori"},{"floor":14.0,"key":"War Paint"},{"floor":21.0,"key":"Nilry\u0027s Codex"},{"floor":25.0,"key":"Ornamental Fan"},{"floor":26.0,"key":"Sundial"},{"floor":27.0,"key":"Blood Vial"},{"floor":31.0,"key":"Nunchaku"},{"floor":41.0,"key":"Kunai"},{"floor":42.0,"key":"Unceasing Top"},{"floor":44.0,"key":"Darkstone Periapt"},{"floor":46.0,"key":"Pocketwatch"},{"floor":54.0,"key":"Boot"}],"event_choices":[{"damage_healed":0.0,"max_hp_gain":0.0,"max_hp_loss":0.0,"gold_gain":0.0,"event_name":"FaceTrader","player_choice":"Trade","floor":2.0,"gold_loss":0.0,"damage_taken":0.0,"relics_obtained":["FaceOfCleric"]},{"damage_healed":0.0,"max_hp_gain":0.0,"max_hp_loss":0.0,"gold_gain":0.0,"event_name":"Scrap Ooze","player_choice":"Success","floor":7.0,"gold_loss":0.0,"damage_taken":12.0,"relics_obtained":["Mango"]},{"damage_healed":0.0,"max_hp_gain":0.0,"max_hp_loss":0.0,"gold_gain":0.0,"event_name":"Big Fish","player_choice":"Box","floor":12.0,"gold_loss":0.0,"damage_taken":0.0,"relics_obtained":["Bird Faced Urn"],"cards_obtained":["Regret"]},{"damage_healed":0.0,"max_hp_gain":0.0,"max_hp_loss":0.0,"gold_gain":0.0,"event_name":"Back to Basics","player_choice":"Simplicity","floor":20.0,"gold_loss":0.0,"damage_taken":0.0,"cards_upgraded":["Strike_B","Strike_B","Strike_B","Defend_B","Defend_B","Defend_B"]},{"damage_healed":0.0,"max_hp_gain":0.0,"max_hp_loss":0.0,"gold_gain":0.0,"event_name":"Cursed Tome","player_choice":"Obtained Book","floor":21.0,"gold_loss":0.0,"damage_taken":16.0},{"damage_healed":0.0,"max_hp_gain":0.0,"max_hp_loss":0.0,"gold_gain":100.0,"event_name":"Golden Shrine","player_choice":"Pray","floor":28.0,"gold_loss":0.0,"damage_taken":0.0},{"cards_removed":["Defend_B"],"damage_healed":0.0,"max_hp_gain":0.0,"max_hp_loss":0.0,"gold_gain":0.0,"event_name":"Beggar","player_choice":"Gave Gold","floor":30.0,"gold_loss":75.0,"damage_taken":0.0},{"damage_healed":0.0,"max_hp_gain":0.0,"max_hp_loss":0.0,"gold_gain":0.0,"event_name":"MindBloom","player_choice":"Fight","floor":42.0,"gold_loss":0.0,"damage_taken":0.0}],"is_beta":false,"boss_relics":[{"not_picked":["Tiny House","Astrolabe"],"picked":"Cursed Key"},{"not_picked":["Empty Cage","Runic Pyramid"],"picked":"FrozenCore"}],"items_purged_floors":[11],"is_endless":false,"potions_floor_spawned":[1,6,10,19,24,29,33,41,42,46],"ascension_level":3}}