{"host":"q57ekfojy3i00x9o","time":1612265469,"event":{"mods":["Arknights","Aspiration","BaseMod","Colored Map","Energized Spire","Hermit","Minty Spire (QoL Compilation)","Quick Restart","Spicy Shops","Spikes Relics","StSLib","slay the spire mod where everything is the same but ironclad has a cowboy hat"],"gold_per_floor":[219,294,33,33,53,53,70,99,172,172,30,30,30,54,54,54,54],"floor_reached":16,"language":"RUS","playtime":253,"items_purged":["Pride"],"score":186,"play_id":"9ba8791f-92ed-433e-a132-cb1f64356f86","local_time":"20210202163109","is_ascension_mode":true,"campfire_choices":[{"data":"Flex","floor":6,"key":"SMITH"},{"floor":12,"key":"REST"},{"data":"Flex","floor":15,"key":"SMITH"}],"circlet_count":0,"master_deck":["AscendersBane","Strike_R","Strike_R","Strike_R","Strike_R","Defend_R","Defend_R","Defend_R","Defend_R","Bash","Flex+1","Flex+1","Rampage","Pommel Strike","Perfected Strike","Pommel Strike","Pommel Strike"],"relics":["Burning Blood","ClockworkSouvenir","Boot","Meat on the Bone","aspiration:Nostalgia","hermit:Momento","Golden Idol"],"acts_visited":["Exordium"],"potions_floor_usage":[],"damage_taken":[{"damage":6,"enemies":"Cultist","floor":1,"turns":3},{"damage":11,"enemies":"Small Slimes","floor":5,"turns":3},{"damage":2,"enemies":"2 Louse","floor":7,"turns":2},{"damage":35,"enemies":"3 Sentries","floor":8,"turns":7},{"damage":6,"enemies":"2 Fungi Beasts","floor":14,"turns":2},{"damage":52,"enemies":"Hexaghost","floor":16,"turns":7}],"seed_played":"3418703031250167520","potions_obtained":[],"is_trial":false,"path_per_floor":["M","?","$","?","M","R","M","E","T","?","$","R","?","M","R","B"],"character_chosen":"IRONCLAD","items_purchased":["ClockworkSouvenir","Flex","Rampage","aspiration:Nostalgia"],"campfire_rested":1,"item_purchase_floors":[3,3,3,11],"current_hp_per_floor":[68,57,57,57,52,52,56,27,27,27,27,49,49,49,49,0,0],"gold":54,"neow_bonus":"HUNDRED_GOLD","is_daily":false,"chose_seed":false,"campfire_upgraded":2,"win_rate":0.0,"timestamp":1612265469,"path_taken":["M","?","$","?","M","R","?","E","T","?","$","R","?","M","R","BOSS"],"items_purchased_type":["Relic","Card","Card","Relic"],"build_version":"2020-12-22","purchased_purges":1,"victory":false,"max_hp_per_floor":[75,75,75,75,75,75,75,75,75,75,75,75,68,68,68,68,68],"card_choices":[{"not_picked":["Heavy Blade","Hemokinesis"],"picked":"Flex","floor":1},{"not_picked":["Intimidate","Seeing Red"],"picked":"Pommel Strike","floor":5},{"not_picked":["Thunderclap","Pommel Strike"],"picked":"Perfected Strike","floor":7},{"not_picked":["Sentinel","Body Slam"],"picked":"Pommel Strike","floor":8},{"not_picked":["Havoc","Warcry"],"picked":"Pommel Strike","floor":14}],"player_experience":746452,"relics_obtained":[{"floor":8,"key":"Boot"},{"floor":9,"key":"Meat on the Bone"}],"event_choices":[{"damage_healed":0,"gold_gain":75,"player_choice":"Gather Gold","damage_taken":11,"max_hp_gain":0,"max_hp_loss":0,"event_name":"World of Goop","floor":2,"gold_loss":0},{"cards_removed":["Strike_R"],"damage_healed":0,"gold_gain":0,"player_choice":"Purged","damage_taken":0,"max_hp_gain":0,"max_hp_loss":0,"event_name":"Purifier","floor":4,"gold_loss":0},{"damage_healed":0,"gold_gain":0,"player_choice":"Ignored","damage_taken":0,"max_hp_gain":0,"max_hp_loss":0,"event_name":"Shining Light","floor":10,"gold_loss":0},{"damage_healed":0,"gold_gain":0,"player_choice":"Lose Max HP","damage_taken":0,"relics_obtained":["Golden Idol"],"max_hp_gain":0,"max_hp_loss":7,"event_name":"Golden Idol","floor":13,"gold_loss":0}],"is_beta":false,"boss_relics":[],"items_purged_floors":[11],"is_endless":false,"potions_floor_spawned":[],"killed_by":"Hexaghost","ascension_level":18}}