{"host":"hixkpep13ay54y5b","time":1612230437,"event":{"mods":["AchievementEnabler","BaseMod","BetterRewards","Card Forge","Colored Map","Hubris","Infinite Spire","Minty Spire (QoL Compilation)","Quick Restart","Replay The Spire","Shop Mod","StSLib","SuperFastMode"],"gold_per_floor":[119,135,135,152,152,182,202,218,268,295,310,325,340,355,355,459,559,574,592,592,611,611,641,641,740,740,752,764,793,806,820,820,924,924,939,958,975,674,687,715,715,715,715,715,731,746,775,0,0,99,99,94,94,88,106,113,113,115,115,187,182,187,187,184,187,187,253,253,245,236,224,217,217,217,217,217,217,204,185,173,166,596,596,660,660,652,639,639,676,676,664,654,644,644,644,644,638,638,636,636,694,694,697,692,692,695,695,705,709,718,718,729,726,724,724,720,720,757,757,754,693,693,693,696,709,707,703,727,726,726,726,726,730,730,798,798,795,788,788,773,655,655,655,655,655,652,698,698,732,711,711,786,786,786,786,786,786],"floor_reached":156,"language":"ENG","playtime":7077,"items_purged":[],"score":3745,"play_id":"ce6adfee-d835-4548-8452-5cf83d78b4af","local_time":"20210201204717","is_ascension_mode":false,"campfire_choices":[{"floor":24.0,"key":"REST"},{"floor":32.0,"key":"DIG"},{"floor":41.0,"key":"DIG"},{"floor":44.0,"key":"DIG"},{"floor":49.0,"key":"REST"},{"floor":57.0,"key":"DIG"},{"floor":66.0,"key":"DIG"},{"floor":75.0,"key":"DIG"},{"floor":83.0,"key":"DIG"},{"floor":96.0,"key":"DIG"},{"floor":98.0,"key":"DIG"},{"floor":100.0,"key":"DIG"},{"floor":115.0,"key":"DIG"},{"floor":117.0,"key":"DIG"},{"floor":130.0,"key":"DIG"},{"floor":132.0,"key":"DIG"},{"floor":134.0,"key":"DIG"},{"floor":142.0,"key":"DIG"},{"floor":144.0,"key":"DIG"},{"floor":148.0,"key":"DIG"},{"floor":151.0,"key":"DIG"},{"floor":154.0,"key":"DIG"}],"circlet_count":0,"master_deck":["Blizzard+1","Buffer+1","Capacitor+1","Cold Snap+1","Chill+1","Coolheaded+1","Defragment+1","Echo Form+1","FIFO Queue+1","Glacier+1","Loop+1","Echo Form+1","infinitespire:SealOfDarkness+"],"relics":["Hammer of Thor","Seething Fire","Anvil of the Gods","Ancient Tea Set","Omamori","ReplayTheSpireMod:Lightbulb","Sundial","Shovel","infinitespire:Freezer","Incense Burner","Emotion Chip","Lizard Tail","Replay:Wax Seal","infinitespire:Bottled Soul","Red Mask","Calipers","Odd Mushroom","Anchor","infinitespire:Cupcake","Durian","Smiling Mask","Inserter","WingedGreaves","MerchantsRug","Lantern","hubris:ScarierMask","Membership Card","hubris:64BitClover","Sozu","Replay:Bandana","Replay:Antivirus Software","Toxic Egg 2","infinitespire:Lychee Nut","Symbiotic Virus","Geode","Strawberry","Whetstone","Black Star","The Courier","Unceasing Top","hubris:DisguiseKit","Replay:Mystery Machine","hubris:CuriousFeather","hubris:SlimyHat","Regal Pillow","Bag of Preparation","hubris:TinFlute","Quantum Egg","Gremlin Food","hubris:Backtick","hubris:Zylophone","Runic Capacitor","ReplayTheSpireMod:Shallot","Vajra","CeramicFish","hubris:TenFootPole","infinitespire:Joker Card","Boot","Dream Catcher","Strange Spoon","Oddly Smooth Stone","Bird Faced Urn","hubris:Spice","Happy Flower","infinitespire:EmpoweringShard","Snack Pack","Potion Belt","PreservedInsect","FossilizedHelix","StoneCalendar"],"acts_visited":["Exordium","TheCity","TheBeyond","Exordium","TheCity","TheBeyond","Exordium","TheCity","TheBeyond","TheEnding"],"potions_floor_usage":[],"damage_taken":[{"damage":0.0,"enemies":"2 Louse","floor":1.0,"turns":3.0},{"damage":0.0,"enemies":"Small Slimes","floor":2.0,"turns":4.0},{"damage":0.0,"enemies":"Cultist","floor":4.0,"turns":7.0},{"damage":0.0,"enemies":"Replay:BlueRogue","floor":6.0,"turns":6.0},{"damage":0.0,"enemies":"Red Slaver","floor":7.0,"turns":4.0},{"damage":0.0,"enemies":"Exordium Thugs","floor":8.0,"turns":5.0},{"damage":0.0,"enemies":"3 Sentries","floor":10.0,"turns":6.0},{"damage":0.0,"enemies":"2 Fungi Beasts","floor":11.0,"turns":5.0},{"damage":0.0,"enemies":"Large Slime","floor":12.0,"turns":5.0},{"damage":0.0,"enemies":"Exordium Wildlife","floor":13.0,"turns":5.0},{"damage":0.0,"enemies":"Looter","floor":14.0,"turns":4.0},{"damage":0.0,"enemies":"Fading Forest","floor":16.0,"turns":11.0},{"damage":0.0,"enemies":"Spheric Guardian","floor":18.0,"turns":5.0},{"damage":8.0,"enemies":"2 Thieves","floor":19.0,"turns":4.0},{"damage":4.0,"enemies":"Cultist and Chosen","floor":21.0,"turns":7.0},{"damage":15.0,"enemies":"Slavers","floor":23.0,"turns":4.0},{"damage":0.0,"enemies":"Sentry and Sphere","floor":27.0,"turns":4.0},{"damage":0.0,"enemies":"Snake Plant","floor":28.0,"turns":6.0},{"damage":0.0,"enemies":"Nightmare","floor":29.0,"turns":8.0},{"damage":13.0,"enemies":"Shelled Parasite and Fungi","floor":30.0,"turns":4.0},{"damage":0.0,"enemies":"Centurion and Healer","floor":31.0,"turns":5.0},{"damage":0.0,"enemies":"Automaton","floor":33.0,"turns":8.0},{"damage":11.0,"enemies":"3 Darklings","floor":35.0,"turns":4.0},{"damage":0.0,"enemies":"Orb Walker","floor":36.0,"turns":4.0},{"damage":17.0,"enemies":"3 Darklings","floor":37.0,"turns":4.0},{"damage":0.0,"enemies":"4 Shapes","floor":39.0,"turns":5.0},{"damage":0.0,"enemies":"Nightmare","floor":40.0,"turns":10.0},{"damage":5.0,"enemies":"Sphere and 2 Shapes","floor":45.0,"turns":5.0},{"damage":0.0,"enemies":"Transient","floor":46.0,"turns":5.0},{"damage":0.0,"enemies":"Giant Head","floor":47.0,"turns":7.0},{"damage":0.0,"enemies":"Time Eater","floor":50.0,"turns":9.0},{"damage":0.0,"enemies":"Cultist","floor":52.0,"turns":4.0},{"damage":14.0,"enemies":"2 Louse","floor":53.0,"turns":3.0},{"damage":15.0,"enemies":"Jaw Worm","floor":54.0,"turns":4.0},{"damage":0.0,"enemies":"The Mushroom Lair","floor":55.0,"turns":3.0},{"damage":0.0,"enemies":"Gremlin Gang","floor":56.0,"turns":2.0},{"damage":0.0,"enemies":"Lagavulin","floor":58.0,"turns":6.0},{"damage":3.0,"enemies":"2 Fungi Beasts","floor":61.0,"turns":3.0},{"damage":0.0,"enemies":"3 Louse","floor":62.0,"turns":2.0},{"damage":5.0,"enemies":"Looter","floor":64.0,"turns":4.0},{"damage":0.0,"enemies":"Lots of Slimes","floor":65.0,"turns":2.0},{"damage":46.0,"enemies":"The Guardian","floor":67.0,"turns":7.0},{"damage":27.0,"enemies":"2 Thieves","floor":69.0,"turns":4.0},{"damage":0.0,"enemies":"Chosen","floor":70.0,"turns":6.0},{"damage":0.0,"enemies":"Centurion and Healer","floor":71.0,"turns":4.0},{"damage":0.0,"enemies":"Cultist and Chosen","floor":72.0,"turns":5.0},{"damage":0.0,"enemies":"Gremlin Leader","floor":74.0,"turns":5.0},{"damage":10.0,"enemies":"Book of Stabbing","floor":76.0,"turns":4.0},{"damage":0.0,"enemies":"Snecko","floor":78.0,"turns":4.0},{"damage":0.0,"enemies":"Snake Plant","floor":79.0,"turns":5.0},{"damage":12.0,"enemies":"Centurion and Healer","floor":80.0,"turns":4.0},{"damage":14.0,"enemies":"Chosen and Byrds","floor":81.0,"turns":5.0},{"damage":0.0,"enemies":"Collector","floor":84.0,"turns":7.0},{"damage":0.0,"enemies":"3 Shapes","floor":86.0,"turns":4.0},{"damage":9.0,"enemies":"Orb Walker","floor":87.0,"turns":6.0},{"damage":9.0,"enemies":"Nemesis","floor":91.0,"turns":7.0},{"damage":0.0,"enemies":"4 Shapes","floor":92.0,"turns":5.0},{"damage":13.0,"enemies":"R_Hoarder","floor":93.0,"turns":9.0},{"damage":3.0,"enemies":"Giant Head","floor":97.0,"turns":7.0},{"damage":0.0,"enemies":"Jaw Worm Horde","floor":99.0,"turns":5.0},{"damage":24.0,"enemies":"Replay:Hell Engine","floor":101.0,"turns":7.0},{"damage":0.0,"enemies":"Jaw Worm","floor":103.0,"turns":3.0},{"damage":0.0,"enemies":"Cultist","floor":104.0,"turns":4.0},{"damage":0.0,"enemies":"Small Slimes","floor":105.0,"turns":4.0},{"damage":0.0,"enemies":"Exordium Thugs","floor":106.0,"turns":4.0},{"damage":19.0,"enemies":"Gremlin Nob","floor":108.0,"turns":5.0},{"damage":0.0,"enemies":"Exordium Wildlife","floor":109.0,"turns":4.0},{"damage":0.0,"enemies":"Lagavulin","floor":110.0,"turns":6.0},{"damage":0.0,"enemies":"3 Sentries","floor":112.0,"turns":4.0},{"damage":0.0,"enemies":"2 Fungi Beasts","floor":113.0,"turns":4.0},{"damage":14.0,"enemies":"Red Slaver","floor":114.0,"turns":4.0},{"damage":0.0,"enemies":"Exordium Wildlife","floor":116.0,"turns":4.0},{"damage":0.0,"enemies":"Fading Forest","floor":118.0,"turns":9.0},{"damage":0.0,"enemies":"Chosen","floor":120.0,"turns":7.0},{"damage":0.0,"enemies":"Shell Parasite","floor":124.0,"turns":6.0},{"damage":13.0,"enemies":"Slavers","floor":125.0,"turns":6.0},{"damage":0.0,"enemies":"Snecko","floor":126.0,"turns":5.0},{"damage":0.0,"enemies":"3 Cultists","floor":127.0,"turns":5.0},{"damage":0.0,"enemies":"Shelled Parasite and Fungi","floor":129.0,"turns":5.0},{"damage":0.0,"enemies":"Centurion and Healer","floor":133.0,"turns":4.0},{"damage":0.0,"enemies":"Champ","floor":135.0,"turns":8.0},{"damage":4.0,"enemies":"3 Shapes","floor":137.0,"turns":5.0},{"damage":0.0,"enemies":"3 Darklings","floor":138.0,"turns":4.0},{"damage":28.0,"enemies":"Maw","floor":140.0,"turns":7.0},{"damage":0.0,"enemies":"Nightmare","floor":143.0,"turns":9.0},{"damage":7.0,"enemies":"Giant Head","floor":146.0,"turns":6.0},{"damage":0.0,"enemies":"2 Orb Walkers","floor":149.0,"turns":5.0},{"damage":0.0,"enemies":"Transient","floor":150.0,"turns":5.0},{"damage":0.0,"enemies":"Donu and Deca","floor":152.0,"turns":6.0},{"damage":0,"enemies":"Shield and Spear","floor":156,"turns":1}],"seed_played":"2908219746007396596","potions_obtained":[{"floor":1.0,"key":"Toxic Potion"},{"floor":4.0,"key":"CultistPotion"},{"floor":10.0,"key":"DistilledChaos"},{"floor":11.0,"key":"Fruit Juice"},{"floor":12.0,"key":"FocusPotion"},{"floor":15.0,"key":"Fruit Juice"},{"floor":15.0,"key":"Swift Potion"},{"floor":58.0,"key":"AttackPotion"},{"floor":78.0,"key":"DistilledChaos"}],"is_trial":false,"path_per_floor":["M","M","?","M","?","E","M","M","T","E","M","M","M","M","R_BF","B",null,"M","M","AVR","M","?","E","R","?","T","M","M","NM","M","M","R_BF","B",null,"M","M","M","$","M","NM","R","?","T","R","M","M","E","?","R","B",null,"M","M","M","?","M","R","E","AVR","T","M","M","?","M","M","R_BF","B",null,"M","M","M","M","?","E","R","E","T","M","M","M","M","$","R_BF","B",null,"M","M","?","$","AVR","E","M","E","T","$","R","E","R","M","R","B",null,"M","M","M","M","AVR","E","M","E","T","E","M","M","R","M","R","B",null,"M","$","?","?","M","E","M","M","T","M","R","?","R","M","R_BF","B",null,"M","M","$","M","$","R","NM","R","T","E","T","R","?","M","R","B",null,"R","$","E"],"character_chosen":"DEFECT","items_purchased":["Incense Burner","MerchantsRug","Membership Card","hubris:64BitClover","Runic Capacitor","Strange Spoon","Oddly Smooth Stone"],"campfire_rested":2,"item_purchase_floors":[38,82,89,89,121,141,141],"current_hp_per_floor":[75,75,75,75,85,85,85,85,85,85,90,90,90,90,95,95,95,95,87,87,83,83,68,95,95,109,109,109,109,96,96,96,96,109,98,98,81,81,81,81,81,84,84,84,79,79,79,79,112,112,112,112,98,83,83,83,83,83,88,98,95,95,95,90,90,90,44,127,100,100,100,100,100,100,100,90,90,90,90,78,64,64,64,64,127,127,118,118,118,118,109,109,96,95,95,95,95,102,102,102,81,102,102,102,102,102,102,84,90,96,96,102,102,91,91,97,97,102,102,102,102,102,81,87,80,86,92,92,98,98,98,98,104,104,107,107,104,107,107,80,80,80,112,112,112,115,123,115,115,115,115,115,115,115,115,115,115],"gold":786,"neow_bonus":"REMOVE_CARD","is_daily":false,"chose_seed":false,"campfire_upgraded":0,"win_rate":0.0,"timestamp":1612230437,"path_taken":["M","M","?","M","?","E","M","?","T","E","M","M","M","M","R_BF","BOSS","M","M","AVR","M","?","E","R","?","T","M","M","NM","M","M","R_BF","BOSS","M","M","M","$","M","NM","R","?","T","R","M","M","E","?","R","BOSS","M","M","M","?","M","R","E","AVR","T","M","M","?","M","M","R_BF","BOSS","M","M","M","M","?","E","R","E","T","M","M","M","M","$","R_BF","BOSS","M","M","?","$","AVR","E","M","E","T","$","R","E","R","?","R","BOSS","M","M","M","M","AVR","E","M","E","T","E","M","M","R","M","R","BOSS","M","$","?","?","M","E","M","M","T","M","R","?","R","?","R_BF","BOSS","M","M","$","?","$","R","NM","R","T","E","?","R","?","M","R","BOSS","R","$","E"],"items_purchased_type":["Relic","Relic","Relic","Relic","Relic","Relic","Relic"],"build_version":"2020-12-22","purchased_purges":0,"victory":false,"max_hp_per_floor":[75,75,75,75,85,85,85,85,85,85,90,90,90,90,95,95,95,95,95,95,95,95,95,95,95,109,109,109,109,109,109,109,109,109,109,109,109,109,109,109,109,112,112,112,112,112,112,112,112,112,112,112,112,112,112,112,112,112,117,127,127,127,127,127,127,127,127,127,127,127,127,127,127,127,127,127,127,127,127,127,127,127,127,127,127,127,127,127,127,127,127,127,127,95,95,95,95,102,102,102,102,102,102,102,102,102,102,102,102,102,102,102,102,102,102,102,102,102,102,102,102,102,107,107,107,107,107,107,107,107,107,107,107,107,107,107,107,107,107,107,107,107,115,115,115,115,123,115,115,115,115,115,115,115,115,115,115],"card_choices":[{"not_picked":["Panic Button","ReplayTheSpireMod:System Scan","Gash"],"picked":"SKIP","floor":1.0},{"not_picked":["ReplaySolidLightProjector","Conserve Battery","Redo"],"picked":"SKIP","floor":2.0},{"not_picked":["Sunder","Undo","Sweeping Beam"],"picked":"SKIP","floor":4.0},{"not_picked":["BootSequence","Beam Cell","Recycle"],"picked":"SKIP","floor":4.0},{"not_picked":["Sunder","Undo","Sweeping Beam"],"picked":"SKIP","floor":4.0},{"not_picked":["BootSequence","Beam Cell","Recycle"],"picked":"SKIP","floor":4.0},{"not_picked":["Redo","Stack","BasicCrystalCard"],"picked":"SKIP","floor":6.0},{"not_picked":["BasicCrystalCard","Beam Cell","Sweeping Beam"],"picked":"SKIP","floor":7.0},{"not_picked":["Scrape","Reinforced Body","Reprogram"],"picked":"SKIP","floor":7.0},{"not_picked":["BasicCrystalCard","Panic Button","Coolheaded"],"picked":"SKIP","floor":8.0},{"not_picked":["Rebound","Steam","Stack"],"picked":"SKIP","floor":8.0},{"not_picked":["Capacitor","All For One","Skim"],"picked":"SKIP","floor":10.0},{"not_picked":["White Noise","Sunder","Coolheaded"],"picked":"SKIP","floor":11.0},{"not_picked":["Streamline","Sweeping Beam","Leap"],"picked":"SKIP","floor":11.0},{"not_picked":["Undo","Streamline","Capacitor"],"picked":"SKIP","floor":12.0},{"not_picked":["Leap","Defragment","Panic Button"],"picked":"SKIP","floor":12.0},{"not_picked":["ReplaySolidLightProjector","Conserve Battery","Streamline"],"picked":"SKIP","floor":13.0},{"not_picked":["Defragment","Crystallizer","BasicCrystalCard"],"picked":"SKIP","floor":13.0},{"not_picked":["Stack","Gash","Rebound"],"picked":"SKIP","floor":14.0},{"not_picked":["Storm","Conserve Battery","Streamline"],"picked":"SKIP","floor":14.0},{"not_picked":["Gash","Turbo","ReplayTheSpireMod:Repulse"],"picked":"SKIP","floor":18.0},{"not_picked":["ReplaySolidLightProjector","Compile Driver+1","ReplayRNGCard"],"picked":"SKIP","floor":18.0},{"not_picked":["Coolheaded","Aggregate","Defragment"],"picked":"SKIP","floor":19.0},{"not_picked":["Stack+1","Compile Driver+1","Consume+1"],"picked":"SKIP","floor":19.0},{"not_picked":["Ball Lightning","Double Energy+1","Turbo"],"picked":"SKIP","floor":21.0},{"not_picked":["hubris:Ukulele","Undo","Reprogram"],"picked":"SKIP","floor":21.0},{"not_picked":["hubris:DoWhile","Lockon","Barrage"],"picked":"SKIP","floor":23.0},{"not_picked":["Capacitor","BasicCrystalCard","Ball Lightning+1"],"picked":"SKIP","floor":27.0},{"not_picked":["Barrage","Sweeping Beam","Force Field"],"picked":"SKIP","floor":27.0},{"not_picked":["Lockon","Rip and Tear","Streamline+1"],"picked":"SKIP","floor":28.0},{"not_picked":["Scrape","Heatsinks","Compile Driver"],"picked":"SKIP","floor":28.0},{"not_picked":["Amplify","Redo","Conserve Battery+1"],"picked":"SKIP","floor":29.0},{"not_picked":["Hologram","Redo+1","Steam"],"picked":"SKIP","floor":30.0},{"not_picked":["Compile Driver","Stack","Rebound"],"picked":"SKIP","floor":30.0},{"not_picked":["Go for the Eyes","Sweeping Beam","BootSequence"],"picked":"SKIP","floor":31.0},{"not_picked":["Stack","Conserve Battery+1","Gash"],"picked":"SKIP","floor":31.0},{"not_picked":["ReplayTheSpireMod:GoodbyeWorld","Beam Cell","Barrage+1"],"picked":"SKIP","floor":35.0},{"not_picked":["Chill","Steam+1","hubris:Ukulele"],"picked":"SKIP","floor":35.0},{"not_picked":["Aggregate+1","Doom and Gloom","Turbo+1"],"picked":"SKIP","floor":36.0},{"not_picked":["Auto Shields+1","Cold Snap","Panic Button"],"picked":"SKIP","floor":36.0},{"not_picked":["Rebound","Coolheaded","Stack"],"picked":"SKIP","floor":37.0},{"not_picked":["Go for the Eyes+1","Beam Cell","Static Discharge"],"picked":"SKIP","floor":37.0},{"not_picked":["White Noise+1","Aggregate+1","ReplaySolidLightProjector"],"picked":"SKIP","floor":39.0},{"not_picked":["Beam Cell+1","Sweeping Beam","Static Discharge+1"],"picked":"SKIP","floor":39.0},{"not_picked":["Melter","White Noise+1","Steam"],"picked":"SKIP","floor":40.0},{"not_picked":["Redo+1","Rebound+1","Reprogram"],"picked":"SKIP","floor":45.0},{"not_picked":["Barrage+1","Cold Snap","hubris:Prefetch"],"picked":"SKIP","floor":45.0},{"not_picked":["Heatsinks+1","Stack+1","Conserve Battery+1"],"picked":"SKIP","floor":46.0},{"not_picked":["Static Discharge+1","Hologram+1","Redo"],"picked":"SKIP","floor":46.0},{"not_picked":["Rebound","Streamline","Coolheaded"],"picked":"SKIP","floor":47.0},{"not_picked":["Leap","Lockon","Fusion"],"picked":"SKIP","floor":52.0},{"not_picked":["Stack","Redo","ReplayTheSpireMod:Reroute Power"],"picked":"SKIP","floor":52.0},{"not_picked":["Genetic Algorithm","ReplaySolidLightProjector","Beam Cell"],"picked":"SKIP","floor":53.0},{"not_picked":["Machine Learning","Doom and Gloom","Leap"],"picked":"SKIP","floor":53.0},{"not_picked":["Chaos","FIFO Queue","Beam Cell"],"picked":"SKIP","floor":54.0},{"not_picked":["Coolheaded","Conserve Battery","Streamline"],"picked":"SKIP","floor":54.0},{"not_picked":["Tempest","Double Energy","ReplayTheSpireMod:GoodbyeWorld"],"picked":"SKIP","floor":56.0},{"not_picked":["Self Repair","ReplayTheSpireMod:Omega Cannon","ReplaySolidLightProjector"],"picked":"SKIP","floor":56.0},{"not_picked":["hubris:Ukulele","Storm","BootSequence"],"picked":"SKIP","floor":58.0},{"not_picked":["Leap","Beam Cell","Sweeping Beam"],"picked":"SKIP","floor":61.0},{"not_picked":["Compile Driver","Rebound","Steam"],"picked":"SKIP","floor":61.0},{"not_picked":["Coolheaded","Gash","Undo"],"picked":"SKIP","floor":62.0},{"not_picked":["Hologram","Beam Cell","Skim"],"picked":"SKIP","floor":62.0},{"not_picked":["BasicCrystalCard","Ball Lightning","Biased Cognition"],"picked":"SKIP","floor":64.0},{"not_picked":["Ball Lightning","Hologram","Undo"],"picked":"SKIP","floor":64.0},{"not_picked":["Tempest","Ball Lightning","Capacitor"],"picked":"SKIP","floor":65.0},{"not_picked":["Ball Lightning","Redo","Barrage"],"picked":"SKIP","floor":65.0},{"not_picked":["Turbo","Hologram","Coolheaded"],"picked":"SKIP","floor":69.0},{"not_picked":["Ball Lightning+1","Crystallizer","Beam Cell"],"picked":"SKIP","floor":69.0},{"not_picked":["Fission","Sunder+1","Panic Button"],"picked":"SKIP","floor":70.0},{"not_picked":["ReplayGash","Hello World","BasicCrystalCard+1"],"picked":"SKIP","floor":70.0},{"not_picked":["Hologram+1","Stack","Sweeping Beam+1"],"picked":"SKIP","floor":71.0},{"not_picked":["Leap","Streamline","Mirror Shield"],"picked":"SKIP","floor":71.0},{"not_picked":["Go for the Eyes+1","Hologram","Streamline"],"picked":"SKIP","floor":72.0},{"not_picked":["Reprogram","ReplaySort","Barrage+1"],"picked":"SKIP","floor":72.0},{"not_picked":["Hello World+1","hubris:PowerSurge","ReplayTheSpireMod:GoodbyeWorld"],"picked":"SKIP","floor":74.0},{"not_picked":["Steam","Conserve Battery","Leap"],"picked":"SKIP","floor":76.0},{"not_picked":["Aggregate","Turbo","Hologram"],"picked":"SKIP","floor":78.0},{"not_picked":["Rebound","Compile Driver","Leap+1"],"picked":"SKIP","floor":78.0},{"not_picked":["Beam Cell","Gash+1","Sweeping Beam"],"picked":"SKIP","floor":79.0},{"not_picked":["Turbo+1","Ball Lightning+1","Gash"],"picked":"SKIP","floor":79.0},{"not_picked":["Turbo","FTL","Gash"],"picked":"SKIP","floor":80.0},{"not_picked":["Reprogram","Rainbow","Panic Button+1"],"picked":"SKIP","floor":80.0},{"not_picked":["Glacier","Skim","Redo"],"picked":"SKIP","floor":81.0},{"not_picked":["Redo","Blizzard","Go for the Eyes"],"picked":"SKIP","floor":81.0},{"not_picked":["Streamline","Darkness","ReplaySolidLightProjector"],"picked":"SKIP","floor":86.0},{"not_picked":["Heatsinks","Hologram","Rip and Tear+1"],"picked":"SKIP","floor":87.0},{"not_picked":["Cold Snap+1","Recycle+1","Time Bomb+1"],"picked":"SKIP","floor":91.0},{"not_picked":["Leap+1","Compile Driver+1","Skim"],"picked":"SKIP","floor":92.0},{"not_picked":["Panic Button+1","Compile Driver","Cold Snap"],"picked":"SKIP","floor":93.0},{"not_picked":["Seek+1","ReplayTheSpireMod:Fabricate Wheel+1","Gash+1"],"picked":"SKIP","floor":97.0},{"not_picked":["Barrage","ReplayTheSpireMod:Repulse+1","Conserve Battery+1"],"picked":"SKIP","floor":99.0},{"not_picked":["Streamline","Rip and Tear","Steam+1"],"picked":"SKIP","floor":103.0},{"not_picked":["hubris:Ukulele","Leap+1","BasicCrystalCard+1"],"picked":"SKIP","floor":104.0},{"not_picked":["BasicCrystalCard+1","Undo+1","Stack+1"],"picked":"SKIP","floor":105.0},{"not_picked":["White Noise+1","Sweeping Beam","hubris:Ukulele"],"picked":"SKIP","floor":106.0},{"not_picked":["BootSequence+1","Leap+1","Loop"],"picked":"SKIP","floor":108.0},{"not_picked":["Cold Snap","Streamline","Steam+1","Deadly Poison"],"picked":"SKIP","floor":109.0},{"not_picked":["Panic Button+1","Melter","Steam Power+1","Noxious Fumes"],"picked":"SKIP","floor":110.0},{"not_picked":["FIFO Queue","Streamline","Cold Snap","Poison Darts"],"picked":"SKIP","floor":112.0},{"not_picked":["BasicCrystalCard+1","Sweeping Beam","Compile Driver","ReplayTheSpireMod:Speed Training"],"picked":"SKIP","floor":113.0},{"not_picked":["Defragment","Reprogram+1","Melter","Poisoned Stab"],"picked":"SKIP","floor":114.0},{"not_picked":["Rebound","Creative AI","Steam+1","Dodge and Roll"],"picked":"SKIP","floor":116.0},{"not_picked":["Ball Lightning","Doom and Gloom","White Noise+1","Skewer"],"picked":"SKIP","floor":120.0},{"not_picked":["Go for the Eyes","Glacier+1","Rebound","ReplayTheSpireMod:Exploit Weakness"],"picked":"SKIP","floor":124.0},{"not_picked":["Scrape","Loop","Heatsinks","ReplayTheSpireMod:The Works"],"picked":"SKIP","floor":125.0},{"not_picked":["Ball Lightning","Lockon","Beam Cell+1","Hidden Blade"],"picked":"SKIP","floor":126.0},{"not_picked":["Gash","BasicCrystalCard+1","Cold Snap","Hidden Blade"],"picked":"SKIP","floor":127.0},{"not_picked":["Coolheaded+1","Amplify+1","Panic Button+1","Deadly Poison"],"picked":"SKIP","floor":129.0},{"not_picked":["Streamline","Rebound+1","Sweeping Beam+1","Draining Mist"],"picked":"SKIP","floor":133.0},{"not_picked":["Time Bomb+1","Loop+1","Capacitor+1","Escape Plan"],"picked":"SKIP","floor":137.0},{"not_picked":["Rebound","Barrage","Cold Snap+1","Escape Plan"],"picked":"SKIP","floor":138.0},{"not_picked":["Gash","Steam+1","Cold Snap+1","Outmaneuver"],"picked":"SKIP","floor":140.0},{"not_picked":["ReplayTheSpireMod:System Scan+1","Fusion+1","Go for the Eyes+1","Acrobatics"],"picked":"SKIP","floor":143.0},{"not_picked":["Beam Cell+1","Ball Lightning","Rip and Tear","Noxious Fumes"],"picked":"SKIP","floor":146.0},{"not_picked":["Aggregate+1","Stack+1","Storm","Infinite Blades"],"picked":"SKIP","floor":150.0}],"player_experience":177065,"relics_obtained":[{"floor":6.0,"key":"ReplayTheSpireMod:TigerMarble"},{"floor":9.0,"key":"Ancient Tea Set"},{"floor":10.0,"key":"Omamori"},{"floor":23.0,"key":"Sundial"},{"floor":26.0,"key":"Mango"},{"floor":29.0,"key":"Shovel"},{"floor":32.0,"key":"infinitespire:Freezer"},{"floor":40.0,"key":"Emotion Chip"},{"floor":41.0,"key":"Lizard Tail"},{"floor":43.0,"key":"Kunai"},{"floor":44.0,"key":"Replay:Wax Seal"},{"floor":47.0,"key":"infinitespire:Bottled Soul"},{"floor":55.0,"key":"Odd Mushroom"},{"floor":57.0,"key":"Anchor"},{"floor":58.0,"key":"StoneCalendar"},{"floor":60.0,"key":"Pear"},{"floor":66.0,"key":"Smiling Mask"},{"floor":74.0,"key":"Ice Cream"},{"floor":75.0,"key":"Pet Ghost"},{"floor":76.0,"key":"WingedGreaves"},{"floor":77.0,"key":"hubris:Reverence"},{"floor":83.0,"key":"Lantern"},{"floor":91.0,"key":"Replay:Antivirus Software"},{"floor":93.0,"key":"Toxic Egg 2"},{"floor":94.0,"key":"infinitespire:Lychee Nut"},{"floor":96.0,"key":"Symbiotic Virus"},{"floor":97.0,"key":"Geode"},{"floor":98.0,"key":"Strawberry"},{"floor":100.0,"key":"Whetstone"},{"floor":106.0,"key":"The Courier"},{"floor":108.0,"key":"hubris:DisguiseKit"},{"floor":108.0,"key":"Replay:Mystery Machine"},{"floor":110.0,"key":"hubris:CuriousFeather"},{"floor":110.0,"key":"hubris:SlimyHat"},{"floor":111.0,"key":"Regal Pillow"},{"floor":112.0,"key":"Bag of Preparation"},{"floor":112.0,"key":"hubris:TinFlute"},{"floor":115.0,"key":"Quantum Egg"},{"floor":117.0,"key":"Gremlin Food"},{"floor":124.0,"key":"ReplayTheSpireMod:Shallot"},{"floor":125.0,"key":"Vajra"},{"floor":125.0,"key":"CeramicFish"},{"floor":130.0,"key":"hubris:TenFootPole"},{"floor":132.0,"key":"infinitespire:Joker Card"},{"floor":134.0,"key":"Boot"},{"floor":138.0,"key":"Dream Catcher"},{"floor":142.0,"key":"Bird Faced Urn"},{"floor":143.0,"key":"hubris:Spice"},{"floor":143.0,"key":"Happy Flower"},{"floor":144.0,"key":"infinitespire:EmpoweringShard"},{"floor":145.0,"key":"Snack Pack"},{"floor":146.0,"key":"Potion Belt"},{"floor":146.0,"key":"PreservedInsect"},{"floor":147.0,"key":"hubris:Spice"},{"floor":148.0,"key":"hubris:Spice"},{"floor":149.0,"key":"FossilizedHelix"},{"floor":151.0,"key":"StoneCalendar"}],"event_choices":[{"damage_healed":0.0,"max_hp_gain":0.0,"max_hp_loss":0.0,"gold_gain":0.0,"event_name":"The Cleric","player_choice":"Leave","floor":3.0,"gold_loss":0.0,"damage_taken":0.0},{"cards_removed":["hubris:Prefetch"],"damage_healed":0.0,"max_hp_gain":10.0,"max_hp_loss":0.0,"gold_gain":0.0,"event_name":"Bonfire Elementals","player_choice":"Offered Rare","floor":5.0,"gold_loss":0.0,"damage_taken":0.0},{"damage_healed":0.0,"max_hp_gain":0.0,"max_hp_loss":0.0,"gold_gain":0.0,"event_name":"Lab","player_choice":"Got Potions","floor":15.0,"gold_loss":0.0,"damage_taken":0.0},{"damage_healed":0.0,"max_hp_gain":0.0,"max_hp_loss":0.0,"gold_gain":0.0,"event_name":"Cursed Tome","player_choice":"Ignored","floor":22.0,"gold_loss":0.0,"damage_taken":0.0},{"damage_healed":0.0,"max_hp_gain":0.0,"max_hp_loss":0.0,"gold_gain":99.0,"event_name":"Nest","player_choice":"Stole From Cult","floor":25.0,"gold_loss":0.0,"damage_taken":0.0},{"damage_healed":0.0,"max_hp_gain":0.0,"max_hp_loss":0.0,"gold_gain":0.0,"event_name":"Tomb of Lord Red Mask","player_choice":"Paid","floor":48.0,"gold_loss":775.0,"damage_taken":0.0,"relics_obtained":["Red Mask"]},{"damage_healed":0.0,"max_hp_gain":0.0,"max_hp_loss":0.0,"gold_gain":0.0,"event_name":"Mushrooms","player_choice":"Fought Mushrooms","floor":55.0,"gold_loss":0.0,"damage_taken":0.0},{"damage_healed":0.0,"max_hp_gain":0.0,"max_hp_loss":0.0,"gold_gain":0.0,"event_name":"Cursed Tome","player_choice":"Ignored","floor":73.0,"gold_loss":0.0,"damage_taken":0.0},{"damage_healed":0.0,"max_hp_gain":0.0,"max_hp_loss":0.0,"gold_gain":0.0,"event_name":"Purifier","player_choice":"Ignored","floor":88.0,"gold_loss":0.0,"damage_taken":0.0},{"damage_healed":0.0,"max_hp_gain":5.0,"max_hp_loss":0.0,"gold_gain":0.0,"event_name":"Forgotten Altar","player_choice":"Shed Blood","floor":123.0,"gold_loss":0.0,"damage_taken":26.0},{"damage_healed":0.0,"max_hp_gain":0.0,"max_hp_loss":0.0,"gold_gain":0.0,"event_name":"Purifier","player_choice":"Ignored","floor":131.0,"gold_loss":0.0,"damage_taken":0.0},{"damage_healed":0.0,"max_hp_gain":0.0,"max_hp_loss":0.0,"gold_gain":0.0,"event_name":"Mysterious Sphere","player_choice":"Fight","floor":149.0,"gold_loss":0.0,"damage_taken":0.0}],"is_beta":false,"boss_relics":[{"not_picked":["Runic Pyramid","Replay:Ancient Bell"],"picked":"Replay:Wanted Poster"},{"not_picked":["Replay:Bronze Core","hubris:VirtuousBlindfold"],"picked":"Nuclear Battery"},{"not_picked":["Tiny House","hubris:CrackedHourglass"],"picked":"hubris:Backtick"},{"not_picked":["Velvet Choker","Empty Cage"],"picked":"Inserter"},{"not_picked":["ReplayTheSpireMod:SealedPack","Replay:Grab Bag"],"picked":"hubris:ScarierMask"},{"not_picked":["hubris:Stopwatch","Tiny House"],"picked":"Black Star"},{"not_picked":["Empty Cage","hubris:HollowSoul"],"picked":"hubris:Backtick"},{"not_picked":["Snecko Eye","Fusion Hammer","Coffee Dripper"]},{"not_picked":["hubris:Spice","hubris:Spice","hubris:Spice"]}],"items_purged_floors":[],"is_endless":true,"potions_floor_spawned":[1,4,10,11,12,13,16,21,29,31,33,35,36,40,47,50,55,56,58,61,62,70,74,78,80,81,87,92,97,99,103,108,109,112,113,114,118,124,129,137,140,146,152],"killed_by":"Shield and Spear","ascension_level":0}}