{"host":"0s8kyghz8ihx2r41","time":1612295034,"event":{"mods":["2.2 Compatiblity","Act Like it!","Bard","BaseMod","CapriCore","Chen","Conspire","Downfall","Friendly Minions","Hermit","HololiveMod","Hubris","Koishi","Lobotomy","LobotomyExtend","Marisa（霧雨　魔理沙）","Minty Spire (QoL Compilation)","Prisma Mod","READ ME - Snecko Mod","Reimu（博??梦）","Replay The Spire","Spire Birthday Party","StSLib","The Clintock","The Construct","The Cursed","The Disciple","The Druid","The Gatherer","The Immortal","The Mystic","The Servant 0.9.4","TheVacant","Waifu the Spire","Yuyuko","everything is the same but u backflip on backflip","slay the spire mod where everything is the same but ironclad has a cowboy hat"],"gold_per_floor":[112,130,130,130,22,50,62,81,81,91,91,107,119,146,146,244,244,264,278,288,288,387,387,387,387,433,172,172,192,208,237,237,237,237],"floor_reached":33,"language":"ENG","playtime":2224,"items_purged":["Koishi:BasicStrike"],"score":304,"play_id":"6fd8abc0-4cba-44b5-80ef-343c6057d6c7","local_time":"20210202144354","is_ascension_mode":false,"campfire_choices":[{"data":"Koishi:HauntingSlash","floor":11,"key":"SMITH"},{"floor":15,"key":"REST"},{"data":"Koishi:PhantomStrike","floor":23,"key":"SMITH"},{"floor":25,"key":"REST"},{"floor":28,"key":"REST"},{"floor":32,"key":"REST"}],"circlet_count":0,"master_deck":["Koishi:BasicStrike","Koishi:BasicStrike","Koishi:BasicStrike","Koishi:BasicDefend","Koishi:BasicDefend","Koishi:BasicDefend","Koishi:BasicDefend","Koishi:Provoke","Koishi:HauntingSlash+1","Koishi:PhantomBarrier","Koishi:PhantomStrike+1","Koishi:FidgetySnatcher","Koishi:FidgetySnatcher","Koishi:PredatoryInstincts","Koishi:DreadfulBlow","Koishi:GeneticsOfTheUnconscious","Koishi:Jaunt","Koishi:EmbersOfLove","Koishi:ParalyzingFear","Koishi:RollingInRichesHeart","Koishi:TerrifyingSpectre+1","Koishi:MindNumbingTerror+1","Koishi:CatchAndRose+1","Koishi:BloodcurdlingScream","Koishi:RacingHeart","Koishi:BramblyRoseGarden","Koishi:PhantomStrike","Koishi:EmbryosDream","Koishi:DNAsFlaw"],"relics":["Koishi:ImaginaryFriend","NeowsBlessing","LetterFromLob","ReplayTheSpireMod:TigerMarble","Boot","Bag of Marbles","conspire:SpecialSausage","Gremlin Food","TentaclePot:ReiMu","Bag of Preparation"],"acts_visited":["Exordium","TheCity"],"potions_floor_usage":[16,16,18,19,31,31,33],"damage_taken":[{"damage":0,"enemies":"Jaw Worm","floor":1,"turns":1},{"damage":0,"enemies":"conspire:RoseBush","floor":2,"turns":1},{"damage":0,"enemies":"Replay:BlueRogue","floor":6,"turns":1},{"damage":6,"enemies":"Cultist","floor":7,"turns":5},{"damage":15,"enemies":"2 Fungi Beasts","floor":8,"turns":4},{"damage":3,"enemies":"3 Louse","floor":10,"turns":4},{"damage":4,"enemies":"conspire:2 RoseBushes","floor":12,"turns":6},{"damage":3,"enemies":"2 Fungi Beasts","floor":13,"turns":4},{"damage":23,"enemies":"3 Sentries","floor":14,"turns":7},{"damage":59,"enemies":"Fading Forest","floor":16,"turns":11},{"damage":4,"enemies":"Chosen","floor":18,"turns":8},{"damage":23,"enemies":"3 Byrds","floor":19,"turns":5},{"damage":26,"enemies":"conspire:HollyBat","floor":20,"turns":9},{"damage":43,"enemies":"Shelled Parasite and Fungi","floor":29,"turns":5},{"damage":10,"enemies":"Centurion and Healer","floor":30,"turns":5},{"damage":21,"enemies":"Replay:Snechameleon","floor":31,"turns":7},{"damage":33,"enemies":"conspire:MysteriousRune","floor":33,"turns":11}],"seed_played":"5128811881778956756","potions_obtained":[{"floor":1,"key":"Weak Potion"},{"floor":6,"key":"LifebloodPotion"},{"floor":8,"key":"Elixir"},{"floor":10,"key":"PowerPotion"},{"floor":16,"key":"SkillPotion"},{"floor":20,"key":"ColorlessPotion"},{"floor":29,"key":"BlessingOfTheForge"},{"floor":30,"key":"Elixir"}],"is_trial":false,"path_per_floor":["M","M","?","?","$","E","M","M","T","M","R","M","M","E","R","B",null,"M","M","M","?","?","R","?","R","T","$","R","M","M","E","R","B"],"character_chosen":"KOISHI","items_purchased":["Koishi:PhantomStrike","Koishi:FidgetySnatcher","TentaclePot:ReiMu","Koishi:BramblyRoseGarden"],"campfire_rested":4,"item_purchase_floors":[5,5,27,27],"current_hp_per_floor":[60,60,60,60,60,60,55,50,50,60,60,60,60,39,57,26,60,60,52,35,35,35,35,25,44,44,44,63,31,24,14,33,0,0],"gold":237,"neow_bonus":"THREE_ENEMY_KILL","is_daily":false,"chose_seed":false,"campfire_upgraded":2,"win_rate":0.0,"timestamp":1612295034,"path_taken":["M","M","?","?","$","E","M","?","T","M","R","?","M","E","R","BOSS","M","M","M","?","?","R","?","R","T","$","R","M","M","E","R","BOSS"],"items_purchased_type":["Card","Card","Relic","Card"],"build_version":"2020-12-22","purchased_purges":1,"victory":false,"max_hp_per_floor":[60,60,60,60,60,60,60,60,60,60,60,60,60,60,60,60,60,60,60,60,60,60,60,65,65,65,65,65,65,65,65,65,65,65],"card_choices":[{"not_picked":["Koishi:Catatonia","Koishi:UnconsciousUprising"],"picked":"Koishi:PhantomBarrier","floor":1},{"not_picked":["Koishi:FourthEye","Koishi:MassHysteria","Koishi:EmbryosDream"],"picked":"SKIP","floor":2},{"not_picked":["Koishi:UnconsciousUprising","Koishi:ParalyzingFear"],"picked":"Koishi:PredatoryInstincts","floor":6},{"not_picked":["Koishi:PhantomBarrier","Koishi:UnseenTerror"],"picked":"Koishi:DreadfulBlow","floor":7},{"not_picked":["Koishi:FidgetySnatcher","Koishi:UnseenTerror"],"picked":"Koishi:GeneticsOfTheUnconscious","floor":8},{"not_picked":["Koishi:ReflexRadar","Koishi:YoukaiPolygraph"],"picked":"Koishi:Jaunt","floor":10},{"not_picked":["Koishi:ReflexRadar","Koishi:HeartAttack"],"picked":"Koishi:EmbersOfLove","floor":12},{"not_picked":["Koishi:DreadfulBlow","Koishi:FadingMemory"],"picked":"Koishi:ParalyzingFear","floor":13},{"not_picked":["Koishi:Vanish","Koishi:PhantomBarrier"],"picked":"Koishi:RollingInRichesHeart","floor":14},{"not_picked":["Koishi:FormlessExistence","Koishi:SilentAndRestless"],"picked":"Koishi:TerrifyingSpectre","floor":16},{"not_picked":["Koishi:UnansweredLove+1","Koishi:TraumaticStroke"],"picked":"Koishi:MindNumbingTerror+1","floor":18},{"not_picked":["Koishi:IdleWhim","Koishi:HeartfeltFancy"],"picked":"Koishi:CatchAndRose","floor":19},{"not_picked":["Koishi:Vanish","Koishi:Jaunt+1"],"picked":"Koishi:BloodcurdlingScream","floor":20},{"not_picked":["Koishi:FleetingPhantom","Koishi:RacingHeart"],"picked":"Koishi:PhantomStrike","floor":29},{"not_picked":["Koishi:HeartfeltFancy","Koishi:MindNumbingTerror"],"picked":"Koishi:EmbryosDream","floor":30},{"not_picked":["Koishi:MindStellarRelief","Koishi:RacingHeart"],"picked":"Koishi:DNAsFlaw","floor":31}],"player_experience":322745,"relics_obtained":[{"floor":1,"key":"LetterFromLob"},{"floor":6,"key":"ReplayTheSpireMod:TigerMarble"},{"floor":9,"key":"Boot"},{"floor":14,"key":"Bag of Marbles"},{"floor":26,"key":"Gremlin Food"},{"floor":31,"key":"Bag of Preparation"}],"event_choices":[{"damage_healed":0,"gold_gain":0,"player_choice":"Ignored","damage_taken":0,"max_hp_gain":0,"max_hp_loss":0,"event_name":"Golden Wing","floor":3,"gold_loss":0},{"damage_healed":0,"gold_gain":0,"player_choice":"Read","damage_taken":0,"max_hp_gain":0,"max_hp_loss":0,"event_name":"The Library","floor":21,"gold_loss":0,"cards_obtained":["Koishi:RacingHeart"]},{"damage_healed":0,"gold_gain":99,"player_choice":"Stole From Cult","damage_taken":0,"max_hp_gain":0,"max_hp_loss":0,"event_name":"Nest","floor":22,"gold_loss":0},{"damage_healed":0,"gold_gain":0,"player_choice":"Shed Blood","damage_taken":15,"max_hp_gain":5,"max_hp_loss":0,"event_name":"Forgotten Altar","floor":24,"gold_loss":0}],"is_beta":false,"boss_relics":[{"not_picked":["SlaversCollar","Pandora\u0027s Box"],"picked":"conspire:SpecialSausage"}],"items_purged_floors":[27],"is_endless":false,"potions_floor_spawned":[1,6,8,10,16,20,29,30],"killed_by":"conspire:MysteriousRune","ascension_level":0}}