{"host":"vyiqbz5w606ur92t","time":1612231929,"event":{"mods":["BaseMod","Downfall","Minty Spire (QoL Compilation)","StSLib"],"gold_per_floor":[99,117,117,130,130,40,108,558,578,612,612,630,430,465,495,603,615,527,559,586,448,475,517,529,556,580,27,27,59,71,71,90,191,191,191,207,207,223,72,98,98,98,118,132,7,7,37,57,76,76,76,101,0,0,0,0],"floor_reached":57,"language":"ENG","playtime":10153,"items_purged":["bronze:Strike","downfall:Icky","downfall:Icky"],"score":1695,"play_id":"94190cbe-28d9-454c-9dd2-dd071120e6ed","local_time":"20210202021209","is_ascension_mode":true,"campfire_choices":[{"floor":1,"key":"RECALL"},{"data":"bronze:Turbo","floor":11,"key":"SMITH"},{"data":"bronze:BugBarrage","floor":13,"key":"SMITH"},{"floor":18,"key":"REST"},{"floor":35,"key":"REST"},{"floor":46,"key":"REST"},{"floor":54,"key":"REST"}],"circlet_count":0,"master_deck":["bronze:Defend","bronze:Defend","bronze:Defend","bronze:Defend","bronze:Replicate","bronze:Goto","bronze:OilSpill","bronze:Overload","bronze:Return","downfall:Icky","bronze:Turbo+1","bronze:FineTuning","bronze:BugBarrage+1","bronze:Return","bronze:Invalidate","bronze:TinkerersToolbox","bronze:BuggyMess+1","bronze:Branch+1","bronze:DelayedGuard+1","bronze:ItsAFeature","bronze:HardenedForm","bronze:OilSpill","bronze:ItsAFeature+1","bronze:BuggyMess","bronze:Turbo+1","bronze:FineTuning","Ghostly","Ghostly","Ghostly","Ghostly","Ghostly","bronze:MaxOutput+1","bronze:Format","bronze:Turbo+1","bronze:GetLatest","bronze:CutThrough","Clumsy","bronze:Shield","bronze:BuggyMess+1","bronze:SpaghettiCode+1","Clumsy","bronze:BugBarrage+1","bronze:Repulsor+1"],"relics":["bronze:BronzeCore","Dead Branch","downfall:ShatteredFragment","hexamod:CandleOfCauterizing","downfall:HeartBlessingRed","downfall:HeartBlessingBlue","MawBank","Fusion Hammer","downfall:HeartBlessingGreen","bronze:SilverBullet","StrikeDummy","Kunai","Frozen Egg 2","Frozen Eye","Akabeko","Busted Crown","Chemical X","Molten Egg 2","Darkstone Periapt","Anchor","HornCleat"],"acts_visited":["Exordium","TheCity","TheBeyond","TheEnding"],"potions_floor_usage":[12,16,27,32,40,52,52,55,56,56],"damage_taken":[{"damage":0,"enemies":"Small Slimes","floor":2,"turns":3},{"damage":9,"enemies":"2 Louse","floor":4,"turns":2},{"damage":0,"enemies":"downfall:FleeingMerchant","floor":6,"turns":4},{"damage":0,"enemies":"Cultist","floor":9,"turns":3},{"damage":1,"enemies":"3 Sentries","floor":10,"turns":3},{"damage":0,"enemies":"Red Slaver","floor":12,"turns":2},{"damage":0,"enemies":"Lagavulin","floor":14,"turns":3},{"damage":0,"enemies":"Blue Slaver","floor":15,"turns":2},{"damage":0,"enemies":"IC_STATUS_ARCHETYPE","floor":16,"turns":3},{"damage":12,"enemies":"Chosen","floor":19,"turns":2},{"damage":7,"enemies":"Shell Parasite","floor":20,"turns":2},{"damage":0,"enemies":"Snake Plant","floor":22,"turns":3},{"damage":0,"enemies":"Slavers","floor":23,"turns":2},{"damage":0,"enemies":"Centurion and Healer","floor":25,"turns":3},{"damage":0,"enemies":"Sentry and Sphere","floor":26,"turns":3},{"damage":0,"enemies":"downfall:FleeingMerchant","floor":27,"turns":3},{"damage":0,"enemies":"Gremlin Leader","floor":29,"turns":3},{"damage":0,"enemies":"Snecko","floor":30,"turns":2},{"damage":2,"enemies":"Shelled Parasite and Fungi","floor":32,"turns":2},{"damage":3,"enemies":"DF_ARCHETYPE_CLAW","floor":33,"turns":4},{"damage":5,"enemies":"Orb Walker","floor":36,"turns":2},{"damage":0,"enemies":"3 Darklings","floor":38,"turns":2},{"damage":13,"enemies":"Reptomancer","floor":40,"turns":3},{"damage":0,"enemies":"Maw","floor":43,"turns":4},{"damage":0,"enemies":"Jaw Worm Horde","floor":44,"turns":2},{"damage":0,"enemies":"Giant Head","floor":47,"turns":4},{"damage":0,"enemies":"4 Shapes","floor":48,"turns":2},{"damage":0,"enemies":"3 Darklings","floor":49,"turns":3},{"damage":0,"enemies":"WA_ARCHETYPE_DIVINITY","floor":50,"turns":5},{"damage":0,"enemies":"downfall:CharBossMerchant","floor":52,"turns":5},{"damage":0,"enemies":"downfall:NeowBoss","floor":55,"turns":8},{"damage":1,"enemies":"downfall:NeowBossFinal","floor":56,"turns":5}],"seed_played":"-832435914736878730","potions_obtained":[{"floor":4,"key":"GamblersBrew"},{"floor":9,"key":"champ:CounterPotion"},{"floor":12,"key":"SpeedPotion"},{"floor":16,"key":"Strength Potion"},{"floor":19,"key":"Swift Potion"},{"floor":23,"key":"ColorlessPotion"},{"floor":30,"key":"Dexterity Potion"},{"floor":38,"key":"Weak Potion"},{"floor":43,"key":"sneckomod:MuddlingPotion"}],"is_trial":false,"path_per_floor":["R","M","?","M","?","$","T","?","M","E","R","M","R","E","M","B",null,"R","M","M","?","M","E","T","M","M","$","$","E","M","?","M","B",null,"R","M","?","M","$","E","T","?","M","M","$","R","E","M","M","B",null,"E","$","R","B","B",null],"character_chosen":"THE_AUTOMATON","items_purchased":["Kunai","Frozen Egg 2","Frozen Eye","bronze:ItsAFeature+1","bronze:BuggyMess","Chemical X","AttackPotion","BlessingOfTheForge"],"campfire_rested":4,"item_purchase_floors":[27,27,27,27,27,39,53,53],"current_hp_per_floor":[63,63,42,33,33,33,33,33,33,32,32,32,42,42,42,42,73,73,61,54,83,83,83,83,83,83,83,83,83,83,41,39,36,41,41,36,36,36,36,23,23,29,29,29,29,43,43,43,43,43,47,47,47,47,47,46],"gold":0,"neow_bonus":"ONE_RARE_RELIC","is_daily":false,"chose_seed":false,"campfire_upgraded":2,"win_rate":0.0,"timestamp":1612231929,"path_taken":["R","M","?","M","?","$","T","?","M","E","R","M","R","E","M","BOSS","R","M","M","?","M","E","T","M","?","?","$","E","M","?","M","BOSS","R","M","?","?","$","E","T","?","?","M","?","R","E","M","M","BOSS","E","$","R","BOSS","BOSS"],"items_purchased_type":["Relic","Relic","Relic","Card","Card","Relic","Potion","Potion"],"build_version":"2020-12-22","purchased_purges":3,"victory":true,"max_hp_per_floor":[63,63,63,63,63,63,63,63,63,63,63,63,73,73,73,73,73,73,73,73,83,83,83,83,83,83,83,83,83,83,41,41,41,41,41,41,41,41,41,41,41,47,47,47,47,47,47,47,47,47,47,47,47,47,47,47],"card_choices":[{"not_picked":["bronze:BugBarrage","bronze:DelayedSlice"],"picked":"bronze:OilSpill","floor":2},{"not_picked":["bronze:DarkDash","bronze:Boost"],"picked":"bronze:Overload","floor":4},{"not_picked":["bronze:Backtrace","bronze:Branch"],"picked":"bronze:Return","floor":6},{"not_picked":["bronze:WildBeam","bronze:WhirlingStrike"],"picked":"bronze:Turbo","floor":9},{"not_picked":["bronze:Separator","bronze:Constructor"],"picked":"bronze:FineTuning","floor":10},{"not_picked":["bronze:BitShift","bronze:Deprecate"],"picked":"bronze:BugBarrage","floor":12},{"not_picked":["bronze:BugBarrage","bronze:NullPointer"],"picked":"bronze:Return","floor":14},{"not_picked":["bronze:WildBeam","bronze:InfiniteLoop"],"picked":"bronze:Invalidate","floor":15},{"not_picked":["bronze:Library","bronze:CleanCode"],"picked":"bronze:TinkerersToolbox","floor":16},{"not_picked":["bronze:InfiniteBeams","bronze:BitShift+1"],"picked":"bronze:BuggyMess","floor":19},{"not_picked":["bronze:WhirlingStrike","bronze:WildBeam"],"picked":"bronze:Branch+1","floor":20},{"not_picked":["bronze:Deprecate","bronze:Branch"],"picked":"bronze:DelayedGuard+1","floor":22},{"not_picked":["bronze:OilSpill","bronze:Overheat"],"picked":"bronze:ItsAFeature","floor":23},{"not_picked":["bronze:WhirlingStrike+1","bronze:BugBarrage"],"picked":"bronze:HardenedForm","floor":25},{"not_picked":["bronze:Constructor","bronze:Overload","bronze:CloningBeam"],"picked":"SKIP","floor":26},{"not_picked":["bronze:CutThrough","bronze:Separator+1"],"picked":"bronze:OilSpill","floor":27},{"not_picked":["bronze:Hardcode+1","bronze:Shield"],"picked":"bronze:Turbo+1","floor":29},{"not_picked":["bronze:Iterate","bronze:Overload"],"picked":"bronze:FineTuning","floor":30},{"not_picked":["bronze:BitShift","bronze:OilSpill"],"picked":"bronze:MaxOutput+1","floor":32},{"not_picked":["bronze:Library+1","bronze:FindAndReplace"],"picked":"bronze:Format","floor":33},{"not_picked":[],"picked":"bronze:Turbo+1","floor":36},{"not_picked":[],"picked":"bronze:BuggyMess+1","floor":38},{"not_picked":[],"picked":"bronze:SpaghettiCode","floor":40},{"not_picked":["bronze:Frontload"],"picked":"SKIP","floor":43},{"not_picked":["bronze:Philosophize"],"picked":"SKIP","floor":44},{"not_picked":["bronze:WhirlingStrike+1"],"picked":"SKIP","floor":47},{"not_picked":[],"picked":"bronze:BugBarrage+1","floor":48},{"not_picked":[],"picked":"bronze:Repulsor+1","floor":49},{"not_picked":["bronze:ForceShield+1"],"picked":"SKIP","floor":52}],"player_experience":1343519,"relics_obtained":[{"floor":10,"key":"hexamod:CandleOfCauterizing"},{"floor":14,"key":"MawBank"},{"floor":23,"key":"bronze:SilverBullet"},{"floor":24,"key":"StrikeDummy"},{"floor":29,"key":"Akabeko"},{"floor":40,"key":"Molten Egg 2"},{"floor":41,"key":"Darkstone Periapt"},{"floor":47,"key":"Anchor"},{"floor":52,"key":"HornCleat"}],"event_choices":[{"damage_healed":0,"gold_gain":0,"player_choice":"Became a Ghost","damage_taken":0,"max_hp_gain":0,"max_hp_loss":42,"event_name":"Ghosts","floor":31,"gold_loss":0,"cards_obtained":["Ghostly","Ghostly","Ghostly","Ghostly","Ghostly"]}],"is_beta":false,"boss_relics":[{"not_picked":["Coffee Dripper","Runic Dome"],"picked":"Fusion Hammer"},{"not_picked":["SacredBark","Calling Bell"],"picked":"Busted Crown"}],"items_purged_floors":[6,27,45],"is_endless":false,"potions_floor_spawned":[4,9,12,16,19,23,25,26,30,38,43,48],"ascension_level":3}}