{"host":"gttgmv2wah99hzdm","time":1612298489,"event":{"mods":["AchievementEnabler","BaseMod","Bestiary","Block Reminder","Filter the Spire","Minty Spire (QoL Compilation)","Relic Stats","Weighted Paths","ojb\u0027s Info Mod"],"gold_per_floor":[112,123,123,136,136,136,162,72,123,123,123],"floor_reached":10,"language":"ENG","playtime":396,"items_purged":[],"score":132,"play_id":"58d1b929-b408-499e-a025-495ca0844215","local_time":"20210202144129","is_ascension_mode":true,"campfire_choices":[{"data":"Twin Strike","floor":6,"key":"SMITH"}],"circlet_count":0,"master_deck":["AscendersBane","Strike_R","Strike_R","Strike_R","Strike_R","Defend_R","Defend_R","Defend_R","Bash","Twin Strike+1","Thunderclap","Perfected Strike","Battle Trance"],"relics":["Empty Cage","Nunchaku","Juzu Bracelet"],"acts_visited":["Exordium"],"potions_floor_usage":[7,10],"damage_taken":[{"damage":10,"enemies":"2 Louse","floor":1,"turns":4},{"damage":7,"enemies":"Small Slimes","floor":2,"turns":4},{"damage":1,"enemies":"Cultist","floor":4,"turns":3},{"damage":30,"enemies":"3 Sentries","floor":7,"turns":9},{"damage":25,"enemies":"Lagavulin","floor":10,"turns":4}],"seed_played":"8563238908784027227","potions_obtained":[{"floor":4,"key":"PowerPotion"}],"is_trial":false,"path_per_floor":["M","M","?","M","?","R","E","$","T","E"],"character_chosen":"IRONCLAD","items_purchased":["Battle Trance","BlessingOfTheForge"],"campfire_rested":0,"item_purchase_floors":[8,8],"current_hp_per_floor":[58,51,56,55,55,55,25,25,25,0,0],"gold":123,"neow_bonus":"BOSS_RELIC","is_daily":false,"chose_seed":false,"campfire_upgraded":1,"win_rate":0.0,"timestamp":1612298489,"path_taken":["M","M","?","M","?","R","E","$","T","E"],"items_purchased_type":["Card","Potion"],"build_version":"2020-12-22","purchased_purges":0,"victory":false,"max_hp_per_floor":[75,75,80,80,80,80,80,80,80,80,80],"relic_stats":{"Nunchaku":[0],"counters":[5,24],"Juzu Bracelet":0,"obtain_stats":[{"Nunchaku":7,"Juzu Bracelet":9,"Empty Cage":0,"Burning Blood":0},{"Nunchaku":4,"Juzu Bracelet":4,"Empty Cage":0,"Burning Blood":0},{"Nunchaku":20,"Juzu Bracelet":20,"Empty Cage":0,"Burning Blood":0}]},"card_choices":[{"not_picked":["Shrug It Off","Infernal Blade","Armaments"],"picked":"SKIP","floor":1},{"not_picked":["Havoc","Clash"],"picked":"Twin Strike","floor":2},{"not_picked":["Fire Breathing","Body Slam"],"picked":"Thunderclap","floor":4},{"not_picked":["Dark Embrace","Heavy Blade"],"picked":"Perfected Strike","floor":7}],"player_experience":1094003,"relics_obtained":[{"floor":7,"key":"Nunchaku"},{"floor":9,"key":"Juzu Bracelet"}],"event_choices":[{"damage_healed":0,"gold_gain":0,"player_choice":"Donut","damage_taken":0,"max_hp_gain":5,"max_hp_loss":0,"event_name":"Big Fish","floor":3,"gold_loss":0},{"damage_healed":0,"gold_gain":0,"player_choice":"Ignored","damage_taken":0,"max_hp_gain":0,"max_hp_loss":0,"event_name":"Liars Game","floor":5,"gold_loss":0}],"is_beta":false,"boss_relics":[],"items_purged_floors":[],"is_endless":false,"potions_floor_spawned":[4],"killed_by":"Lagavulin","ascension_level":20}}