{"host":"359hz4210ybch7ku","time":1612294201,"event":{"mods":["BaseMod","Block Reminder","Colored Map","Colored Powertips","Highlight Path","Minty Spire (QoL Compilation)","Slay the Relics Exporter","StSLib"],"gold_per_floor":[216,4,4,20,31,61,36,1,1,1,176,204,221,231,231,329,329,303,315,590,604,694,694,694],"floor_reached":23,"language":"ENG","playtime":1560,"items_purged":[],"score":241,"play_id":"b280db20-ba78-42bf-b016-f749cd8eacf8","local_time":"20210202113001","is_ascension_mode":true,"campfire_choices":[{"data":"Dodge and Roll","floor":10,"key":"SMITH"},{"data":"Footwork","floor":15,"key":"SMITH"}],"circlet_count":0,"master_deck":["Strike_G","Strike_G","Strike_G","Strike_G","Strike_G","Defend_G","Defend_G","Defend_G","Defend_G","Defend_G","Survivor","Neutralize","Dodge and Roll+1","Footwork+1","Noxious Fumes","Escape Plan+1","Acrobatics+1","Doubt","Bane","Footwork+1","Terror+1","Night Terror+1","Bouncing Flask+1","Acrobatics+1","Regret","Dodge and Roll+1","Forethought+1"],"relics":["Ring of the Snake","Strange Spoon","Toxic Egg 2","Question Card","Meat on the Bone","Cursed Key"],"acts_visited":["Exordium","TheCity"],"potions_floor_usage":[12,16,18,21,23],"damage_taken":[{"damage":4,"enemies":"Cultist","floor":1,"turns":4},{"damage":6,"enemies":"Small Slimes","floor":4,"turns":5},{"damage":4,"enemies":"Jaw Worm","floor":5,"turns":5},{"damage":7,"enemies":"Lagavulin","floor":6,"turns":10},{"damage":48,"enemies":"Gremlin Nob","floor":12,"turns":6},{"damage":0,"enemies":"Red Slaver","floor":13,"turns":5},{"damage":0,"enemies":"Large Slime","floor":14,"turns":8},{"damage":27,"enemies":"The Guardian","floor":16,"turns":14},{"damage":9,"enemies":"2 Thieves","floor":18,"turns":5},{"damage":21,"enemies":"3 Byrds","floor":19,"turns":6},{"damage":3,"enemies":"Snecko","floor":21,"turns":6},{"damage":23,"enemies":"Gremlin Leader","floor":23,"turns":2}],"seed_played":"9154266687068106276","potions_obtained":[{"floor":1,"key":"AttackPotion"},{"floor":4,"key":"BlessingOfTheForge"},{"floor":14,"key":"Energy Potion"},{"floor":16,"key":"DuplicationPotion"},{"floor":19,"key":"Ancient Potion"},{"floor":21,"key":"PowerPotion"}],"is_trial":false,"path_per_floor":["M","$","?","M","M","E","$","?","T","R","?","E","M","M","R","B",null,"M","M","?","M","?","E"],"character_chosen":"THE_SILENT","items_purchased":["Strange Spoon","Footwork","Acrobatics+1"],"campfire_rested":0,"item_purchase_floors":[2,2,7],"current_hp_per_floor":[66,66,66,60,56,49,49,66,66,66,66,18,30,42,42,27,70,61,40,40,37,19,0,0],"gold":694,"neow_bonus":"HUNDRED_GOLD","is_daily":false,"chose_seed":false,"campfire_upgraded":2,"win_rate":0.0,"timestamp":1612294201,"path_taken":["M","$","?","M","M","E","$","?","T","R","?","E","M","M","R","BOSS","M","M","?","?","?","E"],"items_purchased_type":["Relic","Card","Card"],"build_version":"2020-12-22","purchased_purges":0,"victory":false,"max_hp_per_floor":[70,70,70,70,70,70,70,70,70,70,70,70,70,70,70,70,70,70,70,70,70,70,70,70],"card_choices":[{"not_picked":["Sucker Punch","Choke"],"picked":"Dodge and Roll","floor":1},{"not_picked":["Acrobatics","Dagger Spray"],"picked":"Noxious Fumes","floor":4},{"not_picked":["Dagger Spray","Skewer","Slice"],"picked":"SKIP","floor":5},{"not_picked":["Finisher","All Out Attack"],"picked":"Escape Plan+1","floor":6},{"not_picked":["Cloak And Dagger+1","Prepared+1","Flechettes"],"picked":"Bane","floor":12},{"not_picked":["Dash","Prepared+1","Slice"],"picked":"Footwork","floor":13},{"not_picked":["Flying Knee","Dagger Throw","Blade Dance+1"],"picked":"Terror+1","floor":14},{"not_picked":["Bullet Time+1","Adrenaline+1","Glass Knife"],"picked":"Night Terror+1","floor":16},{"not_picked":["Dodge and Roll+1","Acrobatics+1","Finisher"],"picked":"Bouncing Flask+1","floor":18},{"not_picked":["Well Laid Plans","After Image","Blade Dance+1"],"picked":"Acrobatics+1","floor":19},{"not_picked":["Masterful Stab","Bane","Deflect+1"],"picked":"Dodge and Roll+1","floor":21}],"player_experience":304969,"relics_obtained":[{"floor":6,"key":"Toxic Egg 2"},{"floor":9,"key":"Question Card"},{"floor":12,"key":"Meat on the Bone"}],"event_choices":[{"damage_healed":0,"gold_gain":0,"player_choice":"Grow","damage_taken":0,"max_hp_gain":0,"max_hp_loss":0,"event_name":"Living Wall","floor":3,"gold_loss":0,"cards_upgraded":["Footwork"]},{"damage_healed":17,"gold_gain":0,"player_choice":"Healed","damage_taken":0,"max_hp_gain":0,"max_hp_loss":0,"event_name":"The Cleric","floor":8,"gold_loss":35},{"damage_healed":0,"gold_gain":175,"player_choice":"AGREE","damage_taken":0,"max_hp_gain":0,"max_hp_loss":0,"event_name":"Liars Game","floor":11,"gold_loss":0,"cards_obtained":["Doubt"]},{"damage_healed":0,"gold_gain":275,"player_choice":"Desecrate","damage_taken":0,"max_hp_gain":0,"max_hp_loss":0,"event_name":"Golden Shrine","floor":20,"gold_loss":0,"cards_obtained":["Regret"]},{"damage_healed":0,"gold_gain":90,"player_choice":"CARD GOLD ","damage_taken":18,"max_hp_gain":0,"max_hp_loss":0,"event_name":"Knowing Skull","floor":22,"potions_obtained":[],"gold_loss":0,"cards_obtained":["Forethought"]}],"is_beta":false,"boss_relics":[{"not_picked":["Ectoplasm","WristBlade"],"picked":"Cursed Key"}],"items_purged_floors":[],"is_endless":false,"potions_floor_spawned":[1,4,14,16,19,21],"killed_by":"Gremlin Leader","ascension_level":4}}