{"host":"l2dnabsh5e0fsksb","time":1612233973,"event":{"mods":["2.2 Compatiblity","BaseMod","Downfall","Minty Spire (QoL Compilation)","Quick Restart","StSLib"],"gold_per_floor":[99,99,24,24,24,54,54,54,0,0,18,51,51,77,96,96,96,96],"floor_reached":16,"language":"ENG","playtime":390,"items_purged":[],"score":188,"play_id":"67e82d5e-5d65-4ccd-8edf-698ab53b3e18","local_time":"20210202131613","is_ascension_mode":true,"campfire_choices":[{"floor":1.0,"key":"RECALL"},{"floor":8.0,"key":"REST"},{"data":"bronze:Return","floor":10.0,"key":"SMITH"}],"circlet_count":0,"master_deck":["AscendersBane","bronze:Strike","bronze:Strike","bronze:Strike","bronze:Strike","bronze:Defend","bronze:Defend","bronze:Defend","bronze:Defend","bronze:Replicate","bronze:Goto","bronze:Constructor","bronze:BuggyMess","bronze:Optimize","bronze:Philosophize+1","bronze:Separator","bronze:OilSpill","bronze:Return+1","bronze:WhirlingStrike","bronze:Boost"],"relics":["bronze:BronzeCore","downfall:HeartsMalice","Eternal Feather","Singing Bowl","Meat on the Bone","CeramicFish"],"acts_visited":["Exordium"],"potions_floor_usage":[14,15],"damage_taken":[{"damage":0.0,"enemies":"Cultist","floor":2.0,"turns":1.0},{"damage":0.0,"enemies":"downfall:FleeingMerchant","floor":3.0,"turns":1.0},{"damage":0.0,"enemies":"Jaw Worm","floor":4.0,"turns":1.0},{"damage":50.0,"enemies":"Lagavulin","floor":6.0,"turns":9.0},{"damage":2.0,"enemies":"downfall:FleeingMerchant","floor":9.0,"turns":4.0},{"damage":1.0,"enemies":"2 Louse","floor":11.0,"turns":3.0},{"damage":7.0,"enemies":"Gremlin Nob","floor":12.0,"turns":3.0},{"damage":23,"enemies":"Lagavulin","floor":14,"turns":5},{"damage":11,"enemies":"Exordium Thugs","floor":15,"turns":2},{"damage":36,"enemies":"SI_SHIV_ARCHETYPE","floor":16,"turns":5}],"seed_played":"-3020712842201892438","potions_obtained":[{"floor":6.0,"key":"SteroidPotion"},{"floor":12.0,"key":"SkillPotion"},{"floor":14,"key":"AttackPotion"}],"is_trial":false,"path_per_floor":["R","M","$","M","?","E","T","R","$","R","M","E","T","E","M","B"],"character_chosen":"THE_AUTOMATON","items_purchased":["bronze:Optimize","bronze:Return"],"campfire_rested":1,"item_purchase_floors":[3,9],"current_hp_per_floor":[63,63,63,63,63,13,13,43,41,50,49,42,42,33,36,0,0,0],"gold":96,"neow_bonus":"THREE_ENEMY_KILL","is_daily":false,"chose_seed":false,"campfire_upgraded":1,"win_rate":0.0,"timestamp":1612233973,"path_taken":["R","M","?","?","?","E","T","R","$","R","M","E","?","E","M","BOSS"],"items_purchased_type":["Card","Card"],"build_version":"2020-12-22","purchased_purges":0,"victory":false,"max_hp_per_floor":[70,70,70,70,70,70,70,70,70,70,70,70,70,72,74,74,74,74],"card_choices":[{"not_picked":["bronze:Deprecate","bronze:Invalidate"],"picked":"bronze:Constructor","floor":2.0},{"not_picked":["bronze:BronzeArmor","bronze:Frontload"],"picked":"bronze:BuggyMess","floor":3.0},{"not_picked":["bronze:OilSpill","bronze:DigitalCarnage"],"picked":"bronze:Philosophize","floor":4.0},{"not_picked":["bronze:BugBarrage","bronze:Shield"],"picked":"bronze:Separator","floor":6.0},{"not_picked":["bronze:Backtrace","bronze:Optimize"],"picked":"bronze:OilSpill","floor":9.0},{"not_picked":["bronze:Shield","bronze:Constructor"],"picked":"bronze:WhirlingStrike","floor":11.0},{"not_picked":["bronze:Shell","bronze:Allocate"],"picked":"bronze:Boost","floor":12.0},{"not_picked":["bronze:Format","bronze:Safeguard","bronze:BugBarrage"],"picked":"Singing Bowl","floor":14},{"not_picked":["bronze:Deprecate","bronze:Overheat","bronze:OilSpill"],"picked":"Singing Bowl","floor":15}],"player_experience":1889268,"relics_obtained":[{"floor":6.0,"key":"Eternal Feather"},{"floor":12.0,"key":"Singing Bowl"},{"floor":13.0,"key":"Meat on the Bone"},{"floor":14,"key":"CeramicFish"}],"event_choices":[{"damage_healed":0.0,"max_hp_gain":0.0,"max_hp_loss":0.0,"gold_gain":0.0,"event_name":"Living Wall","player_choice":"Grow","floor":5.0,"gold_loss":0.0,"damage_taken":0.0,"cards_upgraded":["bronze:Philosophize"]}],"is_beta":false,"boss_relics":[],"items_purged_floors":[],"is_endless":false,"potions_floor_spawned":[6,12,14],"killed_by":"SI_SHIV_ARCHETYPE","ascension_level":13}}