{"host":"utqe55yv0jihe4d6","time":1612309932,"event":{"mods":["2.2 Compatiblity","AchievementEnabler","BaseMod","Block Reminder","Colored Map","Colored Powertips","Minty Spire (QoL Compilation)","Quick Restart","Rare Cards Sparkle","Relic Stats","SuperFastMode"],"gold_per_floor":[116,135,148,148,223,223,223],"floor_reached":6,"language":"ENG","playtime":66,"items_purged":[],"score":72,"play_id":"c40381bc-ccd2-42ba-95d4-efa6144e5dad","local_time":"20210202185212","is_ascension_mode":true,"campfire_choices":[],"circlet_count":0,"master_deck":["AscendersBane","Strike_R","Strike_R","Strike_R","Strike_R","Strike_R","Defend_R","Defend_R","Defend_R","Defend_R","Bash","Disarm","Shrug It Off","Dropkick"],"relics":["Burning Blood","NeowsBlessing","Golden Idol"],"acts_visited":["Exordium"],"potions_floor_usage":[6],"damage_taken":[{"damage":0,"enemies":"Cultist","floor":1,"turns":1},{"damage":0,"enemies":"2 Louse","floor":2,"turns":1},{"damage":0,"enemies":"Jaw Worm","floor":3,"turns":1},{"damage":56,"enemies":"Gremlin Nob","floor":6,"turns":4}],"seed_played":"-2115476274160807278","potions_obtained":[{"floor":1,"key":"AttackPotion"},{"floor":3,"key":"CultistPotion"}],"is_trial":false,"path_per_floor":["M","M","M","?","?","E"],"character_chosen":"IRONCLAD","items_purchased":[],"campfire_rested":0,"item_purchase_floors":[],"current_hp_per_floor":[74,75,75,49,38,0,0],"gold":223,"neow_bonus":"THREE_ENEMY_KILL","is_daily":false,"chose_seed":false,"campfire_upgraded":0,"win_rate":0.0,"timestamp":1612309932,"path_taken":["M","?","M","?","?","E"],"items_purchased_type":[],"build_version":"2020-12-22","purchased_purges":0,"victory":false,"max_hp_per_floor":[75,75,75,75,75,75,75],"relic_stats":{"counters":[4,7],"Golden Idol":0,"obtain_stats":[{"NeowsBlessing":0,"Golden Idol":4,"Burning Blood":0},{"NeowsBlessing":0,"Golden Idol":3,"Burning Blood":0},{"NeowsBlessing":0,"Golden Idol":3,"Burning Blood":0}],"Burning Blood":7},"card_choices":[{"not_picked":["Flex","Headbutt"],"picked":"Disarm","floor":1},{"not_picked":["Power Through","Cleave"],"picked":"Shrug It Off","floor":2},{"not_picked":["Rupture","Pummel"],"picked":"Dropkick","floor":3}],"player_experience":2991525,"relics_obtained":[],"event_choices":[{"damage_healed":0,"gold_gain":0,"player_choice":"Take Damage","damage_taken":26,"relics_obtained":["Golden Idol"],"max_hp_gain":0,"max_hp_loss":0,"event_name":"Golden Idol","floor":4,"gold_loss":0},{"damage_healed":0,"gold_gain":75,"player_choice":"Gather Gold","damage_taken":11,"max_hp_gain":0,"max_hp_loss":0,"event_name":"World of Goop","floor":5,"gold_loss":0}],"is_beta":false,"boss_relics":[],"items_purged_floors":[],"is_endless":false,"potions_floor_spawned":[1,3],"killed_by":"Gremlin Nob","ascension_level":20}}