{"host":"7iv10lxbxedtd0qh","time":1612307122,"event":{"mods":["BaseMod","Colored Map","Colored Powertips","Downfall","Minty Spire (QoL Compilation)","StSLib"],"gold_per_floor":[99,109,109,101,119,153,178,178,204,243,243,253,276,317,335,445,445,345,362,384,384,384,384,408,408,408,429,449,16,16,34,49,147,147,147,165,165,186,206,226,251,251,274,309,309,323,347,360,375,375],"floor_reached":51,"language":"ENG","playtime":5036,"items_purged":[],"score":823,"play_id":"df92b679-fa40-4666-8177-bb012ee837ef","local_time":"20210203000522","is_ascension_mode":true,"campfire_choices":[{"data":"hexamod:Float","floor":1.0,"key":"SMITH"},{"data":"hexamod:ForkedFlame","floor":11.0,"key":"SMITH"},{"data":"hexamod:PhantomCloak","floor":18.0,"key":"SMITH"},{"data":"hexamod:VolcanoVisage","floor":23.0,"key":"SMITH"},{"data":"hexamod:Hexaguard","floor":26.0,"key":"SMITH"},{"floor":30.0,"key":"REST"},{"data":"Apotheosis","floor":35.0,"key":"SMITH"},{"data":"hexamod:RadiantFlame","floor":45.0,"key":"SMITH"}],"circlet_count":0,"master_deck":["hexamod:Strike","hexamod:Strike","hexamod:Defend+1","hexamod:Defend+1","hexamod:Defend+1","hexamod:Sear+1","hexamod:Float+1","hexamod:Hexaguard","hexamod:Incineration","hexamod:Hexaguard+1","hexamod:ForkedFlame+1","hexamod:GhostShield+1","hexamod:RadiantFlame+1","hexamod:PhantomCloak+1","hexamod:PhantomFireball+1","hexamod:VolcanoVisage+1","hexamod:Haunt+1","hexamod:SpectersWail","hexamod:NightmareGuise+1","hexamod:NightmareGuise","hexamod:ApocalypseNow","hexamod:GhostShield","hexamod:FirstSeal","hexamod:GhostflameBarrier+1","hexamod:NightmareGuise","hexamod:RadiantFlame+1","hexamod:GhostOfSpirePresent","hexamod:PhantomCloak+1","hexamod:Hexaguard+1","hexamod:ParanormalForm+1","hexamod:FirstSeal","Apotheosis+1","hexamod:PhantomCloak+1","hexamod:AdvancingGuard+1","hexamod:ApocalypticArmor+1","hexamod:ApocalypseNow","hexamod:Hexaguard+1","hexamod:Hexaguard+1","hexamod:AdvancingGuard","hexamod:FourthSeal","hexamod:ApocalypseNow+1","hexamod:FlamesFromBeyond","hexamod:Hexaguard+1","hexamod:FlamesFromBeyond+1","hexamod:ApocalypseNow","hexamod:VolcanoVisage"],"relics":["hexamod:SpiritBrand","War Paint","Pen Nib","Prayer Wheel","Sundial","White Beast Statue","Kunai","Black Star","downfall:HeartBlessingGreen","downfall:RedIOU","bronze:BronzeIdol","Matryoshka","Bottled Tornado","Runic Pyramid","Orichalcum","Toy Ornithopter","Omamori","Pocketwatch","hexamod:TheBrokenSeal"],"acts_visited":["Exordium","TheCity","TheBeyond"],"potions_floor_usage":[47,47,49,50,50,50],"damage_taken":[{"damage":0.0,"enemies":"Jaw Worm","floor":2.0,"turns":3.0},{"damage":6.0,"enemies":"Cultist","floor":5.0,"turns":6.0},{"damage":7.0,"enemies":"Gremlin Nob","floor":6.0,"turns":3.0},{"damage":0.0,"enemies":"Small Slimes","floor":9.0,"turns":4.0},{"damage":8.0,"enemies":"Lagavulin","floor":10.0,"turns":6.0},{"damage":2.0,"enemies":"Blue Slaver","floor":12.0,"turns":4.0},{"damage":0.0,"enemies":"Red Slaver","floor":13.0,"turns":6.0},{"damage":12.0,"enemies":"3 Sentries","floor":14.0,"turns":9.0},{"damage":0.0,"enemies":"Exordium Wildlife","floor":15.0,"turns":4.0},{"damage":35.0,"enemies":"WA_ARCHETYPE_RETAIN","floor":16.0,"turns":11.0},{"damage":45.0,"enemies":"3 Byrds","floor":19.0,"turns":7.0},{"damage":13.0,"enemies":"Spheric Guardian","floor":20.0,"turns":6.0},{"damage":17.0,"enemies":"Shelled Parasite and Fungi","floor":27.0,"turns":9.0},{"damage":2.0,"enemies":"Cultist and Chosen","floor":28.0,"turns":5.0},{"damage":0.0,"enemies":"downfall:FleeingMerchant","floor":29.0,"turns":4.0},{"damage":14.0,"enemies":"Centurion and Healer","floor":31.0,"turns":12.0},{"damage":5.0,"enemies":"Shelled Parasite and Fungi","floor":32.0,"turns":8.0},{"damage":16.0,"enemies":"IC_MUSHROOM_ARCHETYPE","floor":33.0,"turns":14.0},{"damage":6.0,"enemies":"Orb Walker","floor":36.0,"turns":5.0},{"damage":64.0,"enemies":"3 Darklings","floor":38.0,"turns":9.0},{"damage":42.0,"enemies":"Transient","floor":39.0,"turns":5.0},{"damage":11.0,"enemies":"Maw","floor":40.0,"turns":12.0},{"damage":13.0,"enemies":"Spire Growth","floor":43.0,"turns":10.0},{"damage":8.0,"enemies":"Nemesis","floor":44.0,"turns":9.0},{"damage":21.0,"enemies":"Jaw Worm Horde","floor":46.0,"turns":7.0},{"damage":47,"enemies":"4 Shapes","floor":47,"turns":13},{"damage":0,"enemies":"Writhing Mass","floor":48,"turns":6},{"damage":35,"enemies":"3 Darklings","floor":49,"turns":6},{"damage":26,"enemies":"SI_POISON_ARCHETYPE","floor":50,"turns":12}],"seed_played":"8356512073230222038","potions_obtained":[{"floor":2.0,"key":"champ:CounterPotion"},{"floor":5.0,"key":"LiquidMemories"},{"floor":5.0,"key":"Fruit Juice"},{"floor":6.0,"key":"BlessingOfTheForge"},{"floor":9.0,"key":"Weak Potion"},{"floor":9.0,"key":"hexamod:InfernoChargePotion"},{"floor":10.0,"key":"Block Potion"},{"floor":13.0,"key":"DuplicationPotion"},{"floor":14.0,"key":"Swift Potion"},{"floor":15.0,"key":"Weak Potion"},{"floor":16.0,"key":"FearPotion"},{"floor":16.0,"key":"hexamod:DoubleChargePotion"},{"floor":19.0,"key":"Regen Potion"},{"floor":20.0,"key":"Strength Potion"},{"floor":28.0,"key":"Block Potion"},{"floor":28.0,"key":"AttackPotion"},{"floor":29.0,"key":"Weak Potion"},{"floor":29.0,"key":"FairyPotion"},{"floor":31.0,"key":"EssenceOfSteel"},{"floor":31.0,"key":"Guardian:BlockOnCardUsePotion"},{"floor":32.0,"key":"Regen Potion"},{"floor":32.0,"key":"hexamod:DoubleChargePotion"},{"floor":33.0,"key":"Block Potion"},{"floor":36.0,"key":"hexamod:EctoCoolerPotion"},{"floor":36.0,"key":"Block Potion"},{"floor":38.0,"key":"DuplicationPotion"},{"floor":39.0,"key":"hexamod:InfernoChargePotion"},{"floor":40.0,"key":"LiquidMemories"},{"floor":43.0,"key":"SkillPotion"},{"floor":43.0,"key":"SteroidPotion"},{"floor":43.0,"key":"AttackPotion"},{"floor":44.0,"key":"LiquidMemories"},{"floor":44.0,"key":"Energy Potion"},{"floor":46.0,"key":"Fruit Juice"},{"floor":46.0,"key":"ColorlessPotion"},{"floor":46.0,"key":"DuplicationPotion"},{"floor":47,"key":"BlessingOfTheForge"},{"floor":48,"key":"Fire Potion"},{"floor":49,"key":"BlessingOfTheForge"},{"floor":49,"key":"Fire Potion"}],"is_trial":false,"path_per_floor":["R","M","?","?","M","E","T","T","M","E","R","M","M","E","M","B",null,"R","M","M","?","?","R","T","T","R","M","M","$","R","M","M","B",null,"R","M","?","M","M","M","T","?","M","E","R","M","M","M","M","B",null],"character_chosen":"THE_SPIRIT","items_purchased":["Bottled Tornado","Apotheosis"],"campfire_rested":1,"item_purchase_floors":[29,29],"current_hp_per_floor":[70,70,58,51,52,45,45,45,57,56,56,61,68,63,70,42,75,75,30,39,39,39,39,39,39,39,29,27,27,49,49,58,42,75,75,75,75,32,29,25,25,25,63,75,75,71,76,90,67,56],"gold":375,"neow_bonus":"RANDOM_COMMON_RELIC","is_daily":false,"chose_seed":false,"campfire_upgraded":7,"win_rate":0.0,"timestamp":1612307122,"path_taken":["R","M","?","?","M","E","T","?","M","E","R","M","M","E","M","BOSS","R","M","?","?","?","R","T","?","R","?","M","$","R","M","M","BOSS","R","M","?","M","M","?","T","?","?","E","R","?","M","M","M","BOSS"],"items_purchased_type":["Relic","Card"],"build_version":"2020-12-22","purchased_purges":0,"victory":true,"max_hp_per_floor":[70,70,70,70,70,70,70,70,75,75,75,75,75,75,75,75,75,75,75,75,75,75,75,75,75,75,75,75,75,75,75,75,75,75,75,75,75,75,75,75,75,75,75,75,75,80,90,90,90,90],"card_choices":[{"not_picked":["hexamod:RetreatToShadows","hexamod:ShieldOfDarkness"],"picked":"hexamod:FlamesFromBeyond","floor":2.0},{"not_picked":["hexamod:ShieldOfDarkness","hexamod:FlamesFromBeyond"],"picked":"hexamod:Hexaguard","floor":5.0},{"not_picked":["hexamod:ThermalTransfer","hexamod:Haunt"],"picked":"hexamod:Incineration","floor":5.0},{"not_picked":["hexamod:Toasty","hexamod:SpectralAdrenaline"],"picked":"hexamod:Hexaguard","floor":6.0},{"not_picked":["hexamod:ThirdSeal","hexamod:FastForward","hexamod:HauntingEcho"],"picked":"SKIP","floor":6.0},{"not_picked":["hexamod:HeatMetal","hexamod:AdvancingGuard"],"picked":"hexamod:ForkedFlame","floor":9.0},{"not_picked":["hexamod:SuperheatedStrike","hexamod:Again"],"picked":"hexamod:GhostShield","floor":9.0},{"not_picked":["hexamod:FastForward","hexamod:AdvancingGuard"],"picked":"hexamod:RadiantFlame","floor":9.0},{"not_picked":["hexamod:ThirdSeal","hexamod:Rewind","hexamod:EtherealExpedition"],"picked":"SKIP","floor":10.0},{"not_picked":["hexamod:RadiantFlame","hexamod:InspiringFlames","hexamod:HeatMetal"],"picked":"SKIP","floor":10.0},{"not_picked":["hexamod:NightmareStrike","hexamod:Incineration"],"picked":"hexamod:PhantomCloak","floor":12.0},{"not_picked":["hexamod:StepThrough","hexamod:AdvancingGuard","hexamod:ShieldOfDarkness"],"picked":"SKIP","floor":12.0},{"not_picked":["hexamod:NecessarySacrifice","hexamod:NightmareStrike","hexamod:SwordOfDarkness"],"picked":"SKIP","floor":12.0},{"not_picked":["hexamod:HauntingEcho","hexamod:NightmareGuise"],"picked":"hexamod:PhantomFireball","floor":13.0},{"not_picked":["hexamod:SoulSteal","hexamod:NightmareStrike"],"picked":"hexamod:VolcanoVisage","floor":13.0},{"not_picked":["hexamod:SpectralAdrenaline","hexamod:StepThrough","hexamod:AdvancingGuard"],"picked":"SKIP","floor":13.0},{"not_picked":["hexamod:HeatMetal","hexamod:BacktrackSmack"],"picked":"hexamod:Haunt","floor":14.0},{"not_picked":["hexamod:FastForward","hexamod:RainOfEmbers"],"picked":"hexamod:SpectersWail","floor":14.0},{"not_picked":["hexamod:HauntingEcho","hexamod:ShieldOfDarkness"],"picked":"hexamod:NightmareGuise","floor":15.0},{"not_picked":["hexamod:Toasty","hexamod:ShieldOfDarkness"],"picked":"hexamod:NightmareGuise","floor":15.0},{"not_picked":["hexamod:AdvancingGuard","hexamod:ShieldOfDarkness","hexamod:NightmareStrike"],"picked":"SKIP","floor":15.0},{"not_picked":["hexamod:ForkedFlame","hexamod:VolcanoVisage"],"picked":"hexamod:ApocalypseNow","floor":16.0},{"not_picked":["hexamod:GiftsFromTheDead","hexamod:TurnItUp"],"picked":"hexamod:SixthSeal","floor":16.0},{"not_picked":["hexamod:NightmareGuise","hexamod:Firestarter"],"picked":"hexamod:GhostShield","floor":19.0},{"not_picked":["hexamod:FastForward","hexamod:ThermalTransfer","hexamod:InspiringFlames+1"],"picked":"SKIP","floor":19.0},{"not_picked":["hexamod:FastForward","hexamod:BurningTouch"],"picked":"hexamod:FirstSeal","floor":20.0},{"not_picked":["hexamod:FlamesFromBeyond","hexamod:SpectralSpark+1"],"picked":"hexamod:GhostflameBarrier+1","floor":20.0},{"not_picked":["hexamod:Firestarter","hexamod:SearingWound"],"picked":"hexamod:NightmareGuise","floor":20.0},{"not_picked":["hexamod:ShieldOfDarkness","hexamod:BurningTouch"],"picked":"hexamod:PhantomCloak","floor":27.0},{"not_picked":["hexamod:GhostLash","hexamod:FourthSeal"],"picked":"hexamod:Hexaguard","floor":27.0},{"not_picked":["hexamod:BacktrackSmack","hexamod:HeatCrush","hexamod:SpectralAdrenaline+1"],"picked":"SKIP","floor":27.0},{"not_picked":["hexamod:ThermalTransfer","hexamod:FourthSeal","hexamod:SwordOfDarkness"],"picked":"SKIP","floor":28.0},{"not_picked":["hexamod:HeatShield","hexamod:InspiringFlames","hexamod:GhostShield"],"picked":"SKIP","floor":28.0},{"not_picked":["hexamod:SwordOfDarkness","hexamod:AdvancingGuard+1"],"picked":"hexamod:ParanormalForm","floor":29.0},{"not_picked":["hexamod:SpectersWail","hexamod:SecondSeal"],"picked":"hexamod:FirstSeal","floor":29.0},{"not_picked":["hexamod:AdvancingGuard","hexamod:SwordOfDarkness","hexamod:NightmareStrike"],"picked":"SKIP","floor":31.0},{"not_picked":["hexamod:HauntingEcho","hexamod:SwordOfDarkness","hexamod:NightmareGuise"],"picked":"SKIP","floor":31.0},{"not_picked":["hexamod:FlamesFromBeyond","hexamod:NightmareStrike","hexamod:SpectralAdrenaline+1"],"picked":"SKIP","floor":31.0},{"not_picked":["hexamod:HauntingEcho","hexamod:HexaLevel"],"picked":"hexamod:PhantomCloak+1","floor":32.0},{"not_picked":["hexamod:SkipABeat+1","hexamod:Rewind"],"picked":"hexamod:AdvancingGuard","floor":32.0},{"not_picked":["hexamod:CatchUp","hexamod:InspiringFlames","hexamod:RainOfEmbers"],"picked":"SKIP","floor":32.0},{"not_picked":["hexamod:Toasty","hexamod:SearingWound"],"picked":"hexamod:ApocalypticArmor","floor":33.0},{"not_picked":["hexamod:HeatMetal","hexamod:BurningTouch+1","hexamod:BacktrackSmack+1"],"picked":"SKIP","floor":36.0},{"not_picked":["hexamod:GhostflameBarrier","hexamod:PhantomFireball","hexamod:SecondSeal"],"picked":"SKIP","floor":36.0},{"not_picked":["hexamod:HauntingEcho","hexamod:ShieldOfDarkness","hexamod:GhostShield"],"picked":"SKIP","floor":36.0},{"not_picked":["hexamod:NightmareStrike+1","hexamod:HeatMetal+1"],"picked":"hexamod:ApocalypseNow","floor":38.0},{"not_picked":["hexamod:GhostOfSpirePast+1","hexamod:BurningTouch","hexamod:NecessarySacrifice"],"picked":"SKIP","floor":38.0},{"not_picked":["hexamod:EtherealExpedition+1","hexamod:InspiringFlames+1","hexamod:RadiantFlame+1"],"picked":"SKIP","floor":38.0},{"not_picked":["hexamod:GhostShield","hexamod:ThirdSeal"],"picked":"hexamod:Hexaguard+1","floor":39.0},{"not_picked":["hexamod:GhostLash+1","hexamod:GhostShield+1"],"picked":"hexamod:Hexaguard","floor":39.0},{"not_picked":["hexamod:SwordOfDarkness","hexamod:EtherealExpedition"],"picked":"hexamod:AdvancingGuard","floor":39.0},{"not_picked":["hexamod:SpectralSpark","hexamod:SwordOfDarkness+1"],"picked":"hexamod:FourthSeal","floor":40.0},{"not_picked":["hexamod:EtherealExpedition+1","hexamod:GhostShield","hexamod:AdvancingGuard"],"picked":"SKIP","floor":40.0},{"not_picked":["hexamod:SuperheatedStrike","hexamod:NightmareGuise+1","hexamod:GhostShield+1"],"picked":"SKIP","floor":40.0},{"not_picked":["hexamod:GhostflameBarrier+1","hexamod:GhostOfSpirePast","hexamod:GhostShield+1"],"picked":"SKIP","floor":43.0},{"not_picked":["hexamod:SpectersWail","hexamod:GhostOfSpirePresent","hexamod:NightmareGuise+1"],"picked":"SKIP","floor":43.0},{"not_picked":["hexamod:GhostLash+1","hexamod:HauntingEcho","hexamod:ShieldOfDarkness+1"],"picked":"SKIP","floor":43.0},{"not_picked":["hexamod:NightmareGuise+1","hexamod:GhostLash"],"picked":"hexamod:ApocalypseNow","floor":44.0},{"not_picked":["hexamod:RadiantFlame+1","hexamod:PhantomFireball","hexamod:HeatShield+1"],"picked":"SKIP","floor":44.0},{"not_picked":["hexamod:RetreatToShadows+1","hexamod:BurningTouch+1"],"picked":"hexamod:FlamesFromBeyond","floor":46.0},{"not_picked":["hexamod:NightmareStrike+1","hexamod:FastForward"],"picked":"hexamod:FifthSeal","floor":46.0},{"not_picked":["hexamod:SwordOfDarkness","hexamod:BurningTouch","hexamod:RadiantFlame+1"],"picked":"SKIP","floor":46.0},{"not_picked":["hexamod:SpectersWail+1","hexamod:StepThrough"],"picked":"hexamod:Hexaguard+1","floor":47},{"not_picked":["hexamod:SuperheatedStrike","hexamod:FirstSeal"],"picked":"hexamod:FlamesFromBeyond+1","floor":47},{"not_picked":["hexamod:SpectralSpark","hexamod:PhantomCloak"],"picked":"hexamod:ApocalypseNow","floor":48},{"not_picked":["hexamod:StepThrough","hexamod:GhostShield","hexamod:Firestarter"],"picked":"SKIP","floor":48},{"not_picked":["hexamod:Incineration","hexamod:HeatCrush"],"picked":"hexamod:VolcanoVisage","floor":49},{"not_picked":["hexamod:SwordOfDarkness+1","hexamod:Incineration+1","hexamod:SpectersWail"],"picked":"SKIP","floor":49}],"player_experience":792900,"relics_obtained":[{"floor":6.0,"key":"Prayer Wheel"},{"floor":7.0,"key":"Dream Catcher"},{"floor":8.0,"key":"Sundial"},{"floor":10.0,"key":"White Beast Statue"},{"floor":14.0,"key":"Kunai"},{"floor":24.0,"key":"bronze:BronzeIdol"},{"floor":25.0,"key":"Matryoshka"},{"floor":41.0,"key":"Orichalcum"},{"floor":41.0,"key":"Toy Ornithopter"},{"floor":44.0,"key":"Omamori"},{"floor":44.0,"key":"Pocketwatch"}],"event_choices":[{"damage_healed":0.0,"max_hp_gain":0.0,"max_hp_loss":0.0,"gold_gain":0.0,"event_name":"Scrap Ooze","player_choice":"Success","floor":3.0,"gold_loss":0.0,"damage_taken":12.0,"relics_obtained":["Pen Nib"]},{"damage_healed":0.0,"max_hp_gain":0.0,"max_hp_loss":0.0,"gold_gain":0.0,"cards_transformed":["hexamod:Strike","hexamod:Strike"],"event_name":"Drug Dealer","player_choice":"Became Test Subject","floor":21.0,"gold_loss":0.0,"damage_taken":0.0,"cards_obtained":["hexamod:RadiantFlame","hexamod:GhostOfSpirePresent"]}],"is_beta":false,"boss_relics":[{"not_picked":["bronze:MakeshiftBattery","Pandora\u0027s Box"],"picked":"Black Star"},{"not_picked":["Snecko Eye","Calling Bell"],"picked":"Runic Pyramid"}],"items_purged_floors":[],"is_endless":false,"potions_floor_spawned":[2,5,9,12,13,14,15,16,19,20,27,28,29,31,32,33,36,38,39,40,43,44,46,47,48,49],"ascension_level":2}}