{"host":"ibtxpp7hbhk6t4eo","time":1612247103,"event":{"mods":["BaseMod","Downfall","Minty Spire (QoL Compilation)","StSLib","Waifu the Spire"],"gold_per_floor":[110,197,209,221,251,292,332,344,410,453,499,546,587,634,646,759,771,798,810,822,868,368,396,396,429,429,454,464,496,496,512,512,624,624,635,644,496,510,535,535,574,614,614,625,637,660,689,510,510,510,510,510,22,62,62],"floor_reached":56,"language":"ZHS","playtime":3160,"items_purged":[],"score":1758,"play_id":"bc722103-6e94-4f59-aa56-f2005d89492e","local_time":"20210202142503","daily_mods":["Vintage","Heirloom","Time Dilation","Flight","downfall:ChampStances","DeadlyEvents","Elite Swarm"],"is_ascension_mode":false,"campfire_choices":[{"floor":8,"key":"RECALL"},{"floor":15,"key":"REST"},{"data":"champ:UltimateStance","floor":24,"key":"SMITH"},{"data":"champ:EnchantCrown","floor":32,"key":"SMITH"},{"data":"champ:EnchantSword","floor":40,"key":"SMITH"},{"data":"champ:UltimateStance","floor":49,"key":"SMITH"},{"data":"Enlightenment","floor":52,"key":"SMITH"}],"circlet_count":0,"master_deck":["champ:Strike","champ:Strike","champ:Strike","champ:Strike","champ:Defend","champ:Defend","champ:Defend","champ:Defend","champ:Execute","champ:Taunt","champ:StrikeOfGenius","champ:MurderStrike","champ:EnchantCrown+1","champ:EnchantSword+1","champ:Improvising","champ:EnchantSword","champ:LastStand","champ:HoldFirm","champ:GutPunch+1","champ:UltimateStance+1","champ:ShieldThrow+1","champ:HoldFirm","champ:VampiricStrike+1","Enlightenment+1","champ:UltimateStance+1","champ:VampiricStrike+1","champ:BerserkersShout","champ:Shatter+1","champ:HeavySlash+1"],"relics":["champ:ChampionCrownUpgraded","champ:ChampStancesModRelic","Peace Pipe","MawBank","WarpedTongs","InkBottle","Toy Ornithopter","White Beast Statue","Tiny Chest","Lizard Tail","Gremlin Horn","TungstenRod","Boot","champ:FightingForDummies","Coffee Dripper","Pocketwatch","Pantograph","Molten Egg 2","Matryoshka","Singing Bowl","Mercury Hourglass","champ:GladiatorsBookOfMartialProwess","Orichalcum","CaptainsWheel","Bird Faced Urn","Bag of Marbles","Meat on the Bone","Ancient Tea Set","CeramicFish","champ:DuelingGlove","ClockworkSouvenir","Bottled Lightning","Centennial Puzzle","Oddly Smooth Stone","Question Card","Bottled Flame","champ:DefensiveTrainingManual","hexamod:BolsterEngine","Bag of Preparation","Guardian:PocketSentry","Mummified Hand","Lee\u0027s Waffle","Blue Candle"],"acts_visited":["Exordium","TheCity","TheBeyond","TheEnding"],"potions_floor_usage":[10,48,53,55],"damage_taken":[{"damage":42,"enemies":"2 Louse","floor":1,"turns":4},{"damage":38,"enemies":"Small Slimes","floor":5,"turns":3},{"damage":77,"enemies":"Gremlin Nob","floor":6,"turns":4},{"damage":43,"enemies":"Lagavulin","floor":7,"turns":5},{"damage":61,"enemies":"Gremlin Nob","floor":10,"turns":5},{"damage":47,"enemies":"Lagavulin","floor":11,"turns":5},{"damage":38,"enemies":"3 Sentries","floor":12,"turns":5},{"damage":36,"enemies":"Lagavulin","floor":13,"turns":5},{"damage":49,"enemies":"3 Sentries","floor":14,"turns":5},{"damage":41,"enemies":"Hexaghost","floor":16,"turns":7},{"damage":30,"enemies":"2 Thieves","floor":18,"turns":4},{"damage":33,"enemies":"Book of Stabbing","floor":21,"turns":4},{"damage":30,"enemies":"Slavers","floor":23,"turns":3},{"damage":17,"enemies":"Gremlin Leader","floor":25,"turns":4},{"damage":42,"enemies":"Slavers","floor":27,"turns":4},{"damage":25,"enemies":"3 Byrds","floor":28,"turns":3},{"damage":37,"enemies":"Gremlin Leader","floor":29,"turns":4},{"damage":21,"enemies":"Cultist and Chosen","floor":31,"turns":3},{"damage":46,"enemies":"Collector","floor":33,"turns":5},{"damage":9,"enemies":"3 Shapes","floor":35,"turns":2},{"damage":12,"enemies":"Orb Walker","floor":38,"turns":2},{"damage":49,"enemies":"Giant Head","floor":41,"turns":4},{"damage":60,"enemies":"Nemesis","floor":42,"turns":3},{"damage":25,"enemies":"Spire Growth","floor":44,"turns":2},{"damage":4,"enemies":"3 Darklings","floor":45,"turns":1},{"damage":13,"enemies":"Reptomancer","floor":47,"turns":2},{"damage":57,"enemies":"Donu and Deca","floor":50,"turns":5},{"damage":36,"enemies":"Shield and Spear","floor":54,"turns":4},{"damage":71,"enemies":"The Heart","floor":55,"turns":7}],"seed_played":"-7872106389266072420","potions_obtained":[{"floor":5,"key":"ColorlessPotion"},{"floor":10,"key":"champ:UltimateStancePotion"},{"floor":11,"key":"FairyPotion"},{"floor":12,"key":"SmokeBomb"},{"floor":21,"key":"DuplicationPotion"},{"floor":31,"key":"BlessingOfTheForge"},{"floor":45,"key":"Strength Potion"},{"floor":54,"key":"ColorlessPotion"}],"is_trial":true,"path_per_floor":["M","?","?","?","M","E","E","R","T","E","E","E","E","E","R","B",null,"M","?","T","E","$","E","R","E","T","E","M","E","T","M","R","B",null,"M","?","$","M","T","R","E","E","T","M","M","T","E","$","R","B",null,"R","$","E","B",null],"character_chosen":"THE_CHAMP","items_purchased":["Matryoshka","Singing Bowl","champ:GutPunch+1","ClockworkSouvenir","Fruit Juice","champ:BerserkersShout","champ:Shatter+1","Mummified Hand","Lee\u0027s Waffle","Fruit Juice"],"campfire_rested":1,"item_purchase_floors":[22,22,22,37,48,48,48,53,53,53],"current_hp_per_floor":[88,77,77,77,69,47,39,39,39,13,46,38,36,17,44,43,90,90,90,90,90,90,80,80,85,85,88,92,92,92,91,91,92,92,83,83,83,88,88,88,92,67,67,72,75,75,81,91,91,99,99,99,111,111,111],"gold":62,"neow_bonus":"","is_daily":false,"chose_seed":false,"campfire_upgraded":5,"win_rate":0.0,"timestamp":1612247103,"path_taken":["M","?","?","?","?","E","E","R","T","E","?","E","E","?","R","BOSS","M","?","?","?","$","E","R","E","T","E","?","?","?","M","R","BOSS","M","?","?","?","?","R","?","E","T","?","?","?","?","?","R","BOSS","R","$","E","BOSS"],"items_purchased_type":["Relic","Relic","Card","Relic","Potion","Card","Card","Relic","Relic","Potion"],"build_version":"2020-12-22","purchased_purges":0,"victory":true,"max_hp_per_floor":[90,90,90,90,90,90,90,90,90,90,90,90,90,90,90,90,90,90,90,90,90,90,90,90,92,92,92,92,92,92,92,92,92,92,92,92,92,92,92,92,92,92,92,92,92,92,94,99,99,99,99,99,111,111,111],"card_choices":[{"not_picked":["champ:EnchantSword","champ:SteelEdge"],"picked":"champ:StrikeOfGenius","floor":6},{"not_picked":["champ:EnchantShield","champ:DancingMaster"],"picked":"champ:MurderStrike","floor":7},{"not_picked":["champ:UltimateStance","champ:Improvising"],"picked":"champ:EnchantCrown","floor":10},{"not_picked":["champ:SwordThrow","champ:HeavySlash"],"picked":"champ:EnchantSword","floor":11},{"not_picked":["champ:HeavySlash","champ:DancingMaster"],"picked":"champ:Improvising","floor":12},{"not_picked":["champ:MurderStrike","champ:SwordThrow"],"picked":"champ:EnchantSword","floor":13},{"not_picked":["champ:UltimateStance","champ:IgnorePain"],"picked":"champ:LastStand","floor":14},{"not_picked":["champ:EnchantCrown","champ:EnchantShield"],"picked":"champ:HoldFirm","floor":16},{"not_picked":["champ:HeavySlash+1","champ:StrikeOfGenius","champ:SwordThrow+1"],"picked":"SKIP","floor":21},{"not_picked":["champ:EnchantSword","champ:StrikeOfGenius"],"picked":"champ:UltimateStance","floor":23},{"not_picked":["champ:EnchantShield","champ:DancingMaster","champ:LastStand"],"picked":"Singing Bowl","floor":25},{"not_picked":["champ:IgnorePain","champ:Devastate+1"],"picked":"champ:ShieldThrow+1","floor":27},{"not_picked":["champ:CheapShot+1","champ:GladiatorForm"],"picked":"champ:HoldFirm","floor":29},{"not_picked":["champ:HeavySlash+1","champ:EnchantCrown"],"picked":"champ:VampiricStrike+1","floor":33},{"not_picked":["Master of Strategy","Secret Technique"],"picked":"Enlightenment","floor":36},{"not_picked":["champ:StrikeOfGenius","champ:EnchantShield"],"picked":"champ:UltimateStance","floor":41},{"not_picked":["champ:HeavySlash+1","champ:LastStand"],"picked":"champ:VampiricStrike+1","floor":42},{"not_picked":["champ:EnchantSword","champ:GladiatorForm","champ:DancingMaster","champ:LastStand"],"picked":"Singing Bowl","floor":47},{"not_picked":["champ:EnchantSword","champ:EnchantShield","champ:DancingMaster"],"picked":"champ:HeavySlash+1","floor":54}],"player_experience":92527,"relics_obtained":[{"floor":1,"key":"MawBank"},{"floor":5,"key":"InkBottle"},{"floor":6,"key":"Toy Ornithopter"},{"floor":7,"key":"White Beast Statue"},{"floor":9,"key":"Tiny Chest"},{"floor":10,"key":"Lizard Tail"},{"floor":11,"key":"Gremlin Horn"},{"floor":12,"key":"TungstenRod"},{"floor":13,"key":"Boot"},{"floor":14,"key":"champ:FightingForDummies"},{"floor":18,"key":"Pocketwatch"},{"floor":20,"key":"Pantograph"},{"floor":21,"key":"Molten Egg 2"},{"floor":23,"key":"Mercury Hourglass"},{"floor":25,"key":"champ:GladiatorsBookOfMartialProwess"},{"floor":26,"key":"Orichalcum"},{"floor":26,"key":"CaptainsWheel"},{"floor":27,"key":"Bird Faced Urn"},{"floor":28,"key":"Bag of Marbles"},{"floor":29,"key":"Meat on the Bone"},{"floor":30,"key":"Ancient Tea Set"},{"floor":31,"key":"CeramicFish"},{"floor":35,"key":"champ:DuelingGlove"},{"floor":38,"key":"Bottled Lightning"},{"floor":39,"key":"Centennial Puzzle"},{"floor":41,"key":"Oddly Smooth Stone"},{"floor":42,"key":"Question Card"},{"floor":43,"key":"Bottled Flame"},{"floor":44,"key":"champ:DefensiveTrainingManual"},{"floor":45,"key":"hexamod:BolsterEngine"},{"floor":46,"key":"Bag of Preparation"},{"floor":47,"key":"Guardian:PocketSentry"},{"floor":54,"key":"Blue Candle"}],"event_choices":[{"damage_healed":0,"gold_gain":75,"player_choice":"Gather Gold","damage_taken":11,"max_hp_gain":0,"max_hp_loss":0,"event_name":"World of Goop","floor":2,"gold_loss":0},{"damage_healed":0,"gold_gain":0,"player_choice":"Leave","damage_taken":0,"max_hp_gain":0,"max_hp_loss":0,"event_name":"The Cleric","floor":3,"gold_loss":0},{"damage_healed":0,"gold_gain":0,"player_choice":"Rummage","damage_taken":0,"relics_obtained":["WarpedTongs"],"max_hp_gain":0,"max_hp_loss":0,"event_name":"Accursed Blacksmith","floor":4,"gold_loss":0,"cards_obtained":["Pain"]},{"cards_removed":["Pain"],"damage_healed":0,"gold_gain":0,"player_choice":"Removed Curses","damage_taken":0,"max_hp_gain":0,"max_hp_loss":0,"event_name":"Fountain of Cleansing","floor":19,"gold_loss":0},{"damage_healed":0,"gold_gain":0,"player_choice":"Memory 1","damage_taken":0,"max_hp_gain":0,"max_hp_loss":0,"event_name":"SensoryStone","floor":36,"gold_loss":0}],"is_beta":false,"boss_relics":[{"not_picked":["expansioncontent:StudyCardRelic","Busted Crown"],"picked":"Coffee Dripper"},{"not_picked":["Cursed Key","Tiny House"],"picked":"champ:ChampionCrownUpgraded"}],"items_purged_floors":[],"is_endless":false,"potions_floor_spawned":[5,10,11,12,13,14,16,18,21,23,25,27,28,29,31,33,35,38,41,42,44,45,47,54],"ascension_level":0}}