{"host":"qmnyg5dk1o6rw6mz","time":1612230590,"event":{"mods":["2.2 Compatiblity","AchievementEnabler","Act Like it!","Aspiration","Astrologer","BaseMod","Beaked The Cultist","Better Altar","Better Match","Better Note","Better Sensory Stone","Better Skull","Better Third Choice","Better Vampires","Block Reminder","CapriCore","Challenge The Spire","ChefMod","Colored Map","Colored Powertips","Conspire","Defuse TimeMaze Blight","Disable Question Mark Monsters","Displayed Cursed Tome","Downfall","Energized Spire","Fox Events","Gensokyo","GifTheSpireLib","Hermit","Highlight Path","Hubris","Infinite Spire","Jedi Mod","Marisa¡]Ãú«B¡@Å]²z¨F¡^","Marked Mod","Minty Spire (QoL Compilation)","Monster B Gone","Pale of the Ancients","Permanent Neow","Quick Restart","Reimu¡]³Õ???¡^","Relic Filter","Reliquary","Replay The Spire","StSLib","Synergy Search","The Construct","The Cursed","The Dragon Tamer","The Gatherer","The Hayseed","The Poker Player","The Runesmith","The Showman","Unceasing Turn Reminder","Weighted Paths","Wide Potions","thorton"],"gold_per_floor":[121,71,114,114,114,114,151,151,197,247,275,307,307,325,325,355,355,355],"floor_reached":16,"language":"ENG","playtime":526,"items_purged":[],"score":135,"play_id":"675da663-decc-4627-a410-584cd3f9c486","local_time":"20210202094950","is_ascension_mode":false,"campfire_choices":[{"data":"thethorton:BookBash","floor":6.0,"key":"SMITH"},{"data":"thethorton:SeeingDouble","floor":8.0,"key":"SMITH"},{"data":"thethorton:CreditCard","floor":13.0,"key":"SMITH"},{"floor":15.0,"key":"DIG"}],"circlet_count":0,"master_deck":["thethorton:Strike","thethorton:Strike","thethorton:Strike","thethorton:Strike","thethorton:Defend","thethorton:Defend","thethorton:Defend","thethorton:Defend","thethorton:Heckle","thethorton:CreditCard+1","Normality","thethorton:BookBash+1","conspire:SpireCoStock","thethorton:BookBash","thethorton:SeeingDouble+1","thethorton:SellShort","thethorton:BusinessCard"],"relics":["thethorton:CouragePotion","Ring of Panic","aspiration:HummingbirdHeart","PreservedInsect","infinitespire:Bottled Soul","infinitespire:Eraser","Replay:Bottled Snecko"],"acts_visited":["Exordium"],"potions_floor_usage":[],"damage_taken":[{"damage":6.0,"enemies":"2 Louse","floor":1.0,"turns":4.0},{"damage":6.0,"enemies":"Small Slimes","floor":3.0,"turns":4.0},{"damage":0.0,"enemies":"Jaw Worm","floor":7.0,"turns":3.0},{"damage":1.0,"enemies":"3 Sentries","floor":10.0,"turns":5.0},{"damage":2.0,"enemies":"Exordium Thugs","floor":11.0,"turns":5.0},{"damage":0.0,"enemies":"Lagavulin","floor":12.0,"turns":3.0},{"damage":9.0,"enemies":"Gremlin Gang","floor":14.0,"turns":5.0},{"damage":58,"enemies":"Slime Boss","floor":16,"turns":9}],"seed_played":"5390345303271762344","potions_obtained":[{"floor":1.0,"key":"jedi:StrikingPotion"},{"floor":10.0,"key":"SteroidPotion"},{"floor":11.0,"key":"Energy Potion"}],"is_trial":false,"path_per_floor":["M","?","M","?","T","R","M","R","T","E","M","E","R","M","R_BF","B"],"character_chosen":"THE_THORT","items_purchased":[],"campfire_rested":0,"item_purchase_floors":[],"current_hp_per_floor":[68,68,62,62,62,62,62,62,62,61,59,59,59,50,50,0,0,0],"gold":355,"neow_bonus":"TEN_PERCENT_HP_BONUS","is_daily":false,"chose_seed":false,"campfire_upgraded":3,"win_rate":0.0,"timestamp":1612230590,"path_taken":["M","?","M","?","?","R","M","R","T","E","M","E","R","?","R_BF","BOSS"],"items_purchased_type":[],"build_version":"2020-12-22","purchased_purges":0,"victory":false,"max_hp_per_floor":[74,74,74,74,74,74,74,74,74,74,74,74,74,74,74,74,74,74],"card_choices":[{"not_picked":["thethorton:StumblingSlap","thethorton:TakeAccounts"],"picked":"thethorton:BookBash","floor":1.0},{"not_picked":["thethorton:HitAhead","thethorton:ShoutAndRun"],"picked":"thethorton:BookBash","floor":3.0},{"not_picked":["thethorton:BookBash","thethorton:CoffeeBlast"],"picked":"thethorton:SeeingDouble","floor":7.0},{"not_picked":["thethorton:ElbowSmash","thethorton:HitAhead","thethorton:RunningKick"],"picked":"SKIP","floor":10.0},{"not_picked":["thethorton:SicklyRun","thethorton:ChartProject","thethorton:Distance"],"picked":"SKIP","floor":11.0},{"not_picked":["thethorton:CoinClash","thethorton:ROI"],"picked":"thethorton:SellShort","floor":12.0},{"not_picked":["thethorton:AngerMoment","thethorton:LongTermPayoff"],"picked":"thethorton:BusinessCard","floor":14.0}],"player_experience":209364,"relics_obtained":[{"floor":4.0,"key":"Ring of Panic"},{"floor":5.0,"key":"aspiration:HummingbirdHeart"},{"floor":9.0,"key":"PreservedInsect"},{"floor":10.0,"key":"infinitespire:Bottled Soul"},{"floor":12.0,"key":"infinitespire:Eraser"},{"floor":15.0,"key":"Replay:Bottled Snecko"}],"event_choices":[{"damage_healed":0.0,"max_hp_gain":0.0,"max_hp_loss":0.0,"gold_gain":0.0,"event_name":"conspire:Investor","player_choice":"Invest 1","floor":2.0,"gold_loss":0.0,"damage_taken":0.0}],"is_beta":false,"boss_relics":[],"items_purged_floors":[],"is_endless":false,"potions_floor_spawned":[1,10,11],"killed_by":"Slime Boss","ascension_level":0}}