{"host":"y1oqg7uy0jc6f5mb","time":1612290030,"event":{"mods":["AchievementEnabler","BaseMod","Better Altar","Better Match","Better Note","Better Sensory Stone","Better Skull","Better Third Choice","Colored Map","Colored Powertips","Downfall","Highlight Path","Ironclad Rager","Minty Spire (QoL Compilation)","Permanent Neow","Quick Restart","Relic Stats","Replay The Spire","Shop Mod","StSLib"],"gold_per_floor":[111,36,36,56,68,99,99,110,110,123,123,148,5,15,15,120,120,136,136,147,165,182,182,182,182,182,182,192,224,37,37,37,141,141,161,194,194,205,224,224,238,165,189,20,20,20,35,47,47,47,47,47,29,77,77,77],"floor_reached":55,"language":"ENG","playtime":5789,"items_purged":["Strike_G","Skewer","Strike_G"],"score":1416,"play_id":"1a471615-8784-478f-bc3f-854cd2a598ea","local_time":"20210203022030","is_ascension_mode":true,"campfire_choices":[{"floor":7.0,"key":"REST"},{"floor":15.0,"key":"REST"},{"floor":23.0,"key":"REST"},{"data":"Footwork","floor":25.0,"key":"SMITH"},{"data":"Burst","floor":27.0,"key":"SMITH"},{"floor":32.0,"key":"REST"},{"data":"ReplayTheSpireMod:Scrap Shanks","floor":40.0,"key":"SMITH"},{"data":"Prepared","floor":45.0,"key":"SMITH"},{"floor":49.0,"key":"RECALL"},{"data":"Neutralize","floor":52.0,"key":"SMITH"}],"circlet_count":0,"master_deck":["AscendersBane","Strike_G","Strike_G","Strike_G","Defend_G","Defend_G","Defend_G","Defend_G+1","Survivor","Neutralize+1","Acrobatics","Footwork+1","Replay:Poison Smokescreen+1","All Out Attack","Terror","Finesse","Infinite Blades","Leg Sweep","Burst+1","Blade Dance","Acrobatics+1","Dodge and Roll+1","ReplayTheSpireMod:Speed Training","Prepared+1","HandOfGreed","ReplayTheSpireMod:Scrap Shanks+1","Footwork+1","Outmaneuver","Caltrops","ReplayTheSpireMod:IOU","ReplayTheSpireMod:IOU","Hidden Blade","Panache+1","Dagger Throw","ReplayTheSpireMod:Tripwire","Dagger Throw+1"],"relics":["Ring of the Snake","PreservedInsect","War Paint","Shuriken","Membership Card","Busted Crown","Onion Ring","Mummified Hand","Replay:Wax Seal","Lantern","Replay:Bronze Core","Darkstone Periapt","TungstenRod","Replay:Bottled Steam"],"acts_visited":["Exordium","TheCity","TheBeyond","TheEnding"],"potions_floor_usage":[55],"damage_taken":[{"damage":5.0,"enemies":"Cultist","floor":1.0,"turns":6.0},{"damage":3.0,"enemies":"Jaw Worm","floor":4.0,"turns":5.0},{"damage":0.0,"enemies":"2 Louse","floor":5.0,"turns":3.0},{"damage":48.0,"enemies":"Lagavulin","floor":6.0,"turns":12.0},{"damage":18.0,"enemies":"Lots of Slimes","floor":8.0,"turns":9.0},{"damage":5.0,"enemies":"2 Fungi Beasts","floor":10.0,"turns":3.0},{"damage":6.0,"enemies":"Gremlin Nob","floor":12.0,"turns":3.0},{"damage":2.0,"enemies":"Red Slaver","floor":14.0,"turns":3.0},{"damage":14.0,"enemies":"The Guardian","floor":16.0,"turns":10.0},{"damage":3.0,"enemies":"3 Byrds","floor":18.0,"turns":7.0},{"damage":4.0,"enemies":"Chosen","floor":20.0,"turns":5.0},{"damage":26.0,"enemies":"Snake Plant","floor":21.0,"turns":5.0},{"damage":1.0,"enemies":"Snecko","floor":22.0,"turns":5.0},{"damage":1.0,"enemies":"Centurion and Healer","floor":28.0,"turns":6.0},{"damage":24.0,"enemies":"Book of Stabbing","floor":29.0,"turns":6.0},{"damage":10.0,"enemies":"Pondfish","floor":33.0,"turns":9.0},{"damage":0.0,"enemies":"Orb Walker","floor":35.0,"turns":2.0},{"damage":0.0,"enemies":"3 Shapes","floor":36.0,"turns":4.0},{"damage":1.0,"enemies":"3 Darklings","floor":38.0,"turns":5.0},{"damage":14.0,"enemies":"Spire Growth","floor":39.0,"turns":5.0},{"damage":20.0,"enemies":"Sphere and 2 Shapes","floor":41.0,"turns":9.0},{"damage":5.0,"enemies":"Nemesis","floor":42.0,"turns":7.0},{"damage":0.0,"enemies":"3 Darklings","floor":47.0,"turns":4.0},{"damage":9.0,"enemies":"Spire Growth","floor":48.0,"turns":4.0},{"damage":30.0,"enemies":"Time Eater","floor":50.0,"turns":12.0},{"damage":67,"enemies":"Shield and Spear","floor":54,"turns":8},{"damage":96,"enemies":"The Heart","floor":55,"turns":5}],"seed_played":"-8133067273256464407","potions_obtained":[{"floor":1.0,"key":"DistilledChaos"},{"floor":10.0,"key":"hexamod:SoulburnPotion"},{"floor":21.0,"key":"Swift Potion"},{"floor":22.0,"key":"LiquidMemories"},{"floor":28.0,"key":"Guardian:BlockOnCardUsePotion"},{"floor":38.0,"key":"GhostInAJar"},{"floor":42.0,"key":"SkillPotion"},{"floor":47.0,"key":"DistilledChaos"},{"floor":54,"key":"Fire Potion"}],"is_trial":false,"path_per_floor":["M","$","?","M","M","E","R","M","T","M","?","E","$","M","R","B",null,"M","?","M","M","M","R","?","R","T","R","M","E","$","?","R","B",null,"M","M","?","M","M","R","M","E","T","$","R","?","M","M","R","B",null,"R","$","E","B"],"character_chosen":"THE_SILENT","items_purchased":["Membership Card","Replay:Wax Seal","Lantern","HandOfGreed","ReplayTheSpireMod:Scrap Shanks","TungstenRod","Hidden Blade","Panache","Dagger Throw","Dexterity Potion","ReplayTheSpireMod:Tripwire"],"campfire_rested":4,"item_purchase_floors":[13,30,30,30,30,44,44,44,44,44,53],"current_hp_per_floor":[63,63,63,60,60,12,34,16,16,11,11,5,5,3,25,11,59,56,56,52,26,25,47,47,47,47,47,46,22,22,22,44,34,65,65,65,65,64,50,50,30,25,25,37,37,37,37,28,28,28,72,72,72,35,0,0],"gold":77,"neow_bonus":"RANDOM_EVENT","is_daily":false,"chose_seed":false,"campfire_upgraded":5,"win_rate":0.0,"timestamp":1612290030,"path_taken":["M","$","?","M","?","E","R","M","T","M","?","E","?","M","R","BOSS","M","?","M","M","M","R","?","R","T","R","M","E","$","?","R","BOSS","M","?","?","?","M","R","M","E","T","?","R","?","M","M","R","BOSS","R","$","E","BOSS"],"items_purchased_type":["Relic","Relic","Relic","Card","Card","Relic","Card","Card","Card","Potion","Card"],"build_version":"2020-12-22","purchased_purges":3,"victory":false,"max_hp_per_floor":[75,75,75,75,75,75,75,75,75,75,75,75,75,75,75,75,75,75,75,75,75,75,75,75,75,75,75,75,75,75,75,75,75,75,75,75,75,75,75,75,75,75,75,87,87,87,87,87,87,87,87,87,87,87,87,87],"relic_stats":{"Darkstone Periapt":12,"Busted Crown":32,"counters":[27,162],"Shuriken":[77],"Mummified Hand":[59],"PreservedInsect":229,"War Paint":["Defend_G","Replay:Poison Smokescreen"],"obtain_stats":[{"Darkstone Periapt":42,"Lantern":30,"PreservedInsect":6,"War Paint":9,"Busted Crown":17,"Shuriken":12,"Mummified Hand":29,"Replay:Bronze Core":34,"Onion Ring":26,"Membership Card":13,"Replay:Wax Seal":30,"TungstenRod":44,"Ring of the Snake":0,"Replay:Bottled Steam":54},{"Darkstone Periapt":22,"Lantern":15,"PreservedInsect":4,"War Paint":5,"Busted Crown":9,"Shuriken":7,"Mummified Hand":15,"Replay:Bronze Core":16,"Onion Ring":13,"Membership Card":7,"Replay:Wax Seal":15,"TungstenRod":22,"Ring of the Snake":0,"Replay:Bottled Steam":26},{"Darkstone Periapt":129,"Lantern":88,"PreservedInsect":26,"War Paint":35,"Busted Crown":54,"Shuriken":41,"Mummified Hand":88,"Replay:Bronze Core":97,"Onion Ring":76,"Membership Card":41,"Replay:Wax Seal":88,"TungstenRod":129,"Ring of the Snake":0,"Replay:Bottled Steam":157}],"TungstenRod":63,"Ring of the Snake":[54]},"card_choices":[{"not_picked":["ReplayTheSpireMod:Tripwire","Concentrate"],"picked":"Acrobatics","floor":1.0},{"not_picked":["Dagger Spray","ReplayTheSpireMod:Scrap Shanks"],"picked":"Footwork","floor":4.0},{"not_picked":["Hidden Blade","Acrobatics"],"picked":"Skewer","floor":5.0},{"not_picked":["Outmaneuver","Bane"],"picked":"Replay:Poison Smokescreen","floor":6.0},{"not_picked":["Dodge and Roll","Toxin Wave"],"picked":"All Out Attack","floor":8.0},{"not_picked":["Poisoned Stab","Predator"],"picked":"Terror","floor":10.0},{"not_picked":["Flash of Steel","Madness"],"picked":"Finesse","floor":11.0},{"not_picked":["Setup","Atom Bomb"],"picked":"Infinite Blades","floor":12.0},{"not_picked":["Cloak And Dagger","Distraction"],"picked":"Leg Sweep","floor":14.0},{"not_picked":["ReplayTheSpireMod:From All Sides","Poison Darts"],"picked":"Burst","floor":16.0},{"not_picked":["Bane"],"picked":"SKIP","floor":18.0},{"not_picked":[],"picked":"Blade Dance","floor":20.0},{"not_picked":[],"picked":"Acrobatics+1","floor":21.0},{"not_picked":[],"picked":"Dodge and Roll+1","floor":22.0},{"not_picked":[],"picked":"ReplayTheSpireMod:Speed Training","floor":28.0},{"not_picked":[],"picked":"Prepared","floor":29.0},{"not_picked":["Acrobatics"],"picked":"SKIP","floor":35.0},{"not_picked":["Flying Knee"],"picked":"SKIP","floor":36.0},{"not_picked":[],"picked":"Outmaneuver","floor":38.0},{"not_picked":["Backflip+1"],"picked":"SKIP","floor":39.0},{"not_picked":["Distraction"],"picked":"SKIP","floor":41.0},{"not_picked":[],"picked":"Caltrops","floor":42.0},{"not_picked":["ReplayTheSpireMod:Scrap Shanks+1"],"picked":"SKIP","floor":47.0},{"not_picked":["Acrobatics+1"],"picked":"SKIP","floor":48.0},{"not_picked":[],"picked":"Dagger Throw+1","floor":54}],"player_experience":326797,"relics_obtained":[{"floor":6.0,"key":"PreservedInsect"},{"floor":9.0,"key":"War Paint"},{"floor":12.0,"key":"Shuriken"},{"floor":26.0,"key":"Onion Ring"},{"floor":29.0,"key":"Mummified Hand"},{"floor":42.0,"key":"Darkstone Periapt"},{"floor":54,"key":"Replay:Bottled Steam"}],"event_choices":[{"damage_healed":0.0,"max_hp_gain":5.0,"max_hp_loss":0.0,"gold_gain":0.0,"event_name":"Big Fish","player_choice":"Donut","floor":0.0,"gold_loss":0.0,"damage_taken":0.0},{"cards_removed":["Defend_G"],"damage_healed":0.0,"max_hp_gain":0.0,"max_hp_loss":0.0,"gold_gain":0.0,"event_name":"Purifier","player_choice":"Purged","floor":3.0,"gold_loss":0.0,"damage_taken":0.0},{"damage_healed":0.0,"max_hp_gain":0.0,"max_hp_loss":0.0,"gold_gain":1.0,"event_name":"betterStone:BetterStone","player_choice":"1","floor":11.0,"gold_loss":0.0,"damage_taken":0.0},{"damage_healed":0.0,"max_hp_gain":0.0,"max_hp_loss":0.0,"gold_gain":0.0,"event_name":"Vampires","player_choice":"Ignored","floor":19.0,"gold_loss":0.0,"damage_taken":0.0},{"damage_healed":0.0,"max_hp_gain":0.0,"max_hp_loss":0.0,"gold_gain":0.0,"event_name":"Duplicator","player_choice":"Copied","floor":31.0,"gold_loss":0.0,"damage_taken":0.0,"cards_obtained":["Footwork"]},{"damage_healed":0.0,"max_hp_gain":0.0,"max_hp_loss":0.0,"gold_gain":0.0,"event_name":"betterThird:BetterPortal","player_choice":"Ignored","floor":37.0,"gold_loss":0.0,"damage_taken":0.0},{"damage_healed":0.0,"max_hp_gain":0.0,"max_hp_loss":0.0,"gold_gain":0.0,"event_name":"Accursed Blacksmith","player_choice":"Forge","floor":46.0,"gold_loss":0.0,"damage_taken":0.0,"cards_upgraded":["Panache"]}],"is_beta":false,"boss_relics":[{"not_picked":["Replay:Wanted Poster","Kintsugi"],"picked":"Busted Crown"},{"not_picked":["Philosopher\u0027s Stone","Tiny House"],"picked":"Replay:Bronze Core"}],"items_purged_floors":[2,30,44],"is_endless":false,"potions_floor_spawned":[1,10,21,22,28,38,42,47,54],"killed_by":"The Heart","ascension_level":11}}