{"host":"oehe2dxjvdgux73m","time":1612277318,"event":{"mods":["AchievementEnabler","BaseMod","Colored Map","Colored Powertips","DeckTracker","Keyboard Shortcuts","Minty Spire (QoL Compilation)","Permanent Neow","Quick Restart","StSLib","SuperFastMode"],"gold_per_floor":[12,12,22,40,66,66,66,93,93,93,23,53,53,68,68,161,224,240,58,58,58,72,72,112,112,112,133,133,133],"floor_reached":28,"language":"KOR","playtime":739,"items_purged":[],"score":588,"play_id":"6987255a-9ebc-486c-91f4-98b4988320be","local_time":"20210202234838","is_ascension_mode":true,"campfire_choices":[{"data":"Neutralize","floor":7.0,"key":"SMITH"},{"floor":10.0,"key":"REST"},{"floor":15.0,"key":"REST"},{"data":"Bullet Time","floor":23.0,"key":"SMITH"},{"floor":25.0,"key":"REST"}],"circlet_count":0,"master_deck":["AscendersBane","Strike_G","Strike_G","Strike_G+1","Defend_G","Defend_G","Defend_G","Defend_G","Defend_G+1","Survivor","Neutralize+1","Skewer+1","Flying Knee","PiercingWail","Dagger Throw","Leg Sweep","Grand Finale","Bullet Time+1","Dagger Throw","Concentrate","Apotheosis","Prepared","PiercingWail","Escape Plan"],"relics":["Ring of the Snake","FaceOfCleric","Whetstone","Bronze Scales","The Courier","Blood Vial","Oddly Smooth Stone","Golden Idol","Tiny House","Bottled Flame","Mummified Hand"],"acts_visited":["Exordium","TheCity"],"potions_floor_usage":[],"damage_taken":[{"damage":15.0,"enemies":"Cultist","floor":1.0,"turns":6.0},{"damage":1.0,"enemies":"2 Louse","floor":3.0,"turns":2.0},{"damage":3.0,"enemies":"Jaw Worm","floor":4.0,"turns":3.0},{"damage":14.0,"enemies":"Gremlin Nob","floor":8.0,"turns":4.0},{"damage":37.0,"enemies":"3 Sentries","floor":12.0,"turns":7.0},{"damage":3.0,"enemies":"Blue Slaver","floor":14.0,"turns":4.0},{"damage":0.0,"enemies":"Slime Boss","floor":16.0,"turns":3.0},{"damage":9.0,"enemies":"Shell Parasite","floor":18.0,"turns":12.0},{"damage":18.0,"enemies":"Chosen","floor":22.0,"turns":4.0},{"damage":12.0,"enemies":"Slavers","floor":24.0,"turns":4.0},{"damage":18.0,"enemies":"Shelled Parasite and Fungi","floor":27.0,"turns":10.0},{"damage":48,"enemies":"Cultist and Chosen","floor":28,"turns":9}],"seed_played":"-1266362816704248529","potions_obtained":[{"floor":1.0,"key":"Fire Potion"},{"floor":12.0,"key":"SkillPotion"},{"floor":16.0,"key":"DistilledChaos"},{"floor":17.0,"key":"DistilledChaos"},{"floor":22.0,"key":"CunningPotion"}],"is_trial":false,"path_per_floor":["M","?","M","M","T","?","R","E","T","R","?","E","?","M","R","B",null,"M","$","?","?","M","R","E","R","T","M","M"],"character_chosen":"THE_SILENT","items_purchased":["Apotheosis","Prepared"],"campfire_rested":3,"item_purchase_floors":[19,19],"current_hp_per_floor":[44,44,44,42,42,37,37,24,24,44,44,10,10,10,29,32,62,56,56,56,56,41,41,32,53,53,38,0,0],"gold":133,"neow_bonus":"REMOVE_TWO","is_daily":false,"chose_seed":false,"campfire_upgraded":2,"win_rate":0.0,"timestamp":1612277318,"path_taken":["M","?","M","?","?","?","R","E","T","R","?","E","?","M","R","BOSS","M","$","?","?","M","R","E","R","T","M","M"],"items_purchased_type":["Card","Card"],"build_version":"2020-12-22","purchased_purges":0,"victory":false,"max_hp_per_floor":[66,66,67,68,68,68,68,69,69,69,69,70,63,64,64,65,70,71,71,71,71,72,72,73,73,73,74,74,74],"card_choices":[{"not_picked":["Quick Slash","Expertise"],"picked":"Skewer","floor":1.0},{"not_picked":["Poisoned Stab","Bane"],"picked":"Flying Knee","floor":3.0},{"not_picked":["Cloak And Dagger","Poisoned Stab"],"picked":"PiercingWail","floor":4.0},{"not_picked":["Backflip","Outmaneuver"],"picked":"Dagger Throw","floor":8.0},{"not_picked":["Dagger Throw","Heel Hook"],"picked":"Leg Sweep","floor":12.0},{"not_picked":["Prepared","Dagger Spray"],"picked":"Grand Finale","floor":14.0},{"not_picked":["After Image","Storm of Steel"],"picked":"Bullet Time","floor":16.0},{"not_picked":["Sucker Punch","Poisoned Stab"],"picked":"Dagger Throw","floor":17.0},{"not_picked":["Flying Knee+1","Endless Agony"],"picked":"Concentrate","floor":18.0},{"not_picked":["Bane","Noxious Fumes"],"picked":"PiercingWail","floor":22.0},{"not_picked":["Bane","Dagger Throw"],"picked":"Escape Plan","floor":24.0},{"not_picked":["Concentrate","Deadly Poison+1","Dagger Spray+1"],"picked":"SKIP","floor":27.0}],"player_experience":355665,"relics_obtained":[{"floor":5.0,"key":"Whetstone"},{"floor":8.0,"key":"The Courier"},{"floor":9.0,"key":"Blood Vial"},{"floor":12.0,"key":"Oddly Smooth Stone"},{"floor":24.0,"key":"Bottled Flame"},{"floor":26.0,"key":"Mummified Hand"}],"event_choices":[{"damage_healed":0.0,"max_hp_gain":0.0,"max_hp_loss":0.0,"gold_gain":0.0,"event_name":"FaceTrader","player_choice":"Trade","floor":2.0,"gold_loss":0.0,"damage_taken":0.0,"relics_obtained":["FaceOfCleric"]},{"damage_healed":0.0,"max_hp_gain":0.0,"max_hp_loss":0.0,"gold_gain":0.0,"event_name":"Scrap Ooze","player_choice":"Success","floor":6.0,"gold_loss":0.0,"damage_taken":5.0,"relics_obtained":["Bronze Scales"]},{"damage_healed":0.0,"max_hp_gain":0.0,"max_hp_loss":0.0,"gold_gain":0.0,"event_name":"World of Goop","player_choice":"Left Gold","floor":11.0,"gold_loss":70.0,"damage_taken":0.0},{"damage_healed":0.0,"max_hp_gain":0.0,"max_hp_loss":7.0,"gold_gain":0.0,"event_name":"Golden Idol","player_choice":"Lose Max HP","floor":13.0,"gold_loss":0.0,"damage_taken":0.0,"relics_obtained":["Golden Idol"]},{"damage_healed":0.0,"max_hp_gain":0.0,"max_hp_loss":0.0,"gold_gain":0.0,"event_name":"The Mausoleum","player_choice":"Ignored","floor":20.0,"gold_loss":0.0,"damage_taken":0.0}],"is_beta":false,"boss_relics":[{"not_picked":["SlaversCollar","Coffee Dripper"],"picked":"Tiny House"}],"items_purged_floors":[],"is_endless":false,"potions_floor_spawned":[1,12,16,22],"killed_by":"Cultist and Chosen","ascension_level":20}}