{"host":"pi8b3ffzwvxqztac","time":1612228120,"event":{"mods":["BaseMod","Colored Map","Custom Start","Downfall","Minty Spire (QoL Compilation)","StSLib"],"gold_per_floor":[99,113,113,132,232,251,302,302,319,119,137,137,137,137,148,148,148,148],"floor_reached":16,"language":"ENG","playtime":1023,"items_purged":[],"score":140,"play_id":"0acdad7d-27e1-4355-b9f5-16eb4f853202","local_time":"20210202140840","is_ascension_mode":true,"campfire_choices":[{"floor":1,"key":"RECALL"},{"floor":10,"key":"REST"},{"data":"champ:Execute","floor":12,"key":"SMITH"}],"circlet_count":0,"master_deck":["champ:Strike","champ:Strike+1","champ:Defend+1","champ:Defend","champ:Defend","champ:Defend","champ:Execute+1","champ:Taunt+1","champ:Backstep+1","champ:FlashCut","champ:Encircle","champ:BerserkerStyle","champ:DefensiveShout","champ:EnGarde","champ:GutPunch+1","downfall:Malfunctioning","champ:AdrenalArmor"],"relics":["champ:ChampionCrown","Juzu Bracelet","downfall:HeartBlessingBlue","downfall:HeartBlessingRed","Mercury Hourglass"],"acts_visited":["Exordium"],"potions_floor_usage":[16],"damage_taken":[{"damage":11,"enemies":"Cultist","floor":2,"turns":4},{"damage":24,"enemies":"Jaw Worm","floor":4,"turns":4},{"damage":122,"enemies":"downfall:Heads","floor":5,"turns":8},{"damage":10,"enemies":"Small Slimes","floor":6,"turns":3},{"damage":10,"enemies":"3 Louse","floor":9,"turns":3},{"damage":17,"enemies":"Large Slime","floor":11,"turns":3},{"damage":11,"enemies":"Red Slaver","floor":15,"turns":4},{"damage":131,"enemies":"SI_SHIV_ARCHETYPE","floor":16,"turns":10}],"seed_played":"-2453770026783475669","potions_obtained":[{"floor":2,"key":"bronze:BurnAndBuffPotion"},{"floor":5,"key":"AttackPotion"}],"is_trial":false,"path_per_floor":["R","M","?","M","?","M","T","?","M","R","M","R","?","?","M","B"],"character_chosen":"THE_CHAMP","items_purchased":[],"campfire_rested":1,"item_purchase_floors":[],"current_hp_per_floor":[90,89,94,90,23,23,23,23,23,64,62,62,62,62,56,0,0,0],"gold":148,"neow_bonus":"RANDOM_COMMON_RELIC","is_daily":false,"chose_seed":false,"campfire_upgraded":1,"win_rate":0.0,"timestamp":1612228120,"path_taken":["R","M","?","M","?","M","T","?","M","R","M","R","?","?","M","BOSS"],"items_purchased_type":[],"build_version":"2020-12-22","purchased_purges":0,"victory":false,"max_hp_per_floor":[90,90,95,95,95,95,95,95,95,105,105,105,105,105,105,105,105,105],"card_choices":[{"not_picked":["champ:CalledShot","champ:FocusedBerserking"],"picked":"champ:Backstep","floor":2},{"not_picked":["champ:PreemptiveStrike","champ:Circumvent"],"picked":"champ:FlashCut","floor":4},{"not_picked":["champ:Backstep","champ:BladeFlurry"],"picked":"champ:BerserkerStyle","floor":5},{"not_picked":["champ:PreemptiveStrike","champ:ShieldSigil"],"picked":"champ:DefensiveShout","floor":6},{"not_picked":["champ:HeartStrike","champ:ViciousMockery"],"picked":"champ:EnGarde","floor":9},{"not_picked":["champ:BladeFlurry","champ:BerserkerStyle"],"picked":"champ:GutPunch","floor":11},{"not_picked":["champ:Haymaker","champ:PreciseThrust"],"picked":"champ:AdrenalArmor","floor":15}],"player_experience":688687,"relics_obtained":[],"event_choices":[{"damage_healed":0,"gold_gain":0,"player_choice":"Donut","damage_taken":0,"max_hp_gain":5,"max_hp_loss":0,"event_name":"Big Fish","floor":3,"gold_loss":0},{"damage_healed":0,"gold_gain":0,"player_choice":"Forge","damage_taken":0,"max_hp_gain":0,"max_hp_loss":0,"event_name":"Accursed Blacksmith","floor":8,"gold_loss":0,"cards_upgraded":["champ:Backstep"]}],"is_beta":false,"boss_relics":[],"items_purged_floors":[],"is_endless":false,"potions_floor_spawned":[2,5],"killed_by":"SI_SHIV_ARCHETYPE","ascension_level":5}}