{"host":"xltl1aroowo69o4n","time":1612242629,"event":{"mods":["BaseMod","Colored Map","Colored Powertips","Downfall","Minty Spire (QoL Compilation)","StSLib"],"gold_per_floor":[99,109,109,384,397,408,408,427,438,23,34,34,34,34],"floor_reached":12,"language":"ENG","playtime":723,"items_purged":["Regret"],"score":72,"play_id":"20a55501-c8ea-4b24-b5f6-6d5d5f66a705","local_time":"20210202001029","is_ascension_mode":false,"campfire_choices":[{"floor":1,"key":"RECALL"}],"circlet_count":0,"master_deck":["champ:Strike","champ:Strike","champ:Strike","champ:Strike","champ:Defend","champ:Defend","champ:Defend","champ:Defend","champ:Execute","champ:Taunt","champ:FanOfKnives","champ:IgnorePain","champ:TornadoPunch","champ:EnGarde","champ:LastStand","champ:DefensiveShout","Metamorphosis","champ:Endure"],"relics":["champ:ChampionCrown","Kunai","Question Card","PrismaticShard"],"acts_visited":["Exordium"],"potions_floor_usage":[12,12,12],"damage_taken":[{"damage":26,"enemies":"Small Slimes","floor":2,"turns":4},{"damage":31,"enemies":"2 Louse","floor":5,"turns":4},{"damage":22,"enemies":"Cultist","floor":6,"turns":4},{"damage":15,"enemies":"2 Fungi Beasts","floor":8,"turns":4},{"damage":32,"enemies":"Blue Slaver","floor":9,"turns":6},{"damage":3,"enemies":"downfall:FleeingMerchant","floor":10,"turns":4},{"damage":21,"enemies":"Large Slime","floor":11,"turns":5},{"damage":26,"enemies":"Gremlin Nob","floor":12,"turns":4}],"seed_played":"7624457806413831717","potions_obtained":[{"floor":5,"key":"BlessingOfTheForge"},{"floor":9,"key":"Dexterity Potion"},{"floor":11,"key":"DuplicationPotion"}],"is_trial":false,"path_per_floor":["R","M","?","?","M","M","T","M","M","$","M","E"],"character_chosen":"THE_CHAMP","items_purchased":["PrismaticShard","Metamorphosis"],"campfire_rested":0,"item_purchase_floors":[10,10],"current_hp_per_floor":[99,93,86,86,75,63,63,48,31,28,17,0,0,0],"gold":34,"neow_bonus":"TEN_PERCENT_HP_BONUS","is_daily":false,"chose_seed":false,"campfire_upgraded":0,"win_rate":0.0,"timestamp":1612242629,"path_taken":["R","M","?","?","M","M","T","M","?","$","M","E"],"items_purchased_type":["Relic","Card"],"build_version":"2020-12-13","purchased_purges":1,"victory":false,"max_hp_per_floor":[99,99,99,99,99,99,99,99,99,99,99,99,99,99],"card_choices":[{"not_picked":["champ:Circumvent","champ:CrownThrow"],"picked":"champ:FanOfKnives","floor":2},{"not_picked":["champ:Shatter","champ:Circumvent"],"picked":"champ:IgnorePain","floor":5},{"not_picked":["champ:FaceSlap","champ:EndlessRage"],"picked":"champ:TornadoPunch","floor":6},{"not_picked":["champ:Circumvent","champ:GutPunch","champ:TornadoPunch"],"picked":"champ:EnGarde","floor":8},{"not_picked":["champ:Haymaker","champ:PreciseThrust","champ:CrookedStrike"],"picked":"champ:LastStand","floor":9},{"not_picked":["champ:Haymaker","champ:Encircle","champ:EndlessRage"],"picked":"champ:DefensiveShout","floor":10},{"not_picked":["Thunderclap","Guardian:TemporalShield","Clash"],"picked":"champ:Endure","floor":11}],"player_experience":87332,"relics_obtained":[{"floor":7,"key":"Question Card"}],"event_choices":[{"damage_healed":0,"gold_gain":0,"player_choice":"Success","damage_taken":7,"relics_obtained":["Kunai"],"max_hp_gain":0,"max_hp_loss":0,"event_name":"Scrap Ooze","floor":3,"gold_loss":0}],"is_beta":false,"boss_relics":[],"items_purged_floors":[10],"is_endless":false,"potions_floor_spawned":[5,9,11],"killed_by":"Gremlin Nob","ascension_level":0}}