{"host":"25fn74ijs2305xd4","time":1612277801,"event":{"mods":["AchievementEnabler","BaseMod","Colored Map","Colored Powertips","Dark Map","Minty Spire (QoL Compilation)","Relic Stats","StSLib"],"gold_per_floor":[109,121,141,154,171,196,196,212,263,274,287,316,327,72,72,174,174,188,207,224,323,333,333,365,382,460,473,473,487,487,505,505,605,605,625,285,299,318,90,90,116,116,116],"floor_reached":42,"language":"POL","playtime":1663,"items_purged":["Strike_G","Glass Knife"],"score":619,"play_id":"6ff1c7b8-d932-4d57-b1f4-95d24769aa79","local_time":"20210202155641","is_ascension_mode":true,"campfire_choices":[{"floor":7,"key":"REST"},{"floor":15,"key":"REST"},{"floor":23,"key":"REST"},{"floor":28,"key":"REST"},{"floor":30,"key":"REST"},{"floor":32,"key":"REST"},{"floor":40,"key":"REST"}],"circlet_count":0,"master_deck":["Survivor","Neutralize","Dash","Flechettes","Flying Knee","Quick Slash","Riddle With Holes","Corpse Explosion","Crippling Poison","Cloak And Dagger","Catalyst","Cloak And Dagger","Dash","Noxious Fumes","PiercingWail","Dodge and Roll+1","Deadly Poison+1","Noxious Fumes","Footwork","Backflip","Leg Sweep","Deflect","Infinite Blades","Dodge and Roll+1","Slice","Catalyst","Crippling Poison+1","All Out Attack","Dagger Throw","Burst","Heel Hook","Night Terror","Infinite Blades","Bane","Tactician","Deflect+1","Cloak And Dagger+1","Catalyst+1","Footwork","Footwork","Bullet Time"],"relics":["Fusion Hammer","Dream Catcher","Vajra","Pen Nib","Strange Spoon","WristBlade","Letter Opener","Matryoshka","Pandora\u0027s Box","HornCleat","DollysMirror","Happy Flower"],"acts_visited":["Exordium","TheCity","TheBeyond"],"potions_floor_usage":[16,18,24,33,35,37,41,41,41],"damage_taken":[{"damage":5,"enemies":"Cultist","floor":1,"turns":4},{"damage":3,"enemies":"2 Louse","floor":2,"turns":3},{"damage":0,"enemies":"Jaw Worm","floor":3,"turns":3},{"damage":0,"enemies":"3 Louse","floor":4,"turns":4},{"damage":14,"enemies":"Exordium Thugs","floor":5,"turns":5},{"damage":25,"enemies":"3 Sentries","floor":6,"turns":10},{"damage":0,"enemies":"Exordium Wildlife","floor":8,"turns":2},{"damage":1,"enemies":"Looter","floor":10,"turns":2},{"damage":2,"enemies":"Large Slime","floor":11,"turns":4},{"damage":13,"enemies":"Gremlin Nob","floor":12,"turns":3},{"damage":5,"enemies":"Red Slaver","floor":13,"turns":2},{"damage":20,"enemies":"The Guardian","floor":16,"turns":8},{"damage":0,"enemies":"3 Byrds","floor":18,"turns":2},{"damage":0,"enemies":"Shell Parasite","floor":19,"turns":4},{"damage":8,"enemies":"Cultist and Chosen","floor":20,"turns":4},{"damage":11,"enemies":"Snake Plant","floor":22,"turns":5},{"damage":38,"enemies":"Slavers","floor":24,"turns":5},{"damage":21,"enemies":"Shelled Parasite and Fungi","floor":25,"turns":6},{"damage":9,"enemies":"Snecko","floor":27,"turns":4},{"damage":1,"enemies":"Centurion and Healer","floor":29,"turns":5},{"damage":14,"enemies":"Snake Plant","floor":31,"turns":4},{"damage":27,"enemies":"Champ","floor":33,"turns":8},{"damage":2,"enemies":"Orb Walker","floor":35,"turns":3},{"damage":21,"enemies":"3 Darklings","floor":37,"turns":2},{"damage":2,"enemies":"Spire Growth","floor":38,"turns":4},{"damage":34,"enemies":"Giant Head","floor":41,"turns":7},{"damage":54,"enemies":"Transient","floor":42,"turns":4}],"seed_played":"-3150530499934444407","potions_obtained":[{"floor":2,"key":"GamblersBrew"},{"floor":5,"key":"Dexterity Potion"},{"floor":6,"key":"Fire Potion"},{"floor":16,"key":"Fruit Juice"},{"floor":19,"key":"Explosive Potion"},{"floor":27,"key":"Poison Potion"},{"floor":31,"key":"DistilledChaos"},{"floor":33,"key":"AttackPotion"},{"floor":37,"key":"EntropicBrew"},{"floor":41,"key":"Dexterity Potion"}],"is_trial":false,"path_per_floor":["M","M","M","M","M","E","R","M","T","M","M","E","M","$","R","B",null,"M","M","M","?","M","R","E","M","T","M","R","M","R","M","R","B",null,"M","$","M","M","$","R","E","M"],"character_chosen":"THE_SILENT","items_purchased":["Noxious Fumes","Strange Spoon","HornCleat","Footwork","DollysMirror"],"campfire_rested":7,"item_purchase_floors":[14,14,36,39,39],"current_hp_per_floor":[65,62,62,62,48,23,44,44,44,43,41,28,23,23,44,29,75,75,75,67,67,56,75,37,16,16,7,29,28,50,36,58,31,75,73,73,52,50,50,72,38,0,0],"gold":116,"neow_bonus":"BOSS_RELIC","is_daily":false,"chose_seed":false,"campfire_upgraded":0,"win_rate":0.0,"timestamp":1612277801,"path_taken":["M","M","?","M","M","E","R","M","T","M","M","E","M","$","R","BOSS","M","M","M","?","M","R","E","M","T","M","R","M","R","M","R","BOSS","M","$","M","M","$","R","E","M"],"items_purchased_type":["Card","Relic","Relic","Card","Relic"],"build_version":"2020-12-22","purchased_purges":2,"victory":false,"max_hp_per_floor":[70,70,70,70,70,70,70,70,70,70,70,70,70,70,70,75,75,75,75,75,75,75,75,75,75,75,75,75,75,75,75,75,75,75,75,75,75,75,75,75,75,75,75],"relic_stats":{"Strange Spoon":[34],"Dream Catcher":7,"Happy Flower":[1],"counters":[27,117],"Pandora\u0027s Box":["Glass Knife","All Out Attack","Dagger Throw","Burst","Heel Hook","Night Terror","Infinite Blades","Bane","Tactician"],"Pen Nib":[13],"Letter Opener":[96],"obtain_stats":[{"Happy Flower":41,"Vajra":9,"Pen Nib":12,"Letter Opener":24,"Strange Spoon":14,"Dream Catcher":6,"Matryoshka":26,"HornCleat":36,"WristBlade":17,"DollysMirror":39,"Pandora\u0027s Box":34,"Fusion Hammer":0,"Ring of the Snake":0},{"Happy Flower":26,"Vajra":7,"Pen Nib":10,"Letter Opener":17,"Strange Spoon":11,"Dream Catcher":6,"Matryoshka":18,"HornCleat":23,"WristBlade":12,"DollysMirror":25,"Pandora\u0027s Box":22,"Fusion Hammer":0,"Ring of the Snake":0},{"Happy Flower":113,"Vajra":31,"Pen Nib":40,"Letter Opener":70,"Strange Spoon":42,"Dream Catcher":29,"Matryoshka":76,"HornCleat":100,"WristBlade":50,"DollysMirror":106,"Pandora\u0027s Box":97,"Fusion Hammer":0,"Ring of the Snake":0}]},"card_choices":[{"not_picked":["Backflip","Bane"],"picked":"Dash","floor":1},{"not_picked":["Backstab","Underhanded Strike"],"picked":"Flechettes","floor":2},{"not_picked":["Outmaneuver","Concentrate"],"picked":"Flying Knee","floor":3},{"not_picked":["Choke","Riddle With Holes"],"picked":"Quick Slash","floor":4},{"not_picked":["Well Laid Plans","Deflect"],"picked":"Riddle With Holes","floor":5},{"not_picked":["Bane","Poisoned Stab"],"picked":"Corpse Explosion","floor":6},{"not_picked":["Masterful Stab","Blade Dance"],"picked":"Crippling Poison","floor":7},{"not_picked":["Blur","Dagger Throw"],"picked":"Cloak And Dagger","floor":8},{"not_picked":["Backflip","Underhanded Strike"],"picked":"Catalyst","floor":10},{"not_picked":["Calculated Gamble","Prepared","Unload"],"picked":"SKIP","floor":11},{"not_picked":["Concentrate","Eviscerate"],"picked":"Cloak And Dagger","floor":12},{"not_picked":["Slice","Blur"],"picked":"Dash","floor":13},{"not_picked":["Backflip","Outmaneuver"],"picked":"PiercingWail","floor":15},{"not_picked":["Deadly Poison","Tactician"],"picked":"Dodge and Roll+1","floor":18},{"not_picked":["Sucker Punch","Tools of the Trade"],"picked":"Deadly Poison+1","floor":19},{"not_picked":["Bane","Blur+1"],"picked":"Noxious Fumes","floor":20},{"not_picked":["Masterful Stab+1","Deadly Poison"],"picked":"Footwork","floor":22},{"not_picked":["Choke+1","Slice"],"picked":"Backflip","floor":23},{"not_picked":["Poisoned Stab","Skewer"],"picked":"Leg Sweep","floor":24},{"not_picked":["Sucker Punch","Caltrops"],"picked":"Deflect","floor":25},{"not_picked":["Dash+1","Burst"],"picked":"Infinite Blades","floor":27},{"not_picked":["Finisher","Underhanded Strike"],"picked":"Dodge and Roll+1","floor":29},{"not_picked":["Flying Knee","Dagger Spray+1"],"picked":"Slice","floor":30},{"not_picked":["PiercingWail","Reflex"],"picked":"Catalyst","floor":31},{"not_picked":["Deadly Poison","Cloak And Dagger"],"picked":"Crippling Poison+1","floor":32},{"not_picked":["Deadly Poison","Predator+1"],"picked":"Deflect+1","floor":35},{"not_picked":["Deflect+1","Dash+1"],"picked":"Cloak And Dagger+1","floor":37},{"not_picked":["Acrobatics","Flechettes"],"picked":"Catalyst+1","floor":38},{"not_picked":["Dagger Spray+1","Tactician+1"],"picked":"Bullet Time","floor":41}],"player_experience":75096,"relics_obtained":[{"floor":6,"key":"Dream Catcher"},{"floor":9,"key":"Vajra"},{"floor":12,"key":"Pen Nib"},{"floor":24,"key":"Letter Opener"},{"floor":26,"key":"Matryoshka"},{"floor":41,"key":"Happy Flower"}],"event_choices":[{"damage_healed":0,"gold_gain":99,"player_choice":"Stole From Cult","damage_taken":0,"max_hp_gain":0,"max_hp_loss":0,"event_name":"Nest","floor":21,"gold_loss":0}],"is_beta":false,"boss_relics":[{"not_picked":["Coffee Dripper","Cursed Key"],"picked":"WristBlade"},{"not_picked":["Snecko Eye","Calling Bell"],"picked":"Pandora\u0027s Box"}],"items_purged_floors":[14,36],"is_endless":false,"potions_floor_spawned":[2,5,6,13,16,19,27,31,33,37,41],"killed_by":"Transient","ascension_level":4}}