{"host":"klrvvo16pazy794l","time":1612309278,"event":{"mods":["BaseMod","Minty Spire (QoL Compilation)"],"gold_per_floor":[115,129,186,205,205,205,24,53,125,151,171,171,246,256,256,355,355,365,3,20,33,49,49,49,49,74,91,91,91,120,132,132,228,228,240,254,254,254,254,254,25,56,56,85,85,115,115,132,132,132,132,132,27,62,62,62],"floor_reached":55,"language":"ENG","playtime":2567,"items_purged":["Strike_G"],"score":861,"play_id":"c5505472-aae0-4fb1-b485-bb147c84c322","local_time":"20210202174118","is_ascension_mode":true,"campfire_choices":[{"data":"Blade Dance","floor":6,"key":"SMITH"},{"data":"Deflect","floor":12,"key":"SMITH"},{"data":"Choke","floor":15,"key":"SMITH"},{"data":"Accuracy","floor":23,"key":"SMITH"},{"floor":25,"key":"RECALL"},{"data":"Infinite Blades","floor":29,"key":"SMITH"},{"data":"Prepared","floor":32,"key":"SMITH"},{"data":"Neutralize","floor":40,"key":"SMITH"},{"data":"Dagger Throw","floor":45,"key":"SMITH"},{"data":"Survivor","floor":47,"key":"SMITH"},{"data":"Underhanded Strike","floor":49,"key":"SMITH"},{"floor":52,"key":"REST"}],"circlet_count":0,"master_deck":["Strike_G+1","Strike_G+1","Strike_G+1","Defend_G+1","Defend_G+1","Defend_G+1","Defend_G+1","Defend_G+1","Survivor+1","Neutralize+1","Underhanded Strike+1","Prepared+1","Blade Dance+1","Choke+1","Dagger Throw+1","Deflect+1","Flying Knee+1","Dagger Spray+1","Backflip+1","Adrenaline+1","Accuracy+1","Prepared+1","PiercingWail+1","Infinite Blades+1","Quick Slash+1","Adrenaline+1","Blade Dance+1","Madness+1","Madness+1","Blade Dance+1","Tactician+1","Slice+1"],"relics":["Black Star","Anchor","Darkstone Periapt","HornCleat","Molten Egg 2","Toxic Egg 2","WristBlade","Mercury Hourglass","Question Card","Bronze Scales","Turnip","Busted Crown","HandDrill","Blue Candle","Vajra","Sundial","Thread and Needle","Pen Nib","Orichalcum","Ginger","Paper Crane","Gremlin Horn"],"acts_visited":["Exordium","TheCity","TheBeyond","TheEnding"],"potions_floor_usage":[8,8,16,16,19,33,33,33,50,55,55],"damage_taken":[{"damage":4,"enemies":"Small Slimes","floor":1,"turns":4},{"damage":5,"enemies":"Cultist","floor":2,"turns":5},{"damage":2,"enemies":"Jaw Worm","floor":4,"turns":4},{"damage":16,"enemies":"Lagavulin","floor":8,"turns":5},{"damage":4,"enemies":"Gremlin Nob","floor":10,"turns":3},{"damage":1,"enemies":"Gremlin Gang","floor":11,"turns":5},{"damage":0,"enemies":"2 Fungi Beasts","floor":14,"turns":3},{"damage":28,"enemies":"The Guardian","floor":16,"turns":10},{"damage":0,"enemies":"Shell Parasite","floor":18,"turns":2},{"damage":9,"enemies":"3 Byrds","floor":20,"turns":4},{"damage":2,"enemies":"Shelled Parasite and Fungi","floor":21,"turns":4},{"damage":8,"enemies":"Centurion and Healer","floor":22,"turns":4},{"damage":2,"enemies":"3 Cultists","floor":27,"turns":4},{"damage":5,"enemies":"Gremlin Leader","floor":30,"turns":4},{"damage":0,"enemies":"Cultist and Chosen","floor":31,"turns":3},{"damage":28,"enemies":"Automaton","floor":33,"turns":8},{"damage":0,"enemies":"3 Darklings","floor":35,"turns":4},{"damage":0,"enemies":"Orb Walker","floor":36,"turns":2},{"damage":2,"enemies":"Reptomancer","floor":42,"turns":4},{"damage":0,"enemies":"Giant Head","floor":44,"turns":4},{"damage":0,"enemies":"Reptomancer","floor":46,"turns":4},{"damage":0,"enemies":"Writhing Mass","floor":48,"turns":2},{"damage":21,"enemies":"Donu and Deca","floor":50,"turns":5},{"damage":22,"enemies":"Shield and Spear","floor":54,"turns":4},{"damage":81,"enemies":"The Heart","floor":55,"turns":5}],"seed_played":"-5378087188487500307","potions_obtained":[{"floor":1,"key":"Swift Potion"},{"floor":10,"key":"SpeedPotion"},{"floor":11,"key":"SkillPotion"},{"floor":14,"key":"DuplicationPotion"},{"floor":30,"key":"Strength Potion"},{"floor":31,"key":"Ancient Potion"},{"floor":42,"key":"LiquidMemories"},{"floor":44,"key":"Energy Potion"}],"is_trial":false,"path_per_floor":["M","M","?","M","?","R","$","E","T","E","M","R","?","M","R","B",null,"M","$","M","M","M","R","?","R","T","M","T","R","E","M","R","B",null,"M","M","?","?","?","R","$","E","T","E","R","E","R","M","R","B",null,"R","$","E","B"],"character_chosen":"THE_SILENT","items_purchased":["Dagger Throw","Energy Potion","Mercury Hourglass","Fruit Juice","HandDrill","DuplicationPotion","CultistPotion"],"campfire_rested":1,"item_purchase_floors":[7,7,19,19,41,41,53],"current_hp_per_floor":[66,61,61,59,59,59,59,43,43,39,38,38,31,31,31,3,70,70,75,66,64,56,56,56,56,56,54,54,54,49,49,49,21,75,75,75,75,66,66,66,66,64,64,64,64,64,64,64,64,43,75,75,75,53,0,0],"gold":62,"neow_bonus":"BOSS_RELIC","is_daily":false,"chose_seed":false,"campfire_upgraded":10,"win_rate":0.0,"timestamp":1612309278,"path_taken":["M","M","?","M","?","R","$","E","T","E","?","R","?","?","R","BOSS","M","$","M","M","M","R","?","R","T","M","?","R","E","M","R","BOSS","M","M","?","?","?","R","$","E","T","E","R","E","R","M","R","BOSS","R","$","E","BOSS"],"items_purchased_type":["Card","Potion","Relic","Potion","Relic","Potion","Potion"],"build_version":"2020-12-22","purchased_purges":1,"victory":false,"max_hp_per_floor":[70,70,70,70,70,70,70,70,70,70,70,70,70,70,70,70,70,70,75,75,75,75,75,75,75,75,75,75,75,75,75,75,75,75,75,75,75,75,75,75,75,75,75,75,75,75,75,75,75,75,75,75,75,75,75,75],"card_choices":[{"not_picked":["Expertise","Acrobatics"],"picked":"Underhanded Strike","floor":1},{"not_picked":["Poisoned Stab","Flying Knee"],"picked":"Prepared","floor":2},{"not_picked":["Deadly Poison","Catalyst"],"picked":"Blade Dance","floor":4},{"not_picked":["Envenom","Endless Agony"],"picked":"Deflect","floor":8},{"not_picked":["Outmaneuver+1","Blade Dance+1"],"picked":"Flying Knee+1","floor":10},{"not_picked":["Well Laid Plans","All Out Attack+1"],"picked":"Dagger Spray+1","floor":11},{"not_picked":["Flying Knee+1","Endless Agony+1"],"picked":"Backflip+1","floor":14},{"not_picked":["Venomology+1","Doppelganger+1"],"picked":"Adrenaline+1","floor":16},{"not_picked":["Cloak And Dagger+1","Predator+1"],"picked":"Accuracy","floor":18},{"not_picked":["Dagger Spray+1","Predator+1"],"picked":"Prepared+1","floor":20},{"not_picked":["Flying Knee+1","Dagger Spray+1"],"picked":"PiercingWail+1","floor":21},{"not_picked":["Endless Agony+1","Poisoned Stab+1","Skewer+1"],"picked":"SKIP","floor":22},{"not_picked":["Deadly Poison+1","Burst+1"],"picked":"Infinite Blades","floor":27},{"not_picked":["Riddle With Holes+1","Poisoned Stab+1","Finisher+1"],"picked":"Quick Slash+1","floor":30},{"not_picked":["Underhanded Strike+1","Deadly Poison+1","Flying Knee+1","Heel Hook+1"],"picked":"SKIP","floor":31},{"not_picked":["Unload+1","Phantasmal Killer+1","Storm of Steel+1"],"picked":"Adrenaline+1","floor":33},{"not_picked":["Dagger Throw+1"],"picked":"Blade Dance+1","floor":35},{"not_picked":["All Out Attack+1","Escape Plan+1"],"picked":"SKIP","floor":36},{"not_picked":["Violence+1"],"picked":"Trip+1","floor":37},{"not_picked":["Escape Plan+1"],"picked":"Blade Dance+1","floor":42},{"not_picked":["Underhanded Strike+1"],"picked":"Tactician+1","floor":44},{"not_picked":["Deadly Poison+1"],"picked":"Slice+1","floor":46},{"not_picked":["Masterful Stab+1","Deadly Poison+1"],"picked":"SKIP","floor":48},{"not_picked":["Expertise+1","Doppelganger+1"],"picked":"SKIP","floor":54}],"player_experience":513880,"relics_obtained":[{"floor":8,"key":"Anchor"},{"floor":8,"key":"Darkstone Periapt"},{"floor":9,"key":"HornCleat"},{"floor":10,"key":"Molten Egg 2"},{"floor":10,"key":"Toxic Egg 2"},{"floor":28,"key":"Question Card"},{"floor":30,"key":"Bronze Scales"},{"floor":30,"key":"Turnip"},{"floor":42,"key":"Blue Candle"},{"floor":42,"key":"Vajra"},{"floor":43,"key":"Sundial"},{"floor":44,"key":"Thread and Needle"},{"floor":44,"key":"Pen Nib"},{"floor":46,"key":"Orichalcum"},{"floor":46,"key":"Ginger"},{"floor":54,"key":"Paper Crane"},{"floor":54,"key":"Gremlin Horn"}],"event_choices":[{"damage_healed":0,"gold_gain":57,"player_choice":"Gained Gold","damage_taken":0,"max_hp_gain":0,"max_hp_loss":0,"event_name":"Golden Wing","floor":3,"gold_loss":0},{"damage_healed":0,"gold_gain":0,"cards_transformed":["Strike_G"],"player_choice":"Transformed","damage_taken":0,"max_hp_gain":0,"max_hp_loss":0,"event_name":"Transmorgrifier","floor":5,"gold_loss":0,"cards_obtained":["Choke"]},{"damage_healed":0,"gold_gain":75,"player_choice":"Touch","damage_taken":7,"max_hp_gain":0,"max_hp_loss":0,"event_name":"FaceTrader","floor":13,"gold_loss":0},{"damage_healed":0,"gold_gain":0,"player_choice":"Simplicity","damage_taken":0,"max_hp_gain":0,"max_hp_loss":0,"event_name":"Back to Basics","floor":24,"gold_loss":0,"cards_upgraded":["Strike_G","Strike_G","Strike_G","Defend_G","Defend_G","Defend_G","Defend_G","Defend_G"]},{"damage_healed":0,"gold_gain":0,"player_choice":"Memory 1","damage_taken":0,"max_hp_gain":0,"max_hp_loss":0,"event_name":"SensoryStone","floor":37,"gold_loss":0},{"damage_healed":0,"gold_gain":0,"player_choice":"Embrace Madness","damage_taken":9,"max_hp_gain":0,"max_hp_loss":0,"event_name":"Winding Halls","floor":38,"gold_loss":0,"cards_obtained":["Madness","Madness"]},{"cards_removed":["Trip"],"damage_healed":0,"gold_gain":0,"player_choice":"Removed Skill","damage_taken":0,"max_hp_gain":0,"max_hp_loss":0,"event_name":"Falling","floor":39,"gold_loss":0}],"is_beta":false,"boss_relics":[{"not_picked":["Cursed Key","Velvet Choker"],"picked":"WristBlade"},{"not_picked":["Empty Cage","Sozu"],"picked":"Busted Crown"}],"items_purged_floors":[7],"is_endless":false,"potions_floor_spawned":[1,10,11,14,30,31,42,44],"killed_by":"The Heart","ascension_level":2}}