{"host":"tq99ucv8ezzqzioe","time":1612286667,"event":{"mods":["BaseMod","Colored Map","Downfall","Highlight Path","Minty Spire (QoL Compilation)","StSLib"],"gold_per_floor":[99,118,118,137,155,173,173,187,206,241,41,41,41,41],"floor_reached":12,"language":"ENG","playtime":503,"items_purged":[],"score":98,"play_id":"f3116305-4dac-474d-aad8-f0aa5b3b046d","local_time":"20210202122427","is_ascension_mode":true,"campfire_choices":[{"floor":11,"key":"RECALL"}],"circlet_count":0,"master_deck":["sneckomod:Strike","sneckomod:Strike","sneckomod:Defend","sneckomod:Defend","sneckomod:Defend","sneckomod:TailWhip","sneckomod:SnekBite","sneckomod:Unknown","sneckomod:DangerNoodle","Weave","sneckomod:WideSting","sneckomod:UnknownBlock","sneckomod:UnknownCommonAttack","sneckomod:SnakeSap","sneckomod:UnknownDraw","sneckomod:UnknownStrike","sneckomod:UnknownUncommonPower"],"relics":["sneckomod:SneckoSoul","Mercury Hourglass","downfall:HeartBlessingBlue","downfall:HeartBlessingGreen"],"acts_visited":["Exordium"],"potions_floor_usage":[10,10,10,10,10,10],"damage_taken":[{"damage":2,"enemies":"Jaw Worm","floor":2,"turns":3},{"damage":1,"enemies":"Cultist","floor":4,"turns":3},{"damage":15,"enemies":"Small Slimes","floor":5,"turns":3},{"damage":8,"enemies":"Blue Slaver","floor":6,"turns":4},{"damage":24,"enemies":"Large Slime","floor":8,"turns":5},{"damage":26,"enemies":"Exordium Wildlife","floor":9,"turns":4},{"damage":18,"enemies":"3 Sentries","floor":10,"turns":6},{"damage":25,"enemies":"Gremlin Nob","floor":12,"turns":3}],"seed_played":"1087640398316213308","potions_obtained":[{"floor":2,"key":"Swift Potion"},{"floor":6,"key":"Regen Potion"},{"floor":9,"key":"EntropicBrew"}],"is_trial":false,"path_per_floor":["R","M","?","M","M","M","T","M","M","E","R","E"],"character_chosen":"THE_SNECKO","items_purchased":[],"campfire_rested":0,"item_purchase_floors":[],"current_hp_per_floor":[90,88,88,87,72,64,64,40,14,11,21,0,0,0],"gold":41,"neow_bonus":"ONE_RANDOM_RARE_CARD","is_daily":false,"chose_seed":false,"campfire_upgraded":0,"win_rate":0.0,"timestamp":1612286667,"path_taken":["R","M","?","M","M","M","T","?","?","E","R","E"],"items_purchased_type":[],"build_version":"2020-12-22","purchased_purges":0,"victory":false,"max_hp_per_floor":[90,90,90,90,90,90,90,90,90,90,100,100,100,100],"card_choices":[{"not_picked":["sneckomod:SoulDraw","sneckomod:DiceBlock"],"picked":"sneckomod:WideSting","floor":2},{"not_picked":["sneckomod:Nope","sneckomod:DefensiveFlair"],"picked":"sneckomod:UnknownBlock","floor":4},{"not_picked":["sneckomod:SerpentIdol","sneckomod:QuickBite"],"picked":"sneckomod:UnknownCommonAttack","floor":5},{"not_picked":["sneckomod:Rotation","sneckomod:PureSnecko"],"picked":"sneckomod:SnakeSap","floor":6},{"not_picked":["sneckomod:SoulRoll","sneckomod:UnknownCommonAttack"],"picked":"sneckomod:UnknownDraw","floor":8},{"not_picked":["sneckomod:UnknownCommonAttack","sneckomod:WideSting"],"picked":"sneckomod:UnknownStrike","floor":9},{"not_picked":["sneckomod:Restock","sneckomod:Unknown1Cost"],"picked":"sneckomod:UnknownUncommonPower","floor":10}],"player_experience":866505,"relics_obtained":[{"floor":10,"key":"Mercury Hourglass"}],"event_choices":[],"is_beta":false,"boss_relics":[],"items_purged_floors":[],"is_endless":false,"potions_floor_spawned":[2,6,9],"killed_by":"Gremlin Nob","ascension_level":4}}