{"host":"oigynbtg272c19pw","time":1612291487,"event":{"mods":["BaseMod","Colored Map","Minty Spire (QoL Compilation)","Relic Stats","Slay the Relics Exporter","StSLib"],"gold_per_floor":[115,115,40,52,65,82,82,157,157,157,169,181,210,240,252,264,264],"floor_reached":16,"playtime":441,"items_purged":["Clumsy"],"score":184,"play_id":"d413a6ca-a502-4272-9be8-b9a932dd65df","local_time":"20210202194447","is_ascension_mode":true,"campfire_choices":[{"floor":7.0,"key":"DIG"},{"floor":10.0,"key":"DIG"},{"floor":12,"key":"DIG"},{"data":"True Grit","floor":15,"key":"SMITH"}],"circlet_count":0,"master_deck":["AscendersBane","Strike_R","Strike_R","Strike_R","Strike_R","Strike_R","Defend_R","Defend_R","Defend_R","Bash","Perfected Strike","Fiend Fire","True Grit+1","Shrug It Off","Clash+1","Anger+1"],"relics":["Burning Blood","Shovel","Mummified Hand","MealTicket","MawBank","Molten Egg 2"],"acts_visited":["Exordium"],"potions_floor_usage":[16],"damage_taken":[{"damage":9.0,"enemies":"Jaw Worm","floor":1.0,"turns":4.0},{"damage":1.0,"enemies":"Cultist","floor":4.0,"turns":3.0},{"damage":12.0,"enemies":"Small Slimes","floor":5.0,"turns":4.0},{"damage":5.0,"enemies":"2 Fungi Beasts","floor":6.0,"turns":4.0},{"damage":13,"enemies":"Exordium Thugs","floor":13,"turns":5},{"damage":4,"enemies":"Red Slaver","floor":14,"turns":3},{"damage":57,"enemies":"Hexaghost","floor":16,"turns":9}],"seed_played":"-7117513008764995577","potions_obtained":[{"floor":1.0,"key":"Block Potion"},{"floor":4.0,"key":"PowerPotion"},{"floor":14,"key":"Regen Potion"}],"is_trial":false,"path_per_floor":["M","?","$","M","M","M","R","?","T","R","?","R","M","M","R","B"],"character_chosen":"IRONCLAD","items_purchased":[],"campfire_rested":0,"item_purchase_floors":[],"current_hp_per_floor":[65,65,65,70,64,65,65,54,54,54,54,54,47,49,49,7,7],"gold":264,"neow_bonus":"ONE_RARE_RELIC","is_daily":false,"chose_seed":false,"campfire_upgraded":1,"win_rate":0.0,"timestamp":1612291487,"path_taken":["M","?","$","M","M","?","R","?","T","R","?","R","M","M","R","BOSS"],"items_purchased_type":[],"build_version":"2020-12-13","purchased_purges":1,"victory":false,"max_hp_per_floor":[75,75,75,75,75,75,75,75,75,75,75,75,75,75,75,75,75],"relic_stats":{"Shovel":3,"counters":[7,32],"Mummified Hand":[0],"MealTicket":0,"MawBank":72,"obtain_stats":[{"Shovel":0,"Mummified Hand":7,"MealTicket":9,"Molten Egg 2":12,"MawBank":10,"Burning Blood":0},{"Shovel":0,"Mummified Hand":4,"MealTicket":4,"Molten Egg 2":4,"MawBank":4,"Burning Blood":0},{"Shovel":0,"Mummified Hand":15,"MealTicket":15,"Molten Egg 2":15,"MawBank":15,"Burning Blood":0}],"Burning Blood":36},"card_choices":[{"not_picked":["Anger","True Grit"],"picked":"Perfected Strike","floor":1.0},{"not_picked":["Burning Pact","Armaments"],"picked":"True Grit","floor":4.0},{"not_picked":["Combust","Body Slam","Carnage"],"picked":"SKIP","floor":5.0},{"not_picked":["Seeing Red","Wild Strike"],"picked":"Shrug It Off","floor":6.0},{"not_picked":["Iron Wave+1","Heavy Blade+1"],"picked":"Clash+1","floor":13},{"not_picked":["Body Slam+1","Sword Boomerang+1"],"picked":"Anger+1","floor":14}],"player_experience":1526843,"relics_obtained":[{"floor":7.0,"key":"Mummified Hand"},{"floor":9.0,"key":"MealTicket"},{"floor":10.0,"key":"MawBank"},{"floor":12,"key":"Molten Egg 2"}],"event_choices":[{"damage_healed":0.0,"max_hp_gain":0.0,"max_hp_loss":0.0,"gold_gain":0.0,"event_name":"Match and Keep!","player_choice":"1 cards matched","floor":2.0,"gold_loss":0.0,"damage_taken":0.0,"cards_obtained":["Fiend Fire"]},{"damage_healed":0.0,"max_hp_gain":0.0,"max_hp_loss":0.0,"gold_gain":75.0,"event_name":"World of Goop","player_choice":"Gather Gold","floor":8.0,"gold_loss":0.0,"damage_taken":11.0},{"cards_removed":["Defend_R"],"damage_healed":0,"gold_gain":0,"player_choice":"Forget","damage_taken":0,"max_hp_gain":0,"max_hp_loss":0,"event_name":"Living Wall","floor":11,"gold_loss":0}],"is_beta":false,"boss_relics":[],"items_purged_floors":[3],"is_endless":false,"potions_floor_spawned":[1,4,14],"killed_by":"Hexaghost","ascension_level":20}}