{"host":"k7udt7atmcuzf6l0","time":1612231982,"event":{"mods":["AchievementEnabler","BaseMod","BetterRewards","Colored Map","Colored Powertips","Highlight Path","Minty Spire (QoL Compilation)","Quick Restart","Rare Cards Sparkle","Relic Stats","StSLib","UnlockEverythingMod"],"gold_per_floor":[118,136,58,77,77,77,105,105,105,105,120,120,195,207,207,207,207],"floor_reached":16,"language":"ZHS","playtime":193,"items_purged":[],"score":100,"play_id":"d08e8a5a-bbec-4de8-b960-6f6e3c8ca646","local_time":"20210202101302","is_ascension_mode":false,"campfire_choices":[{"data":"Rupture","floor":6,"key":"SMITH"},{"data":"Infernal Blade","floor":8,"key":"SMITH"},{"data":"Sword Boomerang","floor":10,"key":"SMITH"},{"data":"Bash","floor":15,"key":"SMITH"}],"circlet_count":0,"master_deck":["Strike_R","Strike_R","Strike_R","Strike_R","Strike_R","Defend_R","Defend_R+1","Defend_R","Bash+1","Sword Boomerang+1","Headbutt","Rupture+1","Cleave","Infernal Blade+1","Flex+1"],"relics":["Burning Blood","NeowsBlessing","Peace Pipe","Ginger"],"acts_visited":["Exordium"],"potions_floor_usage":[7],"damage_taken":[{"damage":0,"enemies":"Cultist","floor":1,"turns":1},{"damage":0,"enemies":"Jaw Worm","floor":2,"turns":1},{"damage":0,"enemies":"Small Slimes","floor":4,"turns":1},{"damage":55,"enemies":"3 Sentries","floor":7,"turns":6},{"damage":7,"enemies":"Blue Slaver","floor":11,"turns":2},{"damage":6,"enemies":"Gremlin Gang","floor":14,"turns":2},{"damage":12,"enemies":"The Guardian","floor":16,"turns":3}],"seed_played":"1924622662718774611","potions_obtained":[{"floor":2,"key":"Regen Potion"}],"is_trial":false,"path_per_floor":["M","M","$","M","?","R","E","R","T","R","M","?","?","M","R","B"],"character_chosen":"IRONCLAD","items_purchased":["Rupture"],"campfire_rested":0,"item_purchase_floors":[3],"current_hp_per_floor":[80,80,80,80,73,73,39,39,39,39,38,22,11,11,11,0,0],"gold":207,"neow_bonus":"THREE_ENEMY_KILL","is_daily":false,"chose_seed":false,"campfire_upgraded":4,"win_rate":0.0,"timestamp":1612231982,"path_taken":["M","M","?","M","?","R","E","R","T","R","?","?","?","M","R","BOSS"],"items_purchased_type":["Card"],"build_version":"2020-12-22","purchased_purges":0,"victory":false,"max_hp_per_floor":[80,80,80,80,80,80,80,80,80,80,80,80,80,80,80,80,80],"relic_stats":{"Peace Pipe":0,"counters":[7,16],"Ginger":[1],"obtain_stats":[{"Peace Pipe":7,"NeowsBlessing":0,"Ginger":9,"Burning Blood":0},{"Peace Pipe":4,"NeowsBlessing":0,"Ginger":4,"Burning Blood":0},{"Peace Pipe":9,"NeowsBlessing":0,"Ginger":9,"Burning Blood":0}],"Burning Blood":18},"card_choices":[{"not_picked":["Thunderclap","Wild Strike"],"picked":"Sword Boomerang","floor":1},{"not_picked":["Perfected Strike","Sword Boomerang"],"picked":"Headbutt","floor":2},{"not_picked":["Shrug It Off","Sever Soul"],"picked":"Cleave","floor":4},{"not_picked":["Uppercut","Thunderclap"],"picked":"Infernal Blade","floor":7},{"not_picked":["Bloodletting","Dropkick"],"picked":"Flex","floor":11},{"not_picked":["Cleave","Sword Boomerang","Iron Wave"],"picked":"SKIP","floor":14}],"player_experience":30556,"relics_obtained":[{"floor":7,"key":"Peace Pipe"},{"floor":9,"key":"Ginger"}],"event_choices":[{"cards_removed":["Defend_R"],"damage_healed":0,"gold_gain":0,"player_choice":"Card Removal","damage_taken":7,"max_hp_gain":0,"max_hp_loss":0,"event_name":"Golden Wing","floor":5,"gold_loss":0},{"damage_healed":0,"gold_gain":0,"player_choice":"Entered Light","damage_taken":16,"max_hp_gain":0,"max_hp_loss":0,"event_name":"Shining Light","floor":12,"gold_loss":0,"cards_upgraded":["Flex","Defend_R"]},{"damage_healed":0,"gold_gain":75,"player_choice":"Gather Gold","damage_taken":11,"max_hp_gain":0,"max_hp_loss":0,"event_name":"World of Goop","floor":13,"gold_loss":0}],"is_beta":false,"boss_relics":[],"items_purged_floors":[],"is_endless":false,"potions_floor_spawned":[2],"killed_by":"The Guardian","ascension_level":0}}