{"host":"ugys05tpep779cl6","time":1612254022,"event":{"mods":["AchievementEnabler","Aspiration","BaseMod","Beaked The Cultist","CatGirl Mod","Colored Powertips","HololiveMod","Lobotomy","Minty Spire (QoL Compilation)","Quick Restart","Replay The Spire","Spicy Shops","StSLib","The Druid"],"gold_per_floor":[113,113,128,148,3,30,30,30,30],"floor_reached":8,"language":"ENG","playtime":961,"items_purged":[],"score":109,"play_id":"c7769ce8-4165-41eb-a69c-6f46480f7607","local_time":"20210202092022","is_ascension_mode":true,"campfire_choices":[{"data":"theDruid:Resupply","floor":7,"key":"SMITH"}],"circlet_count":0,"master_deck":["AscendersBane","theDruid:Strike_O","theDruid:Strike_O","theDruid:Strike_O","theDruid:Strike_O","theDruid:Defend_O","theDruid:Defend_O","theDruid:Defend_O","theDruid:Defend_O","theDruid:BriarArmor+1","theDruid:WildSlash","theDruid:BrambleLash","theDruid:Resupply+1","theDruid:FeralPlants","theDruid:BrambleLash"],"relics":["theDruid:CrownOfTheWilds","Anchor","theDruid:PetrifiedLog"],"acts_visited":["Exordium"],"potions_floor_usage":[],"damage_taken":[{"damage":0,"enemies":"Cultist","floor":1,"turns":4},{"damage":0,"enemies":"Small Slimes","floor":3,"turns":3},{"damage":0,"enemies":"2 Louse","floor":4,"turns":2},{"damage":30,"enemies":"3 Sentries","floor":6,"turns":10},{"damage":4,"enemies":"Gremlin Nob","floor":8,"turns":3}],"seed_played":"9046650800801003178","potions_obtained":[{"floor":6,"key":"Dexterity Potion"}],"is_trial":false,"path_per_floor":["M","?","M","M","$","E","R","E"],"character_chosen":"DRUID","items_purchased":["theDruid:FeralPlants","theDruid:BrambleLash"],"campfire_rested":0,"item_purchase_floors":[5,5],"current_hp_per_floor":[61,61,61,61,61,31,31,27,27],"gold":30,"neow_bonus":"RANDOM_COMMON_RELIC","is_daily":false,"chose_seed":false,"campfire_upgraded":1,"win_rate":0.0,"timestamp":1612254022,"path_taken":["M","?","M","?","$","E","R","E"],"items_purchased_type":["Card","Card"],"build_version":"2020-12-22","purchased_purges":0,"victory":false,"max_hp_per_floor":[68,68,68,68,68,68,68,68,68],"card_choices":[{"not_picked":["theDruid:Gore","theDruid:Swipe"],"picked":"theDruid:BrambleLash","floor":1},{"not_picked":["theDruid:AstralShield","theDruid:BrambleLash"],"picked":"theDruid:Resupply","floor":3},{"not_picked":["theDruid:Starburst","theDruid:TakeShelter","theDruid:WildArmor"],"picked":"SKIP","floor":4},{"not_picked":["theDruid:FeralPlants","theDruid:ThornStrike","theDruid:TwinStars"],"picked":"SKIP","floor":6}],"player_experience":1183382,"relics_obtained":[{"floor":6,"key":"theDruid:PetrifiedLog"}],"event_choices":[{"damage_healed":0,"gold_gain":0,"player_choice":"Forge","damage_taken":0,"max_hp_gain":0,"max_hp_loss":0,"event_name":"Accursed Blacksmith","floor":2,"gold_loss":0,"cards_upgraded":["theDruid:BriarArmor"]}],"is_beta":false,"boss_relics":[],"items_purged_floors":[],"is_endless":false,"potions_floor_spawned":[6],"killed_by":"Gremlin Nob","ascension_level":19}}