{"host":"85sjp5lsubt86171","time":1612276746,"event":{"mods":["Act Like it!","BaseMod","BetterRewards","CapriCore","Colored Map","Gensokyo","Library of Ruina","Library of Ruina Extra","Minty Spire (QoL Compilation)","Quick Restart","Relic Stats","Shop Mod","Spicy Shops","StSLib","SuperFastMode","The Immortal","Waifu the Spire"],"gold_per_floor":[112,112,124,38,69,99,99,327,402,402,402,402,402,428,428,829,829,848,848,405,424,435,435,635,635,635],"floor_reached":24,"language":"ZHS","playtime":925,"items_purged":[],"score":283,"play_id":"5b343ada-e97c-480e-9cee-15f41453f5ae","local_time":"20210202223906","is_ascension_mode":true,"campfire_choices":[{"data":"MokouMod:Geothermal","floor":7.0,"key":"SMITH"},{"data":"MokouMod:FujiyamaVolcano","floor":15,"key":"SMITH"},{"data":"MokouMod:Ventilation","floor":23,"key":"SMITH"}],"circlet_count":0,"master_deck":["MokouMod:Strike","MokouMod:Strike","MokouMod:Defend","MokouMod:Defend","MokouMod:Defend","MokouMod:HeatSpark","MokouMod:Geothermal+1","MokouMod:ResonatingAura","MokouMod:GuidingSmoke","MokouMod:Scorch","MokouMod:FujiyamaVolcano+1","MokouMod:Ventilation+1","MokouMod:BurningDraft","Gensokyo:BlemishedSteel"],"relics":["MokouMod:PhoenixFeather","Gensokyo:PortableGap","PageOfPorccubus","PageOfTheSilentOrchestra","Tiny Chest","Strawberry","PageOfWizard","Regal Pillow","SlaversCollar","Chemical X","TheAbacus","CeramicFish"],"acts_visited":["Exordium","Gensokyo:Gensokyo"],"potions_floor_usage":[14,22,24],"damage_taken":[{"damage":0.0,"enemies":"Gensokyo:3_Fairies","floor":1.0,"turns":4.0},{"damage":2.0,"enemies":"Gensokyo:Python","floor":3.0,"turns":4.0},{"damage":8.0,"enemies":"Gensokyo:Gryphon","floor":5.0,"turns":3.0},{"damage":67.0,"enemies":"Gensokyo:Cirno","floor":6.0,"turns":8.0},{"damage":21.0,"enemies":"Gensokyo:Aya","floor":8.0,"turns":7.0},{"damage":2,"enemies":"Gensokyo:Cirno","floor":14,"turns":5},{"damage":26,"enemies":"Gensokyo:Yukari","floor":16,"turns":11},{"damage":16,"enemies":"Gensokyo:AngelMirror","floor":18,"turns":3},{"damage":9,"enemies":"Gensokyo:Chomper","floor":21,"turns":3},{"damage":42,"enemies":"Gensokyo:Swordslinger","floor":22,"turns":3},{"damage":0,"enemies":"Gensokyo:Wraith","floor":24,"turns":2}],"seed_played":"-5238904096754612066","potions_obtained":[{"floor":3.0,"key":"EntropicBrew"},{"floor":8.0,"key":"Weak Potion"},{"floor":16,"key":"Swift Potion"},{"floor":21,"key":"SpeedPotion"},{"floor":22,"key":"LiquidBronze"}],"is_trial":false,"path_per_floor":["M","?","M","COS","M","E","R","E","T","?","?","?","T","E","R","B",null,"M","?","COS","M","M","R","M"],"character_chosen":"MKU","items_purchased":[],"campfire_rested":0,"item_purchase_floors":[],"current_hp_per_floor":[54,54,52,52,44,14,14,16,16,15,4,24,24,24,24,8,52,42,42,42,35,15,15,15,15,15],"gold":635,"neow_bonus":"TRANSFORM_TWO_CARDS","is_daily":false,"chose_seed":false,"campfire_upgraded":3,"win_rate":0.0,"timestamp":1612276746,"path_taken":["M","?","M","COS","M","E","R","E","T","?","?","?","?","E","R","BOSS","M","?","COS","M","M","R","M"],"items_purchased_type":[],"build_version":"2020-12-22","purchased_purges":0,"victory":false,"max_hp_per_floor":[75,68,65,65,65,65,65,62,62,69,66,66,66,66,66,66,66,66,63,63,63,63,63,63,63,63],"relic_stats":{"Regal Pillow":0,"TheAbacus":[12],"counters":[11,53],"CeramicFish":0,"Tiny Chest":1,"Chemical X":[5],"obtain_stats":[{"SlaversCollar":17,"Regal Pillow":14,"PageOfTheSilentOrchestra":6,"TheAbacus":20,"Strawberry":10,"CeramicFish":22,"MokouMod:PhoenixFeather":0,"PageOfWizard":13,"Tiny Chest":8,"PageOfPorccubus":6,"Chemical X":20,"Gensokyo:PortableGap":2},{"SlaversCollar":7,"Regal Pillow":6,"PageOfTheSilentOrchestra":4,"TheAbacus":8,"Strawberry":5,"CeramicFish":10,"MokouMod:PhoenixFeather":0,"PageOfWizard":5,"Tiny Chest":5,"PageOfPorccubus":4,"Chemical X":8,"Gensokyo:PortableGap":1},{"SlaversCollar":42,"Regal Pillow":31,"PageOfTheSilentOrchestra":19,"TheAbacus":45,"Strawberry":26,"CeramicFish":51,"MokouMod:PhoenixFeather":0,"PageOfWizard":26,"Tiny Chest":26,"PageOfPorccubus":13,"Chemical X":45,"Gensokyo:PortableGap":4}]},"card_choices":[{"not_picked":["MokouMod:ResoluteFlare","MokouMod:FlareStarter","MokouMod:IndiscriminateIgnition"],"picked":"SKIP","floor":1.0},{"not_picked":["MokouMod:BlazingComet","MokouMod:FlickeringFlame"],"picked":"MokouMod:GuidingSmoke","floor":3.0},{"not_picked":["MokouMod:Singe","MokouMod:FlickeringFlame","MokouMod:IndiscriminateIgnition"],"picked":"SKIP","floor":5.0},{"not_picked":["MokouMod:SacredFire","MokouMod:IgneousBlow"],"picked":"MokouMod:Scorch","floor":6.0},{"not_picked":["MokouMod:IndiscriminateIgnition","MokouMod:ShiftIgnition"],"picked":"MokouMod:FujiyamaVolcano","floor":8.0},{"not_picked":["MokouMod:Stoke","MokouMod:Wildfire","MokouMod:BlazingComet"],"picked":"SKIP","floor":14},{"not_picked":["MokouMod:SearingBlow","MokouMod:ExplosiveFlame"],"picked":"MokouMod:Ventilation","floor":16},{"not_picked":["MokouMod:IgnitionBarrier","MokouMod:Singe"],"picked":"MokouMod:BurningDraft","floor":18},{"not_picked":["MokouMod:Stoke","MokouMod:AdaptivePyromancy","MokouMod:Ember"],"picked":"SKIP","floor":21},{"not_picked":["MokouMod:FlickeringFlame+1","MokouMod:EternalBurstReactor","MokouMod:IcarusDive"],"picked":"SKIP","floor":22}],"player_experience":1469279,"relics_obtained":[{"floor":6.0,"key":"PageOfTheSilentOrchestra"},{"floor":8.0,"key":"Tiny Chest"},{"floor":13,"key":"PageOfWizard"},{"floor":14,"key":"Regal Pillow"}],"event_choices":[],"is_beta":false,"boss_relics":[{"not_picked":["Busted Crown","Ectoplasm"],"picked":"SlaversCollar"}],"items_purged_floors":[],"is_endless":false,"potions_floor_spawned":[3,8,16,21,22],"killed_by":"Gensokyo:Wraith","ascension_level":5}}