{"host":"4ek4eq5z32z3zgvw","time":1612241421,"event":{"mods":["2.2 Compatiblity","AchievementEnabler","Act Like it!","AlwaysNeverKeys","Aspiration","BaseMod","Better Altar","Better Note","Better Sensory Stone","Better Skull","Better Third Choice","BetterRewards","Block Reminder","Colored Map","Colored Powertips","Conspire","Curses Come First","Dark Map","DeckTracker","Defuse TimeMaze Blight","Emptier Cage","Energized Spire","Evolution","GifTheSpireLib","Halation","Hubris","Humility","Infinite Spire","Minty Spire (QoL Compilation)","Permanent Neow","Poor People Problems","Potion Indicator Mod","Quick Restart","Rare Cards Sparkle","RatMod","Relic Filter","Relic Sorter","Relic Stats","Reliquary","Replay The Spire","Shop Mod","Spicy Shops","Spikes Relics","StSLib","Stuff the Spire","SuperFastMode","The Blue Laboratory","The Sage","Uncapped","Unceasing Turn Reminder","UnlockEverythingMod","Username Fix","Waifu the Spire","Wide Potions","egg"],"gold_per_floor":[118,118,31,47,57,85,85,85,85,85,85,85,110,110,135,153,153,227,227,227,227],"floor_reached":20,"language":"ENG","playtime":729,"items_purged":[],"score":881,"play_id":"7dceb873-bd88-494f-be6c-010c7c95f7f8","local_time":"20210201225021","is_ascension_mode":true,"campfire_choices":[{"floor":7.0,"key":"REST"},{"floor":10.0,"key":"REST"},{"data":"Apotheosis","floor":14.0,"key":"SMITH"},{"floor":17.0,"key":"DIG"}],"circlet_count":0,"master_deck":["AscendersBane","Ball Lightning","Rebound","Ball Lightning","Rebound","Leap","Conserve Battery","Leap","Conserve Battery+1","Zap","Dualcast","ReplayUltimateDefense","FIFO Queue+1","StuffTheSpire:ForEach+1","Midas Touch","Apotheosis+1","RefreshScreen","Panic Button","Amplify","Reboot","Core Surge","hubris:Greed","hubris:Greed","hubris:Greed"],"relics":["Cracked Core","infinitespire:Magic Flask","reliquary:OuijaBoard","EVO:Axolotl","Gambling Chip","conspire:TreasureMap","Replay:Rubber Ducky","Lizard Tail","MerchantsRug","Lantern","reliquary:LoveEmittingDiode","reliquary:BrokenClock","Membership Card","halation:LostSnail","conspire:Dentures","aspiration:MysteriousAuxiliaryCore","sagemod:The_Guidebook_Guide","hubris:CuriousFeather","Chameleon Ring","hubris:SlimyHat","Prayer Wheel","infinitespire:EmpoweringShard","Replay:Ancient Bell","aspiration:Lifesprig","Quantum Egg","hubris:Teleporter"],"acts_visited":["Exordium","TheCity"],"potions_floor_usage":[],"damage_taken":[{"damage":0.0,"enemies":"2 Louse","floor":1.0,"turns":1.0},{"damage":0.0,"enemies":"Small Slimes","floor":4.0,"turns":3.0},{"damage":0.0,"enemies":"conspire:RoseBush","floor":5.0,"turns":3.0},{"damage":38.0,"enemies":"3 Sentries","floor":6.0,"turns":5.0},{"damage":0.0,"enemies":"Replay:BlueRogue","floor":13.0,"turns":7.0},{"damage":5.0,"enemies":"conspire:MimicChest","floor":15.0,"turns":5.0},{"damage":17.0,"enemies":"Exordium Thugs","floor":16.0,"turns":5.0},{"damage":0,"enemies":"The Guardian","floor":18,"turns":1},{"damage":132,"enemies":"3 Byrds","floor":20,"turns":7}],"seed_played":"4278190110433070812","potions_obtained":[{"floor":4.0,"key":"Fire Potion"},{"floor":6.0,"key":"blueLaboratory:ExaltedPotion"},{"floor":13.0,"key":"blueLaboratory:BiasPotion"}],"is_trial":false,"path_per_floor":["M","?","$","M","M","E","R","?","T","R","PTL","PTL","E","R","?","M","R_BF","B",null,"M"],"character_chosen":"DEFECT","items_purchased":["ReplayUltimateDefense","FIFO Queue","conspire:TreasureMap","Replay:Rubber Ducky","MerchantsRug","StuffTheSpire:ForEach+1","Lantern","Midas Touch","Apotheosis","reliquary:LoveEmittingDiode","reliquary:BrokenClock","Membership Card","halation:LostSnail","conspire:Dentures","sagemod:The_Guidebook_Guide"],"campfire_rested":2,"item_purchase_floors":[0,0,0,0,0,0,0,0,0,0,0,0,0,0,3],"current_hp_per_floor":[78,52,52,52,52,14,39,67,67,85,85,85,85,85,80,63,63,63,80,0,0],"gold":227,"neow_bonus":"","is_daily":false,"chose_seed":false,"campfire_upgraded":1,"win_rate":0.0,"timestamp":1612241421,"path_taken":["M","?","$","M","M","E","R","?","T","R","PTL","PTL","E","R","?","?","R_BF","BOSS","M"],"items_purchased_type":["Card","Card","Relic","Relic","Relic","Card","Relic","Card","Card","Relic","Relic","Relic","Relic","Relic","Relic"],"build_version":"2020-12-22","purchased_purges":0,"victory":false,"max_hp_per_floor":[85,85,85,85,85,85,85,85,85,85,85,85,85,85,85,85,85,85,85,85,85],"relic_stats":{"Lizard Tail":42,"counters":[51,200],"Gambling Chip":[28],"Prayer Wheel":1,"obtain_stats":[{"energizedSpire:UnstableMolecules":0,"StuffTheSpire:BottledEssence":0,"aspiration:PoetsPen_weak":0,"infinitespire:Cubic Diamond":0,"hubris:MysteriousPyramids":0,"BFFS":0,"Ring of Searing":0,"Blood Vial":0,"StuffTheSpire:SapphireSignet":0,"vexMod:InvisibilityCloak":0,"infinitespire:ShieldingShard":0,"Replay:Bronze Core":0,"Fusion Hammer":0,"Necronomicon":0,"halation:PromiseList":13,"aspiration:DSix":9,"Replay:Bottled Steam":0,"MerchantsRug":0,"hubris:MobiusCoin":0,"Velvet Choker":0,"halation:CatFaceCupcake":0,"Eternal Feather":0,"infinitespire:Magic Flask":0,"Akabeko":0,"infinitespire:Broken Mirror":0,"StuffTheSpire:MayFlowers":0,"Bird Faced Urn":0,"ReplayTheSpireMod:Ring of Collecting":0,"reliquary:BrokenClock":0,"aspiration:MysteriousAuxiliaryCore":0,"StuffTheSpire:DullRazor":0,"vexMod:ImprovementManual":0,"Carrot":0,"Regal Pillow":0,"Torii":0,"Singing Bowl":0,"rat:SilverFlask":0,"GremlinMask":0,"King of Hearts":0,"StuffTheSpire:GrapeVine":0,"sagemod:Blowpipe":0,"sagemod:The_Guidebook_Guide":0,"hubris:EmptyBottle":0,"Smiling Mask":21,"Ancient Tea Set":25,"Burning Blood":10,"conspire:InfiniteJournal":17,"hubris:Backtick":17,"vexMod:RedPlottingStone":0,"aspiration:AnachronicSnailShell":0,"hubris:CuriousFeather":6,"energizedSpire:HugeHouse":0,"Chemical X":0,"Replay:Bottled Eggs":0,"infinitespire:Eraser":0,"wanderingMiniBosses:LockLocket":0,"InkBottle":0,"Ring of the Snake":0,"Potion Belt":0,"Lee\u0027s Waffle":0,"Replay:M_StaffOfTheSnake":0,"NeowsBlessing":0,"hubris:64BitClover":26,"Gensokyo:MosesMiracle":0,"vexMod:BerryBomb":23,"aspiration:RandomNobGenerator":0,"Ring of Greed":0,"hubris:Towel":2,"energizedSpire:SpiderWeb":0,"halation:SwordOfLegend":0,"D6":0,"hubris:Spice":0,"rat:KircheisShard":0,"betterThird:SlimedRelic":0,"Durian":0,"Garlic":0,"SpikesRelics:DaevaFist":0,"conspire:DeflatedDodgeball":0,"StuffTheSpire:ShivArchetype":0,"hubris:BottledRain":0,"Chaos":0,"Calipers":0,"conspire:RoyalGoblet":0,"HoveringKite":0,"Runic Capacitor":0,"aspiration:Stabinomicon":0,"halation:StarCompass":0,"theJungle:ShellPeas":0,"halation:BlueSoulGem":0,"infinitespire:SolderingIron":0,"halation:PrussianBluePaint":0,"Philosopher\u0027s Stone":0,"Prayer Wheel":1,"Succubus":0,"Iron Hammer":0,"replay:Trail_Library":0,"hubris:Teleporter":0,"halation:BottledHappiness":0,"halation:ShiningIdol":0,"WarpedTongs":0,"hubris:Zylophone":0,"YumHeart":0,"Onion Ring":0,"StuffTheSpire:PointBlank":0,"infinitespire:EmpoweringShard":17,"EdensBlessing":0,"aspiration:HatOfInfinitePower":0,"Symbiotic Virus":0,"Pocketwatch":27,"Melange":0,"aspiration:TomeofQuesting":0,"Snake Skull":0,"halation:WeightlessCrab":0,"Sizzling Blood":0,"Replay:Mystery Machine":0,"vexMod:Spyglass":47,"PrismaticShard":0,"Nunchaku":0,"Dream Catcher":0,"Emotion Chip":0,"hubris:Icosahedron":37,"TheAbacus":0,"Chameleon Ring":9,"MiniBlackHole":0,"hubris:IronBody":0,"Red Mask":0,"StuffTheSpire:Nightcore":0,"Replay:Antivirus Software":0,"halation:LettersToHer":0,"Guide Book":0,"Replay:WaspNest":0,"Odd Mushroom":0,"Medical Kit":0,"Mercury Hourglass":0,"Cauldron":0,"DataDisk":0,"infinitespire:DarkRift":0,"HyperAlloy":0,"rat:ZhonyasHourglass":0,"StuffTheSpire:CocoNut":0,"Bag of Marbles":0,"Membership Card":6,"hubris:OldNail":0,"ReplayTheSpireMod:ShopPack":0,"hubris:BallOfYels":0,"StuffTheSpire:Barrel":0,"Whetstone":0,"wanderingMiniBosses:OtherGremlinHorn":0,"vexMod:TanglingVine":0,"Bottled Tornado":0,"aspiration:RitualStick":0,"FrozenCore":0,"ZombieTooth":0,"TheBean":0,"aspiration:PoetsPen":0,"aspiration:EnhancedActuators":0,"Sundial":46,"StuffTheSpire:ColdMirror":0,"hubris:DeckOfHolding":0,"sagemod:Byrd_Feather":0,"vexMod:DeviousBotling":0,"Replay:Wax Seal":0,"conspire:TreasureMap":0,"halation:QuantumPhysicsTextbook":0,"GiantMaggot":0,"Replay:Ancient Bell":0,"SpikesRelics:SneckoPlush":0,"SteamSale":0,"Ooze Armor":0,"halation:PenCase":0,"sagemod:Creepy_Carousel":0,"Pandora\u0027s Box":0,"Mark of Pain":0,"HushsDoor":0,"infinitespire:PuzzleCube":0,"conspire:Flyswatter":0,"vexMod:BigBerry":0,"infinitespire:Cupcake":0,"halation:Diary":0,"Lantern":0,"aspiration:Lifesprig":0,"StoneCalendar":0,"Blue Doll":0,"wanderingMiniBosses:AbyssPearl":0,"Replay:Multitool":0,"Bag of Preparation":0,"HeavenlyBonsai":0,"hubris:EvacipatedBox":0,"Replay:Rubber Ducky":0,"StuffTheSpire:OccultApparatus":3,"StuffTheSpire:RunicConfusion":0,"Matryoshka":0,"Ring of Peace":0,"hubris:ScarierMask":0,"hubris:FunFungus":0,"WingedGreaves":0,"halation:Toothbrush":0,"halation:PinkAlligatorPlush":0,"Ring of Panic":0,"Paper Frog":0,"Inserter":0,"The Specimen":0,"halation:Yufonium":0,"StuffTheSpire:Saxophone":0,"energizedSpire:EnergizedDie":0,"Thread and Needle":0,"infinitespire:Joker Card":0,"betterThird:NestCultRelic":0,"Omamori":0,"Frozen Egg 2":0,"GoldenEye":0,"halation:SelfBoilingWater":0,"Habit":0,"MagicMushroom":0,"Orrery":2,"StuffTheSpire:LightningArchetype":0,"halation:TwoAmDonut":9,"Bottled Lightning":0,"Champion Belt":0,"halation:LostSnail":0,"ReplayTheSpireMod:Onyx Gauntlets":0,"ReplayTheSpireMod:Ring of Challenge":0,"wanderingMiniBosses:Inkheart":0,"reliquary:OuijaBoard":0,"sagemod:Balloon_Animal":2,"hubris:CrystalStatue":0,"Vajra":0,"StuffTheSpire:FrostArchetype":0,"EVO:Axolotl":0,"halation:Prosthetics":0,"Lizard Tail":0,"Replay:Frozen Program":0,"SpikesRelics:ToyHorsey":0,"FaceOfCleric":0,"Strawberry":12,"Toxic Egg 2":0,"Replay:Blank Codex":0,"rat:SilverBolt":0,"conspire:Dentures":0,"halation:OrihimeAndHikoboshiSamaAndTears":0,"Gensokyo:BookOfSpecters":0,"Happy Flower":0,"wanderingMiniBosses:ThiefScarf":0,"vexMod:ScavengeHelm":0,"Astrolabe":0,"BookOfRevelations":0,"infinitespire:Beetle Shell":25,"Letter Opener":0,"Question Card":0,"Replay:Baseball":43,"ReplayTheSpireMod:Shallot":0,"wanderingMiniBosses:Blackblade":2,"Brimstone":0,"Bronze Scales":0,"StuffTheSpire:GreaterSneckoEye":0,"hubris:ToyBattleship":0,"Black Star":0,"ReplayTheSpireMod:TigerMarble":0,"Nloth\u0027s Gift":0,"Grinning Jar":30,"Meat on the Bone":0,"ReplayFunnel":0,"ReplayTheSpireMod:Ring of Exchange":0,"SnailShell":0,"halation:PapillonHeart":0,"SacredBark":0,"RetroEgg":0,"Mango":0,"hubris:SlimyHat":0,"ClockworkSouvenir":0,"StuffTheSpire:Experiment12":7,"Frozen Eye":30,"Replay:Bandana":0,"energizedSpire:CursedPentagram":0,"hubris:Macrotransations":0,"Pantograph":26,"StuffTheSpire:HeavyRock":0,"Gambling Chip":0,"Tiny Chest":0,"RollingBoulder":0,"Cracked Core":0,"infinitespire:Chaos":0,"Red Skull":0,"StuffTheSpire:Tea":19,"Gremlin Food":0,"hubris:DisguiseKit":0,"ReplayTheSpireMod:Ninjato":7,"reliquary:LoveEmittingDiode":0,"StuffTheSpire:RunicHypercube":0,"HowToJump":0,"Quantum Egg":0,"infinitespire:EmptyRelic":0,"aspiration:HummingbirdHeart":0,"aspiration:SecretTechniqueScroll":0,"Orichalcum":0,"Sandwich":0,"Anchor":0,"infinitespire:WardingShard":0,"vexMod:HeadHunter":40,"Another Sword":0,"Snack Pack":0,"Coffee Dripper":0,"PureWater":0,"hubris:Potato":0,"rat:PhantomDancer":0},{"energizedSpire:UnstableMolecules":23,"StuffTheSpire:BottledEssence":22,"aspiration:PoetsPen_weak":22,"infinitespire:Cubic Diamond":22,"hubris:MysteriousPyramids":23,"BFFS":22,"Ring of Searing":23,"Blood Vial":22,"StuffTheSpire:SapphireSignet":22,"vexMod:InvisibilityCloak":23,"infinitespire:ShieldingShard":23,"Replay:Bronze Core":23,"Fusion Hammer":23,"Necronomicon":23,"halation:PromiseList":29,"aspiration:DSix":7,"Replay:Bottled Steam":22,"MerchantsRug":21,"hubris:MobiusCoin":23,"Velvet Choker":23,"halation:CatFaceCupcake":23,"Eternal Feather":22,"infinitespire:Magic Flask":22,"Akabeko":22,"infinitespire:Broken Mirror":22,"StuffTheSpire:MayFlowers":23,"Bird Faced Urn":22,"ReplayTheSpireMod:Ring of Collecting":23,"reliquary:BrokenClock":42,"aspiration:MysteriousAuxiliaryCore":42,"StuffTheSpire:DullRazor":22,"vexMod:ImprovementManual":23,"Carrot":22,"Regal Pillow":22,"Torii":22,"Singing Bowl":23,"rat:SilverFlask":22,"GremlinMask":23,"King of Hearts":22,"StuffTheSpire:GrapeVine":22,"sagemod:Blowpipe":22,"sagemod:The_Guidebook_Guide":22,"hubris:EmptyBottle":22,"Smiling Mask":10,"Ancient Tea Set":12,"Burning Blood":7,"conspire:InfiniteJournal":31,"hubris:Backtick":31,"vexMod:RedPlottingStone":22,"aspiration:AnachronicSnailShell":22,"hubris:CuriousFeather":46,"energizedSpire:HugeHouse":23,"Chemical X":22,"Replay:Bottled Eggs":22,"infinitespire:Eraser":23,"wanderingMiniBosses:LockLocket":23,"InkBottle":22,"Ring of the Snake":0,"Potion Belt":22,"Lee\u0027s Waffle":22,"Replay:M_StaffOfTheSnake":22,"NeowsBlessing":23,"hubris:64BitClover":35,"Gensokyo:MosesMiracle":22,"vexMod:BerryBomb":34,"aspiration:RandomNobGenerator":23,"Ring of Greed":23,"hubris:Towel":1,"energizedSpire:SpiderWeb":22,"halation:SwordOfLegend":22,"D6":22,"hubris:Spice":42,"rat:KircheisShard":22,"betterThird:SlimedRelic":22,"Durian":22,"Garlic":22,"SpikesRelics:DaevaFist":23,"conspire:DeflatedDodgeball":22,"StuffTheSpire:ShivArchetype":22,"hubris:BottledRain":22,"Chaos":22,"Calipers":22,"conspire:RoyalGoblet":22,"HoveringKite":22,"Runic Capacitor":22,"aspiration:Stabinomicon":23,"halation:StarCompass":22,"theJungle:ShellPeas":22,"halation:BlueSoulGem":22,"infinitespire:SolderingIron":23,"halation:PrussianBluePaint":22,"Philosopher\u0027s Stone":22,"Prayer Wheel":23,"Succubus":22,"Iron Hammer":23,"replay:Trail_Library":23,"hubris:Teleporter":22,"halation:BottledHappiness":22,"halation:ShiningIdol":23,"WarpedTongs":22,"hubris:Zylophone":22,"YumHeart":22,"Onion Ring":22,"StuffTheSpire:PointBlank":22,"infinitespire:EmpoweringShard":49,"EdensBlessing":22,"aspiration:HatOfInfinitePower":2,"Symbiotic Virus":22,"Pocketwatch":13,"Melange":22,"aspiration:TomeofQuesting":2,"Snake Skull":22,"halation:WeightlessCrab":23,"Sizzling Blood":22,"Replay:Mystery Machine":23,"vexMod:Spyglass":20,"PrismaticShard":22,"Nunchaku":22,"Dream Catcher":22,"Emotion Chip":22,"hubris:Icosahedron":16,"TheAbacus":22,"Chameleon Ring":46,"MiniBlackHole":22,"hubris:IronBody":22,"Red Mask":22,"StuffTheSpire:Nightcore":22,"Replay:Antivirus Software":23,"halation:LettersToHer":22,"Guide Book":22,"Replay:WaspNest":24,"Odd Mushroom":23,"Medical Kit":22,"Mercury Hourglass":22,"Cauldron":22,"DataDisk":22,"infinitespire:DarkRift":22,"HyperAlloy":22,"rat:ZhonyasHourglass":22,"StuffTheSpire:CocoNut":22,"Bag of Marbles":22,"Membership Card":5,"hubris:OldNail":22,"ReplayTheSpireMod:ShopPack":24,"hubris:BallOfYels":23,"StuffTheSpire:Barrel":23,"Whetstone":22,"wanderingMiniBosses:OtherGremlinHorn":23,"vexMod:TanglingVine":23,"Bottled Tornado":22,"aspiration:RitualStick":23,"FrozenCore":22,"ZombieTooth":22,"TheBean":22,"aspiration:PoetsPen":22,"aspiration:EnhancedActuators":22,"Sundial":20,"StuffTheSpire:ColdMirror":23,"hubris:DeckOfHolding":22,"sagemod:Byrd_Feather":23,"vexMod:DeviousBotling":23,"Replay:Wax Seal":23,"conspire:TreasureMap":42,"halation:QuantumPhysicsTextbook":23,"GiantMaggot":22,"Replay:Ancient Bell":22,"SpikesRelics:SneckoPlush":22,"SteamSale":22,"Ooze Armor":22,"halation:PenCase":2,"sagemod:Creepy_Carousel":23,"Pandora\u0027s Box":22,"Mark of Pain":22,"HushsDoor":22,"infinitespire:PuzzleCube":22,"conspire:Flyswatter":22,"vexMod:BigBerry":22,"infinitespire:Cupcake":23,"halation:Diary":23,"Lantern":22,"aspiration:Lifesprig":22,"StoneCalendar":23,"Blue Doll":23,"wanderingMiniBosses:AbyssPearl":23,"Replay:Multitool":2,"Bag of Preparation":22,"HeavenlyBonsai":22,"hubris:EvacipatedBox":23,"Replay:Rubber Ducky":42,"StuffTheSpire:OccultApparatus":1,"StuffTheSpire:RunicConfusion":22,"Matryoshka":22,"Ring of Peace":23,"hubris:ScarierMask":22,"hubris:FunFungus":22,"WingedGreaves":22,"halation:Toothbrush":23,"halation:PinkAlligatorPlush":23,"Ring of Panic":23,"Paper Frog":22,"Inserter":23,"The Specimen":22,"halation:Yufonium":22,"StuffTheSpire:Saxophone":2,"energizedSpire:EnergizedDie":22,"Thread and Needle":22,"infinitespire:Joker Card":22,"betterThird:NestCultRelic":23,"Omamori":22,"Frozen Egg 2":22,"GoldenEye":22,"halation:SelfBoilingWater":23,"Habit":22,"MagicMushroom":22,"Orrery":23,"StuffTheSpire:LightningArchetype":23,"halation:TwoAmDonut":7,"Bottled Lightning":22,"Champion Belt":22,"halation:LostSnail":22,"ReplayTheSpireMod:Onyx Gauntlets":22,"ReplayTheSpireMod:Ring of Challenge":23,"wanderingMiniBosses:Inkheart":23,"reliquary:OuijaBoard":42,"sagemod:Balloon_Animal":23,"hubris:CrystalStatue":23,"Vajra":22,"StuffTheSpire:FrostArchetype":23,"EVO:Axolotl":0,"halation:Prosthetics":22,"Lizard Tail":22,"Replay:Frozen Program":22,"SpikesRelics:ToyHorsey":23,"FaceOfCleric":23,"Strawberry":7,"Toxic Egg 2":23,"Replay:Blank Codex":23,"rat:SilverBolt":22,"conspire:Dentures":22,"halation:OrihimeAndHikoboshiSamaAndTears":22,"Gensokyo:BookOfSpecters":22,"Happy Flower":22,"wanderingMiniBosses:ThiefScarf":23,"vexMod:ScavengeHelm":22,"Astrolabe":23,"BookOfRevelations":22,"infinitespire:Beetle Shell":35,"Letter Opener":22,"Question Card":22,"Replay:Baseball":19,"ReplayTheSpireMod:Shallot":22,"wanderingMiniBosses:Blackblade":23,"Brimstone":22,"Bronze Scales":22,"StuffTheSpire:GreaterSneckoEye":23,"hubris:ToyBattleship":22,"Black Star":22,"ReplayTheSpireMod:TigerMarble":23,"Nloth\u0027s Gift":23,"Grinning Jar":14,"Meat on the Bone":22,"ReplayFunnel":24,"ReplayTheSpireMod:Ring of Exchange":23,"SnailShell":2,"halation:PapillonHeart":22,"SacredBark":22,"RetroEgg":23,"Mango":22,"hubris:SlimyHat":22,"ClockworkSouvenir":22,"StuffTheSpire:Experiment12":6,"Frozen Eye":13,"Replay:Bandana":23,"energizedSpire:CursedPentagram":22,"hubris:Macrotransations":22,"Pantograph":12,"StuffTheSpire:HeavyRock":23,"Gambling Chip":42,"Tiny Chest":2,"RollingBoulder":23,"Cracked Core":0,"infinitespire:Chaos":22,"Red Skull":22,"StuffTheSpire:Tea":32,"Gremlin Food":24,"hubris:DisguiseKit":22,"ReplayTheSpireMod:Ninjato":26,"reliquary:LoveEmittingDiode":42,"StuffTheSpire:RunicHypercube":22,"HowToJump":22,"Quantum Egg":24,"infinitespire:EmptyRelic":22,"aspiration:HummingbirdHeart":22,"aspiration:SecretTechniqueScroll":23,"Orichalcum":22,"Sandwich":22,"Anchor":24,"infinitespire:WardingShard":22,"vexMod:HeadHunter":18,"Another Sword":22,"Snack Pack":21,"Coffee Dripper":23,"PureWater":22,"hubris:Potato":22,"rat:PhantomDancer":23},{"energizedSpire:UnstableMolecules":91,"StuffTheSpire:BottledEssence":90,"aspiration:PoetsPen_weak":90,"infinitespire:Cubic Diamond":90,"hubris:MysteriousPyramids":91,"BFFS":90,"Ring of Searing":91,"Blood Vial":90,"StuffTheSpire:SapphireSignet":90,"vexMod:InvisibilityCloak":91,"infinitespire:ShieldingShard":91,"Replay:Bronze Core":91,"Fusion Hammer":91,"Necronomicon":91,"halation:PromiseList":104,"aspiration:DSix":24,"Replay:Bottled Steam":90,"MerchantsRug":88,"hubris:MobiusCoin":91,"Velvet Choker":91,"halation:CatFaceCupcake":91,"Eternal Feather":90,"infinitespire:Magic Flask":90,"Akabeko":90,"infinitespire:Broken Mirror":90,"StuffTheSpire:MayFlowers":91,"Bird Faced Urn":90,"ReplayTheSpireMod:Ring of Collecting":91,"reliquary:BrokenClock":163,"aspiration:MysteriousAuxiliaryCore":163,"StuffTheSpire:DullRazor":90,"vexMod:ImprovementManual":91,"Carrot":90,"Regal Pillow":90,"Torii":90,"Singing Bowl":91,"rat:SilverFlask":90,"GremlinMask":91,"King of Hearts":90,"StuffTheSpire:GrapeVine":90,"sagemod:Blowpipe":90,"sagemod:The_Guidebook_Guide":90,"hubris:EmptyBottle":90,"Smiling Mask":34,"Ancient Tea Set":41,"Burning Blood":24,"conspire:InfiniteJournal":112,"hubris:Backtick":112,"vexMod:RedPlottingStone":90,"aspiration:AnachronicSnailShell":90,"hubris:CuriousFeather":175,"energizedSpire:HugeHouse":91,"Chemical X":90,"Replay:Bottled Eggs":90,"infinitespire:Eraser":91,"wanderingMiniBosses:LockLocket":91,"InkBottle":90,"Ring of the Snake":0,"Potion Belt":90,"Lee\u0027s Waffle":90,"Replay:M_StaffOfTheSnake":90,"NeowsBlessing":91,"hubris:64BitClover":129,"Gensokyo:MosesMiracle":90,"vexMod:BerryBomb":123,"aspiration:RandomNobGenerator":91,"Ring of Greed":91,"hubris:Towel":5,"energizedSpire:SpiderWeb":90,"halation:SwordOfLegend":90,"D6":90,"hubris:Spice":163,"rat:KircheisShard":90,"betterThird:SlimedRelic":90,"Durian":90,"Garlic":90,"SpikesRelics:DaevaFist":91,"conspire:DeflatedDodgeball":90,"StuffTheSpire:ShivArchetype":90,"hubris:BottledRain":90,"Chaos":90,"Calipers":90,"conspire:RoyalGoblet":90,"HoveringKite":90,"Runic Capacitor":90,"aspiration:Stabinomicon":91,"halation:StarCompass":90,"theJungle:ShellPeas":90,"halation:BlueSoulGem":90,"infinitespire:SolderingIron":91,"halation:PrussianBluePaint":90,"Philosopher\u0027s Stone":90,"Prayer Wheel":91,"Succubus":90,"Iron Hammer":91,"replay:Trail_Library":91,"hubris:Teleporter":90,"halation:BottledHappiness":90,"halation:ShiningIdol":91,"WarpedTongs":90,"hubris:Zylophone":90,"YumHeart":90,"Onion Ring":90,"StuffTheSpire:PointBlank":90,"infinitespire:EmpoweringShard":192,"EdensBlessing":90,"aspiration:HatOfInfinitePower":6,"Symbiotic Virus":90,"Pocketwatch":45,"Melange":90,"aspiration:TomeofQuesting":6,"Snake Skull":90,"halation:WeightlessCrab":91,"Sizzling Blood":90,"Replay:Mystery Machine":91,"vexMod:Spyglass":81,"PrismaticShard":90,"Nunchaku":90,"Dream Catcher":90,"Emotion Chip":90,"hubris:Icosahedron":62,"TheAbacus":90,"Chameleon Ring":175,"MiniBlackHole":90,"hubris:IronBody":90,"Red Mask":90,"StuffTheSpire:Nightcore":90,"Replay:Antivirus Software":91,"halation:LettersToHer":90,"Guide Book":90,"Replay:WaspNest":92,"Odd Mushroom":91,"Medical Kit":90,"Mercury Hourglass":90,"Cauldron":90,"DataDisk":90,"infinitespire:DarkRift":90,"HyperAlloy":90,"rat:ZhonyasHourglass":90,"StuffTheSpire:CocoNut":90,"Bag of Marbles":90,"Membership Card":15,"hubris:OldNail":90,"ReplayTheSpireMod:ShopPack":92,"hubris:BallOfYels":91,"StuffTheSpire:Barrel":91,"Whetstone":90,"wanderingMiniBosses:OtherGremlinHorn":91,"vexMod:TanglingVine":91,"Bottled Tornado":90,"aspiration:RitualStick":91,"FrozenCore":90,"ZombieTooth":90,"TheBean":90,"aspiration:PoetsPen":90,"aspiration:EnhancedActuators":90,"Sundial":81,"StuffTheSpire:ColdMirror":91,"hubris:DeckOfHolding":90,"sagemod:Byrd_Feather":91,"vexMod:DeviousBotling":91,"Replay:Wax Seal":91,"conspire:TreasureMap":163,"halation:QuantumPhysicsTextbook":91,"GiantMaggot":90,"Replay:Ancient Bell":90,"SpikesRelics:SneckoPlush":90,"SteamSale":90,"Ooze Armor":90,"halation:PenCase":6,"sagemod:Creepy_Carousel":91,"Pandora\u0027s Box":90,"Mark of Pain":90,"HushsDoor":90,"infinitespire:PuzzleCube":90,"conspire:Flyswatter":90,"vexMod:BigBerry":90,"infinitespire:Cupcake":91,"halation:Diary":91,"Lantern":90,"aspiration:Lifesprig":90,"StoneCalendar":91,"Blue Doll":91,"wanderingMiniBosses:AbyssPearl":91,"Replay:Multitool":6,"Bag of Preparation":90,"HeavenlyBonsai":90,"hubris:EvacipatedBox":91,"Replay:Rubber Ducky":163,"StuffTheSpire:OccultApparatus":5,"StuffTheSpire:RunicConfusion":90,"Matryoshka":90,"Ring of Peace":91,"hubris:ScarierMask":90,"hubris:FunFungus":90,"WingedGreaves":90,"halation:Toothbrush":91,"halation:PinkAlligatorPlush":91,"Ring of Panic":91,"Paper Frog":90,"Inserter":91,"The Specimen":90,"halation:Yufonium":90,"StuffTheSpire:Saxophone":6,"energizedSpire:EnergizedDie":90,"Thread and Needle":90,"infinitespire:Joker Card":90,"betterThird:NestCultRelic":91,"Omamori":90,"Frozen Egg 2":90,"GoldenEye":90,"halation:SelfBoilingWater":91,"Habit":90,"MagicMushroom":90,"Orrery":91,"StuffTheSpire:LightningArchetype":91,"halation:TwoAmDonut":24,"Bottled Lightning":90,"Champion Belt":90,"halation:LostSnail":90,"ReplayTheSpireMod:Onyx Gauntlets":90,"ReplayTheSpireMod:Ring of Challenge":91,"wanderingMiniBosses:Inkheart":91,"reliquary:OuijaBoard":163,"sagemod:Balloon_Animal":91,"hubris:CrystalStatue":91,"Vajra":90,"StuffTheSpire:FrostArchetype":91,"EVO:Axolotl":0,"halation:Prosthetics":90,"Lizard Tail":90,"Replay:Frozen Program":90,"SpikesRelics:ToyHorsey":91,"FaceOfCleric":91,"Strawberry":24,"Toxic Egg 2":91,"Replay:Blank Codex":91,"rat:SilverBolt":90,"conspire:Dentures":90,"halation:OrihimeAndHikoboshiSamaAndTears":90,"Gensokyo:BookOfSpecters":90,"Happy Flower":90,"wanderingMiniBosses:ThiefScarf":91,"vexMod:ScavengeHelm":90,"Astrolabe":91,"BookOfRevelations":90,"infinitespire:Beetle Shell":129,"Letter Opener":90,"Question Card":90,"Replay:Baseball":75,"ReplayTheSpireMod:Shallot":90,"wanderingMiniBosses:Blackblade":91,"Brimstone":90,"Bronze Scales":90,"StuffTheSpire:GreaterSneckoEye":91,"hubris:ToyBattleship":90,"Black Star":90,"ReplayTheSpireMod:TigerMarble":91,"Nloth\u0027s Gift":91,"Grinning Jar":49,"Meat on the Bone":90,"ReplayFunnel":92,"ReplayTheSpireMod:Ring of Exchange":91,"SnailShell":6,"halation:PapillonHeart":90,"SacredBark":90,"RetroEgg":91,"Mango":90,"hubris:SlimyHat":90,"ClockworkSouvenir":90,"StuffTheSpire:Experiment12":22,"Frozen Eye":45,"Replay:Bandana":91,"energizedSpire:CursedPentagram":90,"hubris:Macrotransations":90,"Pantograph":41,"StuffTheSpire:HeavyRock":91,"Gambling Chip":163,"Tiny Chest":6,"RollingBoulder":91,"Cracked Core":0,"infinitespire:Chaos":90,"Red Skull":90,"StuffTheSpire:Tea":116,"Gremlin Food":92,"hubris:DisguiseKit":90,"ReplayTheSpireMod:Ninjato":97,"reliquary:LoveEmittingDiode":163,"StuffTheSpire:RunicHypercube":90,"HowToJump":90,"Quantum Egg":92,"infinitespire:EmptyRelic":90,"aspiration:HummingbirdHeart":90,"aspiration:SecretTechniqueScroll":91,"Orichalcum":90,"Sandwich":90,"Anchor":92,"infinitespire:WardingShard":90,"vexMod:HeadHunter":71,"Another Sword":90,"Snack Pack":88,"Coffee Dripper":91,"PureWater":90,"hubris:Potato":90,"rat:PhantomDancer":91}]},"card_choices":[{"not_picked":["Steam","Coolheaded"],"picked":"RefreshScreen","floor":1.0},{"not_picked":["Steam","Stack"],"picked":"Panic Button","floor":4.0},{"not_picked":["Rebound","Sweeping Beam","Turbo"],"picked":"SKIP","floor":5.0},{"not_picked":["Melter","ReplayTheSpireMod:System Scan","Static Discharge"],"picked":"SKIP","floor":6.0},{"not_picked":["Force Field","StuffTheSpire:LoadUp","Compile Driver"],"picked":"SKIP","floor":13.0},{"not_picked":["Hologram","Double Energy"],"picked":"Amplify","floor":15.0},{"not_picked":["Streamline","Ball Lightning","StuffTheSpire:Synthwave"],"picked":"SKIP","floor":16.0},{"not_picked":["Leap","StuffTheSpire:Plugnplay","Force Field"],"picked":"SKIP","floor":16.0},{"not_picked":["Fission","ReplayTheSpireMod:Fabricate Wheel"],"picked":"Core Surge","floor":18},{"not_picked":["Pain","hubris:Despair"],"picked":"hubris:Greed","floor":19},{"not_picked":["ReplayTheSpireMod:Doomed","ReplayTheSpireMod:IOU"],"picked":"hubris:Greed","floor":19},{"not_picked":["CloudedMind","Regret"],"picked":"hubris:Greed","floor":19}],"player_experience":652005,"relics_obtained":[{"floor":6.0,"key":"hubris:CuriousFeather"},{"floor":9.0,"key":"Chameleon Ring"},{"floor":13.0,"key":"hubris:SlimyHat"},{"floor":15.0,"key":"infinitespire:Magic Flask"},{"floor":17.0,"key":"infinitespire:EmpoweringShard"}],"event_choices":[{"damage_healed":78.0,"max_hp_gain":0.0,"max_hp_loss":85.0,"gold_gain":0.0,"event_name":"betterThird:BetterShining","player_choice":"Upgrade","floor":2.0,"gold_loss":0.0,"damage_taken":26.0,"cards_upgraded":["FIFO Queue","Conserve Battery"]},{"damage_healed":28.0,"max_hp_gain":0.0,"max_hp_loss":0.0,"gold_gain":0.0,"event_name":"Big Fish","player_choice":"Banana","floor":8.0,"gold_loss":0.0,"damage_taken":0.0}],"is_beta":false,"boss_relics":[{"not_picked":["reliquary:Ember","hubris:RunicObelisk"],"picked":"Replay:Ancient Bell"},{"not_picked":["Anchor","Centennial Puzzle"],"picked":"aspiration:Lifesprig"},{"not_picked":["Eternal Feather","StuffTheSpire:Rhapsscallions"],"picked":"Quantum Egg"},{"not_picked":["hubris:GlazedTorus","hubris:FunFungus"],"picked":"hubris:Teleporter"}],"items_purged_floors":[],"is_endless":false,"potions_floor_spawned":[4,5,6,13,15],"killed_by":"3 Byrds","ascension_level":20,"is_humility":true}}