{"host":"toh0bbw446wnuexf","time":1612236799,"event":{"mods":["BaseMod","Downfall","Hermit","Minty Spire (QoL Compilation)","Random Character Button","StSLib"],"gold_per_floor":[0,14,31,41,60,60,83,83,68,80,80,65,65,65,82,185,185,185,203,214,214,124,124,124,9,27,47,47,62,81,91,91,91,91,91],"floor_reached":33,"language":"ENG","playtime":1817,"items_purged":["sneckomod:Strike","sneckomod:Strike"],"score":255,"play_id":"89263e42-517b-48cd-9fee-be92ef03e314","local_time":"20210202163319","is_ascension_mode":true,"campfire_choices":[{"data":"sneckomod:RainOfDice","floor":8,"key":"SMITH"},{"data":"sneckomod:DiceBoulder","floor":13,"key":"SMITH"},{"data":"sneckomod:DiceBoulder+1","floor":18,"key":"SMITH"},{"floor":23,"key":"REST"},{"floor":28,"key":"REST"}],"circlet_count":0,"master_deck":["sneckomod:Strike","sneckomod:Defend","sneckomod:Defend","sneckomod:Defend","sneckomod:TailWhip","sneckomod:SnekBite","sneckomod:UnknownBoss","Backstab","sneckomod:IronFang","sneckomod:RainOfDice+1","sneckomod:IronFang","Bullet Time","sneckomod:DiceBoulder+2","Bullet Time","sneckomod:DiceBoulder+2","Clumsy","sneckomod:Cheat"],"relics":["sneckomod:SneckoSoul","Blood Vial","Bag of Marbles","SlaversCollar","Ginger"],"acts_visited":["Exordium","TheCity"],"potions_floor_usage":[32,33],"damage_taken":[{"damage":1,"enemies":"Cultist","floor":2,"turns":4},{"damage":0,"enemies":"Small Slimes","floor":3,"turns":2},{"damage":1,"enemies":"Jaw Worm","floor":4,"turns":2},{"damage":0,"enemies":"2 Fungi Beasts","floor":5,"turns":3},{"damage":0,"enemies":"downfall:FleeingMerchant","floor":9,"turns":4},{"damage":0,"enemies":"Exordium Wildlife","floor":10,"turns":3},{"damage":5,"enemies":"downfall:FleeingMerchant","floor":12,"turns":4},{"damage":3,"enemies":"Lots of Slimes","floor":15,"turns":2},{"damage":37,"enemies":"WA_ARCHETYPE_RETAIN","floor":16,"turns":7},{"damage":0,"enemies":"Spheric Guardian","floor":19,"turns":3},{"damage":40,"enemies":"Centurion and Healer","floor":20,"turns":6},{"damage":15,"enemies":"downfall:FleeingMerchant","floor":22,"turns":4},{"damage":5,"enemies":"downfall:FleeingMerchant","floor":25,"turns":4},{"damage":4,"enemies":"3 Cultists","floor":26,"turns":5},{"damage":16,"enemies":"Snecko","floor":27,"turns":4},{"damage":25,"enemies":"Shelled Parasite and Fungi","floor":29,"turns":4},{"damage":16,"enemies":"Snake Plant","floor":30,"turns":2},{"damage":0,"enemies":"Snecko","floor":31,"turns":2},{"damage":0,"enemies":"3 Cultists","floor":32,"turns":1},{"damage":53,"enemies":"IC_MUSHROOM_ARCHETYPE","floor":33,"turns":7}],"seed_played":"3293787406364592320","potions_obtained":[{"floor":5,"key":"sneckomod:DiceRollPotion"},{"floor":10,"key":"sneckomod:CheatPotion"},{"floor":15,"key":"SmokeBomb"},{"floor":26,"key":"Energy Potion"},{"floor":27,"key":"champ:CounterPotion"},{"floor":31,"key":"Dexterity Potion"}],"is_trial":false,"path_per_floor":["R","M","M","M","M","R","T","R","$","M","?","$","R","?","M","B",null,"R","M","M","?","$","R","T","$","M","M","R","M","M","M","M","B"],"character_chosen":"THE_SNECKO","items_purchased":[],"campfire_rested":2,"item_purchase_floors":[],"current_hp_per_floor":[90,89,89,88,88,88,88,88,90,90,83,80,80,80,79,44,90,90,90,50,50,37,64,64,61,59,45,72,49,35,37,39,0,0,0],"gold":91,"neow_bonus":"THREE_RARE_CARDS","is_daily":false,"chose_seed":false,"campfire_upgraded":3,"win_rate":0.0,"timestamp":1612236799,"path_taken":["R","M","M","M","M","R","T","R","$","?","?","?","R","?","M","BOSS","R","M","M","?","$","R","T","$","?","M","R","M","M","?","M","BOSS"],"items_purchased_type":[],"build_version":"2020-12-22","purchased_purges":2,"victory":false,"max_hp_per_floor":[90,90,90,90,90,90,90,90,90,90,90,90,90,90,90,90,90,90,90,90,90,90,90,90,90,90,90,90,90,90,90,90,90,90,90],"card_choices":[{"not_picked":["sneckomod:GlitteringGambit","sneckomod:DangerNoodle"],"picked":"sneckomod:UnknownBoss","floor":0},{"not_picked":["sneckomod:UnendingSupply","sneckomod:Nope"],"picked":"sneckomod:IronFang","floor":2},{"not_picked":["sneckomod:Unknown0Cost","sneckomod:SoulDraw"],"picked":"sneckomod:RainOfDice","floor":3},{"not_picked":["sneckomod:UnknownCommonSkill","sneckomod:UnknownUncommonSkill"],"picked":"sneckomod:IronFang","floor":4},{"not_picked":["sneckomod:SerpentMind","sneckomod:SnekBeam"],"picked":"sneckomod:Unknown0Cost","floor":5},{"not_picked":["sneckomod:MixItUp","sneckomod:SoulDraw"],"picked":"sneckomod:DiceBoulder","floor":9},{"not_picked":["sneckomod:SnekBeam","sneckomod:QuickBite","sneckomod:MasterEye"],"picked":"SKIP","floor":10},{"not_picked":["sneckomod:SlitherStrike","sneckomod:SoulDraw","sneckomod:Memorize"],"picked":"SKIP","floor":12},{"not_picked":["sneckomod:UnknownStrike","sneckomod:DiceCrush","sneckomod:UnknownDexterity"],"picked":"SKIP","floor":15},{"not_picked":["sneckomod:UnknownCommonSkill+1","sneckomod:SnekBeam","sneckomod:SoulDraw+1"],"picked":"SKIP","floor":19},{"not_picked":["sneckomod:DefensiveFlair","sneckomod:UnknownCommonAttack","sneckomod:UnknownUncommonSkill"],"picked":"SKIP","floor":20},{"not_picked":["sneckomod:Unknown0Cost","sneckomod:UnknownStrength"],"picked":"sneckomod:Cheat","floor":22},{"not_picked":["sneckomod:SoulExchange","sneckomod:WideSting","sneckomod:SerpentIdol"],"picked":"SKIP","floor":25},{"not_picked":["sneckomod:UnknownExhaust","sneckomod:UnknownBlock","sneckomod:CheapStock"],"picked":"SKIP","floor":26},{"not_picked":["sneckomod:UnknownBlock","sneckomod:UnknownCommonSkill","sneckomod:UnknownDexterity+1"],"picked":"SKIP","floor":27},{"not_picked":["sneckomod:WideSting","sneckomod:Unknown1Cost+1","sneckomod:UnknownCommonSkill+1"],"picked":"SKIP","floor":29},{"not_picked":["sneckomod:UnknownCommonAttack","sneckomod:MixItUp","sneckomod:Mudshield"],"picked":"SKIP","floor":30},{"not_picked":["sneckomod:UnknownColorless+1","sneckomod:UnknownClassTHE_CHAMP_GRAY+1","sneckomod:Unknown0Cost+1"],"picked":"SKIP","floor":31}],"player_experience":657794,"relics_obtained":[{"floor":7,"key":"Blood Vial"},{"floor":24,"key":"Ginger"}],"event_choices":[{"damage_healed":0,"gold_gain":0,"player_choice":"Success","damage_taken":7,"relics_obtained":["Bag of Marbles"],"max_hp_gain":0,"max_hp_loss":0,"event_name":"Scrap Ooze","floor":11,"gold_loss":0},{"cards_removed":["sneckomod:Unknown0Cost"],"damage_healed":0,"gold_gain":0,"player_choice":"Card Removal","damage_taken":0,"max_hp_gain":0,"max_hp_loss":0,"event_name":"The Cleric","floor":14,"gold_loss":0}],"is_beta":false,"boss_relics":[{"not_picked":["Pandora\u0027s Box","Runic Pyramid"],"picked":"SlaversCollar"}],"items_purged_floors":[22,25],"is_endless":false,"potions_floor_spawned":[5,10,15,26,27,29,30,31,32],"killed_by":"IC_MUSHROOM_ARCHETYPE","ascension_level":1}}