{"host":"39i3emxub3h8uyq3","time":1612229884,"event":{"mods":["AchievementEnabler","BaseMod","Clockwork Mod","Colored Map","Colored Powertips","DeckTracker","Downfall","Glutton Mod","Gold Saver","Hubris","Minty Spire (QoL Compilation)","Permanent Neow","Quick Restart","Rare Cards Sparkle","Replay The Spire","StSLib","The Bug Knight","The Jungle","The Necromancer","TheHeartMod","Wandering Minibosses"],"gold_per_floor":[351,351,351,369,93,93,120,50,50,50,16,16,16,16,70,174,174,185,37,37,37,51,51,96,96,96],"floor_reached":25,"language":"ENG","playtime":1148,"items_purged":[],"score":193,"play_id":"58e7c9b2-5f9d-4a78-a300-4d11154edccc","local_time":"20210201203804","is_ascension_mode":false,"campfire_choices":[{"floor":6,"key":"REST"},{"floor":10,"key":"REST"},{"floor":12,"key":"REST"},{"floor":23,"key":"REST"}],"circlet_count":0,"master_deck":["Strike_G","Strike_G","Strike_G","Strike_G","Strike_G","Defend_G","Defend_G","Defend_G","Defend_G","Defend_G","Survivor","Neutralize","Predator","Regret","Deadly Poison","The Bomb+1","Sucker Punch","Slice","Underhanded Strike","Crippling Poison","Dagger Spray","Dagger Spray","Corpse Explosion","Noxious Fumes","theJungle:PetSnecko","Dagger Throw+1","ReplayTheSpireMod:Splinters","Slice","Phantasmal Killer"],"relics":["Ring of Chaos","Lantern","Juzu Bracelet","Mirror","SlaversCollar","Sling","theJungle:WildMango","Sundial"],"acts_visited":["Exordium","Exordium"],"potions_floor_usage":[16,18,18],"damage_taken":[{"damage":2,"enemies":"Small Slimes","floor":1,"turns":5},{"damage":8,"enemies":"Jaw Worm","floor":4,"turns":2},{"damage":27,"enemies":"3 Sentries","floor":7,"turns":4},{"damage":67,"enemies":"Fading Forest","floor":16,"turns":11},{"damage":36,"enemies":"theJungle:5_Spyders","floor":18,"turns":7},{"damage":46,"enemies":"theJungle:MUSHROOMGANG","floor":22,"turns":4},{"damage":44,"enemies":"theJungle:2_Snecko_Cultists","floor":25,"turns":3}],"seed_played":"-5420355197614455152","potions_obtained":[{"floor":1,"key":"FearPotion"},{"floor":7,"key":"ColorlessPotion"},{"floor":14,"key":"Toxic Potion"},{"floor":14,"key":"ColorlessPotion"},{"floor":16,"key":"Regen Potion"},{"floor":22,"key":"SpeedPotion"}],"is_trial":false,"path_per_floor":["M","?","?","M","$","R","E","$","T","R","$","R","?","?","R_BF","B",null,"M","$","?","?","M","R","?","M"],"character_chosen":"THE_SILENT","items_purchased":["The Bomb","Sucker Punch","Slice","Crippling Poison","Dagger Spray","Sling"],"campfire_rested":4,"item_purchase_floors":[5,5,5,8,11,19],"current_hp_per_floor":[68,68,68,60,60,70,43,43,43,64,64,70,70,70,70,3,70,49,49,63,63,17,42,42,0,0],"gold":96,"neow_bonus":"BOSS_RELIC","is_daily":false,"chose_seed":false,"campfire_upgraded":0,"win_rate":0.0,"timestamp":1612229884,"path_taken":["M","?","?","M","$","R","E","?","T","R","$","R","?","?","R_BF","BOSS","M","$","?","?","M","R","?","M"],"items_purchased_type":["Card","Card","Card","Card","Card","Relic"],"build_version":"2020-12-22","purchased_purges":0,"victory":false,"max_hp_per_floor":[70,70,70,70,70,70,70,70,70,70,70,70,70,70,70,70,70,70,70,84,84,84,84,84,84,84],"card_choices":[{"not_picked":["Deadly Poison","Hidden Blade"],"picked":"Predator","floor":1},{"not_picked":["hubris:SlightOfHand","Deflect"],"picked":"Deadly Poison","floor":4},{"not_picked":["ReplayTheSpireMod:Tripwire","ReplayTheSpireMod:Speed Training"],"picked":"Underhanded Strike","floor":7},{"not_picked":["Malaise","Poison Darts"],"picked":"Corpse Explosion","floor":16},{"not_picked":["Dagger Throw","Cloak And Dagger+1"],"picked":"Noxious Fumes","floor":18},{"not_picked":["Expertise","Cloak And Dagger"],"picked":"Dagger Throw+1","floor":22},{"not_picked":["Riddle With Holes+1","Masterful Stab"],"picked":"Slice","floor":24},{"not_picked":["Hidden Blade","Distraction"],"picked":"Phantasmal Killer","floor":24}],"player_experience":99043,"relics_obtained":[{"floor":7,"key":"Juzu Bracelet"},{"floor":9,"key":"Mirror"},{"floor":24,"key":"Sundial"}],"event_choices":[{"damage_healed":0,"gold_gain":0,"player_choice":"Leave","damage_taken":0,"max_hp_gain":0,"max_hp_loss":0,"event_name":"The Cleric","floor":2,"gold_loss":0},{"damage_healed":0,"gold_gain":0,"player_choice":"Box","damage_taken":0,"relics_obtained":["Lantern"],"max_hp_gain":0,"max_hp_loss":0,"event_name":"Big Fish","floor":3,"gold_loss":0,"cards_obtained":["Regret"]},{"damage_healed":0,"gold_gain":0,"player_choice":"Grow","damage_taken":0,"max_hp_gain":0,"max_hp_loss":0,"event_name":"Living Wall","floor":13,"gold_loss":0,"cards_upgraded":["The Bomb"]},{"damage_healed":0,"gold_gain":0,"player_choice":"Got Potions","damage_taken":0,"max_hp_gain":0,"max_hp_loss":0,"event_name":"Lab","floor":14,"gold_loss":0}],"is_beta":false,"boss_relics":[{"not_picked":["Sozu","ReplayTheSpireMod:DimensionalGlitch"],"picked":"SlaversCollar"}],"items_purged_floors":[],"is_endless":false,"potions_floor_spawned":[1,7,16,22],"killed_by":"theJungle:2_Snecko_Cultists","ascension_level":0}}