{"host":"dhbelfuuk89i1oub","time":1612238107,"event":{"mods":["AchievementEnabler","Act Like it!","Aspiration","BaseMod","Better Match","Better Third Choice","BetterRewards","Colored Map","Colored Powertips","Conspire","Energized Spire","Friendly Minions","GifTheSpireLib","Hallownest","Hermit","Infinite Spire","Jedi Mod","Minty Spire (QoL Compilation)","Relic Filter","Relic Sorter","Reliquary","Replay The Spire","Spikes Relics","Spire Arcade","StSLib","Stuff the Spire","The Animator","The Cursed","The Dragon Tamer","The Judge","The Senshi","The Witch"],"gold_per_floor":[109,109,284,299,299,330,18,33,86,111,111,32,46,75,75,180,180,199,218,236,125,137,137,137,137,137,150,176,176,203,203,203,301,301,311,330,348,100,115,115,115,115,115,115,133,164,164,181,181,181,181,181,56,88,88,88,88],"floor_reached":55,"language":"ENG","playtime":7729,"items_purged":["Regret","DTMod:SneakAttack","Doubt","StuffTheSpire:ClusterCrunch"],"score":896,"play_id":"ea8a3ffd-b383-47b3-8602-e1a51c77d25c","local_time":"20210202115507","is_ascension_mode":true,"metric_token":2067,"campfire_choices":[{"data":"Midas Touch","floor":15.0,"key":"SMITH"},{"data":"DTMod:BurningEnergy","floor":23.0,"key":"SMITH"},{"data":"DTMod:HeatWave","floor":25.0,"key":"SMITH"},{"data":"DTMod:GearUp","floor":29.0,"key":"SMITH"},{"data":"DTMod:SwitchingTactic","floor":32.0,"key":"SMITH"},{"data":"DTMod:CleansingStrike","floor":40.0,"key":"SMITH"},{"data":"StuffTheSpire:BrainWave","floor":42.0,"key":"SMITH"},{"floor":44.0,"key":"RECALL"},{"floor":49.0,"key":"REST"},{"data":"rat:Garrote","floor":49.0,"key":"SMITH"},{"data":"DTMod:GhostSkin","floor":52.0,"key":"SMITH"}],"dtmod_dragon_data":[0,50,1,3,12,2],"circlet_count":0,"master_deck":["DTMod:Strike","DTMod:Strike","DTMod:Strike","DTMod:DoubleHit","DTMod:TargetDefense","DTMod:TargetDefense","DTMod:TargetDefense","DTMod:SwitchingTactic+1","Injury","DTMod:HeatWave+1","Midas Touch+1","DTMod:DragonDance+1","DTMod:BurningEnergy+1","DTMod:ResonanceForm+1","DTMod:DragonDance+1","DTMod:CleansingStrike+1","DTMod:GearUp+1","DTMod:ComboAttack","DTMod:GhostSkin+1","DTMod:EchoTactic+1","CurseOfTheBell","DTMod:InvisibleFlame+1","DTMod:Inferno+1","DTMod:LightShield+1","StuffTheSpire:BrainWave+1","Writhe","DTMod:DragonDance+1","Night Terror+1","Madness+1"],"relics":["DTMod:PactStone","jedi:matchstick","NeowsBlessing","Frozen Egg 2","StuffTheSpire:RedRose","reliquary:FeatherDuster","Bag of Preparation","reliquary:RedPaperclip","Calling Bell","DTMod:BasicTextbook","Golden Egg","reliquary:JackalopeAntler","conspire:GlowingRock","aspiration:HatOfInfinitePower","Durian","Cursed Key","Strange Spoon","infinitespire:Magic Flask","Mummified Hand"],"acts_visited":["Exordium","Exordium","TheBeyond","TheEnding"],"potions_floor_usage":[55,55],"damage_taken":[{"damage":0.0,"enemies":"Jaw Worm","floor":1.0,"turns":1.0},{"damage":0.0,"enemies":"Small Slimes","floor":4.0,"turns":1.0},{"damage":0.0,"enemies":"Lagavulin","floor":6.0,"turns":1.0},{"damage":0.0,"enemies":"Cultist","floor":8.0,"turns":3.0},{"damage":0.0,"enemies":"Gremlin Nob","floor":10.0,"turns":2.0},{"damage":0.0,"enemies":"Gremlin Gang","floor":13.0,"turns":4.0},{"damage":8.0,"enemies":"Lagavulin","floor":14.0,"turns":5.0},{"damage":7.0,"enemies":"Hexaghost","floor":16.0,"turns":8.0},{"damage":0.0,"enemies":"Hallownest:Flukemon_and_Top","floor":18.0,"turns":6.0},{"damage":0.0,"enemies":"Hallownest:3_Youths","floor":19.0,"turns":5.0},{"damage":0.0,"enemies":"Hallownest:3_Mistakes","floor":20.0,"turns":4.0},{"damage":2.0,"enemies":"Hallownest:Master_and_Novice","floor":22.0,"turns":4.0},{"damage":0.0,"enemies":"Hallownest:monsterMisterMushroom","floor":27.0,"turns":5.0},{"damage":0.0,"enemies":"Hallownest:Nosk","floor":28.0,"turns":6.0},{"damage":0.0,"enemies":"Hallownest:eliteWatcherKnight","floor":30.0,"turns":7.0},{"damage":2.0,"enemies":"Hallownest:BossMantisLord","floor":33.0,"turns":9.0},{"damage":0.0,"enemies":"Orb Walker","floor":35.0,"turns":4.0},{"damage":0.0,"enemies":"3 Shapes","floor":36.0,"turns":3.0},{"damage":0.0,"enemies":"3 Darklings","floor":37.0,"turns":3.0},{"damage":0.0,"enemies":"Maw","floor":39.0,"turns":7.0},{"damage":0.0,"enemies":"Spire Growth","floor":45.0,"turns":5.0},{"damage":0.0,"enemies":"R_Hoarder","floor":46.0,"turns":8.0},{"damage":0.0,"enemies":"3 Darklings","floor":48.0,"turns":2.0},{"damage":15.0,"enemies":"conspire:OrnateMirror","floor":50.0,"turns":11.0},{"damage":0,"enemies":"Shield and Spear","floor":54,"turns":7},{"damage":44,"enemies":"The Heart","floor":55,"turns":8}],"seed_played":"-797118374148803513","potions_obtained":[{"floor":4.0,"key":"AttackPotion"},{"floor":13.0,"key":"DuplicationPotion"},{"floor":14.0,"key":"Weak Potion"},{"floor":19.0,"key":"jedi:StrikingPotion"},{"floor":20.0,"key":"Dexterity Potion"},{"floor":28.0,"key":"FearPotion"},{"floor":36.0,"key":"ColorlessPotion"},{"floor":45.0,"key":"LiquidBronze"}],"is_trial":false,"path_per_floor":["M","?","?","M","?","E","$","M","T","E","?","$","M","E","R","B",null,"M","M","M","$","M","R","?","R","T","M","E","R","E","AVR","R","B",null,"M","M","M","$","M","R","?","R","T","R","M","E","?","M","R","B",null,"R","$","E","B"],"character_chosen":"THE_DT","items_purchased":["Midas Touch","DTMod:DragonDance+1","DTMod:DragonDance+1","DTMod:EchoTactic+1","Strange Spoon"],"campfire_rested":1,"item_purchase_floors":[7,7,12,21,38],"current_hp_per_floor":[45,45,45,45,45,45,45,45,45,45,45,45,45,37,37,30,45,45,45,45,45,43,43,34,34,34,34,34,34,34,39,39,37,39,39,39,39,39,39,39,36,36,36,36,36,36,36,36,36,21,36,36,36,36,0,0,0],"gold":88,"neow_bonus":"THREE_ENEMY_KILL","is_daily":false,"chose_seed":false,"campfire_upgraded":9,"win_rate":0.0,"timestamp":1612238107,"path_taken":["M","?","?","M","?","E","$","M","T","E","?","$","M","E","R","BOSS","M","?","?","$","M","R","?","R","T","M","E","R","E","AVR","R","BOSS","M","?","M","$","M","R","?","R","T","R","M","E","?","M","R","BOSS","R","$","E","BOSS"],"items_purchased_type":["Card","Card","Card","Card","Relic"],"build_version":"2020-12-22","purchased_purges":4,"victory":false,"max_hp_per_floor":[45,45,45,45,45,45,45,45,45,45,45,45,45,45,45,45,45,45,45,45,45,45,45,34,34,34,34,34,34,34,39,39,39,39,39,39,39,39,39,39,36,36,36,36,36,36,36,36,36,36,36,36,36,36,36,36,36],"card_choices":[{"not_picked":["DTMod:Cover","DTMod:Shift"],"picked":"DTMod:SneakAttack","floor":1.0},{"not_picked":["DTMod:Weaken","DTMod:BizarreTactic"],"picked":"DTMod:HeatWave","floor":4.0},{"not_picked":["DTMod:FlameSlash","DTMod:Threaten"],"picked":"DTMod:Adaptation+1","floor":6.0},{"not_picked":["DTMod:ComboAttack","DTMod:Hide"],"picked":"DTMod:BurningEnergy","floor":8.0},{"not_picked":["DTMod:MagiciansMark","DTMod:PurifyingFlame"],"picked":"DTMod:ResonanceForm+1","floor":10.0},{"not_picked":["DTMod:BizarreTactic","DTMod:BurningEnergy","DTMod:HeatWave"],"picked":"SKIP","floor":13.0},{"not_picked":["DTMod:DeepFocus","DTMod:Cover"],"picked":"DTMod:CleansingStrike","floor":14.0},{"not_picked":["DTMod:Outburst","DTMod:RepeatStrike"],"picked":"DTMod:GearUp","floor":16.0},{"not_picked":["DTMod:Training","DTMod:BlueScale"],"picked":"DTMod:ComboAttack","floor":18.0},{"not_picked":["DTMod:MagiciansMark","DTMod:RecklessFlurry","DTMod:BizarreTactic"],"picked":"SKIP","floor":19.0},{"not_picked":["DTMod:Punisher+1","DTMod:FlameSlash"],"picked":"DTMod:GhostSkin","floor":20.0},{"not_picked":["DTMod:TagTeam","DTMod:BreakAttack","DTMod:BizarreTactic+1"],"picked":"SKIP","floor":22.0},{"not_picked":["DTMod:MagicField","DTMod:CleansingStrike","DTMod:BuildUp"],"picked":"SKIP","floor":27.0},{"not_picked":["DTMod:Adaptation+1","DTMod:Cover+1"],"picked":"DTMod:BalancedStrike+1","floor":28.0},{"not_picked":["DTMod:Training+1","DTMod:StarRain"],"picked":"DTMod:InvisibleFlame+1","floor":30.0},{"not_picked":["DTMod:Multitask+1","DTMod:ResonanceForm+1"],"picked":"DTMod:Inferno","floor":33.0},{"not_picked":["DTMod:DarkBreath+1","DTMod:Weaken+1","DTMod:CrossStep+1"],"picked":"SKIP","floor":35.0},{"not_picked":["DTMod:BlazingStrike","DTMod:ComboAttack","DTMod:Feint+1"],"picked":"SKIP","floor":36.0},{"not_picked":["DTMod:LowKick+1","DTMod:TagTeam","DTMod:StarRain+1"],"picked":"SKIP","floor":37.0},{"not_picked":["DTMod:Punisher+1","DTMod:BlazingStrike"],"picked":"DTMod:LightShield","floor":39.0},{"not_picked":["DTMod:Cover+1","DTMod:QuickFly"],"picked":"DTMod:DragonDance+1","floor":45.0},{"not_picked":["DTMod:Cover","DTMod:BizarreTactic","DTMod:InvisibleFlame+1"],"picked":"SKIP","floor":46.0},{"not_picked":["DTMod:Punisher+1","DTMod:BuildUp+1","DTMod:MagiciansMark"],"picked":"SKIP","floor":48.0},{"not_picked":["DTMod:Astonish+1","DTMod:ForkedFire","DTMod:ShieldDrain"],"picked":"SKIP","floor":54}],"player_experience":1047539,"relics_obtained":[{"floor":6.0,"key":"reliquary:FeatherDuster"},{"floor":9.0,"key":"Bag of Preparation"},{"floor":10.0,"key":"aspiration:TomeofQuesting"},{"floor":14.0,"key":"infinitespire:Broken Mirror"},{"floor":24.0,"key":"DTMod:BasicTextbook"},{"floor":24.0,"key":"Golden Egg"},{"floor":24.0,"key":"jedi:matchstick"},{"floor":26.0,"key":"reliquary:JackalopeAntler"},{"floor":28.0,"key":"conspire:GlowingRock"},{"floor":30.0,"key":"aspiration:HatOfInfinitePower"},{"floor":46.0,"key":"infinitespire:Magic Flask"},{"floor":54,"key":"Mummified Hand"}],"event_choices":[{"damage_healed":0.0,"max_hp_gain":0.0,"max_hp_loss":0.0,"gold_gain":175.0,"event_name":"betterThird:BetterSerpent","player_choice":"AGREE","floor":3.0,"gold_loss":0.0,"damage_taken":109.0},{"cards_removed":["DTMod:Adaptation"],"damage_healed":0.0,"max_hp_gain":0.0,"max_hp_loss":0.0,"gold_gain":0.0,"event_name":"Bonfire Elementals","player_choice":"Offered Uncommon","floor":11.0,"gold_loss":0.0,"damage_taken":0.0}],"is_beta":false,"boss_relics":[{"not_picked":["Honey Jar","Black Star"],"picked":"reliquary:RedPaperclip"},{"not_picked":["Empty Cage","energizedSpire:StickyHand"],"picked":"Cursed Key"}],"items_purged_floors":[7,31,38,53],"is_endless":false,"potions_floor_spawned":[4,13,14,19,20,28,36,45,46,48],"killed_by":"The Heart","ascension_level":1}}