{"host":"ypzb5vvnu9f3ii1t","time":1612255921,"event":{"mods":["AchievementEnabler","BaseMod","Colored Map","DeckTracker","Keyboard Shortcuts","Minty Spire (QoL Compilation)","Permanent Neow","Quick Restart","SuperFastMode"],"gold_per_floor":[117,1,14,26,37,72,72,92,117,135,151,166,3,21,21,134,161,171,182,194,212,223,242,0,16,16,16,16,26,41,55,55,162,162,179,199,212,90,110,152,152,171,198,198,209,209,88,38,38,38],"floor_reached":51,"language":"KOR","playtime":2026,"items_purged":["Defend_P","Strike_P"],"score":745,"play_id":"de43da36-8364-4b4b-b6bd-6a62df0f5b4f","local_time":"20210202175201","daily_mods":["Vintage","Heirloom","Time Dilation","Flight"],"is_ascension_mode":false,"campfire_choices":[{"floor":7.0,"key":"REST"},{"data":"CutThroughFate","floor":15.0,"key":"SMITH"},{"floor":28.0,"key":"REST"},{"data":"Weave","floor":32.0,"key":"SMITH"},{"floor":41.0,"key":"REST"},{"data":"TalkToTheHand","floor":49.0,"key":"SMITH"}],"circlet_count":0,"master_deck":["Defend_P+1","Defend_P+1","Eruption+1","Vigilance","Weave+1","TalkToTheHand+1","JustLucky","CutThroughFate+1","DeusExMachina","DeusExMachina+1","Indignation+1","Crescendo+1","JustLucky","Alpha+1","Halt+1"],"relics":["PureWater","GoldenEye","Akabeko","Blood Vial","Bag of Marbles","StoneCalendar","Whetstone","CeramicFish","Pen Nib","Regal Pillow","War Paint","Smiling Mask","Oddly Smooth Stone","Unceasing Top","Astrolabe","Pantograph","Toxic Egg 2","White Beast Statue","Bronze Scales","TeardropLocket","HornCleat","Strange Spoon","MealTicket","The Courier","Molten Egg 2","Frozen Egg 2","Omamori","SacredBark","Gremlin Horn","Toy Ornithopter","Orichalcum","PreservedInsect","Mummified Hand","Potion Belt","StrikeDummy","Bag of Preparation","Juzu Bracelet"],"acts_visited":["Exordium","TheCity","TheBeyond"],"potions_floor_usage":[50,50,50],"damage_taken":[{"damage":0.0,"enemies":"2 Louse","floor":1.0,"turns":1.0},{"damage":2.0,"enemies":"Small Slimes","floor":3.0,"turns":3.0},{"damage":0.0,"enemies":"Cultist","floor":4.0,"turns":2.0},{"damage":0.0,"enemies":"Blue Slaver","floor":5.0,"turns":1.0},{"damage":34.0,"enemies":"Lagavulin","floor":6.0,"turns":5.0},{"damage":0.0,"enemies":"Looter","floor":8.0,"turns":1.0},{"damage":0.0,"enemies":"Exordium Thugs","floor":10.0,"turns":2.0},{"damage":0.0,"enemies":"Blue Slaver","floor":11.0,"turns":2.0},{"damage":0.0,"enemies":"2 Fungi Beasts","floor":12.0,"turns":2.0},{"damage":0.0,"enemies":"Exordium Wildlife","floor":14.0,"turns":1.0},{"damage":24.0,"enemies":"Hexaghost","floor":16.0,"turns":6.0},{"damage":17.0,"enemies":"Chosen","floor":18.0,"turns":2.0},{"damage":0.0,"enemies":"Shell Parasite","floor":19.0,"turns":1.0},{"damage":0.0,"enemies":"3 Cultists","floor":20.0,"turns":3.0},{"damage":17.0,"enemies":"Cultist and Chosen","floor":21.0,"turns":4.0},{"damage":8.0,"enemies":"Chosen and Byrds","floor":22.0,"turns":2.0},{"damage":9.0,"enemies":"3 Cultists","floor":23.0,"turns":4.0},{"damage":3.0,"enemies":"Shelled Parasite and Fungi","floor":25.0,"turns":3.0},{"damage":0.0,"enemies":"Snake Plant","floor":29.0,"turns":1.0},{"damage":9.0,"enemies":"Centurion and Healer","floor":30.0,"turns":3.0},{"damage":0.0,"enemies":"Snecko","floor":31.0,"turns":1.0},{"damage":65.0,"enemies":"Automaton","floor":33.0,"turns":7.0},{"damage":11.0,"enemies":"3 Shapes","floor":35.0,"turns":3.0},{"damage":8.0,"enemies":"Orb Walker","floor":36.0,"turns":3.0},{"damage":0.0,"enemies":"3 Darklings","floor":37.0,"turns":3.0},{"damage":8.0,"enemies":"4 Shapes","floor":39.0,"turns":2.0},{"damage":35.0,"enemies":"Giant Head","floor":40.0,"turns":6.0},{"damage":30.0,"enemies":"Maw","floor":42.0,"turns":5.0},{"damage":12.0,"enemies":"Spire Growth","floor":45.0,"turns":2.0},{"damage":63,"enemies":"Awakened One","floor":50,"turns":6}],"seed_played":"-8303492037807721702","potions_obtained":[{"floor":1.0,"key":"SkillPotion"},{"floor":3.0,"key":"FearPotion"},{"floor":10.0,"key":"BlessingOfTheForge"},{"floor":11.0,"key":"LiquidMemories"},{"floor":19.0,"key":"SkillPotion"},{"floor":21.0,"key":"AttackPotion"},{"floor":22.0,"key":"FearPotion"},{"floor":23.0,"key":"Fire Potion"},{"floor":29.0,"key":"Weak Potion"},{"floor":30.0,"key":"Explosive Potion"},{"floor":31.0,"key":"Fruit Juice"},{"floor":33.0,"key":"SpeedPotion"},{"floor":35.0,"key":"Energy Potion"},{"floor":36.0,"key":"BlessingOfTheForge"},{"floor":39.0,"key":"Block Potion"},{"floor":40.0,"key":"Swift Potion"},{"floor":42.0,"key":"Swift Potion"},{"floor":45.0,"key":"LiquidMemories"}],"is_trial":true,"path_per_floor":["M","$","M","M","M","E","R","M","T","M","M","M","$","M","R","B",null,"M","M","M","M","M","M","$","M","T","$","R","M","M","M","R","B",null,"M","M","M","$","M","E","R","M","T","?","M","?","$","$","R","B",null],"character_chosen":"WATCHER","items_purchased":["Weave","TalkToTheHand","CutThroughFate","Oddly Smooth Stone","JustLucky","Strange Spoon","PreservedInsect","CultistPotion","PowerPotion"],"campfire_rested":3,"item_purchase_floors":[2,2,13,13,24,24,38,47,47],"current_hp_per_floor":[72,72,70,72,72,38,59,61,61,63,65,67,67,69,69,47,72,55,57,59,44,38,31,31,30,30,45,72,72,63,70,70,12,77,66,60,62,77,69,36,74,46,46,46,36,36,51,66,66,14],"gold":38,"neow_bonus":"","is_daily":false,"chose_seed":false,"campfire_upgraded":3,"win_rate":0.0,"timestamp":1612255921,"path_taken":["M","$","M","M","M","E","R","M","T","M","M","M","$","M","R","BOSS","BOSS","M","M","M","M","M","M","$","M","T","$","R","M","M","M","R","BOSS","M","M","M","$","M","E","R","M","T","?","M","?","$","$","R","BOSS"],"items_purchased_type":["Card","Card","Card","Relic","Card","Relic","Relic","Potion","Potion"],"build_version":"2020-12-22","purchased_purges":2,"victory":true,"max_hp_per_floor":[72,72,72,72,72,72,72,72,72,72,72,72,72,72,72,72,72,72,72,72,72,72,72,72,72,72,72,72,72,72,77,77,77,77,77,77,77,77,77,77,77,77,77,77,77,77,77,77,77,77],"card_choices":[{"not_picked":["TalkToTheHand","FollowUp"],"picked":"JustLucky","floor":6.0},{"not_picked":["LessonLearned","Brilliance"],"picked":"DeusExMachina","floor":16.0},{"not_picked":["Judgement+1","Establishment+1"],"picked":"Alpha+1","floor":33.0},{"not_picked":["Meditate+1","FlyingSleeves+1"],"picked":"Halt+1","floor":40.0}],"player_experience":159935,"relics_obtained":[{"floor":1.0,"key":"Akabeko"},{"floor":3.0,"key":"Blood Vial"},{"floor":4.0,"key":"Bag of Marbles"},{"floor":5.0,"key":"StoneCalendar"},{"floor":6.0,"key":"Whetstone"},{"floor":8.0,"key":"CeramicFish"},{"floor":9.0,"key":"Pen Nib"},{"floor":10.0,"key":"Regal Pillow"},{"floor":11.0,"key":"War Paint"},{"floor":12.0,"key":"Smiling Mask"},{"floor":14.0,"key":"Unceasing Top"},{"floor":18.0,"key":"Pantograph"},{"floor":19.0,"key":"Toxic Egg 2"},{"floor":20.0,"key":"White Beast Statue"},{"floor":21.0,"key":"Bronze Scales"},{"floor":22.0,"key":"TeardropLocket"},{"floor":23.0,"key":"HornCleat"},{"floor":25.0,"key":"MealTicket"},{"floor":26.0,"key":"The Courier"},{"floor":29.0,"key":"Molten Egg 2"},{"floor":30.0,"key":"Frozen Egg 2"},{"floor":31.0,"key":"Omamori"},{"floor":35.0,"key":"Gremlin Horn"},{"floor":36.0,"key":"Toy Ornithopter"},{"floor":37.0,"key":"Orichalcum"},{"floor":39.0,"key":"Mummified Hand"},{"floor":40.0,"key":"Potion Belt"},{"floor":42.0,"key":"StrikeDummy"},{"floor":43.0,"key":"Bag of Preparation"},{"floor":45.0,"key":"Juzu Bracelet"}],"event_choices":[{"damage_healed":0.0,"max_hp_gain":0.0,"max_hp_loss":0.0,"gold_gain":0.0,"event_name":"Tomb of Lord Red Mask","player_choice":"Ignored","floor":44.0,"gold_loss":0.0,"damage_taken":0.0},{"cards_removed":["Strike_P"],"damage_healed":0.0,"max_hp_gain":0.0,"max_hp_loss":0.0,"gold_gain":0.0,"event_name":"Falling","player_choice":"Removed Attack","floor":46.0,"gold_loss":0.0,"damage_taken":0.0}],"is_beta":false,"boss_relics":[{"not_picked":["Runic Pyramid","Velvet Choker"],"picked":"Astrolabe"},{"not_picked":["Busted Crown","Snecko Eye"],"picked":"SacredBark"}],"items_purged_floors":[24,48],"is_endless":false,"potions_floor_spawned":[1,3,10,11,19,21,22,23,25,29,30,31,33,35,36,37,39,40,42,45],"ascension_level":0}}