{"host":"xes75gx807s8gyhc","time":1612305769,"event":{"mods":["AchievementEnabler","BaseMod","Colored Powertips","Curses Come First","Minty Spire (QoL Compilation)","Rare Cards Sparkle","Relic Stats","StSLib","Unceasing Turn Reminder","everything is the same but u backflip on backflip"],"gold_per_floor":[112,127,0,0,0,29,29,42,42,42,62,76,106,117,117,212,212,199,211,111,111,126,142,142,169,218,218,235,246,280,280,280,376,376,393,743,743,743,755,755,781,796,845,845,864,897,897,629,629,629,629,629,83,117,117],"floor_reached":56,"language":"ENG","playtime":4635,"items_purged":["Strike_B","Strike_B","Defend_B","Zap"],"score":1460,"play_id":"0bbf0330-237f-4b6a-950f-7766b7c4d8f8","local_time":"20210202144249","is_ascension_mode":true,"campfire_choices":[{"data":"Buffer","floor":7.0,"key":"SMITH"},{"data":"Capacitor","floor":15.0,"key":"SMITH"},{"data":"Biased Cognition","floor":24.0,"key":"SMITH"},{"data":"Reinforced Body","floor":27.0,"key":"SMITH"},{"floor":32.0,"key":"REST"},{"data":"Biased Cognition","floor":40,"key":"SMITH"},{"floor":44,"key":"RECALL"},{"data":"Seek","floor":47,"key":"SMITH"},{"data":"Coolheaded","floor":49,"key":"SMITH"},{"data":"Coolheaded","floor":52,"key":"SMITH"}],"circlet_count":0,"master_deck":["Dualcast","Gash","Capacitor+1","Gash","Buffer+1","Compile Driver","Coolheaded+1","Gash","Coolheaded","Loop","Ball Lightning","Biased Cognition+1","Gash","Gash","Coolheaded+1","Self Repair+1","Reinforced Body+1","FTL","Echo Form","Hologram+1","FTL","Gash+1","Heatsinks","Glacier","Biased Cognition+1","Glacier+1","Ball Lightning+1","Dark Shackles","Sweeping Beam+1","Stack+1","Static Discharge+1","Self Repair+1","Seek+1","Hologram+1","Capacitor"],"relics":["Cracked Core","NeowsBlessing","Torii","Prayer Wheel","MealTicket","Philosopher\u0027s Stone","Nunchaku","Lantern","Pen Nib","Coffee Dripper","Old Coin","Juzu Bracelet","Toy Ornithopter","Lee\u0027s Waffle","Membership Card","Ice Cream","Bag of Marbles","Orichalcum"],"acts_visited":["Exordium","TheCity","TheBeyond","TheEnding"],"potions_floor_usage":[50,50,55,55,55],"damage_taken":[{"damage":0.0,"enemies":"2 Louse","floor":1.0,"turns":1.0},{"damage":0.0,"enemies":"Small Slimes","floor":2.0,"turns":1.0},{"damage":0.0,"enemies":"Lagavulin","floor":6.0,"turns":1.0},{"damage":0.0,"enemies":"Cultist","floor":8.0,"turns":4.0},{"damage":1.0,"enemies":"Blue Slaver","floor":11.0,"turns":5.0},{"damage":0.0,"enemies":"Looter","floor":12.0,"turns":4.0},{"damage":0.0,"enemies":"Gremlin Nob","floor":13.0,"turns":4.0},{"damage":0.0,"enemies":"Gremlin Gang","floor":14.0,"turns":3.0},{"damage":10.0,"enemies":"Slime Boss","floor":16.0,"turns":8.0},{"damage":13.0,"enemies":"2 Thieves","floor":18.0,"turns":4.0},{"damage":12.0,"enemies":"Shell Parasite","floor":19.0,"turns":4.0},{"damage":15.0,"enemies":"Snake Plant","floor":22.0,"turns":5.0},{"damage":0.0,"enemies":"Centurion and Healer","floor":23.0,"turns":6.0},{"damage":7.0,"enemies":"Gremlin Leader","floor":25.0,"turns":5.0},{"damage":13.0,"enemies":"Shelled Parasite and Fungi","floor":28.0,"turns":5.0},{"damage":15.0,"enemies":"Snake Plant","floor":29.0,"turns":3.0},{"damage":39.0,"enemies":"Book of Stabbing","floor":30.0,"turns":6.0},{"damage":0.0,"enemies":"Champ","floor":33.0,"turns":7.0},{"damage":1,"enemies":"3 Shapes","floor":35,"turns":3},{"damage":8,"enemies":"2 Orb Walkers","floor":36,"turns":6},{"damage":0,"enemies":"Orb Walker","floor":39,"turns":3},{"damage":18,"enemies":"Reptomancer","floor":41,"turns":7},{"damage":1,"enemies":"Writhing Mass","floor":42,"turns":7},{"damage":0,"enemies":"Sphere and 2 Shapes","floor":45,"turns":5},{"damage":10,"enemies":"Giant Head","floor":46,"turns":7},{"damage":24,"enemies":"Awakened One","floor":50,"turns":11},{"damage":7,"enemies":"Shield and Spear","floor":54,"turns":6},{"damage":26,"enemies":"The Heart","floor":55,"turns":10}],"seed_played":"-4035678449161067663","potions_obtained":[{"floor":6.0,"key":"PotionOfCapacity"},{"floor":12.0,"key":"Fire Potion"},{"floor":13.0,"key":"Strength Potion"},{"floor":14.0,"key":"GamblersBrew"},{"floor":19.0,"key":"ColorlessPotion"},{"floor":22.0,"key":"Regen Potion"},{"floor":23.0,"key":"BlessingOfTheForge"},{"floor":25.0,"key":"Ancient Potion"},{"floor":33,"key":"AttackPotion"},{"floor":35,"key":"SpeedPotion"},{"floor":41,"key":"Weak Potion"},{"floor":46,"key":"SkillPotion"}],"is_trial":false,"path_per_floor":["M","M","$","?","?","E","R","M","T","?","M","M","E","M","R","B",null,"M","M","$","?","M","M","R","E","T","R","M","M","E","?","R","B",null,"M","?","?","?","M","R","E","M","T","R","M","E","R","$","R","B",null,"R","$","E","B",null],"character_chosen":"DEFECT","items_purchased":["Gash","Lee\u0027s Waffle","Membership Card","Ice Cream","Capacitor","FocusPotion","SkillPotion","Bag of Marbles"],"campfire_rested":1,"item_purchase_floors":[3,48,53,53,53,53,53,53],"current_hp_per_floor":[75,75,75,68,68,68,68,68,68,73,72,72,72,72,72,62,80,67,55,70,70,55,65,65,68,68,68,65,59,40,40,64,74,80,80,80,80,80,80,80,62,61,61,61,80,80,80,87,87,87,87,87,87,87,81],"gold":117,"neow_bonus":"THREE_ENEMY_KILL","is_daily":false,"chose_seed":false,"campfire_upgraded":8,"win_rate":0.0,"timestamp":1612305769,"path_taken":["M","M","$","?","?","E","R","?","T","?","M","M","E","M","R","BOSS","M","M","$","?","M","?","R","E","T","R","M","M","E","?","R","BOSS","BOSS","M","?","?","?","M","R","E","M","T","R","M","E","R","?","R","BOSS","R","$","E","BOSS"],"items_purchased_type":["Card","Relic","Relic","Relic","Card","Potion","Potion","Relic"],"build_version":"2020-12-22","purchased_purges":4,"victory":true,"max_hp_per_floor":[75,75,75,75,75,75,75,75,75,80,80,80,80,80,80,80,80,80,80,80,80,80,80,80,80,80,80,80,80,80,80,80,80,80,80,80,80,80,80,80,80,80,80,80,80,80,80,87,87,87,87,87,87,87,87],"relic_stats":{"Nunchaku":[24],"Lee\u0027s Waffle":7,"Torii":17,"counters":[28,141],"Prayer Wheel":13,"MealTicket":15,"Pen Nib":[21],"Juzu Bracelet":0,"Orichalcum":[12],"obtain_stats":[{"Ice Cream":53,"Lantern":26,"Lee\u0027s Waffle":48,"NeowsBlessing":0,"Torii":6,"Pen Nib":30,"Juzu Bracelet":41,"Orichalcum":54,"Old Coin":36,"Nunchaku":25,"Prayer Wheel":9,"MealTicket":13,"Philosopher\u0027s Stone":17,"Coffee Dripper":34,"Bag of Marbles":53,"Membership Card":53,"Cracked Core":0,"Toy Ornithopter":46},{"Ice Cream":26,"Lantern":14,"Lee\u0027s Waffle":25,"NeowsBlessing":0,"Torii":3,"Pen Nib":17,"Juzu Bracelet":22,"Orichalcum":27,"Old Coin":20,"Nunchaku":14,"Prayer Wheel":4,"MealTicket":7,"Philosopher\u0027s Stone":9,"Coffee Dripper":18,"Bag of Marbles":26,"Membership Card":26,"Cracked Core":0,"Toy Ornithopter":25},{"Ice Cream":125,"Lantern":55,"Lee\u0027s Waffle":114,"NeowsBlessing":0,"Torii":3,"Pen Nib":69,"Juzu Bracelet":95,"Orichalcum":131,"Old Coin":85,"Nunchaku":55,"Prayer Wheel":7,"MealTicket":20,"Philosopher\u0027s Stone":31,"Coffee Dripper":76,"Bag of Marbles":125,"Membership Card":125,"Cracked Core":0,"Toy Ornithopter":114}],"Toy Ornithopter":19},"card_choices":[{"not_picked":["Rebound","Heatsinks"],"picked":"Gash","floor":1.0},{"not_picked":["Self Repair","Beam Cell"],"picked":"Capacitor","floor":2.0},{"not_picked":["Streamline","Cold Snap"],"picked":"Buffer","floor":6.0},{"not_picked":["Steam Power","Force Field"],"picked":"Compile Driver","floor":8.0},{"not_picked":["Skim","Static Discharge"],"picked":"Coolheaded","floor":11.0},{"not_picked":["Turbo","Steam Power","Stack"],"picked":"SKIP","floor":11.0},{"not_picked":["Sunder","Steam"],"picked":"Gash","floor":12.0},{"not_picked":["Barrage","Redo","Stack"],"picked":"SKIP","floor":12.0},{"not_picked":["Barrage","White Noise"],"picked":"Coolheaded","floor":13.0},{"not_picked":["Compile Driver","Blizzard"],"picked":"Loop","floor":14.0},{"not_picked":["Barrage","Conserve Battery"],"picked":"Ball Lightning","floor":14.0},{"not_picked":["Electrodynamics","Multi-Cast"],"picked":"Biased Cognition","floor":16.0},{"not_picked":["Undo","Stack+1"],"picked":"Gash","floor":18.0},{"not_picked":["White Noise","Rebound"],"picked":"Gash","floor":18.0},{"not_picked":["Rebound","Stack"],"picked":"Coolheaded","floor":19.0},{"not_picked":["Go for the Eyes+1","Reprogram+1"],"picked":"Self Repair+1","floor":19.0},{"not_picked":["Aggregate","Tempest"],"picked":"Reinforced Body","floor":22.0},{"not_picked":["Redo","Undo","Compile Driver"],"picked":"SKIP","floor":22.0},{"not_picked":["Sweeping Beam","Turbo"],"picked":"FTL","floor":23.0},{"not_picked":["Coolheaded+1","Conserve Battery","Reprogram"],"picked":"SKIP","floor":23.0},{"not_picked":["Reprogram","Reboot"],"picked":"Echo Form","floor":25.0},{"not_picked":["Cold Snap+1","Reinforced Body"],"picked":"Hologram+1","floor":28.0},{"not_picked":["Rebound","Hologram","Conserve Battery"],"picked":"SKIP","floor":28.0},{"not_picked":["Cold Snap","Stack+1"],"picked":"FTL","floor":29.0},{"not_picked":["Stack","Ball Lightning"],"picked":"Gash+1","floor":29.0},{"not_picked":["Rebound","Lockon","Blizzard+1"],"picked":"SKIP","floor":30.0},{"not_picked":["Electrodynamics","Reboot"],"picked":"Biased Cognition","floor":33},{"not_picked":["Turbo","Redo+1"],"picked":"Glacier+1","floor":35},{"not_picked":["Cold Snap","Static Discharge+1"],"picked":"Ball Lightning+1","floor":35},{"not_picked":["Jack Of All Trades","Discovery"],"picked":"Dark Shackles","floor":37},{"not_picked":["Self Repair","Defragment"],"picked":"Sweeping Beam+1","floor":39},{"not_picked":["Steam Power","Consume"],"picked":"Stack+1","floor":39},{"not_picked":["Ball Lightning","Streamline"],"picked":"Static Discharge+1","floor":41},{"not_picked":["Hologram","Ball Lightning+1"],"picked":"Self Repair+1","floor":42},{"not_picked":["Redo+1","Undo","Double Energy+1"],"picked":"SKIP","floor":42},{"not_picked":["Undo","Turbo+1"],"picked":"Seek","floor":45},{"not_picked":["Fusion+1","BootSequence","Glacier+1"],"picked":"SKIP","floor":45},{"not_picked":["Beam Cell","Undo+1"],"picked":"Hologram+1","floor":46},{"not_picked":["Rebound+1","Hologram+1","Meteor Strike"],"picked":"SKIP","floor":54}],"player_experience":26092,"relics_obtained":[{"floor":6.0,"key":"Torii"},{"floor":9.0,"key":"Prayer Wheel"},{"floor":13.0,"key":"MealTicket"},{"floor":25.0,"key":"Nunchaku"},{"floor":26.0,"key":"Lantern"},{"floor":30.0,"key":"Pen Nib"},{"floor":36,"key":"Old Coin"},{"floor":41,"key":"Juzu Bracelet"},{"floor":46,"key":"Toy Ornithopter"},{"floor":54,"key":"Orichalcum"}],"event_choices":[{"cards_removed":["Strike_B"],"damage_healed":0.0,"max_hp_gain":0.0,"max_hp_loss":0.0,"gold_gain":0.0,"event_name":"Golden Wing","player_choice":"Card Removal","floor":4.0,"gold_loss":0.0,"damage_taken":7.0},{"cards_removed":["Strike_B"],"damage_healed":0.0,"max_hp_gain":0.0,"max_hp_loss":0.0,"gold_gain":0.0,"event_name":"Purifier","player_choice":"Purged","floor":5.0,"gold_loss":0.0,"damage_taken":0.0},{"damage_healed":0.0,"max_hp_gain":5.0,"max_hp_loss":0.0,"gold_gain":0.0,"event_name":"Big Fish","player_choice":"Donut","floor":10.0,"gold_loss":0.0,"damage_taken":0.0},{"cards_removed":["Defend_B"],"damage_healed":0.0,"max_hp_gain":0.0,"max_hp_loss":0.0,"gold_gain":0.0,"event_name":"Bonfire Elementals","player_choice":"Offered Basic","floor":21.0,"gold_loss":0.0,"damage_taken":0.0},{"damage_healed":0.0,"max_hp_gain":0.0,"max_hp_loss":0.0,"gold_gain":0.0,"cards_transformed":["Defend_B","Defend_B"],"event_name":"Drug Dealer","player_choice":"Became Test Subject","floor":31.0,"gold_loss":0.0,"damage_taken":0.0,"cards_obtained":["Heatsinks","Glacier"]},{"damage_healed":0,"gold_gain":0,"player_choice":"Fight","damage_taken":0,"max_hp_gain":0,"max_hp_loss":0,"event_name":"Mysterious Sphere","floor":36,"gold_loss":0},{"damage_healed":0,"gold_gain":0,"player_choice":"Memory 1","damage_taken":0,"max_hp_gain":0,"max_hp_loss":0,"event_name":"SensoryStone","floor":37,"gold_loss":0},{"damage_healed":0,"gold_gain":0,"player_choice":"Ignored","damage_taken":0,"max_hp_gain":0,"max_hp_loss":0,"event_name":"Tomb of Lord Red Mask","floor":38,"gold_loss":0}],"is_beta":false,"boss_relics":[{"not_picked":["Calling Bell","SlaversCollar"],"picked":"Philosopher\u0027s Stone"},{"not_picked":["Astrolabe","Inserter"],"picked":"Coffee Dripper"}],"items_purged_floors":[3,20,48,53],"is_endless":false,"potions_floor_spawned":[6,12,13,14,19,22,23,25,33,35,41,45,46],"ascension_level":2}}