{"host":"uzp1tn8qxn9571p9","time":1612243914,"event":{"mods":["BaseMod","Colored Map","Colored Powertips","Hermit","Minty Spire (QoL Compilation)","Shop Mod","StSLib","óô»ðÖ¸ÄÏ"],"gold_per_floor":[113,113,130,130,149,149,166,184,184,204,232,232,257,270,270,367,367,367],"floor_reached":17,"language":"ZHS","playtime":862,"items_purged":[],"score":184,"play_id":"5cf18837-2e16-40f1-9599-01f03659e176","local_time":"20210202133154","is_ascension_mode":true,"campfire_choices":[{"data":"hermit:EyeOfTheStorm","floor":6,"key":"SMITH"},{"data":"hermit:CalledShot","floor":15,"key":"SMITH"}],"circlet_count":0,"master_deck":["hermit:Snapshot","hermit:Covet","hermit:WideOpen","hermit:EyeOfTheStorm+1","hermit:Headshot","hermit:Roulette","hermit:Desperado","hermit:Deadeye","hermit:Gestalt","hermit:ItchyTrigger","hermit:DeadOrAlive","hermit:CalledShot+1","hermit:LuckOfTheDraw","hermit:HeroicBravado","hermit:ShadowCloak","hermit:Midnight","hermit:TrackingShot","hermit:Cheat","hermit:Gestalt","hermit:Purgatory"],"relics":["hermit:Momento","Darkstone Periapt","Odd Mushroom","Matryoshka","Akabeko","Pandora\u0027s Box"],"acts_visited":["Exordium","TheCity"],"potions_floor_usage":[16,16],"damage_taken":[{"damage":2.0,"enemies":"Jaw Worm","floor":1.0,"turns":2.0},{"damage":0,"enemies":"Cultist","floor":3,"turns":3},{"damage":3,"enemies":"2 Louse","floor":5,"turns":2},{"damage":3,"enemies":"Blue Slaver","floor":7,"turns":2},{"damage":9,"enemies":"Red Slaver","floor":8,"turns":2},{"damage":11,"enemies":"The Mushroom Lair","floor":10,"turns":4},{"damage":2,"enemies":"Gremlin Nob","floor":11,"turns":4},{"damage":2,"enemies":"Lagavulin","floor":13,"turns":4},{"damage":0,"enemies":"2 Fungi Beasts","floor":14,"turns":2},{"damage":33,"enemies":"The Guardian","floor":16,"turns":9}],"seed_played":"3436849973245463035","potions_obtained":[{"floor":3,"key":"SkillPotion"},{"floor":8,"key":"EssenceOfSteel"},{"floor":10,"key":"Energy Potion"},{"floor":12,"key":"SteroidPotion"},{"floor":16,"key":"FearPotion"}],"is_trial":false,"path_per_floor":["M","?","M","T","M","R","M","M","T","?","E","?","E","M","R","B",null],"character_chosen":"HERMIT","items_purchased":[],"campfire_rested":0,"item_purchase_floors":[],"current_hp_per_floor":[66,66,66,66,63,63,60,51,51,40,38,38,36,36,36,3,68,68],"gold":367,"neow_bonus":"REMOVE_TWO","is_daily":false,"chose_seed":false,"campfire_upgraded":2,"win_rate":0.0,"timestamp":1612243914,"path_taken":["M","?","?","?","M","R","M","?","T","?","E","?","E","?","R","BOSS"],"items_purchased_type":[],"build_version":"2020-12-22","purchased_purges":0,"victory":false,"max_hp_per_floor":[68,68,68,68,68,68,68,68,68,68,68,68,68,68,68,68,68,68],"card_choices":[{"not_picked":["hermit:Ricochet","hermit:CalledShot"],"picked":"hermit:WideOpen","floor":1.0},{"not_picked":["hermit:Coalescence","hermit:HoleUp"],"picked":"hermit:Roulette","floor":3},{"not_picked":["hermit:Scavenge","hermit:Coalescence"],"picked":"hermit:Desperado","floor":5},{"not_picked":["hermit:Horror","hermit:CalledShot"],"picked":"hermit:Deadeye","floor":7},{"not_picked":["hermit:LowProfile","hermit:Quickdraw"],"picked":"hermit:Gestalt","floor":8},{"not_picked":["hermit:BigShot","hermit:Ricochet"],"picked":"hermit:ItchyTrigger","floor":10},{"not_picked":["hermit:Purgatory","hermit:Coalescence"],"picked":"hermit:DeadOrAlive","floor":11},{"not_picked":["hermit:Midnight","hermit:ItchyTrigger"],"picked":"hermit:CalledShot","floor":13},{"not_picked":["hermit:ItchyTrigger","hermit:Showdown"],"picked":"hermit:LuckOfTheDraw","floor":14},{"not_picked":["hermit:Adapt","hermit:FinalCanter"],"picked":"hermit:HeroicBravado","floor":16}],"player_experience":376740,"relics_obtained":[{"floor":9,"key":"Darkstone Periapt"},{"floor":10,"key":"Odd Mushroom"},{"floor":11,"key":"Matryoshka"},{"floor":13,"key":"Akabeko"}],"event_choices":[{"damage_healed":0,"gold_gain":0,"player_choice":"2 cards matched","damage_taken":0,"max_hp_gain":0,"max_hp_loss":0,"event_name":"Match and Keep!","floor":2,"gold_loss":0,"cards_obtained":["hermit:EyeOfTheStorm","hermit:Headshot"]},{"damage_healed":0,"gold_gain":0,"player_choice":"Fought Mushrooms","damage_taken":0,"max_hp_gain":0,"max_hp_loss":0,"event_name":"Mushrooms","floor":10,"gold_loss":0},{"damage_healed":0,"gold_gain":0,"player_choice":"Got Potions","damage_taken":0,"max_hp_gain":0,"max_hp_loss":0,"event_name":"Lab","floor":12,"gold_loss":0}],"is_beta":false,"boss_relics":[{"not_picked":["Velvet Choker","Sozu"],"picked":"Pandora\u0027s Box"}],"items_purged_floors":[],"is_endless":false,"potions_floor_spawned":[3,8,10,14,16],"ascension_level":2}}