{"host":"yq2wmfr0u0wuvxc0","time":1612258831,"event":{"mods":["Act Like it!","Aspiration","BaseMod","Colored Powertips","Curses Come First","Defuse TimeMaze Blight","Downfall","Friendly Minions","Gensokyo","Gremlin Mod","Hallownest","Hubris","Infinite Spire","Koishi","Marisa????????","Minty Spire (QoL Compilation)","Pale of the Ancients","Quick Restart","Rare Cards Sparkle","Remilia??????","Shop Mod","Smile Girya","Spicy Shops","StSLib","The Jungle","The Servant 0.9.4","Wide Potions","Youmu??????"],"gold_per_floor":[109,121,139,139,139,165,165,61,88,88,88,99,414,429,429,724,724,734,734,734,753,568,568,198,209,234,76,104,104,124,144,144,243,243,253,253,273,273,273,306,320,375,422,435,435,87,116,133,133,133,133],"floor_reached":50,"language":"ZHS","playtime":2756,"items_purged":["Koishi:BasicDefend","Koishi:BasicDefend","Underhanded Strike","Koishi:Provoke"],"score":647,"play_id":"7cbf50ef-7f84-4b37-bce6-c79072dc158f","local_time":"20210202014031","is_ascension_mode":false,"campfire_choices":[{"floor":7,"key":"REST"},{"data":"Koishi:HeartAttack","floor":11,"key":"SMITH"},{"floor":15,"key":"REST"},{"floor":23,"key":"REST"},{"data":"Koishi:HeartAttack","floor":29,"key":"SMITH"},{"floor":32,"key":"REST"},{"floor":45,"key":"REST"},{"data":"Koishi:ImGoingToCallYouNow","floor":49,"key":"SMITH"}],"circlet_count":0,"master_deck":["Koishi:HauntingSlash","Koishi:SpiritedAway","Koishi:HeartAttack+1","Koishi:ApparitionsStalkTheNight","Gensokyo:CrescentMoonSlash","Koishi:PhantomBarrier","Sucker Punch","Corpse Explosion","Koishi:RacingHeart","Koishi:UnconsciousUprising","Koishi:ReflexRadar","Gensokyo:SummonJeweledCobra","Koishi:ImGoingToCallYouNow+1","Koishi:MindNumbingTerror","Koishi:SubconsciousSweep","Koishi:UnconsciousUrges","Koishi:YoukaiPolygraph","Koishi:YoukaiPolygraph+1","Koishi:HeartAttack+1","Koishi:PredatoryInstincts+1","Koishi:DreadfulBlow","Koishi:SubterraneanRose","Koishi:PerfectMindControl+1","Koishi:PredatoryInstincts+1","Koishi:HeartAttack+1","Koishi:JumpScare","Koishi:SubconsciousSweep+1","Koishi:HeartAttack+1"],"relics":["Koishi:ImaginaryFriend","NeowsBlessing","aspiration:Lifesprig","Slimebound:StickyStick","Philosopher\u0027s Stone","Gensokyo:Companionship","hubris:Towel","theJungle:Creamberry","PreservedInsect","Bag of Marbles","Mummified Hand","hubris:GrandSneckoEye","Gremlin Horn","infinitespire:ShieldingShard","Ancient Tea Set","hubris:Spice","Chemical X","Koishi:BloodstainedWhiteRose","Incense Burner"],"acts_visited":["Gensokyo:Gensokyo","Gensokyo:Gensokyo","Hallownest:KingdomsEdge"],"potions_floor_usage":[6,14,16,18,30,30,42,47,50,50],"damage_taken":[{"damage":0,"enemies":"Gensokyo:Gryphon","floor":1,"turns":1},{"damage":0,"enemies":"Gensokyo:3_Fairies","floor":2,"turns":1},{"damage":0,"enemies":"Gensokyo:2_Kodama","floor":3,"turns":1},{"damage":14,"enemies":"Gensokyo:Mamizou","floor":6,"turns":8},{"damage":13,"enemies":"Gensokyo:5_Fairies","floor":12,"turns":7},{"damage":10,"enemies":"Gensokyo:VengefulSpirit","floor":13,"turns":4},{"damage":1,"enemies":"Gensokyo:Gryphon_and_Rabbit","floor":14,"turns":3},{"damage":15,"enemies":"Gensokyo:Yukari","floor":16,"turns":8},{"damage":29,"enemies":"theJungle:5_Spyders","floor":18,"turns":7},{"damage":32,"enemies":"theJungle:Flameango_and_Byrd","floor":21,"turns":4},{"damage":0,"enemies":"Snake Plant","floor":25,"turns":4},{"damage":11,"enemies":"theJungle:2_Phrogs","floor":28,"turns":4},{"damage":1,"enemies":"theJungle:JungleHuntersEncounter","floor":30,"turns":2},{"damage":6,"enemies":"theJungle:SlimyTreeVines","floor":31,"turns":4},{"damage":43,"enemies":"theJungle:QueenSpyder","floor":33,"turns":13},{"damage":23,"enemies":"Hallownest:2_Littles","floor":35,"turns":3},{"damage":7,"enemies":"Hallownest:3_Siblings","floor":37,"turns":4},{"damage":0,"enemies":"Hallownest:eliteHiveKnight","floor":40,"turns":5},{"damage":30,"enemies":"Hallownest:monsterPrimalAspid","floor":41,"turns":3},{"damage":30,"enemies":"Hallownest:2_Primals","floor":42,"turns":3},{"damage":0,"enemies":"Hallownest:2_Great","floor":44,"turns":2},{"damage":4,"enemies":"Hallownest:StalkingDevout","floor":47,"turns":4},{"damage":12,"enemies":"Hallownest:Shield_Sturdy","floor":48,"turns":3},{"damage":68,"enemies":"Hallownest:BossHollowKnight","floor":50,"turns":8}],"seed_played":"-7007301403978907994","potions_obtained":[{"floor":1,"key":"PowerPotion"},{"floor":2,"key":"PowerPotion"},{"floor":3,"key":"Energy Potion"},{"floor":14,"key":"SteroidPotion"},{"floor":21,"key":"Fire Potion"},{"floor":35,"key":"infinitespire:BlackPotion"},{"floor":44,"key":"Swift Potion"},{"floor":47,"key":"GamblersBrew"},{"floor":48,"key":"Block Potion"}],"is_trial":false,"path_per_floor":["M","M","M","?","?","E","R","COS","T","?","R","M","M","M","R","B",null,"M","?","?","M","?","R","$","M","T","$","E","R","M","M","R","B",null,"M","T","M","AVR","?","E","M","?","T","M","R","$","E","M","R","B"],"character_chosen":"KOISHI","items_purchased":["Koishi:UnconsciousUrges","PreservedInsect","Koishi:YoukaiPolygraph","Koishi:HeartAttack","Chemical X","Koishi:BloodstainedWhiteRose"],"campfire_rested":5,"item_purchase_floors":[24,24,24,27,46,46],"current_hp_per_floor":[60,60,60,51,27,16,34,34,34,34,34,21,11,10,28,23,60,49,41,41,9,9,27,27,30,30,30,20,20,22,22,40,25,60,37,37,59,59,59,60,37,20,28,28,50,50,76,68,68,0,0],"gold":133,"neow_bonus":"THREE_ENEMY_KILL","is_daily":false,"chose_seed":false,"campfire_upgraded":3,"win_rate":0.0,"timestamp":1612258831,"path_taken":["M","?","M","?","?","E","R","COS","T","?","R","?","M","M","R","BOSS","M","?","?","M","?","R","$","M","T","?","E","R","M","M","R","BOSS","M","?","?","AVR","?","E","M","?","T","M","R","$","E","M","R","BOSS"],"items_purchased_type":["Card","Relic","Card","Card","Relic","Relic"],"build_version":"2020-12-22","purchased_purges":4,"victory":false,"max_hp_per_floor":[60,60,60,60,60,60,60,60,60,60,60,60,60,60,60,60,60,60,60,60,60,60,60,60,60,60,60,60,60,60,60,60,60,60,60,60,60,60,60,60,60,68,76,76,76,76,76,68,68,68,68],"card_choices":[{"not_picked":["Koishi:ReflexRadar","Koishi:FourthEye"],"picked":"Koishi:SpiritedAway","floor":1},{"not_picked":["Koishi:DanmakuParanoia","Koishi:Untouchable"],"picked":"Koishi:HeartAttack","floor":2},{"not_picked":["Koishi:CatchAndRose","Koishi:HeartfeltFancy"],"picked":"Koishi:ApparitionsStalkTheNight","floor":3},{"not_picked":["Koishi:PhantomStrike","Koishi:FourthEye"],"picked":"Koishi:PhantomBarrier","floor":6},{"not_picked":["Koishi:PhantomBarrier","Koishi:StrangeCloudFist"],"picked":"Koishi:RacingHeart","floor":12},{"not_picked":["Koishi:PhantomStrike","Koishi:FidgetySnatcher"],"picked":"Koishi:UnconsciousUprising","floor":13},{"not_picked":["Koishi:UnansweredLove","Koishi:ApparitionsStalkTheNight"],"picked":"Koishi:ReflexRadar","floor":14},{"not_picked":["Koishi:HeartStoppingHorror","Koishi:RollingInRichesHeart"],"picked":"Koishi:ImGoingToCallYouNow","floor":16},{"not_picked":["Koishi:HeartfeltFancy","Koishi:EmbersOfLove"],"picked":"Koishi:MindNumbingTerror","floor":18},{"not_picked":["Koishi:Prune+1","Koishi:UnansweredLove"],"picked":"Koishi:SubconsciousSweep","floor":21},{"not_picked":["Koishi:EmbryosDream","Koishi:RacingHeart"],"picked":"Koishi:YoukaiPolygraph+1","floor":25},{"not_picked":["Koishi:DreadfulBlow","Koishi:JumpScare+1"],"picked":"Koishi:PredatoryInstincts+1","floor":28},{"not_picked":["Koishi:DanmakuParanoia+1","Koishi:PhantomStrike"],"picked":"Koishi:DreadfulBlow","floor":30},{"not_picked":["Koishi:UnconsciousUrges+1","Koishi:HeartStoppingHorror+1"],"picked":"Koishi:SubterraneanRose","floor":31},{"not_picked":["Koishi:GrowingPain+1","Koishi:TerrifyingSpectre+1"],"picked":"Koishi:PerfectMindControl+1","floor":33},{"not_picked":["Koishi:Prune+1","Koishi:MindNumbingTerror+1"],"picked":"Koishi:PredatoryInstincts+1","floor":35},{"not_picked":["Koishi:DreadfulBlow+1","Koishi:UnconsciousUprising+1"],"picked":"Koishi:HeartAttack+1","floor":37},{"not_picked":["Koishi:BloodcurdlingScream","Koishi:SpiritedAway"],"picked":"Koishi:JumpScare","floor":40},{"not_picked":["Koishi:FleetingPhantom+1","Koishi:ParalyzingFear+1","Koishi:EmbryosDream+1"],"picked":"SKIP","floor":41},{"not_picked":["Koishi:RacingHeart","Koishi:PhilosophyOfTheDespised+1"],"picked":"Koishi:SubconsciousSweep+1","floor":42},{"not_picked":["Koishi:Jaunt","Koishi:BloodcurdlingScream+1","Koishi:EmbryosDream"],"picked":"SKIP","floor":44},{"not_picked":["Koishi:ReflexRadar","Koishi:DNAsFlaw+1"],"picked":"Koishi:HeartAttack+1","floor":47},{"not_picked":["Koishi:BloodcurdlingScream+1","Koishi:SubconsciousSweep"],"picked":"hubris:SpiceAddiction","floor":48}],"player_experience":314988,"relics_obtained":[{"floor":6,"key":"aspiration:Lifesprig"},{"floor":9,"key":"Slimebound:StickyStick"},{"floor":26,"key":"Bag of Marbles"},{"floor":28,"key":"Mummified Hand"},{"floor":36,"key":"Gremlin Horn"},{"floor":40,"key":"Ancient Tea Set"},{"floor":42,"key":"hubris:Spice"},{"floor":43,"key":"hubris:Spice"},{"floor":47,"key":"Incense Burner"}],"event_choices":[],"is_beta":false,"boss_relics":[{"not_picked":["Pandora\u0027s Box","hubris:ScarierMask"],"picked":"Philosopher\u0027s Stone"},{"not_picked":["SacredBark","bronze:MakeshiftBattery"],"picked":"hubris:GrandSneckoEye"}],"items_purged_floors":[24,27,38,46],"is_endless":false,"potions_floor_spawned":[1,2,3,14,21,25,35,44,47,48],"killed_by":"Hallownest:BossHollowKnight","ascension_level":0}}