{"host":"sc0o2qwpf9j16a4i","time":1612275245,"event":{"mods":["AchievementEnabler","BaseMod","BetterRewards","Block Reminder","Colored Map","Colored Powertips","Custom Start","Highlight Path","Minty Spire (QoL Compilation)","Relic Stats"],"gold_per_floor":[111,111,111,127,302,327,341,341,341,357,377,1,33,33,33,129,129,140,140,140,158,257,287,307,327,327,347,347,40,40,59,359,457,457,468,484,14,26,1025,1059,1059,1059,1059,1088,1102,1156,238,265,265,265,265],"floor_reached":50,"language":"ENG","playtime":1873,"items_purged":[],"score":728,"play_id":"05137f80-1512-48ef-a676-d40ffc2cf612","local_time":"20210202161405","daily_mods":["Heirloom","ControlledChaos","Terminal"],"is_ascension_mode":false,"campfire_choices":[{"floor":8.0,"key":"REST"},{"floor":15.0,"key":"DIG"},{"floor":32,"key":"DIG"},{"floor":42,"key":"DIG"},{"floor":49,"key":"DIG"}],"circlet_count":0,"master_deck":["Strike_G","Strike_G","Strike_G","Strike_G","Strike_G","Defend_G","Defend_G","Defend_G","Defend_G","Defend_G+1","Survivor+1","Neutralize","Dagger Throw","Dash","Leg Sweep","Noxious Fumes","Apotheosis","Cloak And Dagger","Malaise","Tactician+1","Crippling Poison","Blur","Leg Sweep+1","Malaise","Calculated Gamble","Predator","Normality","Normality","Backflip+1","Eviscerate+1","Underhanded Strike+1","Choke","Blur"],"relics":["Ring of the Snake","Frozen Eye","Du-Vu Doll","Shovel","Ninja Scroll","Odd Mushroom","Lee\u0027s Waffle","MealTicket","Potion Belt","Snecko Eye","Frozen Egg 2","InkBottle","Orichalcum","TwistedFunnel","Old Coin","WristBlade","Oddly Smooth Stone","Centennial Puzzle","Juzu Bracelet","Ice Cream","Mercury Hourglass","Ginger","Calipers","Dead Branch","OrangePellets","Pocketwatch","Smiling Mask","Bag of Marbles"],"acts_visited":["Exordium","TheCity","TheBeyond"],"potions_floor_usage":[23,27,31,33,33,50,50,50,50,50],"damage_taken":[{"damage":0.0,"enemies":"Jaw Worm","floor":1.0,"turns":4.0},{"damage":0.0,"enemies":"Small Slimes","floor":4.0,"turns":3.0},{"damage":23.0,"enemies":"Gremlin Nob","floor":6.0,"turns":5.0},{"damage":1.0,"enemies":"Cultist","floor":7.0,"turns":4.0},{"damage":0.0,"enemies":"2 Fungi Beasts","floor":10.0,"turns":3.0},{"damage":3.0,"enemies":"The Mushroom Lair","floor":11.0,"turns":4.0},{"damage":0.0,"enemies":"Lagavulin","floor":13.0,"turns":6.0},{"damage":15.0,"enemies":"Hexaghost","floor":16.0,"turns":8.0},{"damage":0,"enemies":"Shell Parasite","floor":18,"turns":4},{"damage":0,"enemies":"Chosen","floor":21,"turns":6},{"damage":26,"enemies":"Slavers","floor":23,"turns":6},{"damage":0,"enemies":"Centurion and Healer","floor":24,"turns":5},{"damage":0,"enemies":"Snecko","floor":25,"turns":6},{"damage":26,"enemies":"3 Cultists","floor":27,"turns":5},{"damage":0,"enemies":"Shelled Parasite and Fungi","floor":31,"turns":5},{"damage":2,"enemies":"Collector","floor":33,"turns":6},{"damage":0,"enemies":"3 Shapes","floor":35,"turns":4},{"damage":0,"enemies":"3 Darklings","floor":36,"turns":6},{"damage":1,"enemies":"Writhing Mass","floor":38,"turns":10},{"damage":0,"enemies":"Reptomancer","floor":40,"turns":8},{"damage":0,"enemies":"Nemesis","floor":44,"turns":5},{"damage":0,"enemies":"Maw","floor":45,"turns":5},{"damage":6,"enemies":"2 Orb Walkers","floor":46,"turns":4},{"damage":25,"enemies":"Awakened One","floor":50,"turns":8}],"seed_played":"8557601580537262183","potions_obtained":[{"floor":1.0,"key":"LiquidMemories"},{"floor":4.0,"key":"SmokeBomb"},{"floor":13.0,"key":"Regen Potion"},{"floor":14.0,"key":"PowerPotion"},{"floor":14.0,"key":"CultistPotion"},{"floor":16.0,"key":"BlessingOfTheForge"},{"floor":23,"key":"LiquidMemories"},{"floor":27,"key":"Regen Potion"},{"floor":36,"key":"FearPotion"},{"floor":38,"key":"DuplicationPotion"}],"is_trial":true,"path_per_floor":["M","?","?","M","?","E","M","R","T","M","?","$","E","?","R","B",null,"M","?","$","M","?","E","M","M","T","M","?","$","?","M","R","B",null,"M","M","$","M","?","E","?","R","T","E","M","?","$","T","R","B"],"character_chosen":"THE_SILENT","items_purchased":["Apotheosis","Lee\u0027s Waffle","Dexterity Potion","Orichalcum","TwistedFunnel","Oddly Smooth Stone","Centennial Puzzle","LiquidMemories","BlessingOfTheForge","Poison Potion","Dead Branch","OrangePellets","Pocketwatch","Choke","Blur"],"campfire_rested":1,"item_purchase_floors":[12,12,12,29,29,37,37,37,37,37,47,47,47,47,47],"current_hp_per_floor":[68,67,54,54,54,31,30,48,48,48,45,64,63,62,61,46,59,58,57,56,55,54,28,28,28,28,2,18,33,33,45,44,42,42,41,40,39,38,37,36,33,32,31,30,29,23,27,26,25,0,0],"gold":265,"neow_bonus":"","is_daily":false,"chose_seed":false,"campfire_upgraded":0,"win_rate":0.0,"timestamp":1612275245,"path_taken":["M","?","?","M","?","E","M","R","T","?","?","?","E","?","R","BOSS","M","?","?","?","?","E","M","M","T","M","?","$","?","M","R","BOSS","M","?","$","M","?","E","?","R","T","E","M","?","?","?","R","BOSS"],"items_purchased_type":["Card","Relic","Potion","Relic","Relic","Relic","Relic","Potion","Potion","Potion","Relic","Relic","Relic","Card","Card"],"build_version":"2020-12-22","purchased_purges":0,"victory":false,"max_hp_per_floor":[68,67,66,65,64,63,62,61,60,59,58,64,63,62,61,60,59,58,57,56,55,54,53,52,51,50,49,48,47,46,45,44,43,42,41,40,39,38,37,36,33,32,31,30,29,28,27,26,25,25,25],"relic_stats":{"Lee\u0027s Waffle":20,"counters":[24,130],"Dead Branch":[17],"Juzu Bracelet":0,"Ginger":[3],"Orichalcum":[72],"Smiling Mask":0,"Mercury Hourglass":[95],"OrangePellets":[1],"Centennial Puzzle":[9],"Shovel":4,"Snecko Eye":[172,156,166,168],"MealTicket":20,"obtain_stats":[{"TwistedFunnel":29,"Ice Cream":42,"Calipers":46,"Juzu Bracelet":40,"Ginger":44,"Smiling Mask":48,"Old Coin":32,"Frozen Eye":0,"Centennial Puzzle":37,"Shovel":6,"WristBlade":34,"Ninja Scroll":9,"MealTicket":13,"InkBottle":26,"Ring of the Snake":0,"Potion Belt":15,"Lee\u0027s Waffle":12,"Dead Branch":47,"Oddly Smooth Stone":37,"Odd Mushroom":11,"Frozen Egg 2":23,"Orichalcum":29,"Mercury Hourglass":43,"Du-Vu Doll":0,"OrangePellets":47,"Snecko Eye":17,"Bag of Marbles":49,"Pocketwatch":47},{"TwistedFunnel":14,"Ice Cream":20,"Calipers":23,"Juzu Bracelet":20,"Ginger":21,"Smiling Mask":23,"Old Coin":15,"Frozen Eye":0,"Centennial Puzzle":18,"Shovel":3,"WristBlade":16,"Ninja Scroll":4,"MealTicket":7,"InkBottle":13,"Ring of the Snake":0,"Potion Belt":7,"Lee\u0027s Waffle":6,"Dead Branch":23,"Oddly Smooth Stone":18,"Odd Mushroom":6,"Frozen Egg 2":11,"Orichalcum":14,"Mercury Hourglass":20,"Du-Vu Doll":0,"OrangePellets":23,"Snecko Eye":8,"Bag of Marbles":23,"Pocketwatch":23},{"TwistedFunnel":69,"Ice Cream":108,"Calipers":122,"Juzu Bracelet":108,"Ginger":113,"Smiling Mask":122,"Old Coin":74,"Frozen Eye":0,"Centennial Puzzle":90,"Shovel":12,"WristBlade":80,"Ninja Scroll":16,"MealTicket":29,"InkBottle":64,"Ring of the Snake":0,"Potion Belt":29,"Lee\u0027s Waffle":23,"Dead Branch":122,"Oddly Smooth Stone":90,"Odd Mushroom":23,"Frozen Egg 2":53,"Orichalcum":69,"Mercury Hourglass":108,"Du-Vu Doll":0,"OrangePellets":122,"Snecko Eye":37,"Bag of Marbles":122,"Pocketwatch":122}],"InkBottle":[28],"Ring of the Snake":[16],"Pocketwatch":[8]},"card_choices":[{"not_picked":["Heel Hook","Endless Agony"],"picked":"Dagger Throw","floor":1.0},{"not_picked":["Setup","Dagger Spray"],"picked":"Dash","floor":4.0},{"not_picked":["Bouncing Flask","Outmaneuver"],"picked":"Leg Sweep","floor":6.0},{"not_picked":["Expertise","Outmaneuver","Acrobatics"],"picked":"SKIP","floor":7.0},{"not_picked":["Heel Hook","Infinite Blades","Finisher"],"picked":"SKIP","floor":10.0},{"not_picked":["Bouncing Flask","After Image"],"picked":"Noxious Fumes","floor":11.0},{"not_picked":["Sucker Punch","Quick Slash"],"picked":"Cloak And Dagger","floor":13.0},{"not_picked":["Venomology","Night Terror"],"picked":"Malaise","floor":16.0},{"not_picked":["Masterful Stab+1","Prepared"],"picked":"Tactician+1","floor":18},{"not_picked":["Sucker Punch","Poisoned Stab"],"picked":"Crippling Poison","floor":21},{"not_picked":["Unload","Quick Slash+1","Dodge and Roll"],"picked":"SKIP","floor":23},{"not_picked":["Outmaneuver","Quick Slash+1"],"picked":"Blur","floor":24},{"not_picked":["Choke","Outmaneuver","Underhanded Strike"],"picked":"SKIP","floor":25},{"not_picked":["Quick Slash+1","Finisher"],"picked":"Leg Sweep+1","floor":27},{"not_picked":["Flechettes","Setup+1","Sucker Punch"],"picked":"SKIP","floor":31},{"not_picked":["Poisoned Stab","Acrobatics"],"picked":"Calculated Gamble","floor":35},{"not_picked":["Prepared","PiercingWail"],"picked":"Predator","floor":36},{"not_picked":["Accuracy+1","Flechettes+1","Well Laid Plans+1"],"picked":"SKIP","floor":38},{"not_picked":["Deflect+1","Setup+1"],"picked":"Backflip+1","floor":40},{"not_picked":["Noxious Fumes+1","Backstab","Venomology"],"picked":"SKIP","floor":44},{"not_picked":["Caltrops+1","Poisoned Stab"],"picked":"Eviscerate+1","floor":45},{"not_picked":["Poisoned Stab+1","Deflect+1"],"picked":"Underhanded Strike+1","floor":46}],"player_experience":1139870,"relics_obtained":[{"floor":6.0,"key":"Shovel"},{"floor":9.0,"key":"Ninja Scroll"},{"floor":11.0,"key":"Odd Mushroom"},{"floor":13.0,"key":"MealTicket"},{"floor":15.0,"key":"Potion Belt"},{"floor":23,"key":"Frozen Egg 2"},{"floor":26,"key":"InkBottle"},{"floor":32,"key":"Old Coin"},{"floor":40,"key":"Juzu Bracelet"},{"floor":42,"key":"Ice Cream"},{"floor":43,"key":"Mercury Hourglass"},{"floor":44,"key":"Ginger"},{"floor":46,"key":"Calipers"},{"floor":48,"key":"Smiling Mask"},{"floor":49,"key":"Bag of Marbles"}],"event_choices":[{"damage_healed":0.0,"max_hp_gain":0.0,"max_hp_loss":0.0,"gold_gain":0.0,"event_name":"The Cleric","player_choice":"Leave","floor":2.0,"gold_loss":0.0,"damage_taken":0.0},{"damage_healed":0.0,"max_hp_gain":0.0,"max_hp_loss":0.0,"gold_gain":0.0,"event_name":"Shining Light","player_choice":"Entered Light","floor":3.0,"gold_loss":0.0,"damage_taken":13.0,"cards_upgraded":["Survivor","Defend_G"]},{"damage_healed":0.0,"max_hp_gain":0.0,"max_hp_loss":0.0,"gold_gain":175.0,"event_name":"Liars Game","player_choice":"AGREE","floor":5.0,"gold_loss":0.0,"damage_taken":0.0,"cards_obtained":["Doubt"]},{"damage_healed":0.0,"max_hp_gain":0.0,"max_hp_loss":0.0,"gold_gain":0.0,"event_name":"Mushrooms","player_choice":"Fought Mushrooms","floor":11.0,"gold_loss":0.0,"damage_taken":0.0},{"damage_healed":0.0,"max_hp_gain":0.0,"max_hp_loss":0.0,"gold_gain":0.0,"event_name":"Lab","player_choice":"Got Potions","floor":14.0,"gold_loss":0.0,"damage_taken":0.0},{"cards_removed":["Doubt"],"damage_healed":0,"gold_gain":0,"player_choice":"Removed Curses","damage_taken":0,"max_hp_gain":0,"max_hp_loss":0,"event_name":"Fountain of Cleansing","floor":19,"gold_loss":0},{"damage_healed":0,"gold_gain":99,"player_choice":"Stole From Cult","damage_taken":0,"max_hp_gain":0,"max_hp_loss":0,"event_name":"Nest","floor":22,"gold_loss":0},{"damage_healed":16,"gold_gain":0,"player_choice":"Heal","damage_taken":0,"max_hp_gain":0,"max_hp_loss":0,"event_name":"The Library","floor":28,"gold_loss":0},{"damage_healed":0,"gold_gain":0,"player_choice":"Copied","damage_taken":0,"max_hp_gain":0,"max_hp_loss":0,"event_name":"Duplicator","floor":30,"gold_loss":0,"cards_obtained":["Malaise"]},{"damage_healed":0,"gold_gain":999,"player_choice":"Gold","damage_taken":0,"max_hp_gain":0,"max_hp_loss":0,"event_name":"MindBloom","floor":39,"gold_loss":0,"cards_obtained":["Normality","Normality"]},{"damage_healed":0,"gold_gain":0,"player_choice":"Max HP","damage_taken":0,"max_hp_gain":0,"max_hp_loss":2,"event_name":"Winding Halls","floor":41,"gold_loss":0},{"damage_healed":0,"gold_gain":0,"player_choice":"Fight","damage_taken":0,"max_hp_gain":0,"max_hp_loss":0,"event_name":"Mysterious Sphere","floor":46,"gold_loss":0}],"is_beta":false,"boss_relics":[{"not_picked":["Runic Dome","Philosopher\u0027s Stone"],"picked":"Snecko Eye"},{"not_picked":["Coffee Dripper","Runic Pyramid"],"picked":"WristBlade"}],"items_purged_floors":[],"is_endless":false,"potions_floor_spawned":[1,4,13,16,23,27,36,38,44,46],"killed_by":"Awakened One","ascension_level":0}}