{"host":"06gxn1c1bsk424jw","time":1612263385,"event":{"mods":["BaseMod","DeckTracker","Minty Spire (QoL Compilation)","SuperFastMode"],"gold_per_floor":[219,219,219,3,3,47,47,47,47,47,86,99,112,126,126,219,219,219,219,219,219,219,219,219,219,219,219,219,219,219,219,219,219,219,219,144,144,144,4,4,4,4,4,4,4,4,4,4,4,4],"floor_reached":51,"language":"KOR","playtime":3819,"items_purged":[],"score":1220,"play_id":"ad5e0e0f-16eb-4faa-8f7f-cf53bed714ae","local_time":"20210202195625","is_ascension_mode":true,"campfire_choices":[{"floor":7,"key":"REST"},{"floor":10,"key":"REST"},{"data":"Entrench","floor":15,"key":"SMITH"},{"data":"Barricade","floor":23,"key":"SMITH"},{"floor":25,"key":"REST"},{"data":"Limit Break","floor":32,"key":"SMITH"},{"floor":40,"key":"REST"},{"floor":44,"key":"REST"},{"floor":46,"key":"REST"},{"data":"Dark Embrace","floor":49,"key":"SMITH"}],"circlet_count":0,"master_deck":["AscendersBane","Bash+1","Power Through","Limit Break+1","Entrench+1","Spot Weakness","Barricade+1","Metallicize","Shockwave","Heavy Blade+1","Seeing Red","Berserk","Brutality","Rampage","Dark Embrace+1","Limit Break","Seeing Red","Demon Form","Headbutt","Second Wind","Bludgeon","Rupture","Evolve","Ghostly Armor","Iron Wave","Writhe","Sentinel+1"],"relics":["Burning Blood","Golden Idol","Bag of Marbles","TungstenRod","Pantograph","Oddly Smooth Stone","Ectoplasm","MutagenicStrength","Toy Ornithopter","Du-Vu Doll","Pandora\u0027s Box","Mango","Pen Nib","Mummified Hand"],"acts_visited":["Exordium","TheCity","TheBeyond"],"potions_floor_usage":[4,6,11,16,21,24,31,33,35,37,50],"damage_taken":[{"damage":12,"enemies":"Small Slimes","floor":1,"turns":4},{"damage":52,"enemies":"Lagavulin","floor":6,"turns":8},{"damage":27,"enemies":"Gremlin Nob","floor":11,"turns":4},{"damage":0,"enemies":"2 Louse","floor":12,"turns":3},{"damage":3,"enemies":"Cultist","floor":13,"turns":4},{"damage":0,"enemies":"Large Slime","floor":14,"turns":5},{"damage":44,"enemies":"The Guardian","floor":16,"turns":13},{"damage":17,"enemies":"3 Byrds","floor":18,"turns":7},{"damage":25,"enemies":"Spheric Guardian","floor":19,"turns":10},{"damage":8,"enemies":"Centurion and Healer","floor":21,"turns":9},{"damage":26,"enemies":"Sentry and Sphere","floor":24,"turns":7},{"damage":17,"enemies":"Gremlin Leader","floor":27,"turns":9},{"damage":14,"enemies":"Snecko","floor":29,"turns":6},{"damage":4,"enemies":"Shelled Parasite and Fungi","floor":30,"turns":5},{"damage":0,"enemies":"Centurion and Healer","floor":31,"turns":5},{"damage":13,"enemies":"Champ","floor":33,"turns":10},{"damage":15,"enemies":"3 Shapes","floor":35,"turns":5},{"damage":77,"enemies":"2 Orb Walkers","floor":37,"turns":6},{"damage":39,"enemies":"3 Darklings","floor":42,"turns":9},{"damage":63,"enemies":"Nemesis","floor":45,"turns":5},{"damage":25,"enemies":"Sphere and 2 Shapes","floor":48,"turns":5},{"damage":68,"enemies":"Donu and Deca","floor":50,"turns":7}],"seed_played":"2781363959234756766","potions_obtained":[{"floor":1,"key":"Fire Potion"},{"floor":12,"key":"ColorlessPotion"},{"floor":19,"key":"DuplicationPotion"},{"floor":21,"key":"Fire Potion"},{"floor":29,"key":"DistilledChaos"},{"floor":30,"key":"EssenceOfSteel"},{"floor":31,"key":"SneckoOil"},{"floor":35,"key":"BloodPotion"},{"floor":48,"key":"Regen Potion"}],"is_trial":false,"path_per_floor":["M","?","?","$","?","E","R","$","T","R","E","M","M","M","R","B",null,"M","M","$","M","?","R","M","R","T","E","$","M","M","M","R","B",null,"M","$","?","?","$","R","?","M","T","R","E","R","?","M","R","B",null],"character_chosen":"IRONCLAD","items_purchased":["Power Through","BloodPotion","Regen Potion","Rupture","Ghostly Armor","Iron Wave"],"campfire_rested":6,"item_purchase_floors":[4,4,4,36,39,39],"current_hp_per_floor":[62,36,25,40,40,9,31,31,31,53,32,38,41,47,47,34,65,54,35,35,33,33,33,13,35,35,24,24,16,18,29,29,52,69,65,65,28,28,28,54,72,39,39,65,8,34,73,54,54,21],"gold":4,"neow_bonus":"HUNDRED_GOLD","is_daily":false,"chose_seed":false,"campfire_upgraded":4,"win_rate":0.0,"timestamp":1612263385,"path_taken":["M","?","?","$","?","E","R","$","T","R","E","?","M","M","R","BOSS","M","M","$","M","?","R","M","R","T","E","$","M","M","M","R","BOSS","M","$","?","?","$","R","?","M","T","R","E","R","?","M","R","BOSS"],"items_purchased_type":["Card","Potion","Potion","Card","Card","Card"],"build_version":"2020-12-22","purchased_purges":0,"victory":true,"max_hp_per_floor":[75,75,75,75,75,75,75,75,75,75,75,75,75,75,75,75,75,75,75,75,75,75,75,75,75,75,75,75,75,75,75,75,75,75,75,75,89,89,89,89,89,89,89,89,89,89,73,73,73,73],"card_choices":[{"not_picked":["Dark Embrace","Havoc","Whirlwind"],"picked":"SKIP","floor":1},{"not_picked":["Shrug It Off","Blood for Blood","Sword Boomerang"],"picked":"SKIP","floor":6},{"not_picked":["Metallicize","Warcry"],"picked":"Limit Break","floor":11},{"not_picked":["Reckless Charge","Rage","Havoc"],"picked":"SKIP","floor":12},{"not_picked":["Reckless Charge","Rage","Havoc"],"picked":"SKIP","floor":12},{"not_picked":["Reckless Charge","True Grit"],"picked":"Entrench","floor":13},{"not_picked":["Pommel Strike","Rage"],"picked":"Spot Weakness","floor":14},{"not_picked":["Fiend Fire","Corruption"],"picked":"Barricade","floor":16},{"not_picked":["Rupture","Havoc","Warcry"],"picked":"SKIP","floor":18},{"not_picked":["True Grit","Wild Strike"],"picked":"Metallicize","floor":19},{"not_picked":["Iron Wave","Shrug It Off"],"picked":"Shockwave","floor":21},{"not_picked":["Carnage","Shrug It Off+1"],"picked":"Heavy Blade+1","floor":24},{"not_picked":["Feel No Pain","Blood for Blood"],"picked":"Seeing Red","floor":27},{"not_picked":["Wild Strike+1","Iron Wave","Pommel Strike"],"picked":"SKIP","floor":29},{"not_picked":["Body Slam","Juggernaut","Wild Strike"],"picked":"SKIP","floor":30},{"not_picked":["Entrench","Intimidate","Perfected Strike"],"picked":"SKIP","floor":31},{"not_picked":["Limit Break","Juggernaut"],"picked":"Berserk","floor":33},{"not_picked":["Sever Soul","Clothesline","Havoc"],"picked":"SKIP","floor":35},{"not_picked":["True Grit","Anger"],"picked":"Evolve","floor":37},{"not_picked":["Headbutt","Twin Strike","Clash+1"],"picked":"SKIP","floor":42},{"not_picked":["Perfected Strike+1","Havoc+1","Wild Strike"],"picked":"SKIP","floor":45},{"not_picked":["Thunderclap+1","Rupture"],"picked":"Sentinel+1","floor":48}],"player_experience":729438,"relics_obtained":[{"floor":6,"key":"TungstenRod"},{"floor":9,"key":"Pantograph"},{"floor":11,"key":"Oddly Smooth Stone"},{"floor":26,"key":"Toy Ornithopter"},{"floor":27,"key":"Du-Vu Doll"},{"floor":37,"key":"Mango"},{"floor":43,"key":"Pen Nib"},{"floor":45,"key":"Mummified Hand"}],"event_choices":[{"damage_healed":0,"gold_gain":0,"player_choice":"Take Damage","damage_taken":26,"relics_obtained":["Golden Idol"],"max_hp_gain":0,"max_hp_loss":0,"event_name":"Golden Idol","floor":2,"gold_loss":0},{"damage_healed":0,"gold_gain":0,"player_choice":"Success","damage_taken":11,"relics_obtained":["Bag of Marbles"],"max_hp_gain":0,"max_hp_loss":0,"event_name":"Scrap Ooze","floor":3,"gold_loss":0},{"damage_healed":0,"gold_gain":0,"player_choice":"Forge","damage_taken":0,"max_hp_gain":0,"max_hp_loss":0,"event_name":"Accursed Blacksmith","floor":5,"gold_loss":0,"cards_upgraded":["Bash"]},{"damage_healed":0,"gold_gain":0,"player_choice":"Inject Mutagens","damage_taken":0,"relics_obtained":["MutagenicStrength"],"max_hp_gain":0,"max_hp_loss":0,"event_name":"Drug Dealer","floor":22,"gold_loss":0},{"damage_healed":0,"gold_gain":0,"player_choice":"Fight","damage_taken":0,"max_hp_gain":0,"max_hp_loss":0,"event_name":"Mysterious Sphere","floor":37,"gold_loss":0},{"damage_healed":0,"gold_gain":0,"player_choice":"Memory 1","damage_taken":0,"max_hp_gain":0,"max_hp_loss":0,"event_name":"SensoryStone","floor":38,"gold_loss":0},{"damage_healed":18,"gold_gain":0,"player_choice":"Writhe","damage_taken":0,"max_hp_gain":0,"max_hp_loss":0,"event_name":"Winding Halls","floor":41,"gold_loss":0,"cards_obtained":["Writhe"]},{"damage_healed":73,"gold_gain":0,"player_choice":"Heal","damage_taken":0,"max_hp_gain":0,"max_hp_loss":16,"event_name":"The Moai Head","floor":47,"gold_loss":0}],"is_beta":false,"boss_relics":[{"not_picked":["Tiny House","Black Star"],"picked":"Ectoplasm"},{"not_picked":["Sozu","Runic Pyramid"],"picked":"Pandora\u0027s Box"}],"items_purged_floors":[],"is_endless":false,"potions_floor_spawned":[1,12,19,21,29,30,31,35,48],"ascension_level":16}}