{"host":"csn9i02amg5zm780","time":1612303764,"event":{"mods":["2.2 Compatiblity","AchievementEnabler","Aspiration","BaseMod","Better Third Choice","Colored Map","Colored Powertips","Curses Come First","Dark Map","Defuse TimeMaze Blight","Evolution","Halation","Highlight Path","Minty Spire (QoL Compilation)","Permanent Neow","Poor People Problems","Quick Restart","Rare Cards Sparkle","Relic Stats","Reliquary","Spire Arcade","StSLib","Transform Curses","Waifu the Spire","Weighted Paths"],"gold_per_floor":[111,129,142,142,142,170,170,185,185,185,199,229,58,75,75,172,172,192,211,211,223,233,233,253,253,300,300,311,311,331,359,371,482,494,517,546,572,599,621,633,645,657,669,691,703,703],"floor_reached":45,"language":"ENG","playtime":3602,"items_purged":[],"score":478,"play_id":"74c5fb90-6fb0-4723-8950-4b2b475853fb","local_time":"20210202230924","is_ascension_mode":false,"campfire_choices":[{"data":"Thunderclap","floor":7.0,"key":"SMITH"},{"floor":10.0,"key":"REST"},{"floor":15.0,"key":"REST"},{"floor":23.0,"key":"REST"},{"floor":25.0,"key":"REST"},{"floor":27.0,"key":"RECALL"},{"data":"Rupture","floor":29.0,"key":"SMITH"},{"floor":32,"key":"REST"},{"floor":40,"key":"REST"},{"data":"Enlightenment","floor":42,"key":"SMITH"}],"circlet_count":0,"master_deck":["Strike_R","Strike_R","Strike_R","Strike_R","Strike_R","Defend_R","Defend_R","Defend_R","Defend_R","Bash","Heavy Blade","Ghostly Armor","Rupture+1","Thunderclap+1","Hemokinesis","Iron Wave","Searing Blow","Mayhem+1","Fire Breathing+1","Barricade+1","Ghostly Armor+1","Armaments+1","Mayhem+1","Fire Breathing+1","Cleave+1","Spot Weakness","Combust+1","Twin Strike+1","Disarm+1","Limit Break","Blood for Blood+1","Rupture+1","Armaments+1","Metallicize+1","Rupture+1","Enlightenment+1","Rage+1"],"relics":["Burning Blood","EVO:Axolotl","aspiration:Nostalgia","Cracked Core","Frozen Egg 2","reliquary:ExpiredCoupon","Anchor","aspiration:Lifesprig","Mark of Pain","MawBank","Velvet Choker","reliquary:Aerogel"],"acts_visited":["Exordium","TheCity","TheBeyond"],"potions_floor_usage":[31,31,33,39,39,44],"damage_taken":[{"damage":0.0,"enemies":"2 Louse","floor":1.0,"turns":3.0},{"damage":5.0,"enemies":"Small Slimes","floor":2.0,"turns":3.0},{"damage":0.0,"enemies":"Cultist","floor":3.0,"turns":3.0},{"damage":34.0,"enemies":"Lagavulin","floor":6.0,"turns":9.0},{"damage":13.0,"enemies":"Large Slime","floor":8.0,"turns":5.0},{"damage":11.0,"enemies":"Exordium Wildlife","floor":11.0,"turns":5.0},{"damage":44.0,"enemies":"Gremlin Nob","floor":12.0,"turns":5.0},{"damage":9.0,"enemies":"Exordium Thugs","floor":14.0,"turns":4.0},{"damage":3.0,"enemies":"Slime Boss","floor":16.0,"turns":6.0},{"damage":0.0,"enemies":"Spheric Guardian","floor":18.0,"turns":4.0},{"damage":22.0,"enemies":"3 Byrds","floor":19.0,"turns":5.0},{"damage":13.0,"enemies":"Snake Plant","floor":21.0,"turns":5.0},{"damage":16.0,"enemies":"Chosen and Byrds","floor":22.0,"turns":5.0},{"damage":24.0,"enemies":"Centurion and Healer","floor":24.0,"turns":5.0},{"damage":7.0,"enemies":"3 Cultists","floor":28.0,"turns":3.0},{"damage":32,"enemies":"Cultist and Chosen","floor":30,"turns":6},{"damage":60,"enemies":"Gremlin Leader","floor":31,"turns":5},{"damage":22,"enemies":"Champ","floor":33,"turns":8},{"damage":7,"enemies":"Orb Walker","floor":35,"turns":4},{"damage":10,"enemies":"3 Shapes","floor":36,"turns":4},{"damage":36,"enemies":"Maw","floor":37,"turns":7},{"damage":2,"enemies":"4 Shapes","floor":38,"turns":4},{"damage":16,"enemies":"Writhing Mass","floor":39,"turns":6},{"damage":56,"enemies":"Spire Growth","floor":44,"turns":5},{"damage":26,"enemies":"Jaw Worm Horde","floor":45,"turns":2}],"seed_played":"1655644198225941361","potions_obtained":[{"floor":2.0,"key":"Block Potion"},{"floor":6.0,"key":"LiquidMemories"},{"floor":8.0,"key":"SkillPotion"},{"floor":14.0,"key":"GamblersBrew"},{"floor":16.0,"key":"DuplicationPotion"},{"floor":18.0,"key":"Dexterity Potion"},{"floor":21.0,"key":"BloodPotion"},{"floor":28.0,"key":"BloodPotion"},{"floor":38,"key":"EntropicBrew"},{"floor":39,"key":"ColorlessPotion"},{"floor":44,"key":"Fire Potion"}],"is_trial":false,"path_per_floor":["M","M","M","?","?","E","R","M","T","R","M","E","$","M","R","B",null,"M","M","?","M","M","R","M","R","T","R","M","R","M","E","R","B",null,"M","M","M","M","M","R","?","R","T","M","M"],"character_chosen":"IRONCLAD","items_purchased":["Mayhem+1"],"campfire_rested":6,"item_purchase_floors":[13],"current_hp_per_floor":[80,80,80,80,80,52,52,45,45,69,64,26,26,23,47,50,80,80,64,64,57,47,71,53,77,77,77,76,76,50,28,52,36,80,79,75,45,49,39,63,63,63,63,13,0,0],"gold":703,"neow_bonus":"NOSTALGIA","is_daily":false,"chose_seed":false,"campfire_upgraded":3,"win_rate":0.0,"timestamp":1612303764,"path_taken":["M","M","M","?","?","E","R","M","T","R","M","E","$","M","R","BOSS","M","M","?","M","M","R","M","R","T","R","?","R","M","E","R","BOSS","M","M","M","M","M","R","?","R","T","M","M"],"items_purchased_type":["Card"],"build_version":"2020-12-22","purchased_purges":0,"victory":false,"max_hp_per_floor":[80,80,80,80,80,80,80,80,80,80,80,80,80,80,80,80,80,80,80,80,80,80,80,80,80,80,80,80,80,80,80,80,80,80,80,80,80,80,80,80,80,80,80,80,80,80],"relic_stats":{"counters":[25,121],"MawBank":168,"obtain_stats":[{"reliquary:ExpiredCoupon":6,"Anchor":9,"aspiration:Lifesprig":12,"aspiration:Nostalgia":0,"reliquary:Aerogel":43,"Velvet Choker":34,"Mark of Pain":17,"EVO:Axolotl":0,"Frozen Egg 2":4,"Cracked Core":0,"MawBank":31,"Burning Blood":0},{"reliquary:ExpiredCoupon":4,"Anchor":5,"aspiration:Lifesprig":7,"aspiration:Nostalgia":0,"reliquary:Aerogel":23,"Velvet Choker":18,"Mark of Pain":9,"EVO:Axolotl":0,"Frozen Egg 2":3,"Cracked Core":0,"MawBank":17,"Burning Blood":0},{"reliquary:ExpiredCoupon":18,"Anchor":23,"aspiration:Lifesprig":33,"aspiration:Nostalgia":0,"reliquary:Aerogel":114,"Velvet Choker":89,"Mark of Pain":43,"EVO:Axolotl":0,"Frozen Egg 2":9,"Cracked Core":0,"MawBank":81,"Burning Blood":0}],"Burning Blood":125},"card_choices":[{"not_picked":["Clash","Evolve"],"picked":"Heavy Blade","floor":1.0},{"not_picked":["Blood for Blood","Headbutt"],"picked":"Ghostly Armor","floor":2.0},{"not_picked":["Clash","Pommel Strike"],"picked":"Rupture","floor":3.0},{"not_picked":["Bludgeon","Shrug It Off"],"picked":"Thunderclap","floor":6.0},{"not_picked":["Perfected Strike","Heavy Blade"],"picked":"Hemokinesis","floor":8.0},{"not_picked":["Bludgeon","Body Slam"],"picked":"Iron Wave","floor":11.0},{"not_picked":["Clothesline","Sever Soul"],"picked":"Searing Blow","floor":12.0},{"not_picked":["Warcry","Shockwave"],"picked":"Fire Breathing+1","floor":14.0},{"not_picked":["Immolate","Double Tap"],"picked":"Barricade+1","floor":16.0},{"not_picked":["Blood for Blood","Shrug It Off"],"picked":"Ghostly Armor+1","floor":18.0},{"not_picked":["Shockwave","Clothesline+1"],"picked":"Armaments+1","floor":19.0},{"not_picked":["Flex","Wild Strike"],"picked":"Fire Breathing+1","floor":21.0},{"not_picked":["Heavy Blade+1","Warcry"],"picked":"Cleave+1","floor":22.0},{"not_picked":["Power Through","Ghostly Armor"],"picked":"Spot Weakness","floor":24.0},{"not_picked":["Clash","Offering"],"picked":"Combust+1","floor":28.0},{"not_picked":["Flex","Heavy Blade+1"],"picked":"Twin Strike+1","floor":30},{"not_picked":["Sever Soul+1","Whirlwind"],"picked":"Disarm+1","floor":31},{"not_picked":["Reaper","Fiend Fire"],"picked":"Limit Break","floor":33},{"not_picked":["Entrench+1","Warcry"],"picked":"Blood for Blood+1","floor":35},{"not_picked":["Battle Trance","Sword Boomerang+1"],"picked":"Rupture+1","floor":36},{"not_picked":["Ghostly Armor","Dark Embrace+1"],"picked":"Armaments+1","floor":37},{"not_picked":["Warcry+1","Clash+1"],"picked":"Metallicize+1","floor":38},{"not_picked":["Clash+1","Iron Wave"],"picked":"Rupture+1","floor":39},{"not_picked":["Secret Technique","PanicButton"],"picked":"Enlightenment","floor":41},{"not_picked":["Searing Blow","Perfected Strike+1"],"picked":"Rage+1","floor":44}],"player_experience":34487,"relics_obtained":[{"floor":6.0,"key":"reliquary:ExpiredCoupon"},{"floor":9.0,"key":"Anchor"},{"floor":12.0,"key":"aspiration:Lifesprig"},{"floor":31,"key":"MawBank"},{"floor":43,"key":"reliquary:Aerogel"}],"event_choices":[{"cards_removed":["Injury"],"damage_healed":0.0,"max_hp_gain":0.0,"max_hp_loss":0.0,"gold_gain":0.0,"event_name":"Living Wall","player_choice":"Forget","floor":5.0,"gold_loss":0.0,"damage_taken":0.0},{"damage_healed":0.0,"max_hp_gain":0.0,"max_hp_loss":0.0,"gold_gain":0.0,"event_name":"Duplicator","player_choice":"Copied","floor":20.0,"gold_loss":0.0,"damage_taken":0.0,"cards_obtained":["Mayhem"]},{"damage_healed":0,"gold_gain":0,"player_choice":"Memory 1","damage_taken":0,"max_hp_gain":0,"max_hp_loss":0,"event_name":"SensoryStone","floor":41,"gold_loss":0}],"is_beta":false,"boss_relics":[{"not_picked":["aspiration:PoetsPen_weak","Ectoplasm"],"picked":"Mark of Pain"},{"not_picked":["Runic Pyramid","Sozu"],"picked":"Velvet Choker"}],"items_purged_floors":[],"is_endless":false,"potions_floor_spawned":[2,6,8,14,16,18,21,28,38,39,44],"killed_by":"Jaw Worm Horde","ascension_level":0}}