{"host":"plbsiuh3vwan8ocg","time":1612228977,"event":{"mods":["BaseMod","Downfall","Minty Spire (QoL Compilation)","Quick Restart","StSLib"],"gold_per_floor":[99,111,126,146,161,188,188,638,638,657,557,187,201,219,233,334,334,334,347,360,360,378,115,138,138,138,9,55,67,67,80,95,195,245,45,45,252,264,264,264,264,264,275,275,286,286,60,60,80,80,80,80,80,80],"floor_reached":52,"language":"ENG","playtime":6598,"items_purged":["downfall:Icky","downfall:Icky","downfall:Malfunctioning","downfall:Haunted"],"score":806,"play_id":"a51dfbd8-5362-4523-bad2-41c7a43f1d11","local_time":"20210201202257","is_ascension_mode":false,"campfire_choices":[{"data":"bronze:Replicate","floor":1.0,"key":"SMITH"},{"floor":11.0,"key":"REST"},{"floor":18.0,"key":"RECALL"},{"floor":30.0,"key":"REST"},{"data":"expansioncontent:QuickStudy","floor":35.0,"key":"SMITH"},{"data":"bronze:CleanCode","floor":42.0,"key":"SMITH"},{"data":"bronze:Verify","floor":44.0,"key":"SMITH"},{"data":"Impatience","floor":46.0,"key":"SMITH"}],"circlet_count":0,"master_deck":["bronze:Strike","bronze:Strike","bronze:Strike","bronze:Strike","bronze:Defend","bronze:Defend","bronze:Defend","bronze:Defend","bronze:Replicate+1","bronze:Goto","bronze:ChildClass","bronze:WildBeam","bronze:WildBeam","bronze:ForLoop+1","bronze:BurnOut","downfall:Icky","downfall:Icky","Impatience+1","bronze:ThunderWave","bronze:Allocate","bronze:Overheat","expansioncontent:QuickStudy+1","expansioncontent:AwakenDeath","bronze:Repair","bronze:FineTuning","bronze:GetLatest","bronze:BitShift","bronze:CleanCode+1","bronze:FineTuning+1","bronze:Invalidate","bronze:Break","bronze:ChosenStrike+1","bronze:Deprecate+1","downfall:Malfunctioning","Writhe","bronze:ItsAFeature+1","bronze:Boost+1","Writhe","bronze:BugBarrage+1","bronze:Repair","bronze:Verify+1","bronze:NullPointer+1","expansioncontent:PrepareCrush","expansioncontent:InvincibleStrength","expansioncontent:PolyBeam","bronze:Turbo+1","bronze:BugBarrage+1","Pain","bronze:WhirlingStrike+1","bronze:WhirlingStrike"],"relics":["bronze:BronzeCore","InkBottle","White Beast Statue","downfall:HeartBlessingGreen","Membership Card","SacredBark","downfall:ExtraCursedKey","Bottled Tornado","OrangePellets","Medical Kit","Bag of Preparation","Tiny House","downfall:HeartBlessingRed","downfall:HeartBlessingBlue","Vajra","Bottled Lightning","Strange Spoon","Omamori"],"acts_visited":["Exordium","TheCity","TheBeyond","TheEnding"],"potions_floor_usage":[52],"damage_taken":[{"damage":4.0,"enemies":"Jaw Worm","floor":2.0,"turns":4.0},{"damage":0.0,"enemies":"2 Louse","floor":3.0,"turns":3.0},{"damage":0.0,"enemies":"Cultist","floor":4.0,"turns":3.0},{"damage":0.0,"enemies":"2 Fungi Beasts","floor":5.0,"turns":2.0},{"damage":17.0,"enemies":"Gremlin Nob","floor":6.0,"turns":4.0},{"damage":26.0,"enemies":"3 Louse","floor":10.0,"turns":4.0},{"damage":0.0,"enemies":"downfall:FleeingMerchant","floor":12.0,"turns":4.0},{"damage":0.0,"enemies":"Large Slime","floor":13.0,"turns":4.0},{"damage":8.0,"enemies":"Blue Slaver","floor":14.0,"turns":3.0},{"damage":0.0,"enemies":"Exordium Wildlife","floor":15.0,"turns":2.0},{"damage":86.0,"enemies":"WA_ARCHETYPE_RETAIN","floor":16.0,"turns":10.0},{"damage":5.0,"enemies":"Chosen","floor":19.0,"turns":4.0},{"damage":44.0,"enemies":"Shell Parasite","floor":20.0,"turns":8.0},{"damage":12.0,"enemies":"3 Cultists","floor":22.0,"turns":4.0},{"damage":7.0,"enemies":"downfall:FleeingMerchant","floor":23.0,"turns":4.0},{"damage":0.0,"enemies":"downfall:FleeingMerchant","floor":27.0,"turns":4.0},{"damage":26.0,"enemies":"Snake Plant","floor":29.0,"turns":6.0},{"damage":54.0,"enemies":"Cultist and Chosen","floor":31.0,"turns":8.0},{"damage":28.0,"enemies":"Centurion and Healer","floor":32.0,"turns":7.0},{"damage":47.0,"enemies":"DF_ARCHETYPE_CLAW","floor":33.0,"turns":7.0},{"damage":18.0,"enemies":"downfall:FleeingMerchant","floor":37.0,"turns":4.0},{"damage":22.0,"enemies":"3 Darklings","floor":38.0,"turns":6.0},{"damage":7.0,"enemies":"Orb Walker","floor":43.0,"turns":2.0},{"damage":35.0,"enemies":"Maw","floor":45.0,"turns":8.0},{"damage":20.0,"enemies":"Transient","floor":49.0,"turns":5.0},{"damage":61.0,"enemies":"IC_BLOCK_ARCHETYPE","floor":50.0,"turns":12.0},{"damage":280,"enemies":"downfall:CharBossMerchant","floor":52,"turns":13}],"seed_played":"-7916628740847569663","potions_obtained":[{"floor":2.0,"key":"SpeedPotion"},{"floor":6.0,"key":"LiquidBronze"},{"floor":10.0,"key":"Regen Potion"},{"floor":12.0,"key":"FairyPotion"},{"floor":14.0,"key":"EntropicBrew"},{"floor":15.0,"key":"DuplicationPotion"},{"floor":16.0,"key":"hexamod:SoulburnPotion"},{"floor":19.0,"key":"PowerPotion"},{"floor":20.0,"key":"ColorlessPotion"},{"floor":22.0,"key":"SkillPotion"},{"floor":23.0,"key":"Dexterity Potion"},{"floor":27.0,"key":"SpeedPotion"},{"floor":29.0,"key":"GamblersBrew"},{"floor":31.0,"key":"GamblersBrew"},{"floor":32.0,"key":"EntropicBrew"},{"floor":33.0,"key":"CultistPotion"},{"floor":34.0,"key":"Regen Potion"},{"floor":37.0,"key":"Energy Potion"},{"floor":38.0,"key":"Strength Potion"},{"floor":45.0,"key":"DistilledChaos"}],"is_trial":false,"path_per_floor":["R","M","M","M","M","E","T","?","?","M","R","$","M","M","M","B",null,"R","M","M","?","M","$","T","?","?","$","T","M","R","M","M","B",null,"R","?","$","M","?","?","T","R","M","R","M","R","$","?","M","B",null,"E"],"character_chosen":"THE_AUTOMATON","items_purchased":["Membership Card","expansioncontent:QuickStudy","expansioncontent:AwakenDeath","bronze:Repair","Bottled Tornado","OrangePellets","Medical Kit","bronze:Boost","Vajra","Strange Spoon","Omamori"],"campfire_rested":2,"item_purchase_floors":[12,12,12,12,23,23,27,27,37,47,47],"current_hp_per_floor":[77,73,73,73,73,56,56,56,56,30,53,53,77,76,76,23,77,77,72,36,36,24,17,17,17,17,17,17,21,44,18,20,2,82,92,82,85,70,70,70,70,70,70,70,92,92,92,92,77,30,92,0,0,0],"gold":80,"neow_bonus":"TEN_PERCENT_HP_BONUS","is_daily":false,"chose_seed":false,"campfire_upgraded":5,"win_rate":0.0,"timestamp":1612228977,"path_taken":["R","M","M","M","M","E","T","?","?","M","R","$","?","M","M","BOSS","R","M","M","?","M","$","T","?","?","$","?","M","R","?","M","BOSS","R","?","$","M","?","?","T","R","M","R","M","R","$","?","M","BOSS","E"],"items_purchased_type":["Relic","Card","Card","Card","Relic","Relic","Relic","Card","Relic","Relic","Relic"],"build_version":"2020-12-22","purchased_purges":4,"victory":false,"max_hp_per_floor":[77,77,77,77,77,77,77,77,77,77,77,77,77,77,77,77,77,77,77,77,77,77,77,77,77,77,77,77,77,77,77,77,77,82,92,92,92,92,92,92,92,92,92,92,92,92,92,92,92,92,92,92,92,92],"card_choices":[{"not_picked":["bronze:Branch","bronze:Shield"],"picked":"bronze:ChildClass","floor":2.0},{"not_picked":["bronze:ChildClass","bronze:Safeguard"],"picked":"bronze:WildBeam","floor":3.0},{"not_picked":["bronze:Overload","bronze:Branch"],"picked":"bronze:WildBeam","floor":4.0},{"not_picked":["bronze:BugBarrage","bronze:Branch"],"picked":"bronze:ForLoop","floor":5.0},{"not_picked":["bronze:Deprecate","bronze:Optimize"],"picked":"bronze:BurnOut","floor":6.0},{"not_picked":["bronze:CutThrough","bronze:Deprecate"],"picked":"bronze:Allocate","floor":10.0},{"not_picked":["bronze:Branch","bronze:Turbo"],"picked":"bronze:Overheat","floor":12.0},{"not_picked":["bronze:CutThrough","bronze:Optimize"],"picked":"bronze:FineTuning","floor":13.0},{"not_picked":["bronze:Overheat","bronze:Deprecate"],"picked":"bronze:GetLatest","floor":14.0},{"not_picked":["bronze:Turbo","bronze:Branch"],"picked":"bronze:BitShift","floor":15.0},{"not_picked":["bronze:BurnOut","bronze:Assembly"],"picked":"bronze:CleanCode","floor":16.0},{"not_picked":["bronze:Invalidate","bronze:Iterate"],"picked":"bronze:FineTuning+1","floor":19.0},{"not_picked":["bronze:Backtrace","bronze:DelayedGuard"],"picked":"bronze:Invalidate","floor":20.0},{"not_picked":["bronze:Branch","bronze:Philosophize"],"picked":"bronze:ChosenStrike+1","floor":22.0},{"not_picked":["bronze:FineTuning+1","bronze:NullPointer"],"picked":"bronze:Deprecate+1","floor":23.0},{"not_picked":["bronze:Flail","bronze:WhirlingStrike"],"picked":"bronze:ItsAFeature+1","floor":27.0},{"not_picked":["bronze:ChosenStrike","bronze:Iterate","bronze:Allocate"],"picked":"SKIP","floor":29.0},{"not_picked":["bronze:Turbo","bronze:WildBeam+1"],"picked":"bronze:BugBarrage+1","floor":31.0},{"not_picked":["bronze:Branch","bronze:ForceShield+1"],"picked":"bronze:Repair","floor":32.0},{"not_picked":["bronze:HyperBeam","bronze:HardenedForm"],"picked":"bronze:Verify","floor":33.0},{"not_picked":["bronze:DelayedGuard","bronze:BronzeArmor"],"picked":"bronze:NullPointer+1","floor":34.0},{"not_picked":["expansioncontent:PolyBeam","expansioncontent:LastStand"],"picked":"expansioncontent:PrepareCrush","floor":36.0},{"not_picked":["expansioncontent:GuardianWhirl","expansioncontent:LastStand"],"picked":"expansioncontent:InvincibleStrength","floor":36.0},{"not_picked":["expansioncontent:PrepareCrush","expansioncontent:AwakenDeath"],"picked":"expansioncontent:PolyBeam","floor":36.0},{"not_picked":["bronze:Iterate","bronze:OilSpill+1"],"picked":"bronze:Turbo+1","floor":37.0},{"not_picked":["bronze:Branch","bronze:WhirlingStrike+1"],"picked":"bronze:BugBarrage+1","floor":38.0},{"not_picked":["bronze:DelayedGuard+1","bronze:Overload"],"picked":"bronze:WhirlingStrike+1","floor":43.0},{"not_picked":["bronze:DarkDash+1","bronze:WildBeam+1"],"picked":"bronze:WhirlingStrike","floor":45.0},{"not_picked":["bronze:WildBeam+1","bronze:Shield","bronze:Format"],"picked":"SKIP","floor":49.0}],"player_experience":497076,"relics_obtained":[{"floor":6.0,"key":"InkBottle"},{"floor":7.0,"key":"White Beast Statue"},{"floor":28.0,"key":"Bag of Preparation"},{"floor":39.0,"key":"Bottled Lightning"}],"event_choices":[],"is_beta":false,"boss_relics":[{"not_picked":["bronze:PlatinumCore","Snecko Eye"],"picked":"SacredBark"},{"not_picked":["Philosopher\u0027s Stone","Black Star"],"picked":"Tiny House"}],"items_purged_floors":[12,23,37,47],"is_endless":false,"potions_floor_spawned":[2,6,10,12,13,14,15,16,19,20,22,23,27,29,31,32,33,37,38,43,45,49],"killed_by":"downfall:CharBossMerchant","ascension_level":0}}