{"host":"zdcz0a6aak4rnx0s","time":1612306410,"event":{"mods":["AchievementEnabler","BaseMod","Colored Map","Colored Powertips","Minty Spire (QoL Compilation)","StSLib"],"gold_per_floor":[109,119,135,135,158,158,158,193,240,240,255,280,125,105,105,198,198,212,236,236,236,236,279,299,299,326,326,339,339,339,358,358,358,358],"floor_reached":33,"language":"ENG","playtime":4353,"items_purged":["Strike_R"],"score":599,"play_id":"f6d4a947-5e62-4148-b39a-aab371c943f9","local_time":"20210202165330","is_ascension_mode":true,"campfire_choices":[{"data":"Disarm","floor":6.0,"key":"SMITH"},{"floor":10.0,"key":"REST"},{"floor":15.0,"key":"REST"},{"floor":25.0,"key":"REST"},{"floor":29.0,"key":"REST"},{"floor":32,"key":"REST"}],"circlet_count":0,"master_deck":["AscendersBane","Strike_R","Defend_R","Defend_R","Bash","Ghostly Armor","Metallicize","Disarm+1","Burning Pact","Metallicize","Rampage","True Grit","Juggernaut","Seeing Red","Disarm","Clothesline"],"relics":["Burning Blood","Golden Idol","Gremlin Horn","Smiling Mask","Runic Cube","Strawberry","Boot","Bronze Scales"],"acts_visited":["Exordium","TheCity"],"potions_floor_usage":[],"damage_taken":[{"damage":9.0,"enemies":"Small Slimes","floor":1.0,"turns":5.0},{"damage":1.0,"enemies":"Cultist","floor":2.0,"turns":3.0},{"damage":7.0,"enemies":"2 Louse","floor":3.0,"turns":4.0},{"damage":3.0,"enemies":"2 Fungi Beasts","floor":5.0,"turns":6.0},{"damage":52.0,"enemies":"Gremlin Nob","floor":8.0,"turns":6.0},{"damage":23.0,"enemies":"Exordium Thugs","floor":11.0,"turns":10.0},{"damage":22.0,"enemies":"Exordium Wildlife","floor":12.0,"turns":10.0},{"damage":0.0,"enemies":"Hexaghost","floor":16.0,"turns":16.0},{"damage":15.0,"enemies":"Chosen","floor":18.0,"turns":7.0},{"damage":59.0,"enemies":"Slavers","floor":23.0,"turns":5.0},{"damage":13.0,"enemies":"Shell Parasite","floor":24.0,"turns":8.0},{"damage":25.0,"enemies":"Snecko","floor":28.0,"turns":6.0},{"damage":40,"enemies":"Shelled Parasite and Fungi","floor":31,"turns":7},{"damage":53,"enemies":"Champ","floor":33,"turns":12}],"seed_played":"-8414656856649316018","potions_obtained":[{"floor":3.0,"key":"PowerPotion"},{"floor":8.0,"key":"Weak Potion"},{"floor":12.0,"key":"SpeedPotion"},{"floor":22.0,"key":"PowerPotion"},{"floor":31,"key":"Explosive Potion"}],"is_trial":false,"path_per_floor":["M","M","M","?","M","R","?","E","T","R","M","M","$","?","R","B",null,"M","T","?","?","?","E","M","R","T","?","M","R","?","M","R","B"],"character_chosen":"IRONCLAD","items_purchased":["True Grit","BlessingOfTheForge"],"campfire_rested":5,"item_purchase_floors":[13,13],"current_hp_per_floor":[72,77,76,74,74,74,67,21,21,43,26,10,10,10,32,38,65,56,63,63,79,79,26,19,43,43,43,24,48,48,14,38,0,0],"gold":358,"neow_bonus":"TEN_PERCENT_HP_BONUS","is_daily":false,"chose_seed":false,"campfire_upgraded":1,"win_rate":0.0,"timestamp":1612306410,"path_taken":["M","M","M","?","M","R","?","E","T","R","M","M","$","?","R","BOSS","M","?","?","?","?","E","?","R","T","?","M","R","?","M","R","BOSS"],"items_purchased_type":["Card","Potion"],"build_version":"2020-12-22","purchased_purges":1,"victory":false,"max_hp_per_floor":[82,82,82,74,74,74,74,74,74,74,74,74,74,74,74,74,74,74,81,81,81,81,81,81,81,81,81,81,81,81,81,81,81,81],"card_choices":[{"not_picked":["Flex","Second Wind","Clash"],"picked":"SKIP","floor":1.0},{"not_picked":["Blood for Blood","Perfected Strike"],"picked":"Ghostly Armor","floor":2.0},{"not_picked":["Burning Pact","Infernal Blade"],"picked":"Metallicize","floor":3.0},{"not_picked":["Flex","Pommel Strike"],"picked":"Disarm","floor":5.0},{"not_picked":["Anger","Dark Embrace"],"picked":"Burning Pact","floor":8.0},{"not_picked":["Evolve","Rupture"],"picked":"Metallicize","floor":11.0},{"not_picked":["Power Through","Reckless Charge"],"picked":"Rampage","floor":12.0},{"not_picked":["Corruption","Reaper"],"picked":"Juggernaut","floor":16.0},{"not_picked":["Havoc","Heavy Blade+1","Iron Wave"],"picked":"SKIP","floor":18.0},{"not_picked":["Spot Weakness+1","Armaments","Havoc+1"],"picked":"SKIP","floor":23.0},{"not_picked":["Inflame","Warcry","Heavy Blade"],"picked":"SKIP","floor":24.0},{"not_picked":["Brutality","Iron Wave","Anger"],"picked":"SKIP","floor":28.0},{"not_picked":["Clothesline","Flex","Ghostly Armor"],"picked":"SKIP","floor":31}],"player_experience":1010023,"relics_obtained":[{"floor":8.0,"key":"Gremlin Horn"},{"floor":9.0,"key":"Smiling Mask"},{"floor":19.0,"key":"Strawberry"},{"floor":23.0,"key":"Boot"},{"floor":26.0,"key":"Bronze Scales"}],"event_choices":[{"damage_healed":0.0,"max_hp_gain":0.0,"max_hp_loss":8.0,"gold_gain":0.0,"event_name":"Golden Idol","player_choice":"Lose Max HP","floor":4.0,"gold_loss":0.0,"damage_taken":0.0,"relics_obtained":["Golden Idol"]},{"cards_removed":["Defend_R"],"damage_healed":0.0,"max_hp_gain":0.0,"max_hp_loss":0.0,"gold_gain":0.0,"event_name":"Golden Wing","player_choice":"Card Removal","floor":7.0,"gold_loss":0.0,"damage_taken":7.0},{"damage_healed":0.0,"max_hp_gain":0.0,"max_hp_loss":0.0,"gold_gain":0.0,"event_name":"The Woman in Blue","player_choice":"Bought 1 Potion","floor":14.0,"gold_loss":0.0,"damage_taken":0.0},{"damage_healed":0.0,"max_hp_gain":0.0,"max_hp_loss":0.0,"gold_gain":0.0,"cards_transformed":["Strike_R","Strike_R"],"event_name":"Drug Dealer","player_choice":"Became Test Subject","floor":20.0,"gold_loss":0.0,"damage_taken":0.0,"cards_obtained":["Seeing Red","Disarm"]},{"damage_healed":16.0,"max_hp_gain":0.0,"max_hp_loss":0.0,"gold_gain":0.0,"event_name":"The Library","player_choice":"Heal","floor":21.0,"gold_loss":0.0,"damage_taken":0.0},{"damage_healed":0.0,"max_hp_gain":0.0,"max_hp_loss":0.0,"gold_gain":0.0,"event_name":"Lab","player_choice":"Got Potions","floor":22.0,"gold_loss":0.0,"damage_taken":0.0},{"cards_removed":["Strike_R"],"damage_healed":0.0,"max_hp_gain":0.0,"max_hp_loss":0.0,"gold_gain":0.0,"event_name":"Back to Basics","player_choice":"Elegance","floor":27.0,"gold_loss":0.0,"damage_taken":0.0},{"damage_healed":0.0,"max_hp_gain":0.0,"max_hp_loss":0.0,"gold_gain":0.0,"cards_transformed":["Defend_R"],"event_name":"Transmorgrifier","player_choice":"Transformed","floor":30.0,"gold_loss":0.0,"damage_taken":0.0,"cards_obtained":["Clothesline"]}],"is_beta":false,"boss_relics":[{"not_picked":["Snecko Eye","Runic Dome"],"picked":"Runic Cube"}],"items_purged_floors":[13],"is_endless":false,"potions_floor_spawned":[3,8,12,31],"killed_by":"Champ","ascension_level":18}}