{"host":"6bsan6hkua32tfq7","time":1612294744,"event":{"mods":["BaseMod","Better Third Choice","Colored Map","Highlight Path","Minty Spire (QoL Compilation)","StSLib"],"gold_per_floor":[210,227,241,0,0,0,25,25,49,49,64,80,106,123,123,194,194,209,226,238,238,238],"floor_reached":21,"language":"ENG","playtime":604,"items_purged":["Defend_B"],"score":366,"play_id":"b4d03933-fa7c-4fd8-8cca-2dc8d23a6f53","local_time":"20210202203904","is_ascension_mode":true,"campfire_choices":[{"data":"Streamline","floor":6.0,"key":"SMITH"},{"data":"Zap","floor":8.0,"key":"SMITH"},{"data":"Dualcast","floor":10.0,"key":"SMITH"},{"floor":15,"key":"REST"}],"circlet_count":0,"master_deck":["AscendersBane","Strike_B","Strike_B","Strike_B","Strike_B","Defend_B","Defend_B","Defend_B","Zap+1","Dualcast+1","Cold Snap","Undo","Streamline+1","Chaos","Streamline","Conserve Battery","Electrodynamics","Cold Snap","Cold Snap","Go for the Eyes+1"],"relics":["Cracked Core","Sling","Odd Mushroom","Bag of Marbles","Tiny Chest","SlaversCollar"],"acts_visited":["Exordium","TheCity"],"potions_floor_usage":[14,18,20,20,20,20],"damage_taken":[{"damage":1.0,"enemies":"Cultist","floor":1.0,"turns":3.0},{"damage":1.0,"enemies":"2 Louse","floor":2.0,"turns":3.0},{"damage":0.0,"enemies":"Small Slimes","floor":3.0,"turns":3.0},{"damage":32.0,"enemies":"The Mushroom Lair","floor":7.0,"turns":4.0},{"damage":10.0,"enemies":"3 Louse","floor":11.0,"turns":4.0},{"damage":4.0,"enemies":"Exordium Thugs","floor":12.0,"turns":3.0},{"damage":13,"enemies":"Lagavulin","floor":13,"turns":6},{"damage":0,"enemies":"Large Slime","floor":14,"turns":3},{"damage":22,"enemies":"The Guardian","floor":16,"turns":8},{"damage":11,"enemies":"Chosen","floor":18,"turns":4},{"damage":39,"enemies":"Shell Parasite","floor":19,"turns":5},{"damage":5,"enemies":"Centurion and Healer","floor":20,"turns":4},{"damage":6,"enemies":"Snecko","floor":21,"turns":3}],"seed_played":"-2405281081966913083","potions_obtained":[{"floor":11.0,"key":"EntropicBrew"},{"floor":13,"key":"FearPotion"},{"floor":16,"key":"FocusPotion"},{"floor":19,"key":"Weak Potion"}],"is_trial":false,"path_per_floor":["M","M","M","$","?","R","?","R","T","R","M","M","E","M","R","B",null,"M","M","M","M"],"character_chosen":"DEFECT","items_purchased":["Sling"],"campfire_rested":1,"item_purchase_floors":[4],"current_hp_per_floor":[63,62,62,62,67,67,35,35,35,35,25,21,8,8,30,8,59,48,9,4,0,0],"gold":238,"neow_bonus":"HUNDRED_GOLD","is_daily":false,"chose_seed":false,"campfire_upgraded":3,"win_rate":0.0,"timestamp":1612294744,"path_taken":["M","?","M","$","?","R","?","R","T","R","M","M","E","M","R","BOSS","M","M","M","M"],"items_purchased_type":["Relic"],"build_version":"2020-12-22","purchased_purges":1,"victory":false,"max_hp_per_floor":[71,71,71,71,76,76,76,76,76,76,76,76,76,76,76,76,76,76,76,76,76,76],"card_choices":[{"not_picked":["Steam","Recycle"],"picked":"Cold Snap","floor":1.0},{"not_picked":["Steam","Ball Lightning"],"picked":"Undo","floor":2.0},{"not_picked":["Ball Lightning","Barrage"],"picked":"Streamline","floor":3.0},{"not_picked":["Leap","Coolheaded"],"picked":"Chaos","floor":7.0},{"not_picked":["Fusion","Leap","Melter"],"picked":"SKIP","floor":11.0},{"not_picked":["Compile Driver","Go for the Eyes","Beam Cell"],"picked":"SKIP","floor":12.0},{"not_picked":["Seek","Turbo"],"picked":"Streamline","floor":13},{"not_picked":["Cold Snap","Go for the Eyes"],"picked":"Conserve Battery","floor":14},{"not_picked":["Machine Learning","Amplify"],"picked":"Electrodynamics","floor":16},{"not_picked":["Consume","Leap"],"picked":"Cold Snap","floor":18},{"not_picked":["Leap","Coolheaded"],"picked":"Cold Snap","floor":19},{"not_picked":["Storm","Cold Snap"],"picked":"Go for the Eyes+1","floor":20}],"player_experience":5384708,"relics_obtained":[{"floor":7.0,"key":"Odd Mushroom"},{"floor":9.0,"key":"Bag of Marbles"},{"floor":13,"key":"Tiny Chest"}],"event_choices":[{"damage_healed":0.0,"max_hp_gain":5.0,"max_hp_loss":0.0,"gold_gain":0.0,"event_name":"Big Fish","player_choice":"Donut","floor":5.0,"gold_loss":0.0,"damage_taken":0.0},{"damage_healed":0.0,"max_hp_gain":0.0,"max_hp_loss":0.0,"gold_gain":0.0,"event_name":"Mushrooms","player_choice":"Fought Mushrooms","floor":7.0,"gold_loss":0.0,"damage_taken":0.0}],"is_beta":false,"boss_relics":[{"not_picked":["Busted Crown","Fusion Hammer"],"picked":"SlaversCollar"}],"items_purged_floors":[4],"is_endless":false,"potions_floor_spawned":[11,13,16,19],"killed_by":"Snecko","ascension_level":20}}