{"host":"wuvswo56ap8gkfrb","time":1612230196,"event":{"mods":["Act Like it!","Arknights","BaseMod","Colored Powertips","Minty Spire (QoL Compilation)","Quick Restart","Reliquary","Replay The Spire","StSLib","TestMod","UnlockEverythingMod"],"gold_per_floor":[118,134,134,147,164,164,164,179,179,40,56,56,68,68,68,169,169,186,293,313,323,263,263,188,206,232,242,7,7,23,43,43,43,43],"floor_reached":33,"language":"ZHS","playtime":1389,"items_purged":["ats:Strike V","ats:Strike G"],"score":243,"play_id":"9a01fdf5-7630-4d96-a175-d6cc793a734a","local_time":"20210202094316","is_ascension_mode":false,"campfire_choices":[{"data":"testmod-WeaknessCounterattack","floor":6.0,"key":"SMITH"},{"data":"Shockwave","floor":12.0,"key":"SMITH"},{"data":"Caltrops","floor":15.0,"key":"SMITH"},{"floor":23.0,"key":"REST"},{"floor":29.0,"key":"REST"},{"floor":32,"key":"REST"}],"circlet_count":0,"master_deck":["ats:Strike C","ats:Strike S","ats:Armor Crushing Shot","ats:Defend+1","ats:Defend","ats:Defend","ats:Defend","ats:Emotion Absorption","testmod-WeaknessCounterattack+1","ats:Blood Oath","ats:Support Order+1","Shockwave+1","ats:Shadow Assault","Caltrops+1","AbeCurse","Burning Pact+1","Protect","ats:Shell Defense","ats:Calcification","Double Tap","Steam+1"],"relics":["ats:Sanity","testmod-TestBox","NeowsBlessing","PrismaticShard","Bag of Marbles","Abe\u0027s Treasure","Bronze Scales","Prayer Wheel","reliquary:TuningFork"],"acts_visited":["Exordium","TheCity"],"potions_floor_usage":[33],"damage_taken":[{"damage":0.0,"enemies":"Cultist","floor":1.0,"turns":1.0},{"damage":0.0,"enemies":"Small Slimes","floor":2.0,"turns":1.0},{"damage":0.0,"enemies":"Jaw Worm","floor":4.0,"turns":1.0},{"damage":15.0,"enemies":"Looter","floor":5.0,"turns":3.0},{"damage":16.0,"enemies":"Blue Slaver","floor":8.0,"turns":4.0},{"damage":7.0,"enemies":"Exordium Wildlife","floor":11.0,"turns":3.0},{"damage":0.0,"enemies":"3 Louse","floor":13.0,"turns":1.0},{"damage":18.0,"enemies":"Hexaghost","floor":16.0,"turns":4.0},{"damage":14.0,"enemies":"Shell Parasite","floor":18.0,"turns":4.0},{"damage":21.0,"enemies":"Spheric Guardian","floor":20.0,"turns":5.0},{"damage":23.0,"enemies":"Shelled Parasite and Fungi","floor":21.0,"turns":4.0},{"damage":16.0,"enemies":"Chosen and Byrds","floor":25.0,"turns":5.0},{"damage":5.0,"enemies":"Cultist and Chosen","floor":27.0,"turns":6.0},{"damage":6.0,"enemies":"Centurion and Healer","floor":30.0,"turns":6.0},{"damage":15.0,"enemies":"Snecko","floor":31.0,"turns":5.0},{"damage":62,"enemies":"Champ","floor":33,"turns":12}],"seed_played":"-945885356579034780","potions_obtained":[{"floor":11.0,"key":"PowerPotion"},{"floor":13.0,"key":"LiquidBronze"},{"floor":16.0,"key":"Swift Potion"},{"floor":20.0,"key":"ats:Emergency Sanity Potion"},{"floor":25.0,"key":"LiquidMemories"},{"floor":27.0,"key":"ats:Emergency Sanity Potion"}],"is_trial":false,"path_per_floor":["M","M","?","M","M","R","?","M","T","$","M","R","M","?","R","B",null,"M","?","M","M","?","R","$","M","T","M","$","R","M","M","R","B"],"character_chosen":"DOCTOR_CLASS","items_purchased":["ats:Shadow Assault","ats:Calcification"],"campfire_rested":3,"item_purchase_floors":[10,28],"current_hp_per_floor":[72,72,72,72,60,60,60,47,47,47,43,43,43,29,29,14,72,58,40,22,5,5,26,26,13,13,11,11,32,31,20,41,0,0],"gold":43,"neow_bonus":"THREE_ENEMY_KILL","is_daily":false,"chose_seed":false,"campfire_upgraded":3,"win_rate":0.0,"timestamp":1612230196,"path_taken":["M","M","?","M","M","R","?","?","T","$","M","R","M","?","R","BOSS","M","?","M","M","?","R","?","M","T","?","$","R","M","M","R","BOSS"],"items_purchased_type":["Card","Card"],"build_version":"2020-12-22","purchased_purges":2,"victory":false,"max_hp_per_floor":[72,72,72,72,72,72,72,72,72,72,72,72,72,72,72,72,72,72,72,72,72,72,72,72,72,72,72,72,72,72,72,72,72,72],"card_choices":[{"not_picked":["ats:Curse Doll","ats:Flexible Camouflage"],"picked":"ats:Blood Oath","floor":1.0},{"not_picked":["ats:Counter Healing Mode","ats:Cat Scratch"],"picked":"ats:Support Order","floor":2.0},{"not_picked":["Replay:AtTheReady","ats:Guardian Obelisk","Replay:Hum"],"picked":"SKIP","floor":4.0},{"not_picked":["Poisoned Stab","ats:Hook Shot","SashWhip"],"picked":"SKIP","floor":5.0},{"not_picked":["Panacea","testmod-DeathImprint"],"picked":"Shockwave","floor":8.0},{"not_picked":["EmptyBody","ClearTheMind","Dodge and Roll"],"picked":"SKIP","floor":11.0},{"not_picked":["ats:Flexible Camouflage","Replay:AtTheReady"],"picked":"Caltrops","floor":13.0},{"not_picked":["testmod-ShutDown","ReplayUltimateDefense"],"picked":"ReplayTheSpireMod:Fabricate Wheel","floor":16.0},{"not_picked":["Outmaneuver+1","Body Slam+1"],"picked":"Burning Pact+1","floor":18.0},{"not_picked":["ats:Powerful Strike","ReplayTheSpireMod:LeadingStrike","Melter+1"],"picked":"SKIP","floor":20.0},{"not_picked":["ats:Sunburst","Quick Slash","Rainbow"],"picked":"SKIP","floor":20.0},{"not_picked":["Slice","ats:Blood Oath"],"picked":"Protect","floor":21.0},{"not_picked":["ats:Poison Spread","Slice","ReachHeaven"],"picked":"SKIP","floor":21.0},{"not_picked":["Outmaneuver","ats:LN2 Cannon"],"picked":"ats:Shell Defense","floor":25.0},{"not_picked":["Aggregate","Blade Dance","Indignation+1"],"picked":"SKIP","floor":25.0},{"not_picked":["ats:Shell Defense","Lockon","Steam+1"],"picked":"SKIP","floor":27.0},{"not_picked":["Flying Knee","Replay:Undeath\u0027s Touch","Twin Strike"],"picked":"SKIP","floor":27.0},{"not_picked":["ats:Song Of Battle+1","Vengeance"],"picked":"Double Tap","floor":30.0},{"not_picked":["Conserve Battery","testmod-Provocation+1","FlyingSleeves"],"picked":"SKIP","floor":30.0},{"not_picked":["Blade Dance","Outmaneuver"],"picked":"Steam+1","floor":31.0},{"not_picked":["ats:Hammer On","FollowUp+1","Tactician+1"],"picked":"SKIP","floor":31.0}],"player_experience":128759,"relics_obtained":[{"floor":9.0,"key":"Bag of Marbles"},{"floor":19.0,"key":"Bronze Scales"},{"floor":26.0,"key":"reliquary:TuningFork"}],"event_choices":[{"cards_removed":["Strike_R"],"damage_healed":0.0,"max_hp_gain":0.0,"max_hp_loss":0.0,"gold_gain":0.0,"event_name":"NoteForYourself","player_choice":"Took Card","floor":7.0,"gold_loss":0.0,"damage_taken":0.0,"cards_obtained":["Strike_R"]},{"damage_healed":0.0,"max_hp_gain":0.0,"max_hp_loss":0.0,"gold_gain":0.0,"event_name":"Shining Light","player_choice":"Entered Light","floor":14.0,"gold_loss":0.0,"damage_taken":14.0,"cards_upgraded":["ats:Support Order","ats:Defend"]}],"is_beta":false,"boss_relics":[{"not_picked":["testmod-NegativeEmotionEnhancer","testmod-Recursion"],"picked":"Abe\u0027s Treasure"}],"items_purged_floors":[24,28],"is_endless":false,"potions_floor_spawned":[11,13,16,20,25,27,31],"killed_by":"Champ","ascension_level":0}}