{"host":"wfkvcf4y4vkrpwe0","time":1612269571,"event":{"mods":["BaseMod","Conspire","Downfall","Hermit","Minty Spire (QoL Compilation)","StSLib","The Construct","The Cursed","The Disciple","The Hierophant","The Necromancer"],"gold_per_floor":[110,110,110,110,110,110,141,141,141,156,38,48,48,75,75,171,171,188,188,188,202,227,227,246,246,246,246,246,246],"floor_reached":28,"language":"ENG","playtime":658,"items_purged":[],"score":272,"play_id":"7859982e-bdb6-48ef-842d-b7210f194d53","local_time":"20210202123931","is_ascension_mode":false,"campfire_choices":[{"floor":6.0,"key":"RECALL"},{"data":"conspire:GhostlyStrike","floor":8.0,"key":"SMITH"},{"floor":15.0,"key":"REST"},{"floor":23,"key":"REST"},{"floor":25,"key":"REST"},{"floor":27,"key":"REST"}],"circlet_count":0,"master_deck":["conspire:GhostlyStrike+1","conspire:GhostlyStrike","conspire:GhostlyStrike","conspire:GhostlyStrike","conspire:GhostlyStrike","conspire:GhostlyDefend","conspire:GhostlyDefend","construct:AttackMode+1","construct:DefenseMode","construct:LaserCore","Necronomicurse","Panache","Enlightenment","construct:PointDefense+1"],"relics":["construct:Cogwheel","NeowsBlessing","construct:FoamFinger","InkBottle","The Courier","Tiny Chest","Bag of Preparation","conspire:SpecialSausage","Necronomicon","Strawberry","Mercury Hourglass"],"acts_visited":["Exordium","TheCity"],"potions_floor_usage":[16],"damage_taken":[{"damage":0.0,"enemies":"Cultist","floor":1.0,"turns":1.0},{"damage":0.0,"enemies":"3 Sentries","floor":7.0,"turns":2.0},{"damage":0.0,"enemies":"2 Louse","floor":10.0,"turns":1.0},{"damage":17.0,"enemies":"Small Slimes","floor":12.0,"turns":3.0},{"damage":34.0,"enemies":"Lagavulin","floor":14.0,"turns":4.0},{"damage":52,"enemies":"The Guardian","floor":16,"turns":5},{"damage":24,"enemies":"Shell Parasite","floor":18,"turns":3},{"damage":26,"enemies":"3 Byrds","floor":21,"turns":3},{"damage":20,"enemies":"Centurion and Healer","floor":24,"turns":3},{"damage":92,"enemies":"Book of Stabbing","floor":28,"turns":5}],"seed_played":"-3000399237920085570","potions_obtained":[{"floor":1.0,"key":"BlessingOfTheForge"},{"floor":16,"key":"Ancient Potion"}],"is_trial":false,"path_per_floor":["M","?","?","?","T","R","E","R","T","M","$","M","?","E","R","B",null,"M","?","?","M","T","R","M","R","T","R","E"],"character_chosen":"THE_CONSTRUCT_MOD","items_purchased":["Tiny Chest"],"campfire_rested":4,"item_purchase_floors":[11],"current_hp_per_floor":[85,85,85,78,78,78,78,78,78,78,78,61,85,51,76,24,85,61,45,45,19,26,53,33,60,60,87,0,0],"gold":246,"neow_bonus":"THREE_ENEMY_KILL","is_daily":false,"chose_seed":false,"campfire_upgraded":1,"win_rate":0.0,"timestamp":1612269571,"path_taken":["M","?","?","?","?","R","E","R","T","?","$","M","?","E","R","BOSS","M","?","?","M","?","R","M","R","T","R","E"],"items_purchased_type":["Relic"],"build_version":"2020-12-22","purchased_purges":0,"victory":false,"max_hp_per_floor":[85,85,85,85,85,85,85,85,85,85,85,85,85,85,85,85,85,85,85,85,85,92,92,92,92,92,92,92,92],"card_choices":[{"not_picked":["construct:ForceCore","construct:SuppressiveFire","construct:HeavyBolt"],"picked":"SKIP","floor":1.0},{"not_picked":["construct:Versatility","construct:ChargeShot","construct:ScrapCannon"],"picked":"SKIP","floor":7.0},{"not_picked":["construct:HeavyBolt","construct:ShiftGuard","construct:VentSteam"],"picked":"SKIP","floor":10.0},{"not_picked":["construct:SuppressiveFire","construct:Anticipate","construct:ClusterMines"],"picked":"SKIP","floor":12.0},{"not_picked":["construct:Accumulate","construct:SuppressiveFire","construct:BatteryCore"],"picked":"SKIP","floor":14.0},{"not_picked":["construct:SuppressiveFire","construct:Analyze+1"],"picked":"construct:LaserCore","floor":18},{"not_picked":["construct:Isolate","construct:SweepLaser+1"],"picked":"construct:PointDefense+1","floor":21},{"not_picked":["construct:Versatility","construct:Impenetrable","construct:ChargeShot+1"],"picked":"SKIP","floor":24}],"player_experience":578314,"relics_obtained":[{"floor":5.0,"key":"construct:FoamFinger"},{"floor":7.0,"key":"InkBottle"},{"floor":9.0,"key":"The Courier"},{"floor":14.0,"key":"Bag of Preparation"},{"floor":19,"key":"Necronomicon"},{"floor":22,"key":"Strawberry"},{"floor":26,"key":"Mercury Hourglass"}],"event_choices":[{"damage_healed":0.0,"max_hp_gain":0.0,"max_hp_loss":0.0,"gold_gain":0.0,"event_name":"conspire:LoneGhost","player_choice":"Agree","floor":2.0,"gold_loss":0.0,"damage_taken":0.0},{"damage_healed":0.0,"max_hp_gain":0.0,"max_hp_loss":0.0,"gold_gain":0.0,"event_name":"Living Wall","player_choice":"Grow","floor":3.0,"gold_loss":0.0,"damage_taken":0.0,"cards_upgraded":["construct:AttackMode"]},{"cards_removed":["conspire:GhostlyDefend"],"damage_healed":0.0,"max_hp_gain":0.0,"max_hp_loss":0.0,"gold_gain":0.0,"event_name":"Golden Wing","player_choice":"Card Removal","floor":4.0,"gold_loss":0.0,"damage_taken":7.0},{"damage_healed":28.0,"max_hp_gain":0.0,"max_hp_loss":0.0,"gold_gain":0.0,"event_name":"Big Fish","player_choice":"Banana","floor":13.0,"gold_loss":0.0,"damage_taken":0.0},{"damage_healed":0,"gold_gain":0,"player_choice":"Obtained Book","damage_taken":16,"max_hp_gain":0,"max_hp_loss":0,"event_name":"Cursed Tome","floor":19,"gold_loss":0},{"damage_healed":0,"gold_gain":0,"cards_transformed":["conspire:GhostlyDefend","conspire:GhostlyDefend"],"player_choice":"Became Test Subject","damage_taken":0,"max_hp_gain":0,"max_hp_loss":0,"event_name":"Drug Dealer","floor":20,"gold_loss":0,"cards_obtained":["Panache","Enlightenment"]}],"is_beta":false,"boss_relics":[{"not_picked":["Snecko Eye","Runic Dome"],"picked":"conspire:SpecialSausage"}],"items_purged_floors":[],"is_endless":false,"potions_floor_spawned":[1,16],"killed_by":"Book of Stabbing","ascension_level":0}}