{"host":"vyiqbz5w606ur92t","time":1612263945,"event":{"mods":["BaseMod","Downfall","Minty Spire (QoL Compilation)","StSLib"],"gold_per_floor":[0,20,20,44,61,61,61,103,127,170,170,206,125,463,485,599,608,508,530,81,81,98,98,98,141,150,167,194,210,110,139,151,261,261,261,285,300,309,336,373,373,392,482,491,508,546,446,474,501,501,501,541,45,45,45,45],"floor_reached":57,"language":"ENG","playtime":4941,"items_purged":["Normality","Slimebound:Strike_Slimebound","downfall:Bewildered"],"score":1822,"play_id":"8a53ad2c-b7ff-4958-a48d-a851554a3ec9","local_time":"20210202110545","is_ascension_mode":true,"campfire_choices":[{"data":"Slimebound:Split","floor":1,"key":"SMITH"},{"data":"Slimebound:MassRepurpose","floor":6,"key":"SMITH"},{"data":"Slimebound:TagTeam","floor":18,"key":"SMITH"},{"floor":23,"key":"RECALL"},{"data":"Slimebound:SlimeBarrage","floor":30,"key":"SMITH"},{"data":"Slimebound:SelfFormingGoo","floor":35,"key":"SMITH"},{"data":"Slimebound:LeadByExample","floor":47,"key":"SMITH"},{"data":"Slimebound:MassRepurpose","floor":54,"key":"SMITH"}],"circlet_count":0,"master_deck":["Slimebound:Defend_Slimebound","Slimebound:Defend_Slimebound","Slimebound:Split+1","Slimebound:CorrosiveSpit","Slimebound:DisruptingSlam","Slimebound:MassRepurpose+1","Slimebound:SplitLeeching","Slimebound:LevelUp","Slimebound:SlimeBarrage","Slimebound:Equalize","Slimebound:SplitLeeching","Slimebound:TagTeam+1","Slimebound:SlimeBarrage+1","Slimebound:GoopSpray","Slimebound:MassRepurpose+1","CurseOfTheBell","Slimebound:LevelUp+1","Slimebound:LivingWall","Slimebound:LeadByExample+1","Slimebound:FirmFortitude","Slimebound:SelfFormingGoo+1","Slimebound:SplitMire+1","Slimebound:Nibble+1","Slimebound:Replication+1","Slimebound:MegaLick+1","Slimebound:Recollect+1","Slimebound:Repurpose+1","Slimebound:SlimeBrawl+1","Slimebound:Nibble+1","Slimebound:SplitLeeching+1"],"relics":["Slimebound:AbsorbEndCombat","Incense Burner","downfall:ExtraCursedKey","CeramicFish","Guardian:GemstoneGun","Strawberry","Old Coin","Calling Bell","Nunchaku","Slimebound:MaxSlimesRelic","Thread and Needle","downfall:HeartBlessingBlue","Slimebound:StickyStick","Slimebound:PotencyRelic","hexamod:CandleOfCauterizing","downfall:HeartBlessingRed","Shuriken","Empty Cage","Mercury Hourglass","Medical Kit","Smiling Mask","downfall:HeartBlessingGreen","Happy Flower","OrangePellets","champ:DeflectingBracers"],"acts_visited":["Exordium","TheCity","TheBeyond","TheEnding"],"potions_floor_usage":[19,25,31,32,40,52,56],"damage_taken":[{"damage":16,"enemies":"Small Slimes","floor":2,"turns":5},{"damage":5,"enemies":"Jaw Worm","floor":5,"turns":5},{"damage":21,"enemies":"Lagavulin","floor":8,"turns":5},{"damage":4,"enemies":"Cultist","floor":9,"turns":5},{"damage":0,"enemies":"Gremlin Nob","floor":10,"turns":3},{"damage":8,"enemies":"Lagavulin","floor":12,"turns":6},{"damage":1,"enemies":"downfall:FleeingMerchant","floor":13,"turns":4},{"damage":12,"enemies":"3 Sentries","floor":14,"turns":4},{"damage":2,"enemies":"Exordium Wildlife","floor":15,"turns":2},{"damage":14,"enemies":"DF_ARCHETYPE_STREAMLINE","floor":16,"turns":7},{"damage":4,"enemies":"Chosen","floor":19,"turns":4},{"damage":3,"enemies":"downfall:FleeingMerchant","floor":20,"turns":4},{"damage":3,"enemies":"Shell Parasite","floor":22,"turns":3},{"damage":4,"enemies":"Book of Stabbing","floor":25,"turns":4},{"damage":0,"enemies":"Snake Plant","floor":27,"turns":2},{"damage":0,"enemies":"3 Cultists","floor":28,"turns":3},{"damage":0,"enemies":"Snecko","floor":29,"turns":4},{"damage":1,"enemies":"Slavers","floor":31,"turns":4},{"damage":18,"enemies":"Shelled Parasite and Fungi","floor":32,"turns":3},{"damage":0,"enemies":"IC_MUSHROOM_ARCHETYPE","floor":33,"turns":4},{"damage":0,"enemies":"3 Darklings","floor":36,"turns":3},{"damage":2,"enemies":"3 Shapes","floor":37,"turns":3},{"damage":12,"enemies":"3 Shapes","floor":38,"turns":4},{"damage":0,"enemies":"Maw","floor":39,"turns":4},{"damage":26,"enemies":"Giant Head","floor":40,"turns":6},{"damage":0,"enemies":"Sphere and 2 Shapes","floor":42,"turns":3},{"damage":0,"enemies":"downfall:FleeingMerchant","floor":43,"turns":3},{"damage":0,"enemies":"Transient","floor":45,"turns":5},{"damage":0,"enemies":"Reptomancer","floor":46,"turns":4},{"damage":0,"enemies":"Maw","floor":48,"turns":4},{"damage":0,"enemies":"3 Darklings","floor":49,"turns":3},{"damage":51,"enemies":"WA_ARCHETYPE_DIVINITY","floor":50,"turns":6},{"damage":0,"enemies":"downfall:CharBossMerchant","floor":52,"turns":4},{"damage":0,"enemies":"downfall:NeowBoss","floor":55,"turns":6},{"damage":2,"enemies":"downfall:NeowBossFinal","floor":56,"turns":5}],"seed_played":"6113553438771701878","potions_obtained":[{"floor":2,"key":"SteroidPotion"},{"floor":8,"key":"Explosive Potion"},{"floor":14,"key":"GamblersBrew"},{"floor":15,"key":"LiquidMemories"},{"floor":16,"key":"DistilledChaos"},{"floor":19,"key":"SteroidPotion"},{"floor":21,"key":"Dexterity Potion"},{"floor":21,"key":"Block Potion"},{"floor":25,"key":"DuplicationPotion"},{"floor":31,"key":"ColorlessPotion"},{"floor":33,"key":"BlessingOfTheForge"},{"floor":46,"key":"sneckomod:MuddlingPotion"},{"floor":52,"key":"SpeedPotion"}],"is_trial":false,"path_per_floor":["R","M","?","T","M","R","T","E","M","E","?","E","$","E","M","B",null,"R","M","$","?","M","R","T","E","?","M","M","M","R","E","M","B",null,"R","M","M","?","M","E","T","M","$","?","M","E","R","M","M","B",null,"E","$","R","B","B",null],"character_chosen":"SLIMEBOUND","items_purchased":["Slimebound:StickyStick","Slimebound:PotencyRelic","Medical Kit","OrangePellets","champ:DeflectingBracers"],"campfire_rested":0,"item_purchase_floors":[20,20,43,53,53],"current_hp_per_floor":[59,49,49,49,48,48,48,31,29,31,52,65,70,68,68,66,71,81,79,80,80,82,82,82,82,82,82,82,82,82,82,68,70,77,77,79,77,69,79,55,55,79,79,79,79,79,79,79,79,30,67,77,77,77,79,79],"gold":45,"neow_bonus":"ONE_RARE_RELIC","is_daily":false,"chose_seed":false,"campfire_upgraded":7,"win_rate":0.0,"timestamp":1612263945,"path_taken":["R","M","?","?","M","R","T","E","?","E","?","E","$","E","M","BOSS","R","M","$","?","?","R","T","E","?","M","M","?","R","E","M","BOSS","R","M","M","?","M","E","T","M","$","?","?","E","R","M","M","BOSS","E","$","R","BOSS","BOSS"],"items_purchased_type":["Relic","Relic","Relic","Relic","Relic"],"build_version":"2020-12-22","purchased_purges":3,"victory":true,"max_hp_per_floor":[65,65,65,65,65,65,65,65,65,65,65,72,72,72,72,72,72,82,82,82,82,82,82,82,82,82,82,82,82,82,82,82,82,79,79,79,79,79,79,79,79,79,79,79,79,79,79,79,79,79,79,79,79,79,79,79],"card_choices":[{"not_picked":["Slimebound:Equalize","Slimebound:ComboTackle"],"picked":"Slimebound:DisruptingSlam","floor":2},{"not_picked":["Slimebound:PressTheAttack","Slimebound:Replication"],"picked":"Slimebound:SplitLeeching","floor":5},{"not_picked":["Slimebound:RejuvenatingLick","Slimebound:SlimeSlap"],"picked":"Slimebound:LevelUp","floor":8},{"not_picked":["Slimebound:PressTheAttack","Slimebound:LivingWall"],"picked":"Slimebound:SlimeBarrage","floor":9},{"not_picked":["Slimebound:BestDefense","Slimebound:GoopTackle"],"picked":"Slimebound:Equalize","floor":10},{"not_picked":["Slimebound:ItLooksTasty","Slimebound:ComboTackle"],"picked":"Slimebound:SplitLeeching","floor":12},{"not_picked":["Slimebound:RejuvenatingLick","Slimebound:GoopSpray"],"picked":"Slimebound:TagTeam","floor":13},{"not_picked":["Slimebound:RollThrough","Slimebound:OozeBath"],"picked":"Slimebound:SlimeBarrage","floor":14},{"not_picked":["Slimebound:FinishingTackle","Slimebound:GoopTackle"],"picked":"Slimebound:GoopSpray","floor":15},{"not_picked":["Slimebound:Overexert","Slimebound:Recycling"],"picked":"Slimebound:MassRepurpose","floor":16},{"not_picked":["Slimebound:BestDefense","Slimebound:HauntingLick"],"picked":"Slimebound:LevelUp+1","floor":19},{"not_picked":["Slimebound:Chomp+1","Slimebound:Grow"],"picked":"Slimebound:LivingWall","floor":20},{"not_picked":["Slimebound:SlimeTap","Slimebound:ComboTackle","Slimebound:SplitAcid"],"picked":"SKIP","floor":22},{"not_picked":["Slimebound:GoopTackle+1","Slimebound:ProtectTheBoss"],"picked":"Slimebound:LeadByExample","floor":25},{"not_picked":["Slimebound:Prepare","Slimebound:SplitBruiser+1","Slimebound:SplitAcid"],"picked":"SKIP","floor":27},{"not_picked":["Slimebound:Prepare","Slimebound:SplitBruiser+1","Slimebound:SplitAcid"],"picked":"SKIP","floor":27},{"not_picked":["Slimebound:SplitMire","Slimebound:Recollect"],"picked":"Slimebound:FirmFortitude","floor":28},{"not_picked":["Slimebound:PressTheAttack","Slimebound:SamplingLick","Slimebound:BestDefense"],"picked":"SKIP","floor":29},{"not_picked":["Slimebound:RollThrough+1","Slimebound:FirmFortitude","Slimebound:ComboTackle"],"picked":"SKIP","floor":31},{"not_picked":["Slimebound:FinishingTackle","Slimebound:DivideAndConquer","Slimebound:AcidTongue"],"picked":"SKIP","floor":32},{"not_picked":["Slimebound:OozeBath","Slimebound:DouseInSlime"],"picked":"Slimebound:SelfFormingGoo","floor":33},{"not_picked":["Slimebound:SamplingLick","Slimebound:HauntingLick"],"picked":"Slimebound:SplitMire+1","floor":36},{"not_picked":["Slimebound:SplitBruiser+1","Slimebound:LivingWall+1","Slimebound:HungryTackle"],"picked":"SKIP","floor":37},{"not_picked":["Slimebound:HungryTackle+1","Slimebound:FinishingTackle+1"],"picked":"Slimebound:Nibble+1","floor":38},{"not_picked":["Slimebound:LivingWall","Slimebound:GoopTackle"],"picked":"Slimebound:Replication+1","floor":39},{"not_picked":["Slimebound:SpikyOuterGoop+1","Slimebound:SplitMire+1"],"picked":"Slimebound:MegaLick+1","floor":40},{"not_picked":["Slimebound:GrowthPunch","Slimebound:GoopSpray+1","Slimebound:ServeAndProtect+1"],"picked":"SKIP","floor":42},{"not_picked":["Slimebound:RainOfGoop","Slimebound:Schlurp"],"picked":"Slimebound:Recollect+1","floor":43},{"not_picked":["Slimebound:ViciousTackle+1","Slimebound:TongueLash+1","Slimebound:RejuvenatingLick+1"],"picked":"SKIP","floor":45},{"not_picked":["Slimebound:SlimeBarrage+1","Slimebound:SplitSpecialist+1"],"picked":"Slimebound:Repurpose+1","floor":46},{"not_picked":["Slimebound:DivideAndConquer+1","Slimebound:GrowthPunch"],"picked":"Slimebound:SlimeBrawl+1","floor":48},{"not_picked":["Slimebound:LevelUp","Slimebound:ItLooksTasty+1"],"picked":"Slimebound:Nibble+1","floor":49},{"not_picked":["Slimebound:DivideAndConquer","Slimebound:RollThrough+1"],"picked":"Slimebound:SplitLeeching+1","floor":52}],"player_experience":1373758,"relics_obtained":[{"floor":8,"key":"CeramicFish"},{"floor":10,"key":"Guardian:GemstoneGun"},{"floor":12,"key":"Strawberry"},{"floor":14,"key":"Old Coin"},{"floor":17,"key":"Nunchaku"},{"floor":17,"key":"Slimebound:MaxSlimesRelic"},{"floor":17,"key":"Thread and Needle"},{"floor":25,"key":"hexamod:CandleOfCauterizing"},{"floor":31,"key":"Shuriken"},{"floor":40,"key":"Mercury Hourglass"},{"floor":46,"key":"Smiling Mask"},{"floor":52,"key":"Happy Flower"}],"event_choices":[{"damage_healed":21,"gold_gain":0,"player_choice":"Banana","damage_taken":0,"max_hp_gain":0,"max_hp_loss":0,"event_name":"Big Fish","floor":11,"gold_loss":0},{"damage_healed":0,"gold_gain":0,"player_choice":"Got Potions","damage_taken":0,"max_hp_gain":0,"max_hp_loss":0,"event_name":"Lab","floor":21,"gold_loss":0}],"is_beta":false,"boss_relics":[{"not_picked":["Velvet Choker","bronze:MakeshiftBattery"],"picked":"Calling Bell"},{"not_picked":["Tiny House","Slimebound:TarBlob"],"picked":"Empty Cage"}],"items_purged_floors":[13,43,53],"is_endless":false,"potions_floor_spawned":[2,8,14,15,16,19,25,31,33,37,38,39,46,48,52],"ascension_level":7}}