{"host":"0kk91h4bq4kgfj0u","time":1612307884,"event":{"mods":["BaseMod","Minty Spire (QoL Compilation)","StSLib"],"gold_per_floor":[118,118,138,138,149,149,180,180,205,230,284,284,316,327,327,430,430,442,459,469,469,6,6,6,6,6],"floor_reached":25,"language":"ENG","playtime":845,"items_purged":[],"score":285,"play_id":"475194fb-36f4-45de-9106-065d5e378c97","local_time":"20210202181804","is_ascension_mode":true,"campfire_choices":[{"data":"Caltrops","floor":6,"key":"SMITH"},{"floor":8,"key":"REST"},{"floor":12,"key":"REST"},{"floor":15,"key":"REST"},{"floor":23,"key":"REST"}],"circlet_count":0,"master_deck":["Strike_G","Strike_G","Strike_G+1","Strike_G+1","Strike_G","Defend_G","Defend_G","Defend_G","Defend_G","Defend_G","Survivor","Neutralize","Quick Slash","Caltrops+1","Dagger Throw","Footwork","Backflip","Accuracy","Slice","A Thousand Cuts","Dagger Spray","Blade Dance","Deadly Poison+1","Dodge and Roll"],"relics":["Ring of the Snake","Pen Nib","Whetstone","Potion Belt","Blood Vial","PreservedInsect","TungstenRod","SlaversCollar","Matryoshka","PrismaticShard"],"acts_visited":["Exordium","TheCity"],"potions_floor_usage":[7,20],"damage_taken":[{"damage":2,"enemies":"Jaw Worm","floor":1,"turns":6},{"damage":1,"enemies":"2 Louse","floor":3,"turns":4},{"damage":0,"enemies":"Cultist","floor":5,"turns":3},{"damage":29,"enemies":"3 Sentries","floor":7,"turns":7},{"damage":28,"enemies":"Gremlin Nob","floor":10,"turns":4},{"damage":14,"enemies":"Lagavulin","floor":13,"turns":7},{"damage":1,"enemies":"Blue Slaver","floor":14,"turns":5},{"damage":50,"enemies":"The Guardian","floor":16,"turns":14},{"damage":14,"enemies":"Chosen","floor":18,"turns":7},{"damage":10,"enemies":"3 Byrds","floor":19,"turns":5},{"damage":24,"enemies":"Snecko","floor":20,"turns":5},{"damage":51,"enemies":"Cultist and Chosen","floor":25,"turns":6}],"seed_played":"8234913189731566391","potions_obtained":[{"floor":3,"key":"Dexterity Potion"},{"floor":5,"key":"Block Potion"},{"floor":7,"key":"BlessingOfTheForge"},{"floor":16,"key":"GamblersBrew"},{"floor":19,"key":"Explosive Potion"}],"is_trial":false,"path_per_floor":["M","?","M","?","M","R","E","R","T","E","T","R","E","M","R","B",null,"M","M","M","?","$","R","$","M"],"character_chosen":"THE_SILENT","items_purchased":["Matryoshka","PrismaticShard","Dodge and Roll"],"campfire_rested":4,"item_purchase_floors":[22,22,22],"current_hp_per_floor":[61,66,65,65,65,65,36,58,58,30,30,52,40,41,63,15,60,48,40,18,18,18,40,40,0,0],"gold":6,"neow_bonus":"RANDOM_COMMON_RELIC","is_daily":false,"chose_seed":false,"campfire_upgraded":1,"win_rate":0.0,"timestamp":1612307884,"path_taken":["M","?","M","?","M","R","E","R","T","E","?","R","E","?","R","BOSS","M","M","M","?","$","R","?","M"],"items_purchased_type":["Relic","Relic","Card"],"build_version":"2020-12-22","purchased_purges":0,"victory":false,"max_hp_per_floor":[70,75,75,75,75,75,75,75,75,75,75,75,75,75,75,75,75,75,75,75,75,75,75,75,75,75],"card_choices":[{"not_picked":["Bane","Expertise"],"picked":"Quick Slash","floor":1},{"not_picked":["Deadly Poison","Flying Knee"],"picked":"Caltrops","floor":3},{"not_picked":["Acrobatics","PiercingWail"],"picked":"Dagger Throw","floor":5},{"not_picked":["Blade Dance","Die Die Die"],"picked":"Footwork","floor":7},{"not_picked":["PiercingWail","Terror"],"picked":"Backflip","floor":10},{"not_picked":["Eviscerate","Bane"],"picked":"Accuracy","floor":13},{"not_picked":["Calculated Gamble","Bane"],"picked":"Slice","floor":14},{"not_picked":["Doppelganger","Malaise"],"picked":"A Thousand Cuts","floor":16},{"not_picked":["Dagger Throw","Sucker Punch"],"picked":"Dagger Spray","floor":18},{"not_picked":["Backflip+1","Dodge and Roll"],"picked":"Blade Dance","floor":19},{"not_picked":["Prepared+1","Dagger Throw"],"picked":"Deadly Poison+1","floor":20}],"player_experience":840135,"relics_obtained":[{"floor":7,"key":"Whetstone"},{"floor":9,"key":"Potion Belt"},{"floor":10,"key":"Blood Vial"},{"floor":11,"key":"PreservedInsect"},{"floor":13,"key":"TungstenRod"}],"event_choices":[{"damage_healed":0,"gold_gain":0,"player_choice":"Donut","damage_taken":0,"max_hp_gain":5,"max_hp_loss":0,"event_name":"Big Fish","floor":2,"gold_loss":0},{"damage_healed":0,"gold_gain":0,"player_choice":"Ignored","damage_taken":0,"max_hp_gain":0,"max_hp_loss":0,"event_name":"Liars Game","floor":4,"gold_loss":0},{"damage_healed":0,"gold_gain":0,"player_choice":"Ignored","damage_taken":0,"max_hp_gain":0,"max_hp_loss":0,"event_name":"Transmorgrifier","floor":21,"gold_loss":0}],"is_beta":false,"boss_relics":[{"not_picked":["Sozu","Runic Pyramid"],"picked":"SlaversCollar"}],"items_purged_floors":[],"is_endless":false,"potions_floor_spawned":[3,5,7,16,19],"killed_by":"Cultist and Chosen","ascension_level":6}}