{"host":"ow66nzv2xecjoor3","time":1612231863,"event":{"mods":["BaseMod","Bestiary","Block Reminder","Colored Powertips","Curses Come First","Highlight Path","Keyboard Shortcuts","Minty Spire (QoL Compilation)","Permanent Neow","Relic Stats","StSLib","UnlockEverythingMod"],"gold_per_floor":[110,110,128,128,146,181,181,225,225,225,240,264,264,147,147,240,240,258,277,277,277,295,295,333,333,333,333,333],"floor_reached":27,"language":"ENG","playtime":893,"items_purged":["Strike_P"],"score":627,"play_id":"e07ebba3-5d81-47be-a044-c1520bc0073c","local_time":"20210201201103","is_ascension_mode":true,"campfire_choices":[{"data":"BowlingBash","floor":7.0,"key":"SMITH"},{"data":"WindmillStrike","floor":13.0,"key":"SMITH"},{"data":"Meditate","floor":15.0,"key":"SMITH"},{"data":"CutThroughFate","floor":23.0,"key":"SMITH"},{"data":"Ragnarok","floor":25.0,"key":"SMITH"}],"circlet_count":0,"master_deck":["AscendersBane","Defend_P","Defend_P","Defend_P","Defend_P","Eruption","Vigilance","FollowUp","FlurryOfBlows","BowlingBash+1","Vengeance","WindmillStrike+1","Wireheading","Meditate+1","Ragnarok+1","Perseverance+1","Wireheading","Bite","Bite","Bite","Bite","Bite","InnerPeace","CutThroughFate+1"],"relics":["Busted Crown","Golden Idol","Centennial Puzzle","Prayer Wheel","Cursed Key","Enchiridion","FossilizedHelix"],"acts_visited":["Exordium","TheCity"],"potions_floor_usage":[27],"damage_taken":[{"damage":6.0,"enemies":"2 Louse","floor":1.0,"turns":4.0},{"damage":0.0,"enemies":"Jaw Worm","floor":3.0,"turns":2.0},{"damage":0.0,"enemies":"Cultist","floor":5.0,"turns":3.0},{"damage":15.0,"enemies":"Lagavulin","floor":6.0,"turns":6.0},{"damage":10.0,"enemies":"3 Sentries","floor":8.0,"turns":5.0},{"damage":0.0,"enemies":"Lagavulin","floor":10.0,"turns":4.0},{"damage":6.0,"enemies":"Looter","floor":11.0,"turns":2.0},{"damage":2.0,"enemies":"3 Louse","floor":12.0,"turns":2.0},{"damage":0.0,"enemies":"Slime Boss","floor":16.0,"turns":4.0},{"damage":1.0,"enemies":"Spheric Guardian","floor":18.0,"turns":3.0},{"damage":19.0,"enemies":"2 Thieves","floor":19.0,"turns":3.0},{"damage":0.0,"enemies":"Cultist and Chosen","floor":22.0,"turns":3.0},{"damage":41.0,"enemies":"Slavers","floor":24.0,"turns":4.0},{"damage":15,"enemies":"Book of Stabbing","floor":27,"turns":2}],"seed_played":"-7348623671894337803","potions_obtained":[{"floor":3.0,"key":"DistilledChaos"},{"floor":6.0,"key":"SmokeBomb"},{"floor":11.0,"key":"CultistPotion"},{"floor":22.0,"key":"Regen Potion"},{"floor":24.0,"key":"Swift Potion"}],"is_trial":false,"path_per_floor":["M","?","M","?","M","E","R","E","T","E","M","M","R","$","R","B",null,"M","M","?","?","M","R","E","R","T","E"],"character_chosen":"WATCHER","items_purchased":["Meditate"],"campfire_rested":0,"item_purchase_floors":[14],"current_hp_per_floor":[55,55,55,55,55,40,40,30,30,30,24,22,22,22,22,22,52,51,32,32,11,25,25,10,10,10,0,0],"gold":333,"neow_bonus":"BOSS_RELIC","is_daily":false,"chose_seed":false,"campfire_upgraded":5,"win_rate":0.0,"timestamp":1612231863,"path_taken":["M","?","M","?","M","E","R","E","T","E","M","M","R","$","R","BOSS","M","M","?","?","M","R","E","R","T","E"],"items_purchased_type":["Card"],"build_version":"2020-12-22","purchased_purges":1,"victory":false,"max_hp_per_floor":[68,68,68,62,62,62,62,62,62,62,62,62,62,62,62,62,62,62,62,43,43,43,43,43,43,43,43,43],"relic_stats":{"Centennial Puzzle":[21],"Busted Crown":34,"counters":[14,47],"Golden Idol":76,"Prayer Wheel":5,"Cursed Key":0,"obtain_stats":[{"Centennial Puzzle":6,"Busted Crown":0,"Golden Idol":4,"Enchiridion":21,"Prayer Wheel":8,"PureWater":0,"Cursed Key":17,"FossilizedHelix":24},{"Centennial Puzzle":4,"Busted Crown":0,"Golden Idol":2,"Enchiridion":11,"Prayer Wheel":5,"PureWater":0,"Cursed Key":9,"FossilizedHelix":13},{"Centennial Puzzle":15,"Busted Crown":0,"Golden Idol":6,"Enchiridion":38,"Prayer Wheel":20,"PureWater":0,"Cursed Key":32,"FossilizedHelix":45}]},"card_choices":[{"not_picked":[],"picked":"FollowUp","floor":1.0},{"not_picked":[],"picked":"FlurryOfBlows","floor":3.0},{"not_picked":[],"picked":"BowlingBash","floor":5.0},{"not_picked":[],"picked":"Vengeance","floor":6.0},{"not_picked":[],"picked":"WindmillStrike","floor":8.0},{"not_picked":[],"picked":"Wireheading","floor":11.0},{"not_picked":["FollowUp"],"picked":"SKIP","floor":11.0},{"not_picked":["Evaluate"],"picked":"SKIP","floor":12.0},{"not_picked":["WindmillStrike"],"picked":"SKIP","floor":12.0},{"not_picked":[],"picked":"Ragnarok","floor":16.0},{"not_picked":[],"picked":"Perseverance+1","floor":18.0},{"not_picked":["Prostrate"],"picked":"SKIP","floor":18.0},{"not_picked":[],"picked":"Wireheading","floor":19.0},{"not_picked":["Pray"],"picked":"SKIP","floor":19.0},{"not_picked":[],"picked":"InnerPeace","floor":22.0},{"not_picked":[],"picked":"CutThroughFate","floor":22.0},{"not_picked":["JustLucky"],"picked":"SKIP","floor":24.0}],"player_experience":2808730,"relics_obtained":[{"floor":6.0,"key":"Centennial Puzzle"},{"floor":8.0,"key":"Prayer Wheel"},{"floor":21.0,"key":"Enchiridion"},{"floor":24.0,"key":"FossilizedHelix"}],"event_choices":[{"damage_healed":0.0,"max_hp_gain":0.0,"max_hp_loss":0.0,"gold_gain":0.0,"event_name":"The Cleric","player_choice":"Leave","floor":2.0,"gold_loss":0.0,"damage_taken":0.0},{"damage_healed":0.0,"max_hp_gain":0.0,"max_hp_loss":6.0,"gold_gain":0.0,"event_name":"Golden Idol","player_choice":"Lose Max HP","floor":4.0,"gold_loss":0.0,"damage_taken":0.0,"relics_obtained":["Golden Idol"]},{"damage_healed":0.0,"max_hp_gain":0.0,"max_hp_loss":19.0,"gold_gain":0.0,"event_name":"Vampires","player_choice":"Became a vampire","floor":20.0,"gold_loss":0.0,"damage_taken":0.0,"cards_obtained":["Bite","Bite","Bite","Bite","Bite"]},{"damage_healed":0.0,"max_hp_gain":0.0,"max_hp_loss":0.0,"gold_gain":0.0,"event_name":"Cursed Tome","player_choice":"Obtained Book","floor":21.0,"gold_loss":0.0,"damage_taken":21.0}],"is_beta":false,"boss_relics":[{"not_picked":["Fusion Hammer","Astrolabe"],"picked":"Cursed Key"}],"items_purged_floors":[14],"is_endless":false,"potions_floor_spawned":[3,6,10,11,22,24],"killed_by":"Book of Stabbing","ascension_level":20}}