{"host":"17xjy7b7ubl548g2","time":1612243326,"event":{"mods":["2.2 Compatiblity","Act Like it!","Aspiration","Astrologer","Bard","BaseMod","Challenge The Spire","ChefMod","Colored Map","Colored Powertips","Conspire","Elementarium","Energized Spire","Gensokyo","GifTheSpireLib","Halation","Hallownest","Hermit","Hubris","Infinite Spire","Jedi Mod","Jorbs\u0027s Wanderer Trilogy","Marisa（霧雨　魔理沙）","Marked Mod","Menagerie","Minty Spire (QoL Compilation)","Permanent Neow","Reliquary","Replay The Spire","Robot Space Explorer","Spicy Shops","Spire Arcade","StSLib","Stuff the Spire","The Blue Laboratory","The Bug Knight","The Construct","The Disciple","The Hayseed","The Hierophant","The Marked","The Runesmith","The Sage","TheFirefly"],"gold_per_floor":[116,128,22,22,35,65,65,95,95,95,115,115,115,131,131,227,227,227,227,227,237,248,280,280,308,308,308,308,318,318,318,338,349,349,451,451,468,478,36,52,69,69,96,106,106,106,106,106,123,141,141,141,141],"floor_reached":52,"language":"ENG","playtime":5868,"items_purged":["theMarked:Strike"],"score":739,"play_id":"467e3e2e-59c2-4cbd-bcd2-7afb57cb39c7","local_time":"20210202002206","is_ascension_mode":true,"campfire_choices":[{"data":"theMarked:SoldierOfQuellstein","floor":7,"key":"SMITH"},{"data":"theMarked:StartUp","floor":13,"key":"SMITH"},{"data":"theMarked:Static","floor":15,"key":"SMITH"},{"floor":24,"key":"REST"},{"floor":30,"key":"REST"},{"data":"theMarked:LightningStrikesTwice","floor":34,"key":"SMITH"},{"data":"theMarked:Vacuum","floor":42,"key":"SMITH"},{"floor":48,"key":"REST"},{"data":"theMarked:SelfDefenseTraining","floor":51,"key":"SMITH"}],"circlet_count":0,"master_deck":["theMarked:Defend","theMarked:Defend","theMarked:Defend","theMarked:SoldierOfQuellstein+1","theMarked:EmpowerWeapon","theMarked:ChainLightning","theMarked:ElectricStrings","theMarked:WardOff+1","theMarked:StartUp+1","theMarked:WardOff","theMarked:TwofoldDefense","theMarked:EnhanceMovement","Quick Slash","Endless Agony","Expertise","theMarked:ResourceFulStrike","theMarked:Static+1","theMarked:Defy","infinitespire:Fortify","theMarked:RepellingDischarge","theMarked:Frustration+1","theMarked:SwordAndMagic","theMarked:HeightenedSenses","theMarked:Static","theMarked:AttractMetal+1","theMarked:LightningStrikesTwice+1","theMarked:Vacuum+1","theMarked:ContemptForTheProud","theMarked:Seal","theMarked:GodGivenPower","theMarked:RogueSparks+1","theMarked:SelfDefenseTraining+1","theMarked:Seal+1","theMarked:Electrocute+1","theMarked:Pokerface","theMarked:BanishingStrike+1","theMarked:WardOff+1","theMarked:Parkour+1","theMarked:BanishingStrike+1","theMarked:TwofoldDefense+1","theMarked:HeightenedSenses+1"],"relics":["theMarked:ArtifactOfAir","Pet Ghost","infinitespire:Beetle Shell","halation:TwoAmDonut","reliquary:WritOfMandamus","theMarked:SpiritSword","jedi:heavyjacket","Prayer Wheel","aspiration:FrozenJewel","reliquary:NewFriend","infinitespire:CursedDice","Philosopher\u0027s Stone","HollowMod:JonisBlessing","TungstenRod","reliquary:ExpiredCoupon","Bottled Lightning","halation:PinkSoulGem"],"acts_visited":["Exordium","Gensokyo:Gensokyo","Gensokyo:Gensokyoer"],"potions_floor_usage":[6,18,23,25,25,41,43,52],"damage_taken":[{"damage":3,"enemies":"Gensokyo:Gryphon","floor":1,"turns":3},{"damage":2,"enemies":"Gensokyo:2_Kodama","floor":2,"turns":2},{"damage":0,"enemies":"Gensokyo:Python","floor":5,"turns":3},{"damage":3,"enemies":"Gensokyo:Aya","floor":6,"turns":5},{"damage":4,"enemies":"Gensokyo:Mamizou","floor":8,"turns":9},{"damage":4,"enemies":"Gensokyo:5_Fairies","floor":11,"turns":4},{"damage":0,"enemies":"Gensokyo:LivingMonolith","floor":14,"turns":2},{"damage":10,"enemies":"Gensokyo:Kokoro","floor":16,"turns":13},{"damage":0,"enemies":"Gensokyo:Chomper","floor":18,"turns":3},{"damage":0,"enemies":"Gensokyo:AngelMirror","floor":21,"turns":3},{"damage":24,"enemies":"Gensokyo:Chomper_and_Gloop","floor":22,"turns":5},{"damage":16,"enemies":"Gensokyo:Tenshi","floor":23,"turns":7},{"damage":27,"enemies":"Gensokyo:Koishi","floor":25,"turns":7},{"damage":0,"enemies":"Gensokyo:Monolith_and_Dog","floor":29,"turns":6},{"damage":6,"enemies":"Gensokyo:Slime_Group","floor":32,"turns":5},{"damage":0,"enemies":"Gensokyo:Mirror_and_Dog","floor":33,"turns":4},{"damage":28,"enemies":"Gensokyo:Kaguya","floor":35,"turns":11},{"damage":0,"enemies":"Gensokyo:3_Bats","floor":37,"turns":2},{"damage":3,"enemies":"Gensokyo:AncientGuardian","floor":38,"turns":3},{"damage":0,"enemies":"Gensokyo:AtlasGolem","floor":40,"turns":5},{"damage":0,"enemies":"Gensokyo:Sharpion","floor":41,"turns":4},{"damage":29,"enemies":"Nightmare","floor":43,"turns":7},{"damage":0,"enemies":"Gensokyo:Dusk_and_Dawn","floor":44,"turns":4},{"damage":0,"enemies":"Gensokyo:4_Bats","floor":49,"turns":3},{"damage":0,"enemies":"Gensokyo:SeedOfUnknown","floor":50,"turns":5},{"damage":123,"enemies":"Gensokyo:Scarlet_Devils","floor":52,"turns":7}],"seed_played":"4593054440415639643","potions_obtained":[{"floor":5,"key":"AttackPotion"},{"floor":8,"key":"Swift Potion"},{"floor":16,"key":"SmokeBomb"},{"floor":21,"key":"Explosive Potion"},{"floor":23,"key":"blueLaboratory:PolymorphPotion"},{"floor":29,"key":"LiquidMemories"},{"floor":37,"key":"Dexterity Potion"},{"floor":41,"key":"Fruit Juice"},{"floor":49,"key":"blueLaboratory:AbyssPotion"}],"is_trial":false,"path_per_floor":["M","M","$","?","M","E","R","E","T","?","M","?","R","M","R","B",null,"M","AVR","?","M","M","E","R","E","PTL","PTL","T","M","R","T","M","M","R","B",null,"M","M","$","M","M","R","NM","M","T","?","?","R","M","M","R","B"],"character_chosen":"THE_DEFAULT","items_purchased":["theMarked:WardOff+1","theMarked:StartUp","HollowMod:JonisBlessing","theMarked:SelfDefenseTraining","TungstenRod"],"campfire_rested":3,"item_purchase_floors":[3,3,39,39,39],"current_hp_per_floor":[60,58,58,44,44,41,41,37,37,37,33,33,33,33,33,23,58,58,58,58,58,34,18,39,12,12,12,12,12,33,33,27,27,27,25,59,59,56,56,56,56,56,27,27,27,27,35,57,57,57,57,0,0],"gold":141,"neow_bonus":"THREE_CARDS","is_daily":false,"chose_seed":false,"campfire_upgraded":6,"win_rate":0.0,"timestamp":1612243326,"path_taken":["M","M","$","?","M","E","R","E","T","?","?","?","R","M","R","BOSS","M","AVR","?","M","?","E","R","E","PTL","PTL","T","M","R","?","?","M","R","BOSS","M","M","$","M","M","R","NM","M","T","?","?","R","M","?","R","BOSS"],"items_purchased_type":["Card","Card","Relic","Card","Relic"],"build_version":"2020-12-22","purchased_purges":1,"victory":false,"max_hp_per_floor":[70,70,70,70,70,70,70,70,70,70,70,70,70,70,70,70,70,70,70,70,70,70,70,70,70,70,70,70,70,70,70,70,70,70,70,70,70,70,70,70,70,70,75,75,75,75,75,75,75,75,75,75,75],"card_choices":[{"not_picked":["theMarked:Heritage","theMarked:CreepingChasm"],"picked":"theMarked:EmpowerWeapon","floor":0},{"not_picked":["theMarked:PowerFlow","theMarked:TwofoldDefense"],"picked":"theMarked:ChainLightning","floor":1},{"not_picked":["theMarked:Memento","theMarked:TakeCover"],"picked":"theMarked:ElectricStrings","floor":2},{"not_picked":["theMarked:ShockingTouch","theMarked:Improvise"],"picked":"theMarked:WardOff","floor":5},{"not_picked":["theMarked:ChannelForce","theMarked:Indomitable"],"picked":"theMarked:TwofoldDefense","floor":6},{"not_picked":["theMarked:Improvise","theMarked:Friction"],"picked":"theMarked:EnhanceMovement","floor":8},{"not_picked":["theMarked:CreepingChasm","theMarked:Standoff"],"picked":"theMarked:ResourceFulStrike","floor":11},{"not_picked":["theMarked:Improvise","theMarked:EmpowerWeapon"],"picked":"theMarked:Static","floor":14},{"not_picked":["theMarked:SuspiciousRaven","theMarked:DispelDoubt"],"picked":"theMarked:Defy","floor":16},{"not_picked":["theMarked:Memento","theMarked:TakeCover","theMarked:Electrify"],"picked":"SKIP","floor":21},{"not_picked":["theMarked:Generate","theMarked:Aftermath"],"picked":"theMarked:RepellingDischarge","floor":22},{"not_picked":["theMarked:Friction","theMarked:TakeCover"],"picked":"theMarked:Frustration+1","floor":23},{"not_picked":["theMarked:ElectricStrings","theMarked:MuscleMemory"],"picked":"theMarked:SwordAndMagic","floor":25},{"not_picked":["theMarked:Standoff","theMarked:WastefulAttack+1"],"picked":"theMarked:HeightenedSenses","floor":29},{"not_picked":["theMarked:TwofoldDefense","theMarked:CreepingChasm+1"],"picked":"theMarked:Static","floor":29},{"not_picked":["theMarked:WastefulAttack","theMarked:RepellingDischarge+1"],"picked":"theMarked:AttractMetal+1","floor":32},{"not_picked":["theMarked:MuscleMemory+1","theMarked:Memento","theMarked:RepellingDischarge"],"picked":"SKIP","floor":32},{"not_picked":["theMarked:TwofoldDefense","theMarked:Electrify+1"],"picked":"theMarked:LightningStrikesTwice","floor":33},{"not_picked":["theMarked:WastefulAttack","theMarked:Improvise","theMarked:HeightenedSenses"],"picked":"SKIP","floor":33},{"not_picked":["theMarked:TurnInvisible","theMarked:ThrowWeapon"],"picked":"theMarked:Vacuum","floor":35},{"not_picked":["theMarked:EmpowerWeapon","theMarked:Overcharge+1"],"picked":"theMarked:ContemptForTheProud","floor":37},{"not_picked":["theMarked:Frustration","theMarked:SwordAndMagic"],"picked":"theMarked:Seal","floor":37},{"not_picked":["theMarked:TwofoldDefense+1","theMarked:LightningStrikesTwice"],"picked":"theMarked:GodGivenPower","floor":38},{"not_picked":["theMarked:ResourceFulStrike","theMarked:RepellingDischarge"],"picked":"theMarked:RogueSparks+1","floor":38},{"not_picked":["theMarked:EmpowerWeapon+1","theMarked:ComboAttacks"],"picked":"theMarked:Seal+1","floor":40},{"not_picked":["theMarked:Frustration","theMarked:Opportunist"],"picked":"theMarked:Electrocute+1","floor":40},{"not_picked":["theMarked:SwordAndMagic","theMarked:HeightenedSenses+1"],"picked":"theMarked:Pokerface","floor":41},{"not_picked":["theMarked:PowerFlow","theMarked:Improvise+1","theMarked:Overcharge"],"picked":"SKIP","floor":41},{"not_picked":["theMarked:PowerFlow","theMarked:Aftermath"],"picked":"theMarked:BanishingStrike+1","floor":43},{"not_picked":["theMarked:GodGivenPower+1","theMarked:Frustration+1"],"picked":"theMarked:WardOff+1","floor":44},{"not_picked":["theMarked:Overthink+1","theMarked:Opportunist","theMarked:WastefulAttack"],"picked":"SKIP","floor":44},{"not_picked":["theMarked:WastefulAttack+1","theMarked:Improvise"],"picked":"theMarked:Parkour+1","floor":49},{"not_picked":["theMarked:ResourceFulStrike+1","theMarked:SwordAndMagic+1"],"picked":"theMarked:BanishingStrike+1","floor":49},{"not_picked":["theMarked:Frustration+1","theMarked:EmpowerWeapon"],"picked":"theMarked:TwofoldDefense+1","floor":50},{"not_picked":["theMarked:GodGivenPower","theMarked:Aftermath"],"picked":"theMarked:HeightenedSenses+1","floor":50}],"player_experience":2042275,"relics_obtained":[{"floor":6,"key":"Pet Ghost"},{"floor":8,"key":"infinitespire:Beetle Shell"},{"floor":9,"key":"halation:TwoAmDonut"},{"floor":23,"key":"Prayer Wheel"},{"floor":25,"key":"aspiration:FrozenJewel"},{"floor":28,"key":"reliquary:NewFriend"},{"floor":31,"key":"infinitespire:CursedDice"},{"floor":43,"key":"reliquary:ExpiredCoupon"},{"floor":45,"key":"Bottled Lightning"}],"event_choices":[],"is_beta":false,"boss_relics":[{"not_picked":["jedi:battlestandard","halation:SmartPhone"],"picked":"reliquary:WritOfMandamus"},{"not_picked":["Replay:Bronze Core","aspiration:RunicSpoon"],"picked":"Philosopher\u0027s Stone"}],"items_purged_floors":[19],"is_endless":false,"potions_floor_spawned":[5,8,16,21,22,23,29,37,40,41,49],"killed_by":"Gensokyo:Scarlet_Devils","ascension_level":8}}