{"host":"l2dnabsh5e0fsksb","time":1612235253,"event":{"mods":["2.2 Compatiblity","BaseMod","Downfall","Minty Spire (QoL Compilation)","Quick Restart","StSLib"],"gold_per_floor":[99,99,99,99,99,115,168,181,81,97,110,154,54,119,146,146,146,146],"floor_reached":16,"language":"ENG","playtime":1256,"items_purged":[],"score":206,"play_id":"fc98686e-f481-4082-a0f6-139e80552e98","local_time":"20210202133733","is_ascension_mode":true,"campfire_choices":[{"floor":1.0,"key":"RECALL"},{"data":"bronze:Flail","floor":9,"key":"SMITH"},{"data":"bronze:BronzeOrb","floor":13,"key":"SMITH"}],"circlet_count":0,"master_deck":["AscendersBane","bronze:Strike","bronze:Strike","bronze:Strike","bronze:Strike","bronze:Defend","bronze:Defend","bronze:Defend","bronze:Defend","bronze:Replicate","bronze:Goto","bronze:Iterate+1","bronze:Iterate+1","Shame","bronze:Flail+1","bronze:DelayedSlice","bronze:DelayedSlice","bronze:BronzeOrb+1","bronze:BronzeOrb+1","bronze:BuggyMess"],"relics":["bronze:BronzeCore","downfall:HeartsMalice","downfall:HeartBlessingBlue","CeramicFish","downfall:HeartBlessingRed","Molten Egg 2"],"acts_visited":["Exordium"],"potions_floor_usage":[14,16],"damage_taken":[{"damage":0.0,"enemies":"Cultist","floor":2.0,"turns":1.0},{"damage":0.0,"enemies":"2 Louse","floor":3.0,"turns":1.0},{"damage":0.0,"enemies":"Small Slimes","floor":5.0,"turns":1.0},{"damage":13,"enemies":"Blue Slaver","floor":6,"turns":2},{"damage":9,"enemies":"Red Slaver","floor":8,"turns":2},{"damage":7,"enemies":"2 Fungi Beasts","floor":10,"turns":2},{"damage":3,"enemies":"Blue Slaver","floor":11,"turns":2},{"damage":0,"enemies":"3 Sentries","floor":12,"turns":3},{"damage":13,"enemies":"Gremlin Nob","floor":14,"turns":3},{"damage":0,"enemies":"3 Louse","floor":15,"turns":2},{"damage":31,"enemies":"SI_SHIV_ARCHETYPE","floor":16,"turns":5}],"seed_played":"-5723916015947412951","potions_obtained":[{"floor":6,"key":"BlessingOfTheForge"},{"floor":10,"key":"Fire Potion"},{"floor":11,"key":"hexamod:SoulburnPotion"},{"floor":15,"key":"DistilledChaos"}],"is_trial":false,"path_per_floor":["R","M","M","?","M","M","T","M","R","M","M","E","R","?","M","B"],"character_chosen":"THE_AUTOMATON","items_purchased":[],"campfire_rested":0,"item_purchase_floors":[],"current_hp_per_floor":[63,63,63,63,63,50,50,41,51,44,41,41,41,28,28,0,0,0],"gold":146,"neow_bonus":"THREE_ENEMY_KILL","is_daily":false,"chose_seed":false,"campfire_upgraded":2,"win_rate":0.0,"timestamp":1612235253,"path_taken":["R","M","?","?","M","M","T","M","R","?","M","E","R","?","M","BOSS"],"items_purchased_type":[],"build_version":"2020-12-22","purchased_purges":0,"victory":false,"max_hp_per_floor":[70,70,70,70,70,70,70,70,80,80,80,80,80,80,80,80,80,80],"card_choices":[{"not_picked":["bronze:ForceShield","bronze:WildBeam"],"picked":"bronze:Iterate","floor":2.0},{"not_picked":["bronze:Frontload","bronze:BitShift"],"picked":"bronze:Iterate","floor":3.0},{"not_picked":["bronze:CutThrough","bronze:Turbo"],"picked":"bronze:Flail","floor":5.0},{"not_picked":["bronze:Turbo","bronze:BitShift"],"picked":"bronze:DelayedSlice","floor":6},{"not_picked":["bronze:OilSpill","bronze:DarkDash","bronze:Break"],"picked":"SKIP","floor":8},{"not_picked":["bronze:Deprecate","bronze:InfiniteBeams"],"picked":"bronze:DelayedSlice","floor":10},{"not_picked":["bronze:DelayedSlice","bronze:Refactor","bronze:Invalidate"],"picked":"SKIP","floor":11},{"not_picked":["bronze:Invalidate","bronze:ItsAFeature"],"picked":"bronze:BronzeOrb","floor":12},{"not_picked":["bronze:Overheat+1","bronze:NullPointer+1"],"picked":"bronze:BronzeOrb+1","floor":14},{"not_picked":["bronze:BronzeArmor","bronze:CleanCode"],"picked":"bronze:BuggyMess","floor":15}],"player_experience":1889268,"relics_obtained":[{"floor":12,"key":"CeramicFish"},{"floor":14,"key":"Molten Egg 2"}],"event_choices":[],"is_beta":false,"boss_relics":[],"items_purged_floors":[],"is_endless":false,"potions_floor_spawned":[6,10,11,15],"killed_by":"SI_SHIV_ARCHETYPE","ascension_level":13}}