{"host":"flash","time":1612272875,"event":{"mods":["ATMod(°¢èªMod)","Act Like it!","Aspiration","BaseMod","Minty Spire (QoL Compilation)","Shop Mod","StSLib","¡¾ÒÅÎï¿¨ÅÆ¡¿REMEMod"],"gold_per_floor":[114,114,114,133,148,181,181,208,262,290,365,365,379,391,391,462,462,477,477,495,495,495],"floor_reached":21,"language":"ZHS","playtime":786,"items_purged":[],"score":403,"play_id":"10323e47-ccb6-4e7f-85db-507e5f503fd4","local_time":"20210202213435","is_ascension_mode":true,"campfire_choices":[{"data":"AT_FamilyPortrait","floor":7.0,"key":"SMITH"},{"floor":12.0,"key":"REST"},{"data":"AT_Desolate","floor":15.0,"key":"SMITH"}],"circlet_count":0,"master_deck":["AscendersBane","Strike_B","Strike_B","Defend_B","Defend_B","Defend_B","Zap","Dualcast","AT_FamilyPortrait+1","AT_Desolate+1","Loop","Ball Lightning","Sweeping Beam","White Noise","Hologram","Coolheaded","Buffer","AT_StudyProgram","AT_DarkMatter"],"relics":["Cracked Core","AT_ATBox","REME_ComplimentaryCards","NeowsBlessing","Ginger","Dream Catcher","PreservedInsect","Strawberry","Black Star"],"acts_visited":["Exordium","TheCity"],"potions_floor_usage":[],"damage_taken":[{"damage":0.0,"enemies":"2 Louse","floor":1.0,"turns":1.0},{"damage":0.0,"enemies":"Small Slimes","floor":4.0,"turns":2.0},{"damage":0.0,"enemies":"Cultist","floor":5.0,"turns":1.0},{"damage":25.0,"enemies":"Lagavulin","floor":6.0,"turns":5.0},{"damage":15.0,"enemies":"3 Sentries","floor":8.0,"turns":5.0},{"damage":0.0,"enemies":"Gremlin Nob","floor":10.0,"turns":2.0},{"damage":14.0,"enemies":"3 Louse","floor":13.0,"turns":3.0},{"damage":2.0,"enemies":"Blue Slaver","floor":14.0,"turns":4.0},{"damage":18.0,"enemies":"Hexaghost","floor":16.0,"turns":11.0},{"damage":18.0,"enemies":"Shell Parasite","floor":18.0,"turns":5.0},{"damage":40.0,"enemies":"3 Byrds","floor":20.0,"turns":5.0},{"damage":11,"enemies":"Centurion and Healer","floor":21,"turns":4}],"seed_played":"-7580026753115855848","potions_obtained":[{"floor":1.0,"key":"AttackPotion"},{"floor":4.0,"key":"Fire Potion"},{"floor":5.0,"key":"PowerPotion"},{"floor":10.0,"key":"ColorlessPotion"},{"floor":14.0,"key":"Weak Potion"},{"floor":16.0,"key":"Swift Potion"},{"floor":18.0,"key":"Block Potion"},{"floor":20.0,"key":"Explosive Potion"}],"is_trial":false,"path_per_floor":["M","?","?","M","M","E","R","E","T","E","?","R","M","M","R","B",null,"M","?","M","M"],"character_chosen":"DEFECT","items_purchased":[],"campfire_rested":1,"item_purchase_floors":[],"current_hp_per_floor":[64,64,64,64,64,39,39,24,24,31,20,43,29,27,27,49,71,53,53,13,2,2],"gold":495,"neow_bonus":"THREE_ENEMY_KILL","is_daily":false,"chose_seed":false,"campfire_upgraded":2,"win_rate":0.0,"timestamp":1612272875,"path_taken":["M","?","?","?","M","E","R","E","T","E","?","R","M","M","R","BOSS","M","?","M","?"],"items_purchased_type":[],"build_version":"2020-12-18","purchased_purges":0,"victory":false,"max_hp_per_floor":[71,71,71,71,71,71,71,71,71,78,78,78,78,78,78,78,78,78,78,78,78,78],"card_choices":[{"not_picked":["Chaos","Rebound"],"picked":"Loop","floor":1.0},{"not_picked":["Go for the Eyes","Leap"],"picked":"Ball Lightning","floor":4.0},{"not_picked":["Ball Lightning","Gash","Stack"],"picked":"SKIP","floor":5.0},{"not_picked":["Redo","Ball Lightning"],"picked":"Sweeping Beam","floor":6.0},{"not_picked":["REME_Compress","Stack","Barrage"],"picked":"SKIP","floor":8.0},{"not_picked":["Go for the Eyes","Rebound","Loop"],"picked":"SKIP","floor":10.0},{"not_picked":["Go for the Eyes","Rebound","Loop"],"picked":"SKIP","floor":10.0},{"not_picked":["Fusion","Hologram"],"picked":"White Noise","floor":12.0},{"not_picked":["Ball Lightning","Rainbow"],"picked":"Hologram","floor":13.0},{"not_picked":["Ball Lightning","Conserve Battery","Sweeping Beam"],"picked":"Coolheaded","floor":14.0},{"not_picked":["Seek","AT_WaterDrop"],"picked":"Buffer","floor":16.0},{"not_picked":["Coolheaded","Hologram"],"picked":"AT_StudyProgram","floor":18.0},{"not_picked":["Sweeping Beam","Barrage+1"],"picked":"AT_DarkMatter","floor":20.0}],"player_experience":684061,"relics_obtained":[{"floor":6.0,"key":"Ginger"},{"floor":8.0,"key":"Dream Catcher"},{"floor":9.0,"key":"PreservedInsect"},{"floor":10.0,"key":"Strawberry"}],"event_choices":[{"cards_removed":["Strike_B"],"damage_healed":0.0,"max_hp_gain":0.0,"max_hp_loss":0.0,"gold_gain":0.0,"event_name":"Living Wall","player_choice":"Forget","floor":2.0,"gold_loss":0.0,"damage_taken":0.0},{"cards_removed":["Strike_B"],"damage_healed":0.0,"max_hp_gain":0.0,"max_hp_loss":0.0,"gold_gain":0.0,"event_name":"Purifier","player_choice":"Purged","floor":3.0,"gold_loss":0.0,"damage_taken":0.0},{"damage_healed":0.0,"max_hp_gain":0.0,"max_hp_loss":0.0,"gold_gain":75.0,"event_name":"World of Goop","player_choice":"Gather Gold","floor":11.0,"gold_loss":0.0,"damage_taken":11.0},{"cards_removed":["Defend_B"],"damage_healed":0.0,"max_hp_gain":0.0,"max_hp_loss":0.0,"gold_gain":0.0,"event_name":"Purifier","player_choice":"Purged","floor":19.0,"gold_loss":0.0,"damage_taken":0.0}],"is_beta":true,"boss_relics":[{"not_picked":["Cursed Key","SlaversCollar"],"picked":"Black Star"}],"items_purged_floors":[],"is_endless":false,"potions_floor_spawned":[1,4,5,10,14,16,18,20],"killed_by":"Centurion and Healer","ascension_level":16}}