{"host":"6xsbn6ynqlzwllfm","time":1612280960,"event":{"mods":["2.2 Compatiblity","BaseMod","Bestiary","Colored Map","Colored Powertips","Curses Come First","Highlight Path","Keyboard Shortcuts","Minty Spire (QoL Compilation)","Relic Stats","Slay the Relics Exporter","StSLib","SuperFastMode"],"gold_per_floor":[111,111,111,111,124,157,82,82,82,116,41,73,73,83,83,154,154,173,88,88,107,120,120,120,120],"floor_reached":24,"language":"ENG","playtime":492,"items_purged":["Strike_B"],"score":474,"play_id":"291c3896-54c1-4cc6-9622-b0009d3fc4cc","local_time":"20210202104920","is_ascension_mode":true,"campfire_choices":[{"data":"Darkness","floor":8,"key":"SMITH"},{"floor":13,"key":"REST"},{"data":"Darkness","floor":15,"key":"SMITH"},{"floor":23,"key":"REST"}],"circlet_count":0,"master_deck":["AscendersBane","Strike_B+1","Defend_B+1","Defend_B+1","Defend_B+1","Defend_B+1","Zap","Dualcast","Redo","Core Surge","Compile Driver","Darkness+1","Darkness+1","Redo","Reinforced Body","Biased Cognition","Coolheaded","Chill"],"relics":["Cracked Core","NeowsBlessing","Nunchaku","Molten Egg 2","Strawberry","Bag of Marbles","Black Star","HornCleat"],"acts_visited":["Exordium","TheCity"],"potions_floor_usage":[22],"damage_taken":[{"damage":0,"enemies":"Small Slimes","floor":1,"turns":1},{"damage":0,"enemies":"Jaw Worm","floor":5,"turns":1},{"damage":0,"enemies":"3 Sentries","floor":6,"turns":1},{"damage":15,"enemies":"Lagavulin","floor":10,"turns":5},{"damage":31,"enemies":"Gremlin Nob","floor":12,"turns":4},{"damage":0,"enemies":"2 Louse","floor":14,"turns":2},{"damage":13,"enemies":"Hexaghost","floor":16,"turns":6},{"damage":30,"enemies":"2 Thieves","floor":18,"turns":5},{"damage":22,"enemies":"Spheric Guardian","floor":21,"turns":4},{"damage":13,"enemies":"Cultist and Chosen","floor":22,"turns":5},{"damage":29,"enemies":"Centurion and Healer","floor":24,"turns":7}],"seed_played":"-8160732779664291407","potions_obtained":[{"floor":5,"key":"PotionOfCapacity"},{"floor":6,"key":"FocusPotion"},{"floor":16,"key":"LiquidMemories"},{"floor":22,"key":"FearPotion"}],"is_trial":false,"path_per_floor":["M","?","?","?","M","E","?","R","T","E","$","E","R","M","R","B",null,"M","?","?","M","M","R","M"],"character_chosen":"DEFECT","items_purchased":[],"campfire_rested":2,"item_purchase_floors":[],"current_hp_per_floor":[64,69,69,46,46,46,46,46,46,38,38,7,31,31,31,18,67,37,37,37,15,2,26,0,0],"gold":120,"neow_bonus":"THREE_ENEMY_KILL","is_daily":false,"chose_seed":false,"campfire_upgraded":2,"win_rate":0.0,"timestamp":1612280960,"path_taken":["M","?","?","?","M","E","?","R","T","E","$","E","R","M","R","BOSS","M","?","?","M","M","R","M"],"items_purchased_type":[],"build_version":"2020-12-22","purchased_purges":1,"victory":false,"max_hp_per_floor":[71,76,76,76,76,76,76,76,76,83,83,83,83,83,83,83,83,83,83,83,83,83,83,83,83],"relic_stats":{"Nunchaku":[2],"counters":[11,41],"Black Star":0,"obtain_stats":[{"Nunchaku":6,"HornCleat":19,"NeowsBlessing":0,"Strawberry":10,"Molten Egg 2":9,"Bag of Marbles":12,"Black Star":17,"Cracked Core":0},{"Nunchaku":3,"HornCleat":8,"NeowsBlessing":0,"Strawberry":4,"Molten Egg 2":3,"Bag of Marbles":5,"Black Star":7,"Cracked Core":0},{"Nunchaku":3,"HornCleat":25,"NeowsBlessing":0,"Strawberry":8,"Molten Egg 2":3,"Bag of Marbles":12,"Black Star":20,"Cracked Core":0}]},"card_choices":[{"not_picked":["Go for the Eyes","Leap"],"picked":"Redo","floor":1},{"not_picked":["Gash","Beam Cell"],"picked":"Compile Driver","floor":5},{"not_picked":["Ball Lightning","Cold Snap"],"picked":"Darkness","floor":6},{"not_picked":["Melter+1","Chaos"],"picked":"Darkness","floor":10},{"not_picked":["Turbo","Leap"],"picked":"Redo","floor":12},{"not_picked":["Gash+1","Steam"],"picked":"Reinforced Body","floor":14},{"not_picked":["Multi-Cast","Fission"],"picked":"Biased Cognition","floor":16},{"not_picked":["Stack+1","Steam"],"picked":"Coolheaded","floor":21},{"not_picked":["Ball Lightning+1","Hologram"],"picked":"Chill","floor":22}],"player_experience":1375873,"relics_obtained":[{"floor":6,"key":"Nunchaku"},{"floor":9,"key":"Molten Egg 2"},{"floor":10,"key":"Strawberry"},{"floor":12,"key":"Bag of Marbles"}],"event_choices":[{"damage_healed":0,"gold_gain":0,"player_choice":"Donut","damage_taken":0,"max_hp_gain":5,"max_hp_loss":0,"event_name":"Big Fish","floor":2,"gold_loss":0},{"damage_healed":0,"gold_gain":0,"cards_transformed":["Strike_B"],"player_choice":"Change","damage_taken":0,"max_hp_gain":0,"max_hp_loss":0,"event_name":"Living Wall","floor":3,"gold_loss":0,"cards_obtained":["Core Surge"]},{"damage_healed":0,"gold_gain":0,"player_choice":"Entered Light","damage_taken":23,"max_hp_gain":0,"max_hp_loss":0,"event_name":"Shining Light","floor":4,"gold_loss":0,"cards_upgraded":["Strike_B","Defend_B"]},{"cards_removed":["Strike_B"],"damage_healed":0,"gold_gain":0,"player_choice":"Card Removal","damage_taken":0,"max_hp_gain":0,"max_hp_loss":0,"event_name":"The Cleric","floor":7,"gold_loss":75},{"damage_healed":0,"gold_gain":0,"player_choice":"Obtained Relic","damage_taken":0,"relics_obtained":["HornCleat"],"max_hp_gain":0,"max_hp_loss":0,"event_name":"Addict","floor":19,"gold_loss":85},{"damage_healed":0,"gold_gain":0,"player_choice":"Simplicity","damage_taken":0,"max_hp_gain":0,"max_hp_loss":0,"event_name":"Back to Basics","floor":20,"gold_loss":0,"cards_upgraded":["Defend_B","Defend_B","Defend_B"]}],"is_beta":false,"boss_relics":[{"not_picked":["SlaversCollar","Snecko Eye"],"picked":"Black Star"}],"items_purged_floors":[11],"is_endless":false,"potions_floor_spawned":[5,6,16,21,22],"killed_by":"Centurion and Healer","ascension_level":20}}