{"host":"8i4doyxqctgl5qb0","time":1612267910,"event":{"mods":["AchievementEnabler","BaseMod","Block Reminder","Colored Powertips","Downfall","Minty Spire (QoL Compilation)","Permanent Neow","Potion Indicator Mod","Rare Cards Sparkle","StSLib","SuperFastMode","The Jungle"],"gold_per_floor":[115,133,308,308,323,323,357,357,381,381,393,393,423,433,433,530,530,544,579,589,589,589,589,589,606,606,606,626,653,653,113,113,210,210,223,223,45,45,63,63,63,81,81,94,105,105,118,136,136,136,136],"floor_reached":50,"language":"ZHS","playtime":1550,"items_purged":["Doubt","Strike_G+1"],"score":768,"play_id":"b8269cca-6802-4ada-99e4-c8ef9bd24737","local_time":"20210202201150","is_ascension_mode":true,"campfire_choices":[{"data":"Neutralize","floor":6.0,"key":"SMITH"},{"data":"Tools of the Trade","floor":8.0,"key":"SMITH"},{"data":"Dagger Spray","floor":12.0,"key":"SMITH"},{"floor":15.0,"key":"REST"},{"data":"Burst","floor":23.0,"key":"SMITH"},{"floor":27.0,"key":"REST"},{"data":"J.A.X.","floor":30.0,"key":"SMITH"},{"floor":32.0,"key":"REST"},{"data":"A Thousand Cuts","floor":40.0,"key":"SMITH"},{"floor":46.0,"key":"REST"},{"floor":49.0,"key":"REST"}],"circlet_count":0,"master_deck":["AscendersBane","Strike_G+1","Strike_G+1","Strike_G+1","Strike_G+1","Defend_G+1","Defend_G+1","Defend_G+1","Defend_G+1","Defend_G+1","Survivor","Neutralize+1","Dagger Spray+1","Poisoned Stab","Well Laid Plans","Tools of the Trade+1","Blade Dance","Blade Dance","Burst+1","Dagger Spray","Flechettes","Cloak And Dagger+1","J.A.X.+1","Caltrops","A Thousand Cuts+1","Deadly Poison","Noxious Fumes","Deadly Poison"],"relics":["Ring of the Snake","NeowsBlessing","WarpedTongs","Bag of Marbles","Omamori","Snake Skull","Busted Crown","Red Mask","Turnip","Calipers","Ancient Tea Set","champ:DuelingGlove","SlaversCollar","InkBottle"],"acts_visited":["Exordium","TheCity","TheBeyond"],"potions_floor_usage":[50],"damage_taken":[{"damage":0.0,"enemies":"Small Slimes","floor":1.0,"turns":1.0},{"damage":0.0,"enemies":"2 Louse","floor":2.0,"turns":1.0},{"damage":0.0,"enemies":"Cultist","floor":5.0,"turns":1.0},{"damage":14.0,"enemies":"3 Sentries","floor":7.0,"turns":5.0},{"damage":1.0,"enemies":"Large Slime","floor":11.0,"turns":6.0},{"damage":8.0,"enemies":"Blue Slaver","floor":14.0,"turns":3.0},{"damage":25.0,"enemies":"The Guardian","floor":16.0,"turns":13.0},{"damage":6.0,"enemies":"Chosen","floor":18.0,"turns":5.0},{"damage":0.0,"enemies":"Masked Bandits","floor":19.0,"turns":1.0},{"damage":0.0,"enemies":"3 Byrds","floor":20.0,"turns":5.0},{"damage":13.0,"enemies":"Snake Plant","floor":25.0,"turns":3.0},{"damage":9.0,"enemies":"Centurion and Healer","floor":28.0,"turns":6.0},{"damage":7.0,"enemies":"Book of Stabbing","floor":29.0,"turns":5.0},{"damage":6.0,"enemies":"Champ","floor":33.0,"turns":6.0},{"damage":11.0,"enemies":"3 Darklings","floor":35.0,"turns":4.0},{"damage":1.0,"enemies":"3 Shapes","floor":39.0,"turns":5.0},{"damage":6.0,"enemies":"3 Darklings","floor":42.0,"turns":2.0},{"damage":3.0,"enemies":"Maw","floor":44.0,"turns":6.0},{"damage":34.0,"enemies":"Writhing Mass","floor":45.0,"turns":6.0},{"damage":10.0,"enemies":"4 Shapes","floor":47.0,"turns":3.0},{"damage":9.0,"enemies":"Spire Growth","floor":48.0,"turns":4.0},{"damage":46,"enemies":"Awakened One","floor":50,"turns":5}],"seed_played":"743385863744810247","potions_obtained":[{"floor":1.0,"key":"Energy Potion"},{"floor":2.0,"key":"PowerPotion"},{"floor":19.0,"key":"GamblersBrew"},{"floor":20.0,"key":"Weak Potion"},{"floor":38.0,"key":"Strength Potion"},{"floor":45.0,"key":"Swift Potion"}],"is_trial":false,"path_per_floor":["M","M","?","?","M","R","E","R","T","?","M","R","?","M","R","B",null,"M","?","M","T","?","R","?","M","T","R","M","E","R","$","R","B",null,"M","?","$","?","M","R","$","M","T","M","M","R","M","M","R","B"],"character_chosen":"THE_SILENT","items_purchased":["champ:DuelingGlove","Caltrops","GhostInAJar","Noxious Fumes"],"campfire_rested":5,"item_purchase_floors":[31,31,31,37],"current_hp_per_floor":[63,63,63,63,63,63,49,49,49,49,48,48,48,40,61,36,62,56,56,56,56,56,56,56,43,43,64,55,48,48,48,69,63,68,57,57,57,57,56,56,56,50,50,47,13,34,24,15,36,0,0],"gold":136,"neow_bonus":"THREE_ENEMY_KILL","is_daily":false,"chose_seed":false,"campfire_upgraded":6,"win_rate":0.0,"timestamp":1612267910,"path_taken":["M","M","?","?","?","R","E","R","T","?","M","R","?","M","R","BOSS","M","?","M","?","?","R","?","M","T","R","M","E","R","$","R","BOSS","M","?","$","?","?","R","?","M","T","M","M","R","M","M","R","BOSS"],"items_purchased_type":["Relic","Card","Potion","Card"],"build_version":"2020-12-22","purchased_purges":2,"victory":false,"max_hp_per_floor":[70,70,70,70,70,70,70,70,70,70,70,70,70,70,70,70,70,70,70,70,70,70,70,70,70,70,70,70,70,70,70,70,70,70,70,70,70,70,70,70,70,70,70,70,70,70,70,70,70,70,70],"card_choices":[{"not_picked":["Masterful Stab","Accuracy"],"picked":"Dagger Spray","floor":1.0},{"not_picked":["Slice","Leg Sweep"],"picked":"Poisoned Stab","floor":2.0},{"not_picked":["Quick Slash","Outmaneuver"],"picked":"Well Laid Plans","floor":5.0},{"not_picked":["Cloak And Dagger","Blade Dance"],"picked":"Tools of the Trade","floor":7.0},{"not_picked":["Outmaneuver","Acrobatics"],"picked":"Blade Dance","floor":11.0},{"not_picked":["Endless Agony","Deflect"],"picked":"Blade Dance","floor":14.0},{"not_picked":["Tools of the Trade","Wraith Form v2"],"picked":"Burst","floor":16.0},{"not_picked":[],"picked":"Dagger Spray","floor":18.0},{"not_picked":[],"picked":"Flechettes","floor":19.0},{"not_picked":[],"picked":"Cloak And Dagger+1","floor":20.0},{"not_picked":["Dagger Throw"],"picked":"SKIP","floor":25.0},{"not_picked":["Underhanded Strike"],"picked":"SKIP","floor":28.0},{"not_picked":["Glass Knife"],"picked":"SKIP","floor":29.0},{"not_picked":[],"picked":"A Thousand Cuts","floor":33.0},{"not_picked":[],"picked":"Deadly Poison","floor":35.0},{"not_picked":["Dodge and Roll+1"],"picked":"SKIP","floor":39.0},{"not_picked":["Predator"],"picked":"SKIP","floor":42.0},{"not_picked":["Skewer+1"],"picked":"SKIP","floor":44.0},{"not_picked":["Skewer+1"],"picked":"SKIP","floor":45.0},{"not_picked":[],"picked":"Deadly Poison","floor":47.0},{"not_picked":["Skewer+1"],"picked":"SKIP","floor":48.0}],"player_experience":269729,"relics_obtained":[{"floor":7.0,"key":"Bag of Marbles"},{"floor":9.0,"key":"Omamori"},{"floor":19.0,"key":"Red Mask"},{"floor":21.0,"key":"Turnip"},{"floor":26.0,"key":"Calipers"},{"floor":29.0,"key":"Ancient Tea Set"},{"floor":43.0,"key":"InkBottle"}],"event_choices":[{"damage_healed":0.0,"max_hp_gain":0.0,"max_hp_loss":0.0,"gold_gain":175.0,"event_name":"Liars Game","player_choice":"AGREE","floor":3.0,"gold_loss":0.0,"damage_taken":0.0,"cards_obtained":["Doubt"]},{"damage_healed":0.0,"max_hp_gain":0.0,"max_hp_loss":0.0,"gold_gain":0.0,"event_name":"Accursed Blacksmith","player_choice":"Rummage","floor":4.0,"gold_loss":0.0,"damage_taken":0.0,"relics_obtained":["WarpedTongs"],"cards_obtained":["Pain"]},{"cards_removed":["Pain"],"damage_healed":0.0,"max_hp_gain":0.0,"max_hp_loss":0.0,"gold_gain":0.0,"event_name":"Living Wall","player_choice":"Forget","floor":10.0,"gold_loss":0.0,"damage_taken":0.0},{"damage_healed":0.0,"max_hp_gain":0.0,"max_hp_loss":0.0,"gold_gain":30.0,"event_name":"Dead Adventurer","player_choice":"Searched \u00273\u0027 times","floor":13.0,"gold_loss":0.0,"damage_taken":0.0,"relics_obtained":["Snake Skull"]},{"damage_healed":0.0,"max_hp_gain":0.0,"max_hp_loss":0.0,"gold_gain":0.0,"event_name":"Masked Bandits","player_choice":"Fought Bandits","floor":19.0,"gold_loss":0.0,"damage_taken":0.0},{"damage_healed":0.0,"max_hp_gain":0.0,"max_hp_loss":0.0,"gold_gain":0.0,"event_name":"Drug Dealer","player_choice":"Obtain J.A.X.","floor":22.0,"gold_loss":0.0,"damage_taken":0.0,"cards_obtained":["J.A.X."]},{"damage_healed":0.0,"max_hp_gain":0.0,"max_hp_loss":0.0,"gold_gain":0.0,"event_name":"Back to Basics","player_choice":"Simplicity","floor":24.0,"gold_loss":0.0,"damage_taken":0.0,"cards_upgraded":["Strike_G","Strike_G","Strike_G","Strike_G","Strike_G","Defend_G","Defend_G","Defend_G","Defend_G","Defend_G"]},{"damage_healed":0.0,"max_hp_gain":0.0,"max_hp_loss":0.0,"gold_gain":0.0,"event_name":"SensoryStone","player_choice":"Memory 1","floor":36.0,"gold_loss":0.0,"damage_taken":0.0},{"damage_healed":0.0,"max_hp_gain":0.0,"max_hp_loss":0.0,"gold_gain":0.0,"event_name":"Lab","player_choice":"Got Potions","floor":38.0,"gold_loss":0.0,"damage_taken":0.0}],"is_beta":false,"boss_relics":[{"not_picked":["Black Star","Cursed Key"],"picked":"Busted Crown"},{"not_picked":["Snecko Eye","HoveringKite"],"picked":"SlaversCollar"}],"items_purged_floors":[31,37],"is_endless":false,"potions_floor_spawned":[1,2,19,20,28,35,45],"killed_by":"Awakened One","ascension_level":10}}