{"host":"fr1kggoiozxm6izk","time":1612293743,"event":{"mods":["AchievementEnabler","Aspiration","BaseMod","Beaked The Cultist","Bestiary","Better Altar","Better Match","Better Note","Better Sensory Stone","Better Skull","Better Third Choice","BetterRewards","Colored Powertips","Colorless Booster Pack","Downfall","GifTheSpireLib","Halation","Hermit","Highlight Path","Hubris","Infinite Spire","Minty Spire (QoL Compilation)","Permanent Neow","READ ME - Guardian Mod","Rare Cards Sparkle","Relic Filter","Relic Stats","Reliquary","Replay The Spire","Robot Space Explorer","Shade Mod","Spicy Shops","StSLib","Stuff the Spire","The Blue Laboratory","The Bug Knight","The Cursed","The Dragon Tamer","The Jungle","The Poker Player"],"gold_per_floor":[118,130,205,205,205,239,259,259,259,18,40,40,5,24,24,50,50],"floor_reached":16,"language":"ENG","playtime":1133,"items_purged":[],"score":125,"play_id":"28695118-a48d-44c6-9faf-5affed50f1e6","local_time":"20210202142223","is_ascension_mode":false,"metric_token":2579,"campfire_choices":[{"floor":8,"key":"REST"},{"floor":12,"key":"REST"},{"floor":15,"key":"REST"}],"dtmod_dragon_data":[3,50,-1,-1,0,0],"circlet_count":0,"master_deck":["DTMod:Strike","DTMod:Strike","DTMod:Strike","DTMod:Strike","DTMod:DoubleHit+1","DTMod:TargetDefense+1","DTMod:TargetDefense","DTMod:TargetDefense","DTMod:TargetDefense","DTMod:SwitchingTactic","DTMod:FlameSlash","DTMod:BuildUp","ReplayTheSpireMod:Splinters","DTMod:HeatWave","DTMod:Training","Hemogenesis","DTMod:Shift","DTMod:Hide","DTMod:TauntingStrike"],"relics":["DTMod:PactStone","aspiration:Nostalgia","m_BurningSludge","reliquary:Stiletto","aspiration:StickyExplosives_weak","reliquary:HotPoker","infinitespire:Midas Blood"],"acts_visited":["Exordium"],"potions_floor_usage":[],"damage_taken":[{"damage":0,"enemies":"Cultist","floor":1,"turns":3},{"damage":4,"enemies":"2 Louse","floor":2,"turns":3},{"damage":0,"enemies":"Lagavulin","floor":6,"turns":8},{"damage":0,"enemies":"Jaw Worm","floor":7,"turns":5},{"damage":9,"enemies":"Blue Slaver","floor":11,"turns":6},{"damage":5,"enemies":"Looter","floor":14,"turns":3},{"damage":50,"enemies":"Hexaghost","floor":16,"turns":14}],"seed_played":"4700542163080836604","potions_obtained":[{"floor":2,"key":"blueLaboratory:HorrorPotion"},{"floor":3,"key":"Fire Potion"},{"floor":6,"key":"blueLaboratory:PhilterOfMotion"}],"is_trial":false,"path_per_floor":["M","M","?","?","?","E","M","R","T","$","M","R","?","M","R","B"],"character_chosen":"THE_DT","items_purchased":["infinitespire:Midas Blood"],"campfire_rested":3,"item_purchase_floors":[10],"current_hp_per_floor":[45,41,41,41,32,32,37,45,45,45,36,45,45,40,45,0,0],"gold":50,"neow_bonus":"NOSTALGIA","is_daily":false,"chose_seed":false,"campfire_upgraded":0,"win_rate":0.0,"timestamp":1612293743,"path_taken":["M","M","?","?","?","E","M","R","T","$","M","R","?","M","R","BOSS"],"items_purchased_type":["Relic"],"build_version":"2020-12-22","purchased_purges":0,"victory":false,"max_hp_per_floor":[45,45,45,45,45,45,45,45,45,45,45,45,45,45,45,45,45],"relic_stats":{"counters":[7,42],"obtain_stats":[{"reliquary:HotPoker":9,"DTMod:PactStone":0,"aspiration:Nostalgia":0,"reliquary:Stiletto":3,"m_BurningSludge":0,"aspiration:StickyExplosives_weak":6,"infinitespire:Midas Blood":10},{"reliquary:HotPoker":4,"DTMod:PactStone":0,"aspiration:Nostalgia":0,"reliquary:Stiletto":2,"m_BurningSludge":0,"aspiration:StickyExplosives_weak":3,"infinitespire:Midas Blood":4},{"reliquary:HotPoker":19,"DTMod:PactStone":0,"aspiration:Nostalgia":0,"reliquary:Stiletto":6,"m_BurningSludge":0,"aspiration:StickyExplosives_weak":14,"infinitespire:Midas Blood":19}]},"card_choices":[{"not_picked":["DTMod:MasterPlan","DTMod:BreakAttack"],"picked":"DTMod:FlameSlash","floor":1},{"not_picked":["DTMod:Hide","DTMod:BurningEnergy"],"picked":"DTMod:BuildUp","floor":2},{"not_picked":["DTMod:WarmUp","DTMod:BlazingStrike"],"picked":"DTMod:HeatWave","floor":3},{"not_picked":["DTMod:LowKick","DTMod:BurningEnergy"],"picked":"DTMod:Training","floor":3},{"not_picked":["DTMod:LastStand","DTMod:Weaken"],"picked":"Hemogenesis","floor":6},{"not_picked":["DTMod:RecklessFlurry","DTMod:LastStand"],"picked":"DTMod:Shift","floor":7},{"not_picked":["DTMod:MaximumCharge","DTMod:LastStand"],"picked":"DTMod:Hide","floor":11},{"not_picked":["DTMod:MaximumCharge","DTMod:MasterPlan"],"picked":"DTMod:TauntingStrike","floor":14}],"player_experience":1881581,"relics_obtained":[{"floor":3,"key":"reliquary:Stiletto"},{"floor":6,"key":"aspiration:StickyExplosives_weak"},{"floor":9,"key":"reliquary:HotPoker"}],"event_choices":[{"damage_healed":41,"gold_gain":0,"player_choice":"Upgrade","damage_taken":9,"max_hp_gain":0,"max_hp_loss":45,"event_name":"betterThird:BetterShining","floor":5,"gold_loss":0,"cards_upgraded":["DTMod:DoubleHit","DTMod:TargetDefense"]},{"damage_healed":11,"gold_gain":0,"player_choice":"Healed","damage_taken":0,"max_hp_gain":0,"max_hp_loss":0,"event_name":"The Cleric","floor":13,"gold_loss":35}],"is_beta":false,"boss_relics":[],"items_purged_floors":[],"is_endless":false,"potions_floor_spawned":[2,6,14],"killed_by":"Hexaghost","ascension_level":0}}