{"host":"sz8c8ni79nvzjmmg","time":1612282360,"event":{"mods":["AchievementEnabler","BaseMod","DeckTracker","Keyboard Shortcuts","Minty Spire (QoL Compilation)","SuperFastMode"],"gold_per_floor":[320,88,13,13,36,48,89,121,156,196,234,321,352,383,395,484,496,524,22,22,33,33,59,59,59,59,59,59,59,78,78,78],"floor_reached":31,"language":"KOR","playtime":1140,"items_purged":["Strike_B","Strike_B"],"score":522,"play_id":"49fe9221-d884-44ea-8098-6dbff63f1596","local_time":"20210203011240","is_ascension_mode":true,"campfire_choices":[{"data":"Zap","floor":6.0,"key":"SMITH"},{"data":"Coolheaded","floor":15.0,"key":"SMITH"},{"floor":24,"key":"REST"},{"data":"Blizzard","floor":28,"key":"SMITH"}],"circlet_count":0,"master_deck":["AscendersBane","Defend_B","Defend_B","Defend_B","Defend_B","Zap+1","Dualcast","Gash","Compile Driver","Cold Snap","Coolheaded","Sweeping Beam","Coolheaded+1","Biased Cognition","Turbo","Blizzard+1","Capacitor"],"relics":["Cracked Core","Old Coin","PreservedInsect","MawBank","Pear","Lantern","Ice Cream","Odd Mushroom","Runic Pyramid","Calipers","Regal Pillow"],"acts_visited":["Exordium","TheCity"],"potions_floor_usage":[18,23],"damage_taken":[{"damage":0.0,"enemies":"Jaw Worm","floor":1.0,"turns":3.0},{"damage":3.0,"enemies":"2 Louse","floor":5.0,"turns":3.0},{"damage":20.0,"enemies":"3 Sentries","floor":7.0,"turns":7.0},{"damage":1.0,"enemies":"Cultist","floor":8.0,"turns":3.0},{"damage":6.0,"enemies":"Lagavulin","floor":10.0,"turns":5.0},{"damage":11.0,"enemies":"The Mushroom Lair","floor":11.0,"turns":5.0},{"damage":0.0,"enemies":"2 Fungi Beasts","floor":13.0,"turns":3.0},{"damage":0.0,"enemies":"Large Slime","floor":14.0,"turns":3.0},{"damage":19.0,"enemies":"The Guardian","floor":16.0,"turns":12.0},{"damage":0,"enemies":"Chosen","floor":18,"turns":5},{"damage":19,"enemies":"Shell Parasite","floor":21,"turns":6},{"damage":23,"enemies":"Slavers","floor":23,"turns":4},{"damage":6,"enemies":"Snake Plant","floor":30,"turns":4},{"damage":27,"enemies":"Snecko","floor":31,"turns":7}],"seed_played":"1369283140246651405","potions_obtained":[{"floor":10.0,"key":"SteroidPotion"},{"floor":13.0,"key":"Fire Potion"},{"floor":14.0,"key":"EssenceOfSteel"},{"floor":21,"key":"Explosive Potion"}],"is_trial":false,"path_per_floor":["M","$","?","?","M","R","E","M","T","E","?","?","M","M","R","B",null,"M","$","?","M","?","E","R","$","T","$","R","?","M","M"],"character_chosen":"DEFECT","items_purchased":["PreservedInsect","Blizzard","Calipers"],"campfire_rested":1,"item_purchase_floors":[2,19,19],"current_hp_per_floor":[64,64,64,64,61,61,51,50,50,44,33,22,22,22,22,3,62,62,62,62,43,43,20,59,59,59,59,59,59,53,26,26],"gold":78,"neow_bonus":"ONE_RARE_RELIC","is_daily":false,"chose_seed":false,"campfire_upgraded":3,"win_rate":0.0,"timestamp":1612282360,"path_taken":["M","$","?","?","?","R","E","M","T","E","?","?","M","M","R","BOSS","M","$","?","?","?","E","R","?","T","$","R","?","M","M"],"items_purchased_type":["Relic","Card","Relic"],"build_version":"2020-12-22","purchased_purges":2,"victory":false,"max_hp_per_floor":[71,71,71,71,71,71,81,81,81,81,81,81,81,81,81,81,81,81,81,81,81,81,81,81,81,81,81,81,81,81,81,81],"card_choices":[{"not_picked":["Steam","Streamline"],"picked":"Doom and Gloom","floor":1.0},{"not_picked":["Hologram","Melter"],"picked":"Gash","floor":5.0},{"not_picked":["Reboot","Steam"],"picked":"Compile Driver","floor":7.0},{"not_picked":["Turbo","Stack"],"picked":"Cold Snap","floor":8.0},{"not_picked":["Fission","Consume","Cold Snap"],"picked":"SKIP","floor":10.0},{"not_picked":["Fission","Consume","Cold Snap"],"picked":"SKIP","floor":10.0},{"not_picked":["Barrage","Rebound"],"picked":"Coolheaded","floor":11.0},{"not_picked":["Hyperbeam","Leap"],"picked":"Sweeping Beam","floor":13.0},{"not_picked":["Steam Power","Streamline"],"picked":"Coolheaded","floor":14.0},{"not_picked":["Thunder Strike","Reboot"],"picked":"Biased Cognition","floor":16.0},{"not_picked":["Rebound","Reprogram"],"picked":"Turbo","floor":18},{"not_picked":["Conserve Battery","Beam Cell","FTL"],"picked":"SKIP","floor":21},{"not_picked":["Ball Lightning","Coolheaded","Beam Cell"],"picked":"SKIP","floor":23},{"not_picked":["Rebound","Cold Snap","Storm"],"picked":"SKIP","floor":30}],"player_experience":1240163,"relics_obtained":[{"floor":7.0,"key":"Pear"},{"floor":9.0,"key":"Lantern"},{"floor":10.0,"key":"Ice Cream"},{"floor":11.0,"key":"Odd Mushroom"},{"floor":23,"key":"Regal Pillow"}],"event_choices":[{"cards_removed":["Strike_B"],"damage_healed":0.0,"max_hp_gain":0.0,"max_hp_loss":0.0,"gold_gain":0.0,"event_name":"The Cleric","player_choice":"Card Removal","floor":3.0,"gold_loss":75.0,"damage_taken":0.0},{"cards_removed":["Doom and Gloom"],"damage_healed":0.0,"max_hp_gain":0.0,"max_hp_loss":0.0,"gold_gain":0.0,"event_name":"WeMeetAgain","player_choice":"Gave Card","floor":4.0,"gold_loss":0.0,"damage_taken":0.0,"relics_obtained":["MawBank"]},{"damage_healed":0.0,"max_hp_gain":0.0,"max_hp_loss":0.0,"gold_gain":0.0,"event_name":"Mushrooms","player_choice":"Fought Mushrooms","floor":11.0,"gold_loss":0.0,"damage_taken":0.0},{"damage_healed":0.0,"max_hp_gain":0.0,"max_hp_loss":0.0,"gold_gain":75.0,"event_name":"World of Goop","player_choice":"Gather Gold","floor":12.0,"gold_loss":0.0,"damage_taken":11.0},{"damage_healed":0,"gold_gain":0,"player_choice":"1 cards matched","damage_taken":0,"max_hp_gain":0,"max_hp_loss":0,"event_name":"Match and Keep!","floor":20,"gold_loss":0,"cards_obtained":["Capacitor"]},{"damage_healed":0,"gold_gain":0,"player_choice":"Ignored","damage_taken":0,"max_hp_gain":0,"max_hp_loss":0,"event_name":"The Mausoleum","floor":22,"gold_loss":0},{"cards_removed":["Strike_B"],"damage_healed":0,"gold_gain":0,"player_choice":"Elegance","damage_taken":0,"max_hp_gain":0,"max_hp_loss":0,"event_name":"Back to Basics","floor":29,"gold_loss":0}],"is_beta":false,"boss_relics":[{"not_picked":["Philosopher\u0027s Stone","Astrolabe"],"picked":"Runic Pyramid"}],"items_purged_floors":[2,19],"is_endless":false,"potions_floor_spawned":[10,13,14,21],"killed_by":"Snecko","ascension_level":20}}