{"host":"gsscz6k9fq2x5v2h","time":1612290849,"event":{"mods":["100% Spire Juice","AchievementEnabler","Arknights","BaseMod","Better Note","Better Skull","Better Synergies","Better Third Choice","Better Vampires","Block Reminder","Colored Map","Colored Powertips","Dark Map","Friendly Minions","Minty Spire (QoL Compilation)","Permanent Neow","Quick Restart","Replay The Spire","Retaliation","Shop Mod","Spicy Shops","Spikes Relics","StSLib","SuperFastMode","TestMod","??????REMEMod","????"],"gold_per_floor":[114,126,25,25,65,65,96,96,96,112,132,164,164,175,55,156,206,221,221,238,252,12,12,12,44,44,44,55,55,55],"floor_reached":29,"language":"FRA","playtime":1231,"items_purged":[],"score":305,"play_id":"23002b58-86a1-4178-ab89-cdab1c376e86","local_time":"20210202193409","is_ascension_mode":false,"campfire_choices":[{"data":"Moonworks:JonathanRush","floor":6,"key":"SMITH"},{"data":"Moonworks:MiracleWalker","floor":8,"key":"SMITH"},{"floor":13,"key":"REST"},{"data":"Moonworks:JonathanRush","floor":15,"key":"SMITH"},{"floor":27,"key":"REST"}],"circlet_count":0,"master_deck":["Moonworks:Strike","Moonworks:Strike","Moonworks:Strike","Moonworks:Defend","Moonworks:Defend","Moonworks:Defend","Moonworks:Defend+1","Moonworks:Ambush","Moonworks:LongDistanceShot","Moonworks:MiracleWalker+1","Moonworks:BigMagnum","Moonworks:ImOnFire","Moonworks:JonathanRush+1","Regret","Moonworks:JonathanRush+1","Moonworks:Wanted","Moonworks:Assault","Moonworks:Encore","Moonworks:EvilSpyWorkPreparation","Moonworks:DeployBits","Moonworks:MiracleWalker","Moonworks:AnotherUltimateWeapon","Moonworks:JonathanRush"],"relics":["Moonworks:BrokenBomb","Moonworks:Homemark","REME_ComplimentaryCards","testmod-ThousandKnives","Oddly Smooth Stone","testmod-Déjàvu","Mummified Hand","Art of War","Tiny House","Kunai","Enchiridion","Peace Pipe","LugNut"],"acts_visited":["Exordium","TheCity"],"potions_floor_usage":[16,16,28,29,29],"damage_taken":[{"damage":7,"enemies":"Jaw Worm","floor":1,"turns":5},{"damage":5,"enemies":"Small Slimes","floor":2,"turns":2},{"damage":0,"enemies":"Cultist","floor":3,"turns":2},{"damage":9,"enemies":"3 Sentries","floor":7,"turns":4},{"damage":5,"enemies":"Lots of Slimes","floor":10,"turns":3},{"damage":18,"enemies":"Red Slaver","floor":11,"turns":2},{"damage":6,"enemies":"Gremlin Nob","floor":12,"turns":2},{"damage":5,"enemies":"Looter","floor":14,"turns":2},{"damage":18,"enemies":"Fading Forest","floor":16,"turns":7},{"damage":9,"enemies":"Shell Parasite","floor":18,"turns":3},{"damage":0,"enemies":"Spheric Guardian","floor":20,"turns":4},{"damage":6,"enemies":"Shelled Parasite and Fungi","floor":21,"turns":3},{"damage":19,"enemies":"Replay:Snechameleon","floor":25,"turns":4},{"damage":1,"enemies":"Chosen and Byrds","floor":28,"turns":2},{"damage":34,"enemies":"REME_1_Revenger","floor":29,"turns":2}],"seed_played":"2382655902478431742","potions_obtained":[{"floor":3,"key":"BlessingOfTheForge"},{"floor":12,"key":"LiquidBronze"},{"floor":14,"key":"Dexterity Potion"},{"floor":16,"key":"SmokeBomb"},{"floor":17,"key":"CultistPotion"},{"floor":20,"key":"AttackPotion"},{"floor":28,"key":"SkillPotion"}],"is_trial":false,"path_per_floor":["M","M","M","?","?","R","E","R","T","M","M","E","R","M","R","B",null,"M","?","M","M","$","?","$","E","T","R","M","E"],"character_chosen":"THE_STARBREAKER","items_purchased":["Kunai"],"campfire_rested":2,"item_purchase_floors":[22],"current_hp_per_floor":[53,48,48,48,48,48,51,51,51,54,36,30,48,43,43,38,65,56,56,56,50,50,34,34,15,15,34,33,0,0],"gold":55,"neow_bonus":"REMOVE_CARD","is_daily":false,"chose_seed":false,"campfire_upgraded":3,"win_rate":0.0,"timestamp":1612290849,"path_taken":["M","M","M","?","?","R","E","R","T","M","M","E","R","M","R","BOSS","M","?","?","M","?","?","$","E","T","R","M","E"],"items_purchased_type":["Relic"],"build_version":"2020-12-22","purchased_purges":0,"victory":false,"max_hp_per_floor":[60,60,60,60,60,60,60,60,60,60,60,60,60,60,60,60,65,65,65,65,65,65,65,65,65,65,65,65,65,65],"card_choices":[{"not_picked":["Moonworks:Assault","Moonworks:EvilSpyWorkPreparation"],"picked":"Moonworks:BigMagnum","floor":1},{"not_picked":["Moonworks:EvilSpyWorkPreparation","Moonworks:BigMagnum"],"picked":"Moonworks:ImOnFire","floor":2},{"not_picked":["Moonworks:Assault","Moonworks:BigMagnum"],"picked":"Moonworks:JonathanRush","floor":3},{"not_picked":["Moonworks:x16BigRocket","Moonworks:BackdoorTrade"],"picked":"Moonworks:JonathanRush","floor":7},{"not_picked":["Moonworks:DeployBits","Moonworks:CloudOfSeagulls"],"picked":"Moonworks:Wanted","floor":10},{"not_picked":["Moonworks:WindyEnchantment","Moonworks:SelfDestruct","Moonworks:LulusLuckyEgg"],"picked":"SKIP","floor":11},{"not_picked":["Moonworks:ExtendedPhotonRifle","Moonworks:StarBlastingFuse","Moonworks:BigBangBell"],"picked":"SKIP","floor":12},{"not_picked":["Moonworks:UnluckyCharm","Moonworks:CompletionReward"],"picked":"Moonworks:Assault","floor":14},{"not_picked":["Moonworks:AnotherUltimateWeapon","Moonworks:Gamble"],"picked":"Moonworks:Encore","floor":16},{"not_picked":["Moonworks:NicePresent","Moonworks:ScrambledEve"],"picked":"Moonworks:EvilSpyWorkPreparation","floor":17},{"not_picked":["Moonworks:Assault","Moonworks:AngelHand"],"picked":"Moonworks:DeployBits","floor":18},{"not_picked":["Moonworks:AngelHand","Moonworks:BigMagnum+1"],"picked":"Moonworks:MiracleWalker","floor":20},{"not_picked":["Moonworks:DeployBits","Moonworks:EvilSpyWorkPreparation+1","Moonworks:UnluckyCharm"],"picked":"SKIP","floor":21},{"not_picked":["Moonworks:IndiscriminateFireSupport","Moonworks:Assault"],"picked":"Moonworks:AnotherUltimateWeapon","floor":25},{"not_picked":["Moonworks:LulusLuckyEgg","Moonworks:BigMagnum"],"picked":"Moonworks:JonathanRush","floor":28}],"player_experience":1548350,"relics_obtained":[{"floor":7,"key":"testmod-Déjàvu"},{"floor":9,"key":"Mummified Hand"},{"floor":12,"key":"Art of War"},{"floor":23,"key":"Enchiridion"},{"floor":25,"key":"Peace Pipe"},{"floor":26,"key":"LugNut"}],"event_choices":[{"damage_healed":0,"gold_gain":0,"player_choice":"Box","damage_taken":0,"relics_obtained":["Oddly Smooth Stone"],"max_hp_gain":0,"max_hp_loss":0,"event_name":"Big Fish","floor":4,"gold_loss":0,"cards_obtained":["Regret"]},{"damage_healed":0,"gold_gain":400,"player_choice":"Sell","damage_taken":0,"max_hp_gain":0,"max_hp_loss":0,"event_name":"Plate Of N\u0027loth","floor":5,"relics_lost":["testmod-TestBox"],"gold_loss":0},{"cards_removed":["Moonworks:JonathanRush"],"damage_healed":0,"gold_gain":0,"player_choice":"Give","damage_taken":0,"max_hp_gain":0,"max_hp_loss":0,"event_name":"betterNote:BetterNote","floor":19,"gold_loss":0,"cards_obtained":["None"]},{"damage_healed":0,"gold_gain":0,"player_choice":"Obtained Book","damage_taken":16,"max_hp_gain":0,"max_hp_loss":0,"event_name":"Cursed Tome","floor":23,"gold_loss":0}],"is_beta":false,"boss_relics":[{"not_picked":["Runic Pyramid","Cursed Key"],"picked":"Tiny House"}],"items_purged_floors":[],"is_endless":false,"potions_floor_spawned":[3,12,14,16,20,25,28],"killed_by":"REME_1_Revenger","ascension_level":0}}