{"host":"6drv1qzpbnls60z2","time":1612274412,"event":{"mods":["ATMod(°¢èªMod)","Act Like it!","Arknights","BaseMod","Hallownest","Minty Spire (QoL Compilation)","Replay The Spire","Shop Mod","Spicy Shops","StSLib","Uncapped","¡¾ÒÅÎï¿¨ÅÆ¡¿REMEMod","óô»ðÖ¸ÄÏ"],"gold_per_floor":[114,132,132,142,154,154,172,20,46,72,84,123,166,208,520,610,672,700,712,109,159,21,54,80,80,125,170,180,180],"floor_reached":28,"language":"ZHS","playtime":2440,"items_purged":["Injury"],"score":829,"play_id":"6600a3c0-215d-4cd0-b4bc-55e5b3189519","local_time":"20210202220012","daily_mods":["SealedDeck","Flight"],"is_ascension_mode":true,"campfire_choices":[{"data":"ats:Part Time Job","floor":6,"key":"SMITH"},{"data":"ats:Phantom","floor":11,"key":"SMITH"},{"floor":15,"key":"DIG"},{"data":"ats:Healing Strengthening","floor":25,"key":"SMITH"}],"circlet_count":0,"master_deck":["AscendersBane","AT_ShrugMaster+1","REME_ShadowStrike","ats:Part Time Job+1","ats:Automatic Cover","ats:Steam Pump","ats:Closed Bolt Burst Fire","ats:Revitalization","ats:Serious Mode","ats:Hammer On","ats:Defend Order","ats:Healing Drone","ats:Sashimi Platter","ats:Healing Strengthening+1","ats:Leaping Hammer","ats:Absolute Focus","ats:Defend Order+1","ats:Red Shift","ats:Phantom+1","ats:Thermite Blade","ats:Disruption Kick","ats:Soul Absorption","ats:Wolf Pack","ats:Roar Of Ursus","ats:Thermite Blade","ats:Hook Shot+1","ats:Directed Diagnosis","ats:Counter Healing Mode","ats:Closed Bolt Burst Fire"],"relics":["ats:Sanity","AT_ATBox","REME_ComplimentaryCards","ReplayFunnel","ats:Originium","Smiling Mask","Orichalcum","Bag of Preparation","SsserpentHead","MerchantsRug","Medical Kit","Replay:Ringing Soul","Anchor","Bottled Lightning","Replay:Bandana","Gremlin Food","Pet Ghost"],"acts_visited":["Exordium","TheCity"],"potions_floor_usage":[16],"damage_taken":[{"damage":16,"enemies":"Jaw Worm","floor":1,"turns":5},{"damage":23,"enemies":"Cultist","floor":2,"turns":5},{"damage":10,"enemies":"Small Slimes","floor":4,"turns":3},{"damage":21,"enemies":"Looter","floor":5,"turns":4},{"damage":12,"enemies":"3 Louse","floor":7,"turns":3},{"damage":39,"enemies":"Replay:BlueRogue","floor":10,"turns":6},{"damage":25,"enemies":"3 Sentries","floor":12,"turns":8},{"damage":16,"enemies":"Lagavulin","floor":13,"turns":7},{"damage":4,"enemies":"3 Sentries","floor":14,"turns":8},{"damage":47,"enemies":"The Guardian","floor":16,"turns":10},{"damage":36,"enemies":"2 Thieves","floor":18,"turns":5},{"damage":13,"enemies":"Replay:Snechameleon","floor":23,"turns":6},{"damage":61,"enemies":"Gremlin Leader","floor":24,"turns":12},{"damage":15,"enemies":"REME_1_Revenger","floor":27,"turns":9},{"damage":139,"enemies":"Book of Stabbing","floor":28,"turns":7}],"seed_played":"-5337914817650355248","potions_obtained":[{"floor":1,"key":"SkillPotion"},{"floor":4,"key":"Strength Potion"},{"floor":17,"key":"LifebloodPotion"}],"is_trial":true,"path_per_floor":["M","M","?","M","M","R","M","$","T","E","R","E","E","E","R","B",null,"M","?","$","?","$","E","E","R","T","E","E"],"character_chosen":"DOCTOR_CLASS","items_purchased":["ats:Phantom","ats:Thermite Blade","MerchantsRug","ats:Hook Shot+1","Medical Kit","Replay:Ringing Soul","ats:Directed Diagnosis","Anchor"],"campfire_rested":0,"item_purchase_floors":[8,8,20,20,20,20,22,22],"current_hp_per_floor":[63,58,58,63,66,66,70,70,70,60,60,72,72,72,72,72,77,51,51,51,51,54,55,70,70,70,86,0,0],"gold":180,"neow_bonus":"","is_daily":false,"chose_seed":false,"campfire_upgraded":3,"win_rate":0.0,"timestamp":1612274412,"path_taken":["M","M","?","M","M","R","M","$","T","E","R","E","E","E","R","BOSS","M","?","$","?","?","E","E","R","T","E","E"],"items_purchased_type":["Card","Card","Relic","Card","Relic","Relic","Card","Relic"],"build_version":"2020-12-22","purchased_purges":1,"victory":false,"max_hp_per_floor":[72,72,72,72,72,72,72,72,72,72,72,72,72,72,72,72,77,77,77,77,77,80,83,83,83,83,86,86,86],"card_choices":[{"not_picked":["ats:Explosion Area Strengthen","ats:Ignite"],"picked":"ats:Healing Strengthening","floor":1},{"not_picked":["ats:Shell Defense","ats:Consecutive Shot Auto"],"picked":"ats:Leaping Hammer","floor":2},{"not_picked":["ats:Shell Defense","ats:Explosion Area Strengthen"],"picked":"ats:Absolute Focus","floor":4},{"not_picked":["ats:Dogmatic Field","ats:Demon Strength"],"picked":"ats:Defend Order","floor":5},{"not_picked":["ats:Revitalization","ats:Leaping Hammer"],"picked":"ats:Red Shift","floor":7},{"not_picked":["ats:Support Order","ats:Cat Scratch"],"picked":"ats:Disruption Kick","floor":10},{"not_picked":["ats:Literary Storm","ats:Flexible Camouflage"],"picked":"ats:Soul Absorption","floor":12},{"not_picked":["ats:Leaping Hammer","ats:Cat Scratch","ats:Explosion Area Strengthen"],"picked":"SKIP","floor":13},{"not_picked":["ats:Assault Order","ats:Flexible Camouflage"],"picked":"ats:Wolf Pack","floor":14},{"not_picked":["ats:Dogmatic Field","ats:Ambush"],"picked":"ats:Roar Of Ursus","floor":16},{"not_picked":["ats:Cat Scratch","ats:Curse Doll"],"picked":"ats:Thermite Blade","floor":17},{"not_picked":["ats:Revitalization","ats:Serious Mode","ats:Guard Mode"],"picked":"SKIP","floor":18},{"not_picked":["ats:Sunburst","ats:Guard Mode"],"picked":"ats:Counter Healing Mode","floor":23},{"not_picked":["ats:Healing Drone","ats:Thermite Blade","ats:Curse Doll+1"],"picked":"SKIP","floor":24},{"not_picked":["ats:LN2 Cannon","ats:Guardian Obelisk"],"picked":"ats:Closed Bolt Burst Fire","floor":27}],"player_experience":155215,"relics_obtained":[{"floor":9,"key":"ReplayFunnel"},{"floor":10,"key":"ats:Originium"},{"floor":10,"key":"MawBank"},{"floor":12,"key":"ats:Originium"},{"floor":12,"key":"Smiling Mask"},{"floor":13,"key":"ats:Originium"},{"floor":13,"key":"Orichalcum"},{"floor":14,"key":"ats:Originium"},{"floor":14,"key":"Bag of Preparation"},{"floor":15,"key":"Old Coin"},{"floor":23,"key":"Bottled Lightning"},{"floor":24,"key":"Replay:Bandana"},{"floor":26,"key":"Gremlin Food"},{"floor":27,"key":"Pet Ghost"}],"event_choices":[{"damage_healed":0,"gold_gain":0,"player_choice":"Upgraded","damage_taken":0,"max_hp_gain":0,"max_hp_loss":0,"event_name":"Upgrade Shrine","floor":3,"gold_loss":0,"cards_upgraded":["AT_ShrugMaster"]},{"damage_healed":0,"gold_gain":0,"player_choice":"Trade","damage_taken":0,"relics_obtained":["SsserpentHead"],"max_hp_gain":0,"max_hp_loss":0,"event_name":"FaceTrader","floor":19,"gold_loss":0},{"damage_healed":0,"gold_gain":0,"player_choice":"Ignored","damage_taken":0,"max_hp_gain":0,"max_hp_loss":0,"event_name":"Vampires","floor":21,"gold_loss":0}],"is_beta":false,"boss_relics":[{"not_picked":["SlaversCollar","Cursed Key"],"picked":"Tiny House"}],"items_purged_floors":[22],"is_endless":true,"potions_floor_spawned":[1,4,10,12,13,23,24],"killed_by":"Book of Stabbing","ascension_level":20}}