{"host":"skr63qsdfgeey3it","time":1612251559,"event":{"mods":["BaseMod","Colored Map","Hubris","Minty Spire (QoL Compilation)","Reliquary","Replay The Spire","Spicy Shops","StSLib"],"gold_per_floor":[115,115,115,115,126,156,156,190,190,46,150,150,115,150,150,150,150],"floor_reached":16,"language":"ENG","playtime":380,"items_purged":[],"score":219,"play_id":"575721a1-0336-488d-96c7-c3d75f24e189","local_time":"20210202013919","is_ascension_mode":true,"campfire_choices":[{"floor":15,"key":"REST"}],"circlet_count":0,"master_deck":["AscendersBane","Strike_B+1","Strike_B","Strike_B","Defend_B","Defend_B","Defend_B+1","Defend_B","Zap","Dualcast","ReplayGash","Leap+1","Darkness+1","Darkness","ReplayTheSpireMod:Splinters","Undo","Go for the Eyes","Fusion+1","Doom and Gloom","ReplayTheSpireMod:Omega Cannon","Stack"],"relics":["Cracked Core","NeowsBlessing","hubris:Icosahedron","hubris:Towel","Mango","Boot","Replay:Rubber Ducky","Replay:WaspNest","Runic Capacitor","Prayer Wheel","reliquary:Buckler"],"acts_visited":["Exordium"],"potions_floor_usage":[8,14],"damage_taken":[{"damage":0,"enemies":"Small Slimes","floor":1,"turns":1},{"damage":0,"enemies":"Jaw Worm","floor":5,"turns":1},{"damage":0,"enemies":"Lagavulin","floor":6,"turns":1},{"damage":28,"enemies":"3 Sentries","floor":8,"turns":7},{"damage":0,"enemies":"Cultist","floor":13,"turns":5},{"damage":16,"enemies":"Gremlin Nob","floor":14,"turns":4},{"damage":37,"enemies":"Slime Boss","floor":16,"turns":6}],"seed_played":"-799614017099583959","potions_obtained":[{"floor":6,"key":"SkillPotion"},{"floor":13,"key":"DuplicationPotion"}],"is_trial":false,"path_per_floor":["M","?","?","?","M","E","?","E","T","$","?","?","M","E","R","B"],"character_chosen":"DEFECT","items_purchased":["Runic Capacitor"],"campfire_rested":1,"item_purchase_floors":[10],"current_hp_per_floor":[68,68,53,53,53,67,49,21,21,21,21,21,21,5,31,0,0],"gold":150,"neow_bonus":"THREE_ENEMY_KILL","is_daily":false,"chose_seed":false,"campfire_upgraded":0,"win_rate":0.0,"timestamp":1612251559,"path_taken":["M","?","?","?","M","E","?","E","T","$","?","?","M","E","R","BOSS"],"items_purchased_type":["Relic"],"build_version":"2020-12-22","purchased_purges":0,"victory":false,"max_hp_per_floor":[75,75,75,75,75,89,89,89,89,89,89,89,89,89,89,89,89],"card_choices":[{"not_picked":["Conserve Battery","ReplayTheSpireMod:GoodbyeWorld"],"picked":"ReplayGash","floor":1},{"not_picked":["Compile Driver","Turbo"],"picked":"Leap","floor":5},{"not_picked":["ReplayTheSpireMod:Reroute Power","Redo"],"picked":"Darkness","floor":6},{"not_picked":["Skim","Coolheaded"],"picked":"Darkness","floor":8},{"not_picked":["Genetic Algorithm","Coolheaded"],"picked":"Undo","floor":11},{"not_picked":["Ball Lightning","Rebound"],"picked":"Go for the Eyes","floor":11},{"not_picked":["Barrage","Conserve Battery"],"picked":"ReplayTheSpireMod:Fabricate Wheel","floor":11},{"not_picked":["Cold Snap","Undo"],"picked":"Doom and Gloom","floor":13},{"not_picked":["Steam","Static Discharge"],"picked":"ReplayTheSpireMod:Omega Cannon","floor":13},{"not_picked":["Hologram","Steam"],"picked":"Stack","floor":14}],"player_experience":853979,"relics_obtained":[{"floor":6,"key":"Mango"},{"floor":8,"key":"Replay:Rubber Ducky"},{"floor":9,"key":"Replay:WaspNest"},{"floor":14,"key":"reliquary:Buckler"}],"event_choices":[{"damage_healed":0,"gold_gain":0,"player_choice":"Entered Light","damage_taken":15,"max_hp_gain":0,"max_hp_loss":0,"event_name":"Shining Light","floor":3,"gold_loss":0,"cards_upgraded":["Strike_B","Defend_B"]},{"damage_healed":0,"gold_gain":0,"player_choice":"Success","damage_taken":18,"relics_obtained":["Boot"],"max_hp_gain":0,"max_hp_loss":0,"event_name":"Scrap Ooze","floor":7,"gold_loss":0}],"is_beta":false,"boss_relics":[],"items_purged_floors":[],"is_endless":false,"potions_floor_spawned":[6,13],"killed_by":"Slime Boss","ascension_level":11}}