{"host":"c3lc60y5x60jlt1y","time":1612298101,"event":{"mods":["AchievementEnabler","BaseMod","Bestiary","Colored Map","Minty Spire (QoL Compilation)","Quick Restart","StSLib","ojb\u0027s Info Mod"],"gold_per_floor":[160,160,176,190,35,61,71,71,71],"floor_reached":8,"language":"ENG","playtime":457,"items_purged":["Strike_P"],"score":116,"play_id":"8fc15127-d77e-4c25-a6f0-a5c8b3bfa7dd","local_time":"20210202223501","is_ascension_mode":true,"campfire_choices":[],"circlet_count":0,"master_deck":["AscendersBane","Strike_P","Strike_P","Defend_P","Defend_P","Defend_P+1","Defend_P","Eruption","Vigilance","CutThroughFate","SignatureMove","SpiritShield","TalkToTheHand","Conclude","MentalFortress","Vengeance","Wallop"],"relics":["Tiny House","Unceasing Top"],"acts_visited":["Exordium"],"potions_floor_usage":[6,7],"damage_taken":[{"damage":0,"enemies":"Jaw Worm","floor":1,"turns":2},{"damage":0,"enemies":"Small Slimes","floor":3,"turns":2},{"damage":1,"enemies":"Cultist","floor":4,"turns":3},{"damage":54,"enemies":"3 Sentries","floor":6,"turns":10},{"damage":10,"enemies":"Red Slaver","floor":7,"turns":5},{"damage":48,"enemies":"Gremlin Nob","floor":8,"turns":3}],"seed_played":"-1835233219488011298","potions_obtained":[{"floor":0,"key":"ColorlessPotion"},{"floor":3,"key":"EssenceOfSteel"},{"floor":4,"key":"Fruit Juice"}],"is_trial":false,"path_per_floor":["M","?","M","M","$","E","M","E"],"character_chosen":"WATCHER","items_purchased":["MentalFortress"],"campfire_rested":0,"item_purchase_floors":[5],"current_hp_per_floor":[66,66,66,65,65,11,6,0,0],"gold":71,"neow_bonus":"BOSS_RELIC","is_daily":false,"chose_seed":false,"campfire_upgraded":0,"win_rate":0.0,"timestamp":1612298101,"path_taken":["M","?","M","M","$","E","M","E"],"items_purchased_type":["Card"],"build_version":"2020-12-22","purchased_purges":1,"victory":false,"max_hp_per_floor":[73,73,73,73,73,73,78,78,78],"card_choices":[{"not_picked":["FollowUp","Fasting2"],"picked":"CutThroughFate","floor":0},{"not_picked":["ClearTheMind","Pray"],"picked":"SignatureMove","floor":1},{"not_picked":["Prostrate","BowlingBash"],"picked":"TalkToTheHand","floor":3},{"not_picked":["ConjureBlade","FlyingSleeves"],"picked":"Conclude","floor":4},{"not_picked":["Indignation","SignatureMove"],"picked":"Vengeance","floor":6},{"not_picked":["Crescendo","FollowUp"],"picked":"Wallop","floor":7}],"player_experience":8928203,"relics_obtained":[{"floor":6,"key":"Unceasing Top"}],"event_choices":[{"damage_healed":0,"gold_gain":0,"cards_transformed":["Strike_P"],"player_choice":"Change","damage_taken":0,"max_hp_gain":0,"max_hp_loss":0,"event_name":"Living Wall","floor":2,"gold_loss":0,"cards_obtained":["SpiritShield"]}],"is_beta":false,"boss_relics":[],"items_purged_floors":[5],"is_endless":false,"potions_floor_spawned":[3,4],"killed_by":"Gremlin Nob","ascension_level":20}}