{"host":"o3nki8hvugtioqst","time":1612277097,"event":{"mods":["BaseMod","Minty Spire (QoL Compilation)","Quick Restart","Rare Cards Sparkle","Relic Stats","StSLib","SuperFastMode"],"gold_per_floor":[116,66,241,254,2,29,29,29,55,68,111,12,12,12,12,138,138,161,86,86,166,187,225,225,260,287,287,287,304,304,318,318,422,422,439,439,489,216,216,244,19,45,70,98,109,137,166,91,91,91,91,91,12,37,37],"floor_reached":56,"language":"ENG","playtime":1736,"items_purged":[],"score":2152,"play_id":"150b3576-0d82-46e6-bed7-71469b6ac928","local_time":"20210202164457","is_ascension_mode":true,"campfire_choices":[{"floor":8,"key":"REST"},{"data":"Flex","floor":15,"key":"SMITH"},{"data":"1","floor":27,"key":"LIFT"},{"data":"2","floor":30,"key":"LIFT"},{"data":"3","floor":32,"key":"LIFT"},{"floor":49,"key":"RECALL"},{"data":"Pummel","floor":52,"key":"SMITH"}],"circlet_count":0,"master_deck":["Bash","Disarm","Iron Wave","Pummel+1","Clash+1","Infernal Blade","Pommel Strike+1","Flex+1","Offering","Feel No Pain","Exhume","Hemokinesis","Demon Form","Offering","Offering","Spot Weakness","Seeing Red","Inflame","Reaper","Blood for Blood+1","Demon Form","Flash of Steel+1","Heavy Blade+1","Warcry+1"],"relics":["Burning Blood","NeowsBlessing","Membership Card","Dream Catcher","Vajra","Bloody Idol","Akabeko","MealTicket","Bronze Scales","Letter Opener","Pandora\u0027s Box","Gremlin Horn","Girya","Gambling Chip","Strawberry","MutagenicStrength","Busted Crown","WingedGreaves","Juzu Bracelet","HandDrill","HornCleat","Whetstone","Molten Egg 2","Potion Belt","Champion Belt","TungstenRod","Singing Bowl","Red Skull","Lee\u0027s Waffle","Medical Kit","Nunchaku"],"acts_visited":["Exordium","TheCity","TheBeyond","TheEnding"],"potions_floor_usage":[25,29,55,55],"damage_taken":[{"damage":0,"enemies":"Jaw Worm","floor":1,"turns":1},{"damage":0,"enemies":"2 Louse","floor":4,"turns":1},{"damage":0,"enemies":"3 Sentries","floor":6,"turns":1},{"damage":4,"enemies":"Small Slimes","floor":10,"turns":2},{"damage":27,"enemies":"Gremlin Nob","floor":11,"turns":4},{"damage":30,"enemies":"Hexaghost","floor":16,"turns":9},{"damage":18,"enemies":"Shell Parasite","floor":18,"turns":1},{"damage":14,"enemies":"2 Thieves","floor":22,"turns":2},{"damage":12,"enemies":"Slavers","floor":23,"turns":2},{"damage":19,"enemies":"Book of Stabbing","floor":25,"turns":2},{"damage":14,"enemies":"Snecko","floor":29,"turns":2},{"damage":12,"enemies":"Centurion and Healer","floor":31,"turns":1},{"damage":41,"enemies":"Automaton","floor":33,"turns":4},{"damage":18,"enemies":"3 Darklings","floor":35,"turns":1},{"damage":14,"enemies":"Mind Bloom Boss Battle","floor":37,"turns":3},{"damage":18,"enemies":"Reptomancer","floor":40,"turns":2},{"damage":35,"enemies":"Giant Head","floor":42,"turns":3},{"damage":6,"enemies":"Reptomancer","floor":44,"turns":1},{"damage":13,"enemies":"Orb Walker","floor":45,"turns":2},{"damage":17,"enemies":"Giant Head","floor":46,"turns":4},{"damage":5,"enemies":"Reptomancer","floor":47,"turns":1},{"damage":30,"enemies":"Donu and Deca","floor":50,"turns":4},{"damage":20,"enemies":"Shield and Spear","floor":54,"turns":1},{"damage":101,"enemies":"The Heart","floor":55,"turns":5}],"seed_played":"-7894478969813290605","potions_obtained":[{"floor":1,"key":"SkillPotion"},{"floor":6,"key":"DistilledChaos"},{"floor":10,"key":"Fire Potion"},{"floor":29,"key":"Fire Potion"},{"floor":33,"key":"SteroidPotion"},{"floor":46,"key":"FairyPotion"}],"is_trial":false,"path_per_floor":["M","?","?","M","$","E","?","R","T","M","E","$","?","?","R","B",null,"M","?","?","T","M","E","?","E","T","R","?","M","R","M","R","B",null,"M","?","?","$","?","E","$","E","T","E","M","E","E","$","R","B",null,"R","$","E","B",null],"character_chosen":"IRONCLAD","items_purchased":["Membership Card","Dream Catcher","Pummel","Bronze Scales","Flex","Juzu Bracelet","HandDrill","HornCleat","Molten Egg 2","Heavy Blade+1","Potion Belt","Lee\u0027s Waffle","Medical Kit"],"campfire_rested":1,"item_purchase_floors":[5,5,5,12,12,38,38,38,41,41,41,48,53],"current_hp_per_floor":[78,78,78,80,80,80,60,80,80,80,59,74,56,40,40,16,64,52,52,52,52,44,38,38,60,72,72,72,78,78,87,87,87,87,87,87,87,87,87,87,87,73,78,87,85,89,89,96,96,78,92,92,96,98,29],"gold":37,"neow_bonus":"THREE_ENEMY_KILL","is_daily":false,"chose_seed":false,"campfire_upgraded":2,"win_rate":0.0,"timestamp":1612277097,"path_taken":["M","?","?","M","$","E","?","R","T","M","E","$","?","?","R","BOSS","M","?","?","?","M","E","?","E","T","R","?","M","R","M","R","BOSS","M","?","?","$","?","E","$","E","T","E","M","E","E","$","R","BOSS","R","$","E","BOSS"],"items_purchased_type":["Relic","Relic","Card","Relic","Card","Relic","Relic","Relic","Relic","Card","Relic","Relic","Relic"],"build_version":"2020-12-22","purchased_purges":0,"victory":true,"max_hp_per_floor":[80,80,80,80,80,80,80,80,80,80,80,80,80,80,80,80,80,80,80,80,80,80,80,80,80,87,87,87,87,87,87,87,87,87,87,87,87,87,87,87,87,87,87,87,87,89,89,96,96,96,96,96,96,98,98],"relic_stats":{"Lee\u0027s Waffle":7,"Gremlin Horn":[18,18],"Singing Bowl":4,"counters":[24,59],"Juzu Bracelet":0,"Letter Opener":[250],"Whetstone":["Pommel Strike","Flash of Steel"],"Medical Kit":[4],"Burning Blood":84,"Dream Catcher":1,"Nunchaku":[1],"Busted Crown":20,"Bloody Idol":30,"Bronze Scales":[154],"Gambling Chip":[24],"MealTicket":19,"Pandora\u0027s Box":["Feel No Pain","Exhume","Hemokinesis","Demon Form","Offering","Offering","Spot Weakness","Seeing Red"],"HandDrill":[0],"Champion Belt":[1],"obtain_stats":[{"Gremlin Horn":21,"Singing Bowl":46,"Vajra":6,"Juzu Bracelet":38,"Whetstone":40,"Burning Blood":0,"Dream Catcher":5,"Nunchaku":54,"HornCleat":38,"Gambling Chip":25,"Strawberry":26,"MealTicket":11,"WingedGreaves":37,"HandDrill":38,"Red Skull":47,"Potion Belt":41,"Girya":23,"Lee\u0027s Waffle":48,"NeowsBlessing":0,"Golden Idol":7,"Letter Opener":13,"Medical Kit":53,"Akabeko":9,"Busted Crown":34,"Bronze Scales":12,"Bloody Idol":24,"MutagenicStrength":28,"Pandora\u0027s Box":17,"Molten Egg 2":41,"Membership Card":5,"Champion Belt":42,"TungstenRod":44},{"Gremlin Horn":7,"Singing Bowl":20,"Vajra":3,"Juzu Bracelet":15,"Whetstone":16,"Burning Blood":0,"Dream Catcher":2,"Nunchaku":23,"HornCleat":15,"Gambling Chip":10,"Strawberry":10,"MealTicket":5,"WingedGreaves":15,"HandDrill":15,"Red Skull":21,"Potion Belt":16,"Girya":9,"Lee\u0027s Waffle":21,"NeowsBlessing":0,"Golden Idol":3,"Letter Opener":5,"Medical Kit":22,"Akabeko":3,"Busted Crown":13,"Bronze Scales":5,"Bloody Idol":9,"MutagenicStrength":10,"Pandora\u0027s Box":6,"Molten Egg 2":16,"Membership Card":2,"Champion Belt":17,"TungstenRod":18},{"Gremlin Horn":19,"Singing Bowl":48,"Vajra":3,"Juzu Bracelet":36,"Whetstone":38,"Burning Blood":0,"Dream Catcher":2,"Nunchaku":54,"HornCleat":36,"Gambling Chip":25,"Strawberry":25,"MealTicket":9,"WingedGreaves":36,"HandDrill":36,"Red Skull":49,"Potion Belt":38,"Girya":23,"Lee\u0027s Waffle":49,"NeowsBlessing":0,"Golden Idol":3,"Letter Opener":9,"Medical Kit":53,"Akabeko":3,"Busted Crown":32,"Bronze Scales":9,"Bloody Idol":23,"MutagenicStrength":25,"Pandora\u0027s Box":18,"Molten Egg 2":38,"Membership Card":2,"Champion Belt":41,"TungstenRod":42}],"TungstenRod":43},"card_choices":[{"not_picked":["Reckless Charge","Uppercut"],"picked":"Disarm","floor":1},{"not_picked":["Flex","Perfected Strike"],"picked":"Iron Wave","floor":4},{"not_picked":["Havoc","Dark Embrace"],"picked":"Clash","floor":6},{"not_picked":["Clothesline","Perfected Strike"],"picked":"Infernal Blade","floor":8},{"not_picked":["True Grit","Havoc"],"picked":"Pommel Strike","floor":10},{"not_picked":["Intimidate","Fiend Fire","Wild Strike"],"picked":"SKIP","floor":11},{"not_picked":["Demon Form","Berserk"],"picked":"Offering","floor":16},{"not_picked":["Anger","Dual Wield","Infernal Blade"],"picked":"SKIP","floor":18},{"not_picked":["Iron Wave","Headbutt","Cleave"],"picked":"SKIP","floor":22},{"not_picked":["Cleave","Flame Barrier"],"picked":"Reaper","floor":23},{"not_picked":["Evolve","Shrug It Off","Headbutt"],"picked":"SKIP","floor":25},{"not_picked":["Evolve","Shrug It Off","Headbutt"],"picked":"SKIP","floor":25},{"not_picked":["Twin Strike","Warcry","Reckless Charge"],"picked":"SKIP","floor":29},{"not_picked":["Uppercut","Combust"],"picked":"Blood for Blood+1","floor":31},{"not_picked":["Offering","Impervious"],"picked":"Demon Form","floor":33},{"not_picked":["Body Slam"],"picked":"SKIP","floor":35},{"not_picked":[],"picked":"Flash of Steel","floor":36},{"not_picked":["Havoc"],"picked":"SKIP","floor":40},{"not_picked":["Havoc+1"],"picked":"SKIP","floor":42},{"not_picked":["Entrench+1"],"picked":"SKIP","floor":44},{"not_picked":["Anger+1"],"picked":"SKIP","floor":45},{"not_picked":["Shrug It Off"],"picked":"Singing Bowl","floor":46},{"not_picked":[],"picked":"Warcry+1","floor":47},{"not_picked":["Armaments+1"],"picked":"Singing Bowl","floor":54}],"player_experience":241551,"relics_obtained":[{"floor":6,"key":"Vajra"},{"floor":9,"key":"Akabeko"},{"floor":11,"key":"MealTicket"},{"floor":21,"key":"Gremlin Horn"},{"floor":23,"key":"Girya"},{"floor":25,"key":"Gambling Chip"},{"floor":26,"key":"Strawberry"},{"floor":37,"key":"WingedGreaves"},{"floor":40,"key":"Whetstone"},{"floor":42,"key":"Champion Belt"},{"floor":44,"key":"TungstenRod"},{"floor":46,"key":"Singing Bowl"},{"floor":47,"key":"Red Skull"},{"floor":54,"key":"Nunchaku"}],"event_choices":[{"cards_removed":["Defend_R"],"damage_healed":0,"gold_gain":0,"player_choice":"Card Removal","damage_taken":0,"max_hp_gain":0,"max_hp_loss":0,"event_name":"The Cleric","floor":2,"gold_loss":50},{"damage_healed":0,"gold_gain":175,"player_choice":"AGREE","damage_taken":0,"max_hp_gain":0,"max_hp_loss":0,"event_name":"Liars Game","floor":3,"gold_loss":0,"cards_obtained":["Doubt"]},{"damage_healed":0,"gold_gain":0,"player_choice":"Take Damage","damage_taken":20,"relics_obtained":["Golden Idol"],"max_hp_gain":0,"max_hp_loss":0,"event_name":"Golden Idol","floor":7,"gold_loss":0},{"damage_healed":0,"gold_gain":0,"player_choice":"Success","damage_taken":18,"relics_obtained":["Letter Opener"],"max_hp_gain":0,"max_hp_loss":0,"event_name":"Scrap Ooze","floor":13,"gold_loss":0},{"damage_healed":0,"gold_gain":0,"player_choice":"Entered Light","damage_taken":16,"max_hp_gain":0,"max_hp_loss":0,"event_name":"Shining Light","floor":14,"gold_loss":0,"cards_upgraded":["Clash","Defend_R"]},{"cards_removed":["Doubt"],"damage_healed":0,"gold_gain":0,"player_choice":"Gave Gold","damage_taken":0,"max_hp_gain":0,"max_hp_loss":0,"event_name":"Beggar","floor":19,"gold_loss":75},{"damage_healed":0,"gold_gain":0,"player_choice":"Read","damage_taken":0,"max_hp_gain":0,"max_hp_loss":0,"event_name":"The Library","floor":20,"gold_loss":0,"cards_obtained":["Inflame"]},{"damage_healed":0,"gold_gain":0,"player_choice":"Gave Idol","damage_taken":0,"relics_obtained":["Bloody Idol"],"max_hp_gain":0,"max_hp_loss":0,"event_name":"Forgotten Altar","floor":24,"relics_lost":["Golden Idol"],"gold_loss":0},{"damage_healed":0,"gold_gain":0,"player_choice":"Inject Mutagens","damage_taken":0,"relics_obtained":["MutagenicStrength"],"max_hp_gain":0,"max_hp_loss":0,"event_name":"Drug Dealer","floor":28,"gold_loss":0},{"damage_healed":0,"gold_gain":0,"player_choice":"Memory 1","damage_taken":0,"max_hp_gain":0,"max_hp_loss":0,"event_name":"SensoryStone","floor":36,"gold_loss":0},{"damage_healed":0,"gold_gain":0,"player_choice":"Fight","damage_taken":0,"max_hp_gain":0,"max_hp_loss":0,"event_name":"MindBloom","floor":37,"gold_loss":0},{"damage_healed":0,"gold_gain":0,"player_choice":"Ignored","damage_taken":0,"max_hp_gain":0,"max_hp_loss":0,"event_name":"Tomb of Lord Red Mask","floor":39,"gold_loss":0}],"is_beta":false,"boss_relics":[{"not_picked":["Ectoplasm","Runic Dome"],"picked":"Pandora\u0027s Box"},{"not_picked":["SacredBark","Tiny House"],"picked":"Busted Crown"}],"items_purged_floors":[],"is_endless":false,"potions_floor_spawned":[1,6,10,22,29,33,35,37,46],"ascension_level":9}}