{"host":"f4xk8spljo3akohx","time":1612251152,"event":{"mods":["Act Like it!","Arknights","BaseMod","Downfall","Gensokyo","GifTheSpireLib","Hallownest","Hermit","Highlight Path","Marisa£®ÏF”Í°°ƒß¿Ì…≥£©","Minty Spire (QoL Compilation)","Quick Restart","StSLib","The Bug Knight"],"gold_per_floor":[119,130,130,130,151,151,76,76,76,76,99,99,99,123,123,242,242,265,93,118,118,136,136,136],"floor_reached":23,"language":"ZHS","playtime":809,"items_purged":["hermit:Strike_Hermit","hermit:Strike_Hermit"],"score":181,"play_id":"3e5b3109-c10d-49f2-a7d4-1f4735db31a2","local_time":"20210202153232","is_ascension_mode":false,"campfire_choices":[{"data":"hermit:GoldenBullet","floor":6.0,"key":"SMITH"},{"data":"hermit:Deadeye","floor":10.0,"key":"SMITH"},{"data":"hermit:Snapshot","floor":12.0,"key":"SMITH"},{"data":"hermit:Roulette","floor":15.0,"key":"SMITH"}],"circlet_count":0,"master_deck":["hermit:Strike_Hermit","hermit:Defend_Hermit","hermit:Defend_Hermit","hermit:Defend_Hermit","hermit:Snapshot+1","hermit:Covet","hermit:Headshot","hermit:Deadeye+1","hermit:GoldenBullet+1","hermit:TrackingShot","hermit:Roulette+1","hermit:EternalForm","hermit:TakeAim","hermit:Brawl","hermit:Determination","hermit:Snipe","hermit:Roulette"],"relics":["hermit:Momento","NeowsBlessing","Blue Candle","Golden Idol","Ornamental Fan","Pear","Empty Cage"],"acts_visited":["Exordium","TheCity"],"potions_floor_usage":[],"damage_taken":[{"damage":0.0,"enemies":"2 Louse","floor":1.0,"turns":1.0},{"damage":0.0,"enemies":"Jaw Worm","floor":2.0,"turns":1.0},{"damage":0.0,"enemies":"Cultist","floor":5.0,"turns":1.0},{"damage":7.0,"enemies":"Red Slaver","floor":11.0,"turns":3.0},{"damage":16.0,"enemies":"3 Louse","floor":14.0,"turns":3.0},{"damage":36.0,"enemies":"Hexaghost","floor":16.0,"turns":8.0},{"damage":5.0,"enemies":"Chosen","floor":18.0,"turns":4.0},{"damage":21.0,"enemies":"Snake Plant","floor":20.0,"turns":3.0},{"damage":30.0,"enemies":"Cultist and Chosen","floor":22.0,"turns":5.0},{"damage":64,"enemies":"Gremlin Leader","floor":23,"turns":6}],"seed_played":"-8999472551269085105","potions_obtained":[{"floor":2.0,"key":"hermit:Tonic"},{"floor":14.0,"key":"Ancient Potion"},{"floor":20.0,"key":"FairyPotion"}],"is_trial":false,"path_per_floor":["M","M","?","?","M","R","$","T","T","R","M","R","$","M","R","B",null,"M","$","M","?","M","E"],"character_chosen":"HERMIT","items_purchased":["hermit:Brawl"],"campfire_rested":0,"item_purchase_floors":[19],"current_hp_per_floor":[75,75,70,52,52,52,52,52,62,62,55,55,55,39,39,3,85,80,80,59,59,29,1,1],"gold":136,"neow_bonus":"THREE_ENEMY_KILL","is_daily":false,"chose_seed":false,"campfire_upgraded":4,"win_rate":0.0,"timestamp":1612251152,"path_taken":["M","M","?","?","?","R","$","?","T","R","M","R","?","M","R","BOSS","M","$","M","?","M","E"],"items_purchased_type":["Card"],"build_version":"2020-12-22","purchased_purges":2,"victory":false,"max_hp_per_floor":[75,75,75,75,75,75,75,75,85,85,85,85,85,85,85,85,85,85,85,85,85,85,85,85],"card_choices":[{"not_picked":["hermit:Misfire","hermit:Glare"],"picked":"hermit:Headshot","floor":1.0},{"not_picked":["hermit:Desperado","hermit:Cheat"],"picked":"hermit:Deadeye","floor":2.0},{"not_picked":["hermit:HighCaliber","hermit:TrackingShot"],"picked":"hermit:GoldenBullet","floor":5.0},{"not_picked":["hermit:SprayPray","hermit:HoleUp"],"picked":"hermit:TrackingShot","floor":11.0},{"not_picked":["hermit:Purgatory","hermit:HoleUp"],"picked":"hermit:Roulette","floor":14.0},{"not_picked":["hermit:Gambit","hermit:HighNoon"],"picked":"hermit:EternalForm","floor":16.0},{"not_picked":["hermit:TrackingShot","hermit:Headshot+1"],"picked":"hermit:TakeAim","floor":18.0},{"not_picked":["hermit:FlashPowder","hermit:LowProfile+1"],"picked":"hermit:Determination","floor":20.0},{"not_picked":["hermit:TrackingShot","hermit:Glare"],"picked":"hermit:Roulette","floor":22.0}],"player_experience":75077,"relics_obtained":[{"floor":8.0,"key":"Ornamental Fan"},{"floor":9.0,"key":"Pear"}],"event_choices":[{"damage_healed":0.0,"max_hp_gain":0.0,"max_hp_loss":0.0,"gold_gain":0.0,"event_name":"Golden Idol","player_choice":"Take Damage","floor":4.0,"gold_loss":0.0,"damage_taken":18.0,"relics_obtained":["Golden Idol"]},{"damage_healed":0.0,"max_hp_gain":0.0,"max_hp_loss":0.0,"gold_gain":0.0,"event_name":"The Library","player_choice":"Read","floor":21.0,"gold_loss":0.0,"damage_taken":0.0,"cards_obtained":["hermit:Snipe"]}],"is_beta":false,"boss_relics":[{"not_picked":["Coffee Dripper","hermit:DentedPlate"],"picked":"Empty Cage"}],"items_purged_floors":[7,19],"is_endless":false,"potions_floor_spawned":[2,14,20],"killed_by":"Gremlin Leader","ascension_level":0}}