{"host":"89frlrzg3lfsymiq","time":1612306716,"event":{"mods":["2.2 Compatiblity","AchievementEnabler","Aspiration","BaseMod","Better Altar","Better Match","Better Note","Better Sensory Stone","Better Skull","Better Third Choice","Conspire","Downfall","GifTheSpireLib","Halation","Highlight Path","Hubris","Minty Spire (QoL Compilation)","Permanent Neow","Quick Restart","StSLib","The Blue Laboratory","The Cursed","The Jungle","The Necromancer","The Runesmith"],"gold_per_floor":[99,141,183,240,179,179,179,179,179,250,327,376,376,221,296,619,619,619,700,637,691,691,693,693],"floor_reached":23,"language":"ENG","playtime":920,"items_purged":[],"score":433,"play_id":"af1c9fee-d132-4580-aa5c-fc3c0a2e2ea1","local_time":"20210202175836","daily_mods":["Hoarder","Red Cards","Green Cards","Colorless Cards","DeadlyEvents","Cursed Run","Lethality","Midas"],"is_ascension_mode":false,"campfire_choices":[{"floor":1,"key":"RECALL"},{"floor":8,"key":"REST"},{"floor":13,"key":"REST"},{"floor":18,"key":"REST"}],"circlet_count":0,"master_deck":["Strike_G","Strike_G","Strike_G","Strike_G+1","Strike_G","Defend_G","Defend_G","Defend_G","Defend_G","Defend_G","Survivor","Neutralize","Iron Wave","Iron Wave","Iron Wave","Thunderclap","Thunderclap","Thunderclap","A Thousand Cuts","A Thousand Cuts","A Thousand Cuts","Outmaneuver","Outmaneuver","Outmaneuver","Iron Wave+1","Iron Wave","Iron Wave+1","downfall:Malfunctioning","downfall:Malfunctioning","downfall:Malfunctioning","hubris:Greed","hubris:Greed","hubris:Greed","Regret","Regret","Regret","Discovery","Discovery","Discovery","Deadly Poison","Deadly Poison","Deadly Poison","Well Laid Plans","Well Laid Plans","Well Laid Plans","Demon Form","Demon Form","Demon Form+1","Combust","Combust","Combust","downfall:Bewildered","downfall:Bewildered","downfall:Bewildered","Flex+1","Flex+1","Flex+1","Searing Blow","Searing Blow"],"relics":["Cursed Key","Darkstone Periapt","Du-Vu Doll","halation:IllGainedPizza","Fusion Hammer","hubris:TinFlute","ClockworkSouvenir"],"acts_visited":["Exordium","TheCity"],"potions_floor_usage":[23,23,23],"damage_taken":[{"damage":0,"enemies":"Small Slimes","floor":2,"turns":1},{"damage":0,"enemies":"2 Louse","floor":3,"turns":2},{"damage":0,"enemies":"Jaw Worm","floor":4,"turns":2},{"damage":20,"enemies":"downfall:FleeingMerchant","floor":5,"turns":4},{"damage":9,"enemies":"2 Fungi Beasts","floor":10,"turns":4},{"damage":4,"enemies":"Lots of Slimes","floor":11,"turns":2},{"damage":5,"enemies":"Blue Slaver","floor":12,"turns":2},{"damage":13,"enemies":"downfall:FleeingMerchant","floor":14,"turns":4},{"damage":0,"enemies":"3 Louse","floor":15,"turns":1},{"damage":49,"enemies":"IC_STATUS_ARCHETYPE","floor":16,"turns":6},{"damage":102,"enemies":"3 Byrds","floor":19,"turns":4},{"damage":18,"enemies":"downfall:FleeingMerchant","floor":20,"turns":4},{"damage":12,"enemies":"Chosen","floor":21,"turns":2},{"damage":9,"enemies":"Slavers","floor":23,"turns":1}],"seed_played":"-7750307601684453225","potions_obtained":[{"floor":11,"key":"blueLaboratory:Moonshine"},{"floor":15,"key":"blueLaboratory:AbyssPotion"},{"floor":16,"key":"bronze:BurnAndBuffPotion"}],"is_trial":true,"path_per_floor":["R","M","M","M","$","?","T","R","?","M","M","M","R","$","M","B",null,"R","M","$","M","?","E"],"character_chosen":"THE_SILENT","items_purchased":["Iron Wave","Demon Form","hubris:TinFlute","ClockworkSouvenir"],"campfire_rested":3,"item_purchase_floors":[5,14,20,20],"current_hp_per_floor":[70,70,70,70,50,68,86,106,124,115,111,106,124,111,111,80,142,142,40,22,10,2,0,0],"gold":693,"neow_bonus":"","is_daily":false,"chose_seed":false,"campfire_upgraded":0,"win_rate":0.0,"timestamp":1612306716,"path_taken":["R","M","M","M","$","?","T","R","?","M","M","M","R","$","M","BOSS","R","M","$","M","?","E"],"items_purchased_type":["Card","Card","Relic","Relic"],"build_version":"2020-12-22","purchased_purges":0,"victory":false,"max_hp_per_floor":[70,70,70,70,70,88,106,106,124,124,124,124,124,124,124,142,142,142,142,142,142,142,142,142],"card_choices":[{"not_picked":["Outmaneuver","Poisoned Stab"],"picked":"Iron Wave","floor":2},{"not_picked":["Cloak And Dagger","Flame Barrier"],"picked":"Thunderclap","floor":3},{"not_picked":["Outmaneuver","Clash"],"picked":"A Thousand Cuts","floor":4},{"not_picked":["Impatience","Poisoned Stab"],"picked":"Outmaneuver","floor":5},{"not_picked":["Endless Agony","Pommel Strike"],"picked":"Discovery","floor":10},{"not_picked":["Dodge and Roll","Blood for Blood","Perfected Strike"],"picked":"SKIP","floor":11},{"not_picked":["Clothesline","Flying Knee"],"picked":"Deadly Poison","floor":12},{"not_picked":["Dodge and Roll","Flying Knee"],"picked":"Well Laid Plans","floor":14},{"not_picked":["Shrug It Off","Thunderclap"],"picked":"Combust","floor":15},{"not_picked":["Wild Strike","Twin Strike"],"picked":"Flex+1","floor":19},{"not_picked":["Bane+1","Blade Dance"],"picked":"Searing Blow","floor":20},{"not_picked":["Quick Slash","Dagger Throw","Dodge and Roll+1"],"picked":"SKIP","floor":21}],"player_experience":228749,"relics_obtained":[],"event_choices":[{"damage_healed":0,"gold_gain":0,"player_choice":"Box","damage_taken":0,"relics_obtained":["halation:IllGainedPizza"],"max_hp_gain":0,"max_hp_loss":0,"event_name":"Big Fish","floor":9,"gold_loss":0,"cards_obtained":["Regret"]}],"is_beta":false,"boss_relics":[{"not_picked":["Runesmith:UraniumAnvil","conspire:SlowCooker"],"picked":"Fusion Hammer"}],"items_purged_floors":[],"is_endless":false,"potions_floor_spawned":[11,15,16],"killed_by":"Slavers","ascension_level":0}}