{"host":"syozzdlzcqop4jia","time":1612304080,"event":{"mods":["BaseMod","Colored Map","Colored Powertips","Minty Spire (QoL Compilation)","Quick Restart"],"gold_per_floor":[118,130,130,130,143,143,169,169,169,169,186,186,6,19,19,114,114,114,114],"floor_reached":18,"language":"ENG","playtime":885,"items_purged":["Defend_R"],"score":200,"play_id":"0f763982-ec99-400a-965c-4b076789bd4d","local_time":"20210202231440","is_ascension_mode":true,"campfire_choices":[{"data":"Seeing Red","floor":6,"key":"SMITH"},{"data":"Shockwave","floor":8,"key":"SMITH"},{"data":"Wild Strike","floor":10,"key":"SMITH"},{"floor":15,"key":"REST"}],"circlet_count":0,"master_deck":["Strike_R","Strike_R","Strike_R","Strike_R","Strike_R","Defend_R","Defend_R","Bash","Clothesline","Seeing Red+1","Wild Strike+1","Shockwave+1","Carnage","Anger","Shrug It Off","Feed"],"relics":["Burning Blood","Unceasing Top","Darkstone Periapt","Busted Crown"],"acts_visited":["Exordium","TheCity"],"potions_floor_usage":[],"damage_taken":[{"damage":4,"enemies":"Small Slimes","floor":1,"turns":5},{"damage":3,"enemies":"2 Louse","floor":2,"turns":2},{"damage":2,"enemies":"Cultist","floor":5,"turns":4},{"damage":30,"enemies":"Gremlin Nob","floor":7,"turns":5},{"damage":32,"enemies":"Exordium Thugs","floor":11,"turns":6},{"damage":10,"enemies":"Lots of Slimes","floor":14,"turns":4},{"damage":44,"enemies":"Slime Boss","floor":16,"turns":10},{"damage":0,"enemies":"3 Byrds","floor":18,"turns":1}],"seed_played":"6548934891740796980","potions_obtained":[{"floor":1,"key":"PowerPotion"},{"floor":5,"key":"DistilledChaos"}],"is_trial":false,"path_per_floor":["M","M","?","?","M","R","E","R","T","R","M","?","$","M","R","B",null,"M"],"character_chosen":"IRONCLAD","items_purchased":["Anger","Shrug It Off"],"campfire_rested":1,"item_purchase_floors":[13,13],"current_hp_per_floor":[88,88,88,93,93,93,69,69,69,69,43,43,43,39,66,28,77,77,77],"gold":114,"neow_bonus":"TEN_PERCENT_HP_BONUS","is_daily":false,"chose_seed":false,"campfire_upgraded":3,"win_rate":0.0,"timestamp":1612304080,"path_taken":["M","M","?","?","M","R","E","R","T","R","M","?","$","?","R","BOSS","M"],"items_purchased_type":["Card","Card"],"build_version":"2020-12-22","purchased_purges":1,"victory":false,"max_hp_per_floor":[88,88,88,93,93,93,93,93,93,93,93,93,93,93,93,93,93,93,93],"card_choices":[{"not_picked":["Rupture","Spot Weakness"],"picked":"Clothesline","floor":1},{"not_picked":["Perfected Strike","Hemokinesis"],"picked":"Seeing Red","floor":2},{"not_picked":["Pommel Strike","Cleave"],"picked":"Wild Strike","floor":5},{"not_picked":["Brutality","Clash"],"picked":"Shockwave","floor":7},{"not_picked":["Warcry","Whirlwind"],"picked":"Carnage","floor":11},{"not_picked":["Bloodletting","Body Slam","Warcry"],"picked":"SKIP","floor":14},{"not_picked":["Limit Break","Double Tap"],"picked":"Feed","floor":16}],"player_experience":512760,"relics_obtained":[{"floor":7,"key":"Unceasing Top"},{"floor":9,"key":"Darkstone Periapt"}],"event_choices":[{"damage_healed":0,"gold_gain":0,"player_choice":"Ignored","damage_taken":0,"max_hp_gain":0,"max_hp_loss":0,"event_name":"Golden Idol","floor":3,"gold_loss":0},{"damage_healed":0,"gold_gain":0,"player_choice":"Donut","damage_taken":0,"max_hp_gain":5,"max_hp_loss":0,"event_name":"Big Fish","floor":4,"gold_loss":0},{"cards_removed":["Defend_R"],"damage_healed":0,"gold_gain":0,"player_choice":"Purged","damage_taken":0,"max_hp_gain":0,"max_hp_loss":0,"event_name":"Purifier","floor":12,"gold_loss":0}],"is_beta":false,"boss_relics":[{"not_picked":["SacredBark","Black Blood"],"picked":"Busted Crown"}],"items_purged_floors":[13],"is_endless":false,"potions_floor_spawned":[1,5],"killed_by":"3 Byrds","ascension_level":5}}