{"host":"xltl1aroowo69o4n","time":1612244903,"event":{"mods":["BaseMod","Colored Map","Colored Powertips","Downfall","Minty Spire (QoL Compilation)","StSLib"],"gold_per_floor":[99,118,136,156,156,167,219,119,150,150,178,191,191,11,28,28,28,28],"floor_reached":16,"language":"ENG","playtime":1750,"items_purged":["Normality"],"score":137,"play_id":"71a00923-139a-424a-b65a-9454620d94e1","local_time":"20210202004823","is_ascension_mode":false,"campfire_choices":[{"floor":8,"key":"REST"},{"floor":10,"key":"REST"}],"circlet_count":0,"master_deck":["sneckomod:Strike","sneckomod:Strike","sneckomod:Strike","sneckomod:Defend","sneckomod:Defend","sneckomod:Defend","sneckomod:TailWhip","sneckomod:SnekBite+1","sneckomod:Unknown","Slice","sneckomod:SlitherStrike","sneckomod:DiceBlock","sneckomod:UnknownDraw+1","sneckomod:Nope","sneckomod:SoulRoll","sneckomod:SoulCleanse","sneckomod:UnknownCommonSkill","sneckomod:WideSting","sneckomod:SlitherStrike","sneckomod:WideSting","sneckomod:QuickMove"],"relics":["sneckomod:SneckoSoul","downfall:HeartBlessingBlue","Strawberry","Regal Pillow","Question Card"],"acts_visited":["Exordium"],"potions_floor_usage":[],"damage_taken":[{"damage":0,"enemies":"Cultist","floor":2,"turns":3},{"damage":3,"enemies":"Small Slimes","floor":3,"turns":2},{"damage":0,"enemies":"Jaw Worm","floor":4,"turns":3},{"damage":22,"enemies":"Exordium Thugs","floor":6,"turns":6},{"damage":36,"enemies":"Gremlin Nob","floor":9,"turns":5},{"damage":58,"enemies":"3 Sentries","floor":11,"turns":9},{"damage":14,"enemies":"Blue Slaver","floor":12,"turns":4},{"damage":10,"enemies":"downfall:FleeingMerchant","floor":14,"turns":4},{"damage":6,"enemies":"Large Slime","floor":15,"turns":6},{"damage":78,"enemies":"WA_ARCHETYPE_RETAIN","floor":16,"turns":12}],"seed_played":"5216500060462489847","potions_obtained":[{"floor":2,"key":"Strength Potion"},{"floor":6,"key":"Weak Potion"},{"floor":11,"key":"FairyPotion"},{"floor":12,"key":"sneckomod:DiceRollPotion"}],"is_trial":false,"path_per_floor":["R","M","M","M","?","M","T","R","E","R","E","M","?","$","M","B"],"character_chosen":"THE_SNECKO","items_purchased":["sneckomod:SlitherStrike","sneckomod:WideSting"],"campfire_rested":2,"item_purchase_floors":[14,14],"current_hp_per_floor":[99,99,96,96,96,74,74,109,80,114,56,42,42,32,26,0,0,0],"gold":28,"neow_bonus":"TEN_PERCENT_HP_BONUS","is_daily":false,"chose_seed":false,"campfire_upgraded":0,"win_rate":0.0,"timestamp":1612244903,"path_taken":["R","M","?","M","?","M","T","R","E","R","E","?","?","$","M","BOSS"],"items_purchased_type":["Card","Card"],"build_version":"2020-12-13","purchased_purges":1,"victory":false,"max_hp_per_floor":[99,99,99,99,99,99,99,109,116,116,116,116,116,116,116,116,116,116],"card_choices":[{"not_picked":["sneckomod:UnknownCommonSkill","sneckomod:SoulRoll"],"picked":"sneckomod:SlitherStrike","floor":2},{"not_picked":["sneckomod:SoulDraw","sneckomod:UnknownVulnerable"],"picked":"sneckomod:DiceBlock","floor":3},{"not_picked":["sneckomod:SoulDraw","sneckomod:DiceBlock"],"picked":"sneckomod:UnknownDraw","floor":4},{"not_picked":["sneckomod:RainOfDice","sneckomod:SlitherStrike"],"picked":"sneckomod:Nope","floor":6},{"not_picked":["sneckomod:UnknownCommonSkill","sneckomod:SoulDraw"],"picked":"sneckomod:SoulRoll","floor":9},{"not_picked":["sneckomod:UnknownCommonAttack","sneckomod:UnknownWeak"],"picked":"sneckomod:SoulCleanse","floor":11},{"not_picked":["sneckomod:UnknownWeak","sneckomod:Nope"],"picked":"sneckomod:UnknownCommonSkill","floor":12},{"not_picked":["sneckomod:Cheat","sneckomod:DiceCrush","sneckomod:UnknownCommonSkill"],"picked":"sneckomod:WideSting","floor":14},{"not_picked":["sneckomod:SoulRoll","sneckomod:SoulDraw","sneckomod:UnknownBlock"],"picked":"sneckomod:QuickMove","floor":15}],"player_experience":88538,"relics_obtained":[{"floor":9,"key":"Strawberry"},{"floor":11,"key":"Regal Pillow"},{"floor":13,"key":"Question Card"}],"event_choices":[{"damage_healed":0,"gold_gain":0,"player_choice":"Relic","damage_taken":0,"max_hp_gain":0,"max_hp_loss":0,"event_name":"Wheel of Change","floor":13,"gold_loss":0}],"is_beta":false,"boss_relics":[],"items_purged_floors":[14],"is_endless":false,"potions_floor_spawned":[2,6,11,12,15],"killed_by":"WA_ARCHETYPE_RETAIN","ascension_level":0}}