{"host":"nugqxfgozafdbmsu","time":1612305834,"event":{"mods":["BaseMod","Block Reminder","Highlight Path","Minty Spire (QoL Compilation)","Quick Restart","Relic Stats","Unceasing Turn Reminder","everything is the same but u backflip on backflip"],"gold_per_floor":[119,139,159,159,124,152,169,169,194,209,209,227,227,113,113,213,213,230,320,340,45,62,62,79,79,106,106,124,159,173,173,173],"floor_reached":31,"language":"ENG","playtime":3264,"items_purged":["Strike_B"],"score":259,"play_id":"334d5a9d-5d3c-46b9-86de-43f24b95143e","local_time":"20210202164354","is_ascension_mode":false,"campfire_choices":[{"floor":8,"key":"REST"},{"floor":11,"key":"REST"},{"floor":15,"key":"REST"},{"floor":23,"key":"REST"},{"floor":25,"key":"REST"},{"data":"Capacitor","floor":27,"key":"SMITH"}],"circlet_count":0,"master_deck":["Strike_B","Strike_B+1","Defend_B","Defend_B+1","Defend_B","Defend_B","Zap","Dualcast","Force Field","Rebound","Defragment","Rebound","Consume","Redo","Cold Snap","Capacitor+1","Amplify","Coolheaded","Ball Lightning","Hello World","Tempest","Cold Snap","Genetic Algorithm","Coolheaded+1","Conserve Battery"],"relics":["Cracked Core","Potion Belt","Regal Pillow","Velvet Choker","Chemical X","Omamori","Bag of Marbles"],"acts_visited":["Exordium","TheCity"],"potions_floor_usage":[10,16,24,29,29,29,31],"damage_taken":[{"damage":7,"enemies":"Small Slimes","floor":1,"turns":3},{"damage":1,"enemies":"2 Louse","floor":2,"turns":2},{"damage":1,"enemies":"Jaw Worm","floor":3,"turns":3},{"damage":35,"enemies":"Lagavulin","floor":6,"turns":6},{"damage":16,"enemies":"3 Louse","floor":7,"turns":4},{"damage":30,"enemies":"Gremlin Gang","floor":10,"turns":5},{"damage":11,"enemies":"Red Slaver","floor":12,"turns":3},{"damage":21,"enemies":"The Guardian","floor":16,"turns":13},{"damage":17,"enemies":"Spheric Guardian","floor":18,"turns":4},{"damage":9,"enemies":"Chosen","floor":20,"turns":6},{"damage":25,"enemies":"Sentry and Sphere","floor":22,"turns":5},{"damage":29,"enemies":"Shelled Parasite and Fungi","floor":24,"turns":7},{"damage":37,"enemies":"3 Cultists","floor":28,"turns":6},{"damage":7,"enemies":"Book of Stabbing","floor":29,"turns":2},{"damage":7,"enemies":"Snecko","floor":30,"turns":4},{"damage":8,"enemies":"Sentry and Sphere","floor":31,"turns":3}],"seed_played":"3349740447390393985","potions_obtained":[{"floor":2,"key":"Block Potion"},{"floor":6,"key":"Energy Potion"},{"floor":10,"key":"BlessingOfTheForge"},{"floor":16,"key":"AttackPotion"},{"floor":18,"key":"DuplicationPotion"},{"floor":24,"key":"DistilledChaos"},{"floor":28,"key":"Swift Potion"}],"is_trial":false,"path_per_floor":["M","M","M","?","?","E","M","R","T","M","R","M","?","$","R","B",null,"M","?","M","$","M","R","M","R","T","R","M","E","M","M"],"character_chosen":"DEFECT","items_purchased":["Capacitor","Hello World","Chemical X","Tempest"],"campfire_rested":5,"item_purchase_floors":[14,21,21,21],"current_hp_per_floor":[68,67,66,59,75,40,24,46,46,16,53,42,27,27,64,43,75,58,46,37,37,12,49,20,57,57,57,20,13,6,0,0],"gold":173,"neow_bonus":"THREE_CARDS","is_daily":false,"chose_seed":false,"campfire_upgraded":1,"win_rate":0.0,"timestamp":1612305834,"path_taken":["M","M","M","?","?","E","M","R","T","M","R","M","?","?","R","BOSS","M","?","?","$","M","R","M","R","T","R","M","E","M","M"],"items_purchased_type":["Card","Card","Relic","Card"],"build_version":"2020-12-22","purchased_purges":1,"victory":false,"max_hp_per_floor":[75,75,75,75,75,75,75,75,75,75,75,75,75,75,75,75,75,75,75,75,75,75,75,75,75,75,75,75,75,75,75,75],"relic_stats":{"Regal Pillow":60,"counters":[16,76],"Chemical X":[8],"obtain_stats":[{"Potion Belt":6,"Regal Pillow":9,"Velvet Choker":17,"Omamori":26,"Bag of Marbles":29,"Chemical X":21,"Cracked Core":0},{"Potion Belt":4,"Regal Pillow":5,"Velvet Choker":8,"Omamori":12,"Bag of Marbles":14,"Chemical X":10,"Cracked Core":0},{"Potion Belt":14,"Regal Pillow":18,"Velvet Choker":39,"Omamori":61,"Bag of Marbles":69,"Chemical X":49,"Cracked Core":0}]},"card_choices":[{"not_picked":["Steam","Beam Cell"],"picked":"Force Field","floor":0},{"not_picked":["Streamline","Conserve Battery"],"picked":"Rebound","floor":1},{"not_picked":["Beam Cell","Cold Snap"],"picked":"Defragment","floor":2},{"not_picked":["Reprogram","Beam Cell"],"picked":"Rebound","floor":3},{"not_picked":["Aggregate","Stack","Rebound"],"picked":"SKIP","floor":6},{"not_picked":["Rebound","Fusion"],"picked":"Consume","floor":7},{"not_picked":["Rebound","Tempest"],"picked":"Redo","floor":10},{"not_picked":["Self Repair","Rip and Tear"],"picked":"Cold Snap","floor":12},{"not_picked":["All For One","Multi-Cast"],"picked":"Amplify","floor":16},{"not_picked":["Go for the Eyes","Storm"],"picked":"Coolheaded","floor":18},{"not_picked":["Cold Snap","Gash"],"picked":"Ball Lightning","floor":20},{"not_picked":["Barrage","Tempest"],"picked":"Cold Snap","floor":22},{"not_picked":["Compile Driver","Beam Cell+1"],"picked":"Genetic Algorithm","floor":24},{"not_picked":["Beam Cell","Leap","Stack"],"picked":"SKIP","floor":28},{"not_picked":["Go for the Eyes","Sweeping Beam"],"picked":"Coolheaded+1","floor":29},{"not_picked":["Ball Lightning","Genetic Algorithm"],"picked":"Conserve Battery","floor":30}],"player_experience":36306,"relics_obtained":[{"floor":6,"key":"Potion Belt"},{"floor":9,"key":"Regal Pillow"},{"floor":26,"key":"Omamori"},{"floor":29,"key":"Bag of Marbles"}],"event_choices":[{"cards_removed":["Strike_B"],"damage_healed":0,"gold_gain":0,"player_choice":"Card Removal","damage_taken":7,"max_hp_gain":0,"max_hp_loss":0,"event_name":"Golden Wing","floor":4,"gold_loss":0},{"damage_healed":18,"gold_gain":0,"player_choice":"Healed","damage_taken":0,"max_hp_gain":0,"max_hp_loss":0,"event_name":"The Cleric","floor":5,"gold_loss":35},{"damage_healed":0,"gold_gain":0,"player_choice":"Entered Light","damage_taken":15,"max_hp_gain":0,"max_hp_loss":0,"event_name":"Shining Light","floor":13,"gold_loss":0,"cards_upgraded":["Defend_B","Strike_B"]},{"damage_healed":0,"gold_gain":90,"player_choice":"GOLD ","damage_taken":12,"max_hp_gain":0,"max_hp_loss":0,"event_name":"Knowing Skull","floor":19,"potions_obtained":[],"gold_loss":0,"cards_obtained":[]}],"is_beta":false,"boss_relics":[{"not_picked":["Calling Bell","Busted Crown"],"picked":"Velvet Choker"}],"items_purged_floors":[14],"is_endless":false,"potions_floor_spawned":[2,6,10,16,18,24,28],"killed_by":"Sentry and Sphere","ascension_level":0}}