{"host":"xbdmg2vm5yvm04q9","time":1612247387,"event":{"mods":["Act Like it!","Aspiration","BaseMod","Colored Map","Colored Powertips","Conspire","Downfall","Gensokyo","Marisa（F雨　魔理沙）","Minty Spire (QoL Compilation)","Remilia（蕾米莉亚）","Replay The Spire","RumiaBox-露米娅的神秘盒子","StSLib","The Servant 0.9.4","UnlockEverythingMod","Waifu the Spire","【功能Mod】聪明的最终Boss"],"gold_per_floor":[119,119,130,165,183,183,183],"floor_reached":6,"language":"ZHS","playtime":599,"items_purged":[],"score":46,"play_id":"5747af17-2250-4e37-9e28-7a6762410a4f","local_time":"20210202142947","is_ascension_mode":false,"campfire_choices":[],"circlet_count":0,"master_deck":["Strike_MRS","Strike_MRS","Strike_MRS","Defend_MRS","Defend_MRS","Defend_MRS","Defend_MRS","MasterSpark","UpSweep","SatelliteIllusion","MilkyWay","SuperNova","NonDirectionalLaser","6A","GalacticHalo"],"relics":["MiniHakkero","conspire:Boomerang"],"acts_visited":["Gensokyo:Gensokyo"],"potions_floor_usage":[4],"damage_taken":[{"damage":7,"enemies":"Gensokyo:Gryphon","floor":1,"turns":3},{"damage":3,"enemies":"Gensokyo:2_Kodama","floor":3,"turns":5},{"damage":22,"enemies":"Gensokyo:Cirno","floor":4,"turns":5},{"damage":0,"enemies":"Gensokyo:Python","floor":5,"turns":2},{"damage":45,"enemies":"Gensokyo:Mamizou","floor":6,"turns":8}],"seed_played":"-7740842536172857461","potions_obtained":[{"floor":3,"key":"ColorlessPotion"},{"floor":4,"key":"Milkshake"}],"is_trial":false,"path_per_floor":["M","?","M","?","M","E"],"character_chosen":"MARISA","items_purchased":[],"campfire_rested":0,"item_purchase_floors":[],"current_hp_per_floor":[68,68,65,43,43,0,0],"gold":183,"neow_bonus":"ONE_RANDOM_RARE_CARD","is_daily":false,"chose_seed":false,"campfire_upgraded":0,"win_rate":0.0,"timestamp":1612247387,"path_taken":["M","?","M","?","?","E"],"items_purchased_type":[],"build_version":"2020-12-22","purchased_purges":0,"victory":false,"max_hp_per_floor":[75,75,75,75,75,75,75],"card_choices":[{"not_picked":["DoubleSpark","Occultation"],"picked":"MilkyWay","floor":1},{"not_picked":["SporeBomb","DoubleSpark"],"picked":"NonDirectionalLaser","floor":3},{"not_picked":["Acceleration","EnergyRecoil"],"picked":"6A","floor":4},{"not_picked":["StarlightTyphoon","6A"],"picked":"GalacticHalo","floor":5}],"player_experience":91613,"relics_obtained":[{"floor":4,"key":"conspire:Boomerang"}],"event_choices":[],"is_beta":false,"boss_relics":[],"items_purged_floors":[],"is_endless":false,"potions_floor_spawned":[3,4],"killed_by":"Gensokyo:Mamizou","ascension_level":0}}