{"host":"farxtl2u8hmkbdo2","time":1612231881,"event":{"mods":["A Magickal Journey","BaseMod","Better Altar","Better Note","Better Sensory Stone","Better Skull","Better Third Choice","Challenge The Spire","Colored Map","Colored Powertips","Current Relic Mod","Energized Spire","Fox Events","Gremlin Mod","Hermit","Hubris","Mimic Mod","Minty Spire (QoL Compilation)","Quick Restart","READ ME - Guardian Mod","READ ME - Snecko Mod","Rare Cards Sparkle","StSLib","The Bladedancer","The Bug Knight","The Cursed","The Disciple","The Hierophant","The Marked","The Necromancer","The Runesmith","Transform Curses"],"gold_per_floor":[110,108,78,102,202,217,217,204,204,227,231,281,281,276,276,369,319,362,412,463,510,510,534,534,588,588,651,651,651,722,776,776,948,948,1093,1241,277,388,60,60,60,60,60,162,309,466,21,177,177,133,133,133,133,310,290],"floor_reached":56,"language":"SPA","playtime":3159,"items_purged":["hierophant:Defend_Hierophant"],"score":2012,"play_id":"685e4ddf-26e2-409e-b825-c6350989e1ea","local_time":"20210201231121","is_ascension_mode":true,"campfire_choices":[{"data":"hierophant:ChurchCoffers","floor":7.0,"key":"SMITH"},{"data":"hierophant:DivineIntervention","floor":13.0,"key":"SMITH"},{"data":"hierophant:Punish","floor":15.0,"key":"SMITH"},{"data":"hierophant:Endure","floor":24.0,"key":"SMITH"},{"data":"hierophant:HolyVerse","floor":29.0,"key":"SMITH"},{"data":"hierophant:BulkyChest","floor":32.0,"key":"SMITH"},{"floor":40.0,"key":"RECALL"},{"data":"hierophant:WrathOfGod","floor":49,"key":"SMITH"},{"data":"hierophant:Bribe","floor":52,"key":"SMITH"}],"circlet_count":0,"master_deck":["RitualDagger+1","hierophant:Strike_Hierophant","hierophant:Strike_Hierophant","hierophant:Strike_Hierophant","hierophant:Strike_Hierophant","hierophant:Punish+1","hierophant:Defend_Hierophant","hierophant:Defend_Hierophant","hierophant:Defend_Hierophant","hierophant:ChurchCoffers+1","hierophant:Doubloon+1","hierophant:WrathOfGod+1","hierophant:Endure+1","hierophant:Smite","hierophant:Doubloon+1","hierophant:Dazzle","hierophant:Endure","hierophant:DivineIntervention+1","hierophant:Smite","hierophant:Doubloon+1","hierophant:Doubloon+1","hierophant:Strike_Hierophant","hierophant:RustyCrate","hierophant:MorningPrayer","hierophant:Bribe+1","hierophant:Zeal+1","hierophant:MintersHammer","hierophant:Doubloon+1","hierophant:Dazzle+1","hierophant:HolyVerse+1","hierophant:Patience","hierophant:BulkyChest+1","hierophant:Invocation","hierophant:PristineSoul+1","hierophant:FaithHealing+1","hierophant:DivineIntervention","Master of Strategy+1","hierophant:Smite","hierophant:PristineSoul","hierophant:Dazzle","hierophant:Doubloon+1","AscendersBane","hierophant:DivineIntervention+1","hierophant:Doubloon+1","hierophant:CursedGold+1"],"relics":["hierophant:PropheticMaskRelic","Bronze Scales","hubris:Spice","hubris:Reverence","Oddly Smooth Stone","hubris:TenFootPole","energizedSpire:HugeHouse","Potion Belt","Toy Ornithopter","hubris:Icosahedron","Mummified Hand","energizedSpire:RedRose","Anchor","Centennial Puzzle","Sling","Singing Bowl","Shuriken","HollowMod:PaleOreRelic","hubris:ToyBattleship","War Paint"],"acts_visited":["Exordium","TheCity","TheBeyond","TheEnding"],"potions_floor_usage":[48,55,55,55],"damage_taken":[{"damage":9.0,"enemies":"Jaw Worm","floor":1.0,"turns":3.0},{"damage":0.0,"enemies":"Cultist","floor":2.0,"turns":4.0},{"damage":0.0,"enemies":"2 Louse","floor":4.0,"turns":2.0},{"damage":0.0,"enemies":"HollowMod:MossKnight","floor":6.0,"turns":3.0},{"damage":5.0,"enemies":"Red Slaver","floor":8.0,"turns":1.0},{"damage":0.0,"enemies":"3 Sentries","floor":10.0,"turns":2.0},{"damage":0.0,"enemies":"Blue Slaver","floor":11.0,"turns":1.0},{"damage":6.0,"enemies":"Gremlin Nob","floor":12.0,"turns":3.0},{"damage":1.0,"enemies":"Exordium Thugs","floor":14.0,"turns":2.0},{"damage":28.0,"enemies":"Hexaghost","floor":16.0,"turns":3.0},{"damage":0.0,"enemies":"Spheric Guardian","floor":18.0,"turns":2.0},{"damage":0.0,"enemies":"3 Byrds","floor":19.0,"turns":2.0},{"damage":0.0,"enemies":"3 Cultists","floor":20.0,"turns":3.0},{"damage":1.0,"enemies":"Snecko","floor":21.0,"turns":2.0},{"damage":9.0,"enemies":"Book of Stabbing","floor":23.0,"turns":3.0},{"damage":0.0,"enemies":"Cultist and Chosen","floor":25.0,"turns":3.0},{"damage":10.0,"enemies":"Slavers","floor":27.0,"turns":1.0},{"damage":0.0,"enemies":"HollowMod:Nosk","floor":30.0,"turns":1.0},{"damage":16.0,"enemies":"Shelled Parasite and Fungi","floor":31.0,"turns":2.0},{"damage":37.0,"enemies":"Collector","floor":33.0,"turns":11.0},{"damage":0.0,"enemies":"Orb Walker","floor":35.0,"turns":2.0},{"damage":1.0,"enemies":"3 Darklings","floor":36.0,"turns":1.0},{"damage":2.0,"enemies":"Writhing Mass","floor":38.0,"turns":4.0},{"damage":16.0,"enemies":"Giant Head","floor":44.0,"turns":6.0},{"damage":0.0,"enemies":"4 Shapes","floor":45.0,"turns":1.0},{"damage":0.0,"enemies":"Nemesis","floor":46.0,"turns":3.0},{"damage":13,"enemies":"Transient","floor":48,"turns":5},{"damage":1,"enemies":"Awakened One","floor":50,"turns":3},{"damage":0,"enemies":"Shield and Spear","floor":54,"turns":2},{"damage":63,"enemies":"The Heart","floor":55,"turns":9}],"seed_played":"-4237468421666206109","potions_obtained":[{"floor":2.0,"key":"Fire Potion"},{"floor":3.0,"key":"FairyPotion"},{"floor":3.0,"key":"PowerPotion"},{"floor":4.0,"key":"Block Potion"},{"floor":10.0,"key":"DistilledChaos"},{"floor":20.0,"key":"Explosive Potion"},{"floor":21.0,"key":"PowerPotion"},{"floor":22.0,"key":"SkillPotion"},{"floor":27.0,"key":"LiquidBronze"},{"floor":31.0,"key":"BlessingOfTheForge"},{"floor":38.0,"key":"Fire Potion"},{"floor":45.0,"key":"SteroidPotion"}],"is_trial":false,"path_per_floor":["M","M","?","M","?","E","R","M","T","E","M","E","R","M","R","B",null,"M","M","M","M","?","E","R","M","T","E","?","R","E","M","R","B",null,"M","M","$","M","$","R","?","?","T","E","M","E","$","M","R","B",null,"R","$","E","B",null],"character_chosen":"HIEROPHANT","items_purchased":["Anchor","Centennial Puzzle","Sling","hierophant:DivineIntervention","Master of Strategy","DistilledChaos","hierophant:Smite","hubris:Spice","hierophant:Dazzle","hubris:ToyBattleship","hubris:Spice"],"campfire_rested":0,"item_purchase_floors":[37,37,37,37,37,37,37,39,39,47,47],"current_hp_per_floor":[66,66,66,66,66,74,74,69,69,69,69,63,63,62,62,34,78,78,78,78,77,77,68,68,68,68,58,58,58,58,42,42,5,78,78,77,77,75,83,83,83,83,83,67,69,69,69,63,63,62,74,74,74,76,23],"gold":290,"neow_bonus":"RANDOM_COMMON_RELIC","is_daily":false,"chose_seed":false,"campfire_upgraded":8,"win_rate":0.0,"timestamp":1612231881,"path_taken":["M","M","?","?","?","E","R","M","T","E","M","E","R","?","R","BOSS","M","M","M","M","?","E","R","?","T","E","?","R","E","M","R","BOSS","M","M","$","M","$","R","?","?","T","E","M","E","$","M","R","BOSS","R","$","E","BOSS"],"items_purchased_type":["Relic","Relic","Relic","Card","Card","Potion","Card","Relic","Card","Relic","Relic"],"build_version":"2020-12-22","purchased_purges":1,"victory":true,"max_hp_per_floor":[75,75,75,75,75,83,83,83,83,83,83,83,83,83,83,83,78,78,78,78,78,78,78,78,78,78,78,78,78,78,78,78,78,78,78,78,78,78,86,86,86,86,86,78,80,80,72,74,74,74,74,74,74,76,76],"card_choices":[{"not_picked":["hierophant:HammerAndAnvil","hierophant:SealAway"],"picked":"hierophant:CursedGold","floor":1.0},{"not_picked":["hierophant:Smite","hierophant:SecretStash"],"picked":"hierophant:WrathOfGod","floor":2.0},{"not_picked":["hierophant:Sermon","hierophant:SecretStash"],"picked":"hierophant:Endure","floor":4.0},{"not_picked":["hierophant:SealAway","hierophant:Endure"],"picked":"hierophant:Smite","floor":6.0},{"not_picked":["hierophant:RepressedViolence","hierophant:RustyCrate"],"picked":"hierophant:Dazzle","floor":8.0},{"not_picked":["hierophant:Exaltation","hierophant:AuricShield"],"picked":"hierophant:Endure","floor":10.0},{"not_picked":["hierophant:OrnateJavelin","hierophant:Shelter"],"picked":"hierophant:DivineIntervention","floor":11.0},{"not_picked":["hierophant:RepressedViolence","hierophant:OrnateJavelin"],"picked":"hierophant:Smite","floor":12.0},{"not_picked":["hierophant:Upheaval","hierophant:Shelter","hierophant:FieryStrike"],"picked":"SKIP","floor":14.0},{"not_picked":["hierophant:DeathKnell","hierophant:WrathOfGod"],"picked":"hierophant:BulkyChest","floor":16.0},{"not_picked":["hierophant:HammerAndAnvil+1","hierophant:ThreeLashes+1"],"picked":"hierophant:MorningPrayer","floor":18.0},{"not_picked":["hierophant:ArchangelShield","hierophant:RecallFunds"],"picked":"hierophant:Bribe","floor":19.0},{"not_picked":["hierophant:FlamingChariot","hierophant:MirrorShield","hierophant:CoinFling"],"picked":"SKIP","floor":20.0},{"not_picked":["hierophant:Shelter","hierophant:SolarFlare"],"picked":"hierophant:Zeal+1","floor":21.0},{"not_picked":["hierophant:FlamingChariot","hierophant:OrnateBuckler"],"picked":"hierophant:MintersHammer","floor":23.0},{"not_picked":["hierophant:Encroach","hierophant:OrnateBuckler"],"picked":"hierophant:Dazzle","floor":25.0},{"not_picked":["hierophant:Zeal","hierophant:Purify"],"picked":"hierophant:HolyVerse","floor":27.0},{"not_picked":["hierophant:Purify","hierophant:Zeal+1"],"picked":"hierophant:Patience","floor":30.0},{"not_picked":["hierophant:Empathy","hierophant:SealAway+1"],"picked":"hierophant:BulkyChest","floor":31.0},{"not_picked":["hierophant:LocustPlague","hierophant:DivineIntervention"],"picked":"hierophant:Invocation","floor":33.0},{"not_picked":["hierophant:Doubloon","hierophant:SealAway"],"picked":"hierophant:PristineSoul+1","floor":35.0},{"not_picked":["hierophant:Remorse+1","hierophant:PassingBell"],"picked":"hierophant:FaithHealing+1","floor":36.0},{"not_picked":["hierophant:Encroach+1","hierophant:Purify+1"],"picked":"hierophant:PristineSoul","floor":38.0},{"not_picked":["hierophant:FaithHealing","hierophant:Prophecy"],"picked":"hubris:SpiceAddiction","floor":44.0},{"not_picked":["hierophant:Alms+1","hubris:SpiceAddiction","hierophant:Anathema"],"picked":"Singing Bowl","floor":45.0},{"not_picked":["hierophant:SecretStash","hierophant:Levitation"],"picked":"hierophant:CursedGold+1","floor":46.0},{"not_picked":["hierophant:Remorse+1","hierophant:Purify","hierophant:Encroach+1"],"picked":"Singing Bowl","floor":48},{"not_picked":["hierophant:Empathy","hubris:SpiceAddiction","hierophant:Encroach+1"],"picked":"Singing Bowl","floor":54}],"player_experience":2010026,"relics_obtained":[{"floor":6.0,"key":"hubris:Spice"},{"floor":9.0,"key":"hubris:Reverence"},{"floor":10.0,"key":"Oddly Smooth Stone"},{"floor":12.0,"key":"hubris:TenFootPole"},{"floor":23.0,"key":"Potion Belt"},{"floor":27.0,"key":"Toy Ornithopter"},{"floor":30.0,"key":"Mummified Hand"},{"floor":43.0,"key":"Singing Bowl"},{"floor":44.0,"key":"Shuriken"},{"floor":46.0,"key":"HollowMod:PaleOreRelic"},{"floor":54,"key":"War Paint"}],"event_choices":[{"damage_healed":0.0,"max_hp_gain":0.0,"max_hp_loss":0.0,"gold_gain":0.0,"event_name":"The Woman in Blue","player_choice":"Bought 2 Potions","floor":3.0,"gold_loss":0.0,"damage_taken":0.0},{"damage_healed":0.0,"max_hp_gain":0.0,"max_hp_loss":0.0,"gold_gain":100.0,"event_name":"Golden Shrine","player_choice":"Pray","floor":5.0,"gold_loss":0.0,"damage_taken":0.0},{"damage_healed":0.0,"max_hp_gain":0.0,"max_hp_loss":0.0,"gold_gain":0.0,"event_name":"Lab","player_choice":"Got Potions","floor":22.0,"gold_loss":0.0,"damage_taken":0.0},{"cards_removed":["hierophant:CursedGold"],"damage_healed":0.0,"max_hp_gain":0.0,"max_hp_loss":0.0,"gold_gain":0.0,"event_name":"Falling","player_choice":"Removed Power","floor":41.0,"gold_loss":0.0,"damage_taken":0.0},{"damage_healed":0.0,"max_hp_gain":0.0,"max_hp_loss":0.0,"gold_gain":3.0,"event_name":"betterStone:BetterStone","player_choice":"3","floor":42.0,"gold_loss":0.0,"damage_taken":0.0,"cards_obtained":["hierophant:DivineIntervention"]}],"is_beta":false,"boss_relics":[{"not_picked":["hubris:Spice","hubris:Spice"],"picked":"energizedSpire:HugeHouse"},{"not_picked":["Velvet Choker","hubris:RunicObelisk"],"picked":"energizedSpire:RedRose"}],"items_purged_floors":[37],"is_endless":false,"potions_floor_spawned":[2,4,10,11,12,20,21,27,31,38,45],"ascension_level":4}}