{"host":"hpn0uxah5qjr7pa6","time":1612304780,"event":{"mods":["Act Like it!","Aspiration","BaseMod","Better Third Choice","BetterRewards","Challenge The Spire","Colored Powertips","Conspire","Downfall","Energized Spire","Hallownest","Hermit","Hubris","Infinite Spire","Minty Spire (QoL Compilation)","Permanent Neow","Quick Restart","Rare Cards Sparkle","Replay The Spire","Spicy Shops","StSLib","The Bug Knight","The Jungle"],"gold_per_floor":[0,13,163,196,214,214,214,214,246,268,268,308,308,308,331,343,343,343],"floor_reached":16,"language":"ENG","playtime":761,"items_purged":[],"score":130,"play_id":"8a563a31-0b0c-4d04-98e0-d473620972fe","local_time":"20210202142620","is_ascension_mode":true,"campfire_choices":[{"data":"bronze:Replicate","floor":1,"key":"SMITH"},{"floor":6,"key":"REST"},{"floor":8,"key":"REST"}],"circlet_count":0,"master_deck":["bronze:Strike","bronze:Strike","bronze:Strike","bronze:Strike","bronze:Defend","bronze:Defend","bronze:Defend","bronze:Defend","bronze:Replicate+1","bronze:Goto","bronze:DelayedGuard+1","downfall:Icky","bronze:ChosenStrike","bronze:BronzeOrb+1","bronze:OilSpill"],"relics":["bronze:BronzeCore","WingedGreaves","infinitespire:Midas Blood","Replay:Multitool","Bird Faced Urn","hubris:Towel"],"acts_visited":["Exordium"],"potions_floor_usage":[9,12,16,16],"damage_taken":[{"damage":0,"enemies":"2 Louse","floor":2,"turns":3},{"damage":28,"enemies":"conspire:MimicChest","floor":4,"turns":9},{"damage":7,"enemies":"Small Slimes","floor":5,"turns":4},{"damage":19,"enemies":"HollowMod:MossKnight","floor":9,"turns":12},{"damage":1,"enemies":"Cultist","floor":10,"turns":3},{"damage":34,"enemies":"3 Sentries","floor":12,"turns":8},{"damage":7,"enemies":"Large Slime","floor":15,"turns":5},{"damage":76,"enemies":"WA_ARCHETYPE_RETAIN","floor":16,"turns":10}],"seed_played":"7244007729477873020","potions_obtained":[{"floor":4,"key":"FearPotion"},{"floor":9,"key":"Languid Potion"},{"floor":12,"key":"sneckomod:MuddlingPotion"},{"floor":15,"key":"Adrenaline Potion"}],"is_trial":false,"path_per_floor":["R","M","?","?","M","R","T","R","E","M","R","E","R","?","M","B"],"character_chosen":"THE_AUTOMATON","items_purchased":[],"campfire_rested":2,"item_purchase_floors":[],"current_hp_per_floor":[84,84,84,56,49,74,74,84,65,64,84,50,75,75,68,0,0,0],"gold":343,"neow_bonus":"TWENTY_PERCENT_HP_BONUS","is_daily":false,"chose_seed":false,"campfire_upgraded":1,"win_rate":0.0,"timestamp":1612304780,"path_taken":["R","M","?","?","?","R","T","R","E","M","R","E","R","?","M","BOSS"],"items_purchased_type":[],"build_version":"2020-12-22","purchased_purges":0,"victory":false,"max_hp_per_floor":[84,84,84,84,84,84,84,84,84,84,84,84,84,84,84,84,84,84],"card_choices":[{"not_picked":["bronze:Overheat","bronze:WildBeam"],"picked":"bronze:DelayedGuard","floor":2},{"not_picked":["bronze:Terminator","bronze:Safeguard","bronze:Backtrace"],"picked":"SKIP","floor":5},{"not_picked":["bronze:BuggyMess","bronze:Overheat"],"picked":"bronze:ChosenStrike","floor":9},{"not_picked":["bronze:OilSpill","bronze:CutThrough"],"picked":"bronze:BronzeOrb","floor":10},{"not_picked":["bronze:Flail","bronze:BitShift","bronze:ShipIt"],"picked":"SKIP","floor":12},{"not_picked":["bronze:ItsAFeature","bronze:DarkDash"],"picked":"bronze:OilSpill","floor":15}],"player_experience":163869,"relics_obtained":[{"floor":4,"key":"WingedGreaves"},{"floor":7,"key":"infinitespire:Midas Blood"},{"floor":9,"key":"Replay:Multitool"},{"floor":12,"key":"Bird Faced Urn"}],"event_choices":[],"is_beta":false,"boss_relics":[],"items_purged_floors":[],"is_endless":false,"potions_floor_spawned":[4,9,12,15],"killed_by":"WA_ARCHETYPE_RETAIN","ascension_level":4}}