{"host":"jcp2nz6q7v3b3vtq","time":1612285190,"event":{"mods":["Act Like it!","BaseMod","Gensokyo","Marisa????????","Minty Spire (QoL Compilation)","Remilia??????","StSLib","The Animator","The Servant 0.9.4"],"gold_per_floor":[113,131,151,166,184,184,213,213,258,290,290,290,308,308,308,404,404,418,418,438,12,32,32,32,32,81,111,111,128,139,150,150,250,250,268,11,11,25,25,25,55,75,75,75,75,93,106,118,118,118,118,118,36,62,62,62],"floor_reached":55,"language":"ENG","playtime":1516,"items_purged":["Strike_MRS","Strike_MRS"],"score":731,"play_id":"9e85bf42-b38f-4f44-bd3c-217968278662","local_time":"20210202175950","is_ascension_mode":false,"campfire_choices":[{"data":"MysteriousBeam","floor":6,"key":"SMITH"},{"floor":8,"key":"RECALL"},{"floor":12,"key":"REST"},{"floor":15,"key":"REST"},{"data":"ManaRampage","floor":23,"key":"SMITH"},{"data":"OrrerysSun","floor":28,"key":"SMITH"},{"floor":32,"key":"REST"},{"floor":40,"key":"REST"},{"data":"UpSweep","floor":45,"key":"SMITH"},{"floor":49,"key":"REST"},{"data":"MasterSpark","floor":52,"key":"SMITH"}],"circlet_count":0,"master_deck":["Strike_MRS","Defend_MRS","Defend_MRS","Defend_MRS","Defend_MRS","MasterSpark+1","UpSweep+1","StarBarrage","EarthLightRay","UnstableBomb","MysteriousBeam+1","MysteriousBeam+1","ManaRampage+1","OrrerysSun+1","EarthLightRay+1","StarBarrage","StarlightTyphoon+1","ShootTheMoon","ManaRampage+1","Acceleration+1","BlazeAway+1","MysteriousBeam+1","EarthLightRay+1","Trip+1","AsteroidBelt+1"],"relics":["MiniHakkero","NeowsBlessing","Potion Belt","Oddly Smooth Stone","Pear","Ancient Tea Set","Busted Crown","Toxic Egg 2","Orichalcum","Bottled Flame","Runic Dome","Pocketwatch","HornCleat"],"acts_visited":["Exordium","TheCity","TheCity","TheEnding"],"potions_floor_usage":[4,4,5,7,22,30,31,48,48,50,55],"damage_taken":[{"damage":0,"enemies":"Cultist","floor":1,"turns":1},{"damage":0,"enemies":"Jaw Worm","floor":2,"turns":1},{"damage":0,"enemies":"2 Louse","floor":3,"turns":1},{"damage":2,"enemies":"Blue Slaver","floor":4,"turns":4},{"damage":0,"enemies":"Looter","floor":5,"turns":3},{"damage":20,"enemies":"Lagavulin","floor":7,"turns":4},{"damage":34,"enemies":"Gremlin Nob","floor":10,"turns":4},{"damage":9,"enemies":"Gremlin Gang","floor":13,"turns":3},{"damage":86,"enemies":"The Guardian","floor":16,"turns":6},{"damage":18,"enemies":"2 Thieves","floor":18,"turns":3},{"damage":5,"enemies":"3 Byrds","floor":20,"turns":4},{"damage":6,"enemies":"3 Cultists","floor":22,"turns":4},{"damage":0,"enemies":"Slavers","floor":27,"turns":1},{"damage":4,"enemies":"Cultist and Chosen","floor":29,"turns":2},{"damage":9,"enemies":"Shelled Parasite and Fungi","floor":30,"turns":2},{"damage":21,"enemies":"Snake Plant","floor":31,"turns":3},{"damage":67,"enemies":"Automaton","floor":33,"turns":8},{"damage":24,"enemies":"Gensokyo:3_Boulders","floor":35,"turns":6},{"damage":0,"enemies":"Gensokyo:3_Bats","floor":38,"turns":1},{"damage":21,"enemies":"Gensokyo:Marisa","floor":41,"turns":3},{"damage":0,"enemies":"Gensokyo:3_Boulders","floor":42,"turns":3},{"damage":0,"enemies":"Gensokyo:4_Bats","floor":46,"turns":1},{"damage":0,"enemies":"Gensokyo:SeedOfUnknown","floor":47,"turns":2},{"damage":14,"enemies":"Gensokyo:Sharpion","floor":48,"turns":3},{"damage":23,"enemies":"Gensokyo:Yuyuko","floor":50,"turns":8},{"damage":0,"enemies":"Shield and Spear","floor":54,"turns":2},{"damage":101,"enemies":"The Heart","floor":55,"turns":5}],"seed_played":"-717392624892268361","potions_obtained":[{"floor":1,"key":"EssenceOfSteel"},{"floor":2,"key":"FearPotion"},{"floor":3,"key":"SkillPotion"},{"floor":5,"key":"Strength Potion"},{"floor":16,"key":"FearPotion"},{"floor":20,"key":"SpeedPotion"},{"floor":29,"key":"Strength Potion"},{"floor":42,"key":"Weak Potion"},{"floor":46,"key":"Fire Potion"},{"floor":48,"key":"DuplicationPotion"},{"floor":54,"key":"CultistPotion"}],"is_trial":false,"path_per_floor":["M","M","M","M","M","R","E","R","T","E","?","R","M","?","R","B",null,"M","?","M","$","M","R","?","$","T","E","R","M","M","M","R","B",null,"M","$","?","M","?","R","E","M","T","?","R","M","M","M","R","B",null,"R","$","E","B"],"character_chosen":"MARISA","items_purchased":["Toxic Egg 2","EarthLightRay+1","StarBarrage","ManaRampage+1","Trip+1"],"campfire_rested":5,"item_purchase_floors":[21,21,21,36,53],"current_hp_per_floor":[75,75,75,73,73,73,55,55,55,35,23,48,43,71,85,3,85,71,71,70,70,74,74,74,74,74,74,74,76,67,50,75,12,85,67,67,55,55,55,80,63,67,67,67,67,67,73,69,85,85,85,85,85,85,0,0],"gold":62,"neow_bonus":"THREE_ENEMY_KILL","is_daily":false,"chose_seed":false,"campfire_upgraded":5,"win_rate":0.0,"timestamp":1612285190,"path_taken":["M","M","?","M","?","R","E","R","T","E","?","R","M","?","R","BOSS","M","?","M","$","M","R","?","$","T","E","R","?","M","M","R","BOSS","M","$","?","?","?","R","E","?","T","?","R","M","M","?","R","BOSS","R","$","E","BOSS"],"items_purchased_type":["Relic","Card","Card","Card","Card"],"build_version":"2020-12-22","purchased_purges":2,"victory":false,"max_hp_per_floor":[75,75,75,75,75,75,75,75,75,85,85,85,85,85,85,85,85,85,85,85,85,85,85,85,85,85,85,85,85,85,85,85,85,85,85,85,85,85,85,85,85,85,85,85,85,85,85,85,85,85,85,85,85,85,85,85],"card_choices":[{"not_picked":["StarlightTyphoon","DC"],"picked":"StarBarrage","floor":1},{"not_picked":["WitchOfGreed","Robbery"],"picked":"EarthLightRay","floor":2},{"not_picked":["GalacticHalo","PowerUp"],"picked":"UnstableBomb","floor":3},{"not_picked":["MeteoricShower","PowerUp"],"picked":"MysteriousBeam","floor":4},{"not_picked":["DoubleSpark","MilkyWay"],"picked":"MysteriousBeam","floor":5},{"not_picked":["MilkyWay","BlazingStar","OpenUniverse"],"picked":"SKIP","floor":7},{"not_picked":["LuminesStrike","Acceleration","NonDirectionalLaser"],"picked":"SKIP","floor":10},{"not_picked":["ShootingEcho","MagicChant","GrandCross"],"picked":"SKIP","floor":13},{"not_picked":["SuperNova","CollectingQuirk"],"picked":"ManaRampage","floor":16},{"not_picked":[],"picked":"OrrerysSun","floor":18},{"not_picked":["ShootingEcho"],"picked":"SKIP","floor":20},{"not_picked":["SporeBomb+1"],"picked":"SKIP","floor":22},{"not_picked":[],"picked":"StarlightTyphoon+1","floor":27},{"not_picked":["DoubleSpark+1"],"picked":"SKIP","floor":29},{"not_picked":["ManaConvection+1"],"picked":"SKIP","floor":30},{"not_picked":["WitchOfGreed"],"picked":"SKIP","floor":31},{"not_picked":[],"picked":"ShootTheMoon","floor":35},{"not_picked":[],"picked":"Acceleration+1","floor":38},{"not_picked":[],"picked":"BlazeAway+1","floor":41},{"not_picked":[],"picked":"MysteriousBeam+1","floor":42},{"not_picked":["MilkyWay+1"],"picked":"SKIP","floor":46},{"not_picked":[],"picked":"EarthLightRay+1","floor":47},{"not_picked":["GalacticHalo+1"],"picked":"SKIP","floor":48},{"not_picked":[],"picked":"AsteroidBelt+1","floor":54}],"player_experience":31259,"relics_obtained":[{"floor":7,"key":"Potion Belt"},{"floor":9,"key":"Oddly Smooth Stone"},{"floor":10,"key":"Pear"},{"floor":26,"key":"Orichalcum"},{"floor":27,"key":"Bottled Flame"},{"floor":41,"key":"Pocketwatch"},{"floor":54,"key":"HornCleat"}],"event_choices":[{"damage_healed":0,"gold_gain":0,"player_choice":"Success","damage_taken":12,"relics_obtained":["Ancient Tea Set"],"max_hp_gain":0,"max_hp_loss":0,"event_name":"Scrap Ooze","floor":11,"gold_loss":0},{"damage_healed":28,"gold_gain":0,"player_choice":"Banana","damage_taken":0,"max_hp_gain":0,"max_hp_loss":0,"event_name":"Big Fish","floor":14,"gold_loss":0},{"cards_removed":["Strike_MRS"],"damage_healed":0,"gold_gain":0,"player_choice":"Elegance","damage_taken":0,"max_hp_gain":0,"max_hp_loss":0,"event_name":"Back to Basics","floor":19,"gold_loss":0},{"damage_healed":0,"gold_gain":0,"player_choice":"Upgraded","damage_taken":0,"max_hp_gain":0,"max_hp_loss":0,"event_name":"Upgrade Shrine","floor":24,"gold_loss":0,"cards_upgraded":["MysteriousBeam"]}],"is_beta":false,"boss_relics":[{"not_picked":["Sozu","SlaversCollar"],"picked":"Busted Crown"},{"not_picked":["Cursed Key","Coffee Dripper"],"picked":"Runic Dome"}],"items_purged_floors":[21,36],"is_endless":false,"potions_floor_spawned":[1,2,3,5,16,20,29,42,46,48,54],"killed_by":"The Heart","ascension_level":0}}