{"host":"v54ek091sdz7ha6h","time":1612293570,"event":{"mods":["BaseMod","Better Vampires","Colored Map","Colored Powertips","DeckTracker","Highlight Path","KOR Keyword Fix","Minty Spire (QoL Compilation)","Rare Cards Sparkle","Relic Stats","StSLib","SuperFastMode"],"gold_per_floor":[118,88,103,123,123,159,124,84,84,9,44,44,59,59,59],"floor_reached":14,"language":"KOR","playtime":353,"items_purged":["Strike_R"],"score":196,"play_id":"843cd710-34d6-4296-a283-54405fadb59f","local_time":"20210203041930","is_ascension_mode":true,"campfire_choices":[{"data":"Body Slam","floor":12,"key":"SMITH"}],"circlet_count":0,"master_deck":["AscendersBane","Strike_R","Strike_R","Strike_R","Strike_R","Defend_R","Defend_R","Defend_R","Defend_R","Bash","Body Slam+1","Iron Wave","Ghostly Armor","Impervious","Berserk","Armaments+1"],"relics":["Burning Blood","NeowsBlessing","Golden Idol","Art of War","Toxic Egg 2","Matryoshka"],"acts_visited":["Exordium"],"potions_floor_usage":[11,13],"damage_taken":[{"damage":0.0,"enemies":"Jaw Worm","floor":1.0,"turns":1.0},{"damage":0.0,"enemies":"Cultist","floor":3.0,"turns":1.0},{"damage":0.0,"enemies":"2 Louse","floor":4.0,"turns":1.0},{"damage":35.0,"enemies":"3 Sentries","floor":6.0,"turns":12.0},{"damage":6.0,"enemies":"Looter","floor":8.0,"turns":4.0},{"damage":32,"enemies":"Lagavulin","floor":11,"turns":9},{"damage":0,"enemies":"3 Louse","floor":13,"turns":5},{"damage":10,"enemies":"3 Sentries","floor":14,"turns":8}],"seed_played":"-3535107506671641869","potions_obtained":[{"floor":2.0,"key":"Energy Potion"},{"floor":2.0,"key":"EntropicBrew"},{"floor":6.0,"key":"GamblersBrew"}],"is_trial":false,"path_per_floor":["M","?","M","M","?","E","?","M","T","$","E","R","M","E"],"character_chosen":"IRONCLAD","items_purchased":[],"campfire_rested":0,"item_purchase_floors":[],"current_hp_per_floor":[74,74,75,75,49,20,38,38,38,38,12,12,18,8,8],"gold":59,"neow_bonus":"THREE_ENEMY_KILL","is_daily":false,"chose_seed":false,"campfire_upgraded":1,"win_rate":0.0,"timestamp":1612293570,"path_taken":["M","?","M","?","?","E","?","M","T","$","E","R","M","E"],"items_purchased_type":[],"build_version":"2020-12-22","purchased_purges":1,"victory":false,"max_hp_per_floor":[75,75,75,75,75,75,75,75,75,75,75,75,75,75,75],"relic_stats":{"counters":[8,41],"Golden Idol":17,"Art of War":[3],"obtain_stats":[{"Matryoshka":11,"NeowsBlessing":0,"Golden Idol":5,"Art of War":6,"Toxic Egg 2":9,"Burning Blood":0},{"Matryoshka":6,"NeowsBlessing":0,"Golden Idol":3,"Art of War":4,"Toxic Egg 2":5,"Burning Blood":0},{"Matryoshka":28,"NeowsBlessing":0,"Golden Idol":3,"Art of War":15,"Toxic Egg 2":19,"Burning Blood":0}],"Burning Blood":31},"card_choices":[{"not_picked":["Heavy Blade","Cleave"],"picked":"Body Slam","floor":1.0},{"not_picked":["Perfected Strike","Disarm"],"picked":"Iron Wave","floor":3.0},{"not_picked":["Exhume","Perfected Strike","Rampage"],"picked":"SKIP","floor":4.0},{"not_picked":["Sword Boomerang","Havoc"],"picked":"Ghostly Armor","floor":6.0},{"not_picked":["Shrug It Off","Thunderclap"],"picked":"Impervious","floor":8.0},{"not_picked":["Ghostly Armor+1","Heavy Blade"],"picked":"Berserk","floor":11},{"not_picked":["True Grit+1","Combust"],"picked":"Armaments+1","floor":13}],"player_experience":1463633,"relics_obtained":[{"floor":6.0,"key":"Art of War"},{"floor":9.0,"key":"Toxic Egg 2"},{"floor":11,"key":"Matryoshka"}],"event_choices":[{"damage_healed":0.0,"max_hp_gain":0.0,"max_hp_loss":0.0,"gold_gain":0.0,"event_name":"The Woman in Blue","player_choice":"Bought 2 Potions","floor":2.0,"gold_loss":0.0,"damage_taken":0.0},{"damage_healed":0.0,"max_hp_gain":0.0,"max_hp_loss":0.0,"gold_gain":0.0,"event_name":"Golden Idol","player_choice":"Take Damage","floor":5.0,"gold_loss":0.0,"damage_taken":26.0,"relics_obtained":["Golden Idol"]},{"damage_healed":18.0,"max_hp_gain":0.0,"max_hp_loss":0.0,"gold_gain":0.0,"event_name":"The Cleric","player_choice":"Healed","floor":7.0,"gold_loss":35.0,"damage_taken":0.0}],"is_beta":false,"boss_relics":[],"items_purged_floors":[10],"is_endless":false,"potions_floor_spawned":[3,6],"killed_by":"3 Sentries","ascension_level":20}}