{"host":"vyjryxuuuxkt43k4","time":1612273398,"event":{"mods":["AchievementEnabler","BaseMod","Colored Map","DeckTracker","Keyboard Shortcuts","Minty Spire (QoL Compilation)","Permanent Neow","Quick Restart","Rare Cards Sparkle","Relic Stats","StSLib","SuperFastMode","everything is the same but u backflip on backflip"],"gold_per_floor":[114,132,132,142,66,66,66,66,90,102,102,132,132,152,152,224,224,235,235,253,271,283,283,318,318,318,345,375,23,23,42,42,114,114,129,147,164,177,177,177],"floor_reached":39,"language":"KOR","playtime":2356,"items_purged":[],"score":806,"play_id":"f860bfd3-bb03-46f9-9447-de128ec8ece2","local_time":"20210202224318","is_ascension_mode":true,"campfire_choices":[{"floor":6.0,"key":"REST"},{"data":"Envenom","floor":8.0,"key":"SMITH"},{"data":"Neutralize","floor":11.0,"key":"SMITH"},{"data":"Predator","floor":15.0,"key":"SMITH"},{"floor":23.0,"key":"REST"},{"data":"Adrenaline","floor":25.0,"key":"SMITH"},{"floor":30.0,"key":"REST"},{"floor":32.0,"key":"REST"}],"circlet_count":0,"master_deck":["AscendersBane","Defend_G","Defend_G","Defend_G","Defend_G","Defend_G","Survivor","Neutralize+1","Envenom+1","Infinite Blades","Catalyst","Flying Knee","Well Laid Plans","Predator+1","Blade Dance","Catalyst","Adrenaline+1","Blade Dance","Blur","PiercingWail","Dodge and Roll","Malaise","Noxious Fumes","Burst","Adrenaline+1","Envenom+1","Masterful Stab+1","Acrobatics+1","Catalyst+1"],"relics":["Ring of the Snake","Mercury Hourglass","Pen Nib","Boot","Sozu","Darkstone Periapt","The Specimen","Regal Pillow","Bottled Tornado","Astrolabe"],"acts_visited":["Exordium","TheCity","TheBeyond"],"potions_floor_usage":[],"damage_taken":[{"damage":4.0,"enemies":"Jaw Worm","floor":1.0,"turns":6.0},{"damage":4.0,"enemies":"2 Louse","floor":2.0,"turns":4.0},{"damage":1.0,"enemies":"Cultist","floor":4.0,"turns":3.0},{"damage":7.0,"enemies":"Exordium Thugs","floor":10.0,"turns":4.0},{"damage":17.0,"enemies":"3 Sentries","floor":12.0,"turns":7.0},{"damage":10.0,"enemies":"Gremlin Gang","floor":14.0,"turns":3.0},{"damage":10.0,"enemies":"Slime Boss","floor":16.0,"turns":7.0},{"damage":10.0,"enemies":"2 Thieves","floor":18.0,"turns":3.0},{"damage":7.0,"enemies":"Chosen","floor":20.0,"turns":4.0},{"damage":3.0,"enemies":"Snake Plant","floor":21.0,"turns":3.0},{"damage":13.0,"enemies":"Centurion and Healer","floor":22.0,"turns":5.0},{"damage":16.0,"enemies":"Gremlin Leader","floor":24.0,"turns":7.0},{"damage":24.0,"enemies":"Slavers","floor":28.0,"turns":5.0},{"damage":20.0,"enemies":"Sentry and Sphere","floor":31.0,"turns":8.0},{"damage":36.0,"enemies":"Collector","floor":33.0,"turns":7.0},{"damage":4.0,"enemies":"Orb Walker","floor":35.0,"turns":4.0},{"damage":0.0,"enemies":"3 Shapes","floor":36.0,"turns":3.0},{"damage":14.0,"enemies":"Maw","floor":37.0,"turns":4.0},{"damage":31.0,"enemies":"Spire Growth","floor":38.0,"turns":5.0},{"damage":13,"enemies":"Transient","floor":39,"turns":1}],"seed_played":"6092993430279180080","potions_obtained":[{"floor":1.0,"key":"Strength Potion"},{"floor":2.0,"key":"Weak Potion"},{"floor":4.0,"key":"Regen Potion"},{"floor":14.0,"key":"ColorlessPotion"}],"is_trial":false,"path_per_floor":["M","M","?","M","$","R","?","R","T","M","R","E","?","M","R","B",null,"M","?","M","M","M","R","E","R","T","T","E","$","R","M","R","B",null,"M","M","M","M","M"],"character_chosen":"THE_SILENT","items_purchased":["Well Laid Plans","Noxious Fumes","Bottled Tornado"],"campfire_rested":4,"item_purchase_floors":[5,29,29],"current_hp_per_floor":[55,51,25,24,24,43,36,36,36,41,41,24,46,36,36,26,56,46,46,39,36,23,42,26,26,26,26,2,2,36,16,50,14,53,49,49,35,4,0,0],"gold":177,"neow_bonus":"ONE_RANDOM_RARE_CARD","is_daily":false,"chose_seed":false,"campfire_upgraded":4,"win_rate":0.0,"timestamp":1612273398,"path_taken":["M","M","?","M","$","R","?","R","T","M","R","E","?","M","R","BOSS","M","?","M","?","M","R","E","R","T","?","E","$","R","M","R","BOSS","M","M","M","?","M"],"items_purchased_type":["Card","Card","Relic"],"build_version":"2020-12-22","purchased_purges":0,"victory":false,"max_hp_per_floor":[66,66,66,66,66,66,66,66,66,66,66,66,66,66,66,66,66,66,66,66,66,66,66,66,66,66,66,66,66,66,66,66,66,66,66,66,66,66,66,66],"relic_stats":{"Sozu":5,"Darkstone Periapt":0,"Regal Pillow":30,"counters":[20,92],"Astrolabe":["Adrenaline","Envenom","Masterful Stab"],"Pen Nib":[19],"Boot":[130],"obtain_stats":[{"Sozu":17,"Darkstone Periapt":24,"Regal Pillow":28,"The Specimen":26,"Astrolabe":34,"Pen Nib":9,"Bottled Tornado":29,"Boot":12,"Ring of the Snake":0,"Mercury Hourglass":3},{"Sozu":7,"Darkstone Periapt":12,"Regal Pillow":13,"The Specimen":12,"Astrolabe":15,"Pen Nib":3,"Bottled Tornado":13,"Boot":5,"Ring of the Snake":0,"Mercury Hourglass":2},{"Sozu":33,"Darkstone Periapt":55,"Regal Pillow":60,"The Specimen":55,"Astrolabe":75,"Pen Nib":13,"Bottled Tornado":60,"Boot":24,"Ring of the Snake":0,"Mercury Hourglass":10}],"Ring of the Snake":[40],"Mercury Hourglass":[375]},"card_choices":[{"not_picked":["Distraction","Setup"],"picked":"Infinite Blades","floor":1.0},{"not_picked":["Setup","Infinite Blades"],"picked":"Catalyst","floor":2.0},{"not_picked":["Poisoned Stab","Deflect"],"picked":"Flying Knee","floor":4.0},{"not_picked":["Sucker Punch","Dodge and Roll"],"picked":"Predator","floor":10.0},{"not_picked":["Deflect","Riddle With Holes"],"picked":"Blade Dance","floor":12.0},{"not_picked":["Deadly Poison","Backstab"],"picked":"Catalyst","floor":14.0},{"not_picked":["Tools of the Trade","Burst"],"picked":"Adrenaline","floor":16.0},{"not_picked":["Well Laid Plans","Choke"],"picked":"Blade Dance","floor":18.0},{"not_picked":["Bane","Deadly Poison"],"picked":"PiercingWail","floor":20.0},{"not_picked":["Reflex","Sucker Punch"],"picked":"Dodge and Roll","floor":21.0},{"not_picked":["Heel Hook","Leg Sweep"],"picked":"Malaise","floor":22.0},{"not_picked":["Bane","Heel Hook","Prepared"],"picked":"SKIP","floor":24.0},{"not_picked":["Bane","Heel Hook","Prepared"],"picked":"SKIP","floor":24.0},{"not_picked":["Unload","Dagger Spray","Quick Slash"],"picked":"SKIP","floor":28.0},{"not_picked":["Flying Knee","Skewer","Dodge and Roll"],"picked":"SKIP","floor":31.0},{"not_picked":["Malaise","Storm of Steel"],"picked":"Burst","floor":33.0},{"not_picked":["Calculated Gamble","Blade Dance+1"],"picked":"Acrobatics+1","floor":35.0},{"not_picked":["PiercingWail","Deflect"],"picked":"Catalyst+1","floor":36.0},{"not_picked":["Dagger Throw","Finisher","Deadly Poison"],"picked":"SKIP","floor":37.0},{"not_picked":["Finisher","Dagger Throw+1","Infinite Blades"],"picked":"SKIP","floor":38.0}],"player_experience":628187,"relics_obtained":[{"floor":9.0,"key":"Pen Nib"},{"floor":12.0,"key":"Boot"},{"floor":24.0,"key":"Darkstone Periapt"},{"floor":26.0,"key":"The Specimen"},{"floor":28.0,"key":"Regal Pillow"}],"event_choices":[{"damage_healed":0.0,"max_hp_gain":0.0,"max_hp_loss":0.0,"gold_gain":0.0,"event_name":"Scrap Ooze","player_choice":"Success","floor":3.0,"gold_loss":0.0,"damage_taken":26.0,"relics_obtained":["Mercury Hourglass"]},{"cards_removed":["Strike_G"],"damage_healed":0.0,"max_hp_gain":0.0,"max_hp_loss":0.0,"gold_gain":0.0,"event_name":"Golden Wing","player_choice":"Card Removal","floor":7.0,"gold_loss":0.0,"damage_taken":7.0},{"damage_healed":22.0,"max_hp_gain":0.0,"max_hp_loss":0.0,"gold_gain":0.0,"event_name":"Big Fish","player_choice":"Banana","floor":13.0,"gold_loss":0.0,"damage_taken":0.0},{"damage_healed":0.0,"max_hp_gain":0.0,"max_hp_loss":0.0,"gold_gain":0.0,"cards_transformed":["Strike_G"],"event_name":"Transmorgrifier","player_choice":"Transformed","floor":19.0,"gold_loss":0.0,"damage_taken":0.0,"cards_obtained":["Blur"]}],"is_beta":false,"boss_relics":[{"not_picked":["Empty Cage","Tiny House"],"picked":"Sozu"},{"not_picked":["Calling Bell","Coffee Dripper"],"picked":"Astrolabe"}],"items_purged_floors":[],"is_endless":false,"potions_floor_spawned":[1,2,4,14,20,21,22,35,36],"killed_by":"Transient","ascension_level":16}}