{"host":"wshh0nphwn6jv7vj","time":1612226936,"event":{"mods":["BaseMod","Bestiary","Minty Spire (QoL Compilation)","Relic Stats"],"gold_per_floor":[114,114,114,131,206,206,241,241,266,286,306,317,21,39,39,115,115,125,145,145,145,145],"floor_reached":21,"language":"ENG","playtime":1158,"items_purged":[],"score":335,"play_id":"055b65f3-c30a-4c3d-bda2-789e7fad4339","local_time":"20210201194856","is_ascension_mode":true,"campfire_choices":[{"data":"Vigilance","floor":6,"key":"SMITH"},{"data":"BowlingBash","floor":8,"key":"SMITH"},{"data":"BowlingBash","floor":15,"key":"SMITH"}],"circlet_count":0,"master_deck":["AscendersBane","Defend_P","Defend_P","Defend_P","Defend_P","Eruption","Vigilance+1","ForeignInfluence+1","DevaForm","BowlingBash+1","FollowUp","BowlingBash+1","Consecrate","InnerPeace","Bandage Up","FlyingSleeves","Ragnarok","EmptyBody+1","Blasphemy+1","DevaForm+1","BowlingBash","ThirdEye"],"relics":["Coffee Dripper","PreservedInsect","Anchor","Membership Card","Blood Vial","Astrolabe"],"acts_visited":["Exordium","TheCity"],"potions_floor_usage":[7,16,16,16,21,21],"damage_taken":[{"damage":7,"enemies":"Jaw Worm","floor":1,"turns":4},{"damage":0,"enemies":"2 Louse","floor":4,"turns":3},{"damage":11,"enemies":"3 Sentries","floor":7,"turns":9},{"damage":1,"enemies":"Cultist","floor":10,"turns":3},{"damage":0,"enemies":"Large Slime","floor":11,"turns":1},{"damage":0,"enemies":"2 Fungi Beasts","floor":12,"turns":2},{"damage":6,"enemies":"Blue Slaver","floor":14,"turns":5},{"damage":15,"enemies":"Slime Boss","floor":16,"turns":6},{"damage":27,"enemies":"Chosen","floor":18,"turns":8},{"damage":29,"enemies":"2 Thieves","floor":19,"turns":4},{"damage":21,"enemies":"Snake Plant","floor":21,"turns":2}],"seed_played":"-1218537264322615830","potions_obtained":[{"floor":4,"key":"SkillPotion"},{"floor":7,"key":"FearPotion"},{"floor":12,"key":"EntropicBrew"},{"floor":19,"key":"ColorlessPotion"}],"is_trial":false,"path_per_floor":["M","?","?","M","?","R","E","R","T","M","M","M","$","M","R","B",null,"M","M","?","M"],"character_chosen":"WATCHER","items_purchased":["Membership Card","Blood Vial","Bandage Up"],"campfire_rested":0,"item_purchase_floors":[13,13,13],"current_hp_per_floor":[54,54,54,54,43,43,32,32,32,31,31,31,31,31,31,22,57,36,13,13,0,0],"gold":145,"neow_bonus":"BOSS_RELIC","is_daily":false,"chose_seed":false,"campfire_upgraded":3,"win_rate":0.0,"timestamp":1612226936,"path_taken":["M","?","?","?","?","R","E","R","T","M","M","M","$","M","R","BOSS","M","M","?","M"],"items_purchased_type":["Relic","Relic","Card"],"build_version":"2020-12-22","purchased_purges":0,"victory":false,"max_hp_per_floor":[68,68,68,68,68,68,68,68,68,68,68,68,68,68,68,68,68,68,68,68,68,68],"relic_stats":{"Blood Vial":10,"counters":[11,47],"Astrolabe":["EmptyBody","Blasphemy","DevaForm"],"PreservedInsect":0,"obtain_stats":[{"Blood Vial":13,"Anchor":9,"Astrolabe":17,"PreservedInsect":7,"Coffee Dripper":0,"Membership Card":13,"PureWater":0},{"Blood Vial":6,"Anchor":3,"Astrolabe":8,"PreservedInsect":3,"Coffee Dripper":0,"Membership Card":6,"PureWater":0},{"Blood Vial":22,"Anchor":16,"Astrolabe":33,"PreservedInsect":16,"Coffee Dripper":0,"Membership Card":22,"PureWater":0}]},"card_choices":[{"not_picked":["Halt","Crescendo"],"picked":"ForeignInfluence","floor":1},{"not_picked":["FlyingSleeves","FlurryOfBlows"],"picked":"BowlingBash","floor":4},{"not_picked":["Prostrate","Devotion"],"picked":"FollowUp","floor":7},{"not_picked":["Fasting2","Consecrate"],"picked":"BowlingBash","floor":10},{"not_picked":["ClearTheMind","PathToVictory"],"picked":"Consecrate","floor":11},{"not_picked":["Pray","ThirdEye"],"picked":"InnerPeace","floor":12},{"not_picked":["Consecrate","Prostrate"],"picked":"FlyingSleeves","floor":14},{"not_picked":["LessonLearned","Omniscience"],"picked":"Ragnarok","floor":16},{"not_picked":["EmptyFist","CrushJoints"],"picked":"BowlingBash","floor":18},{"not_picked":["EmptyBody","WaveOfTheHand"],"picked":"ThirdEye","floor":19}],"player_experience":1629513,"relics_obtained":[{"floor":7,"key":"PreservedInsect"},{"floor":9,"key":"Anchor"}],"event_choices":[{"damage_healed":0,"gold_gain":0,"cards_transformed":["Strike_P"],"player_choice":"Change","damage_taken":0,"max_hp_gain":0,"max_hp_loss":0,"event_name":"Living Wall","floor":2,"gold_loss":0,"cards_obtained":["DevaForm"]},{"damage_healed":0,"gold_gain":0,"player_choice":"Upgraded","damage_taken":0,"max_hp_gain":0,"max_hp_loss":0,"event_name":"Upgrade Shrine","floor":3,"gold_loss":0,"cards_upgraded":["ForeignInfluence"]},{"damage_healed":0,"gold_gain":75,"player_choice":"Gather Gold","damage_taken":11,"max_hp_gain":0,"max_hp_loss":0,"event_name":"World of Goop","floor":5,"gold_loss":0},{"damage_healed":0,"gold_gain":0,"player_choice":"Ignored","damage_taken":0,"max_hp_gain":0,"max_hp_loss":0,"event_name":"Cursed Tome","floor":20,"gold_loss":0}],"is_beta":false,"boss_relics":[{"not_picked":["Calling Bell","Runic Dome"],"picked":"Astrolabe"}],"items_purged_floors":[],"is_endless":false,"potions_floor_spawned":[4,7,12,19],"killed_by":"Snake Plant","ascension_level":17}}