{"host":"17jxu4722zcujg93","time":1612249282,"event":{"mods":["BaseMod","Colored Map","Downfall","Minty Spire (QoL Compilation)","StSLib"],"gold_per_floor":[99,109,284,284,301,301,328,123,136,156,176,37,37,48,62,62,62,62],"floor_reached":16,"language":"ENG","playtime":1614,"items_purged":["Doubt","hexamod:Strike"],"score":94,"play_id":"669e7977-2c9d-41c9-9259-794430e9641f","local_time":"20210201230122","is_ascension_mode":false,"campfire_choices":[{"data":"hexamod:Float","floor":1,"key":"SMITH"},{"data":"hexamod:Again","floor":13,"key":"SMITH"}],"circlet_count":0,"master_deck":["hexamod:Strike","hexamod:Strike","hexamod:Strike","hexamod:Defend","hexamod:Defend","hexamod:Defend","hexamod:Sear","hexamod:Float+1","hexamod:RetreatToShadows","hexamod:CatchUp","hexamod:SpectersWail","hexamod:FastForward","hexamod:FastForward","hexamod:VolcanoVisage","hexamod:Again+1","hexamod:GhostflameBarrier","hexamod:FastForward","hexamod:NightmareGuise","hexamod:AdvancingGuard","hexamod:SoulSteal"],"relics":["hexamod:SpiritBrand","Dream Catcher"],"acts_visited":["Exordium"],"potions_floor_usage":[16,16],"damage_taken":[{"damage":0,"enemies":"2 Louse","floor":2,"turns":3},{"damage":6,"enemies":"Jaw Worm","floor":5,"turns":3},{"damage":0,"enemies":"Cultist","floor":6,"turns":1},{"damage":0,"enemies":"downfall:FleeingMerchant","floor":8,"turns":4},{"damage":6,"enemies":"3 Louse","floor":9,"turns":3},{"damage":6,"enemies":"Exordium Wildlife","floor":10,"turns":3},{"damage":8,"enemies":"Exordium Thugs","floor":11,"turns":4},{"damage":6,"enemies":"downfall:FleeingMerchant","floor":12,"turns":4},{"damage":3,"enemies":"3 Louse","floor":14,"turns":4},{"damage":4,"enemies":"Red Slaver","floor":15,"turns":4},{"damage":31,"enemies":"DF_ARCHETYPE_STREAMLINE","floor":16,"turns":9}],"seed_played":"614143423203566012","potions_obtained":[{"floor":9,"key":"SkillPotion"},{"floor":10,"key":"bronze:BurnAndBuffPotion"},{"floor":14,"key":"Weak Potion"}],"is_trial":false,"path_per_floor":["R","M","?","?","M","M","T","$","M","M","M","$","R","M","M","B"],"character_chosen":"THE_SPIRIT","items_purchased":["hexamod:FastForward","hexamod:VolcanoVisage","hexamod:AdvancingGuard"],"campfire_rested":0,"item_purchase_floors":[8,8,12],"current_hp_per_floor":[70,70,70,70,64,64,64,64,58,52,44,38,38,35,31,0,0,0],"gold":62,"neow_bonus":"TRANSFORM_CARD","is_daily":false,"chose_seed":false,"campfire_upgraded":2,"win_rate":0.0,"timestamp":1612249282,"path_taken":["R","M","?","?","M","M","T","?","M","?","M","$","R","M","M","BOSS"],"items_purchased_type":["Card","Card","Card"],"build_version":"2020-12-22","purchased_purges":2,"victory":false,"max_hp_per_floor":[70,70,70,70,70,70,70,70,70,70,70,70,70,70,70,70,70,70],"card_choices":[{"not_picked":["hexamod:HeatMetal","hexamod:NightmareStrike"],"picked":"hexamod:CatchUp","floor":2},{"not_picked":["hexamod:NecessarySacrifice","hexamod:EtherealExpedition"],"picked":"hexamod:SpectersWail","floor":5},{"not_picked":["hexamod:SpectralAdrenaline","hexamod:InspiringFlames","hexamod:HeatMetal"],"picked":"SKIP","floor":6},{"not_picked":["hexamod:BurningTouch","hexamod:GhostLash"],"picked":"hexamod:FastForward","floor":8},{"not_picked":["hexamod:Rewind","hexamod:SpectersWail"],"picked":"hexamod:Again","floor":9},{"not_picked":["hexamod:FastForward","hexamod:GhostLash"],"picked":"hexamod:GhostflameBarrier","floor":10},{"not_picked":["hexamod:BacktrackSmack","hexamod:ChargedBarrage"],"picked":"hexamod:FastForward","floor":11},{"not_picked":["hexamod:ExtraCrispy","hexamod:SecondSeal"],"picked":"hexamod:NightmareGuise","floor":12},{"not_picked":["hexamod:HeatMetal","hexamod:GiftsFromTheDead"],"picked":"hexamod:SoulSteal","floor":14},{"not_picked":["hexamod:ShieldOfDarkness","hexamod:BurningTouch","hexamod:PhantomFireball"],"picked":"SKIP","floor":15}],"player_experience":173257,"relics_obtained":[{"floor":7,"key":"Dream Catcher"}],"event_choices":[],"is_beta":false,"boss_relics":[],"items_purged_floors":[8,12],"is_endless":false,"potions_floor_spawned":[9,10,14,15],"killed_by":"DF_ARCHETYPE_STREAMLINE","ascension_level":0}}