{"host":"52m1o8iwwagurbjs","time":1612297430,"event":{"mods":["AchievementEnabler","BaseMod","Bestiary","Colored Powertips","GifTheSpireLib","Minty Spire (QoL Compilation)","Quick Restart","RNG Fix","Relic Stats","StSLib"],"gold_per_floor":[16,26,26,38,48,76,76,6,6,38,50,50,70,80,80,184,184,198,198,215,136,136,168,187,30,56,71,84,84,99,130,130,225,225,245,245,7,7,24,54,54,83,110,140,140,150,0,0,0,0,0,0,0,26,26],"floor_reached":56,"language":"ENG","playtime":4273,"items_purged":["Accuracy"],"score":1336,"play_id":"5ce4518b-9a26-48af-b688-113e760a5467","local_time":"20210202152350","is_ascension_mode":true,"campfire_choices":[{"data":"Deadly Poison","floor":7.0,"key":"SMITH"},{"floor":15.0,"key":"REST"},{"data":"Prepared","floor":29.0,"key":"SMITH"},{"floor":32.0,"key":"REST"},{"floor":41.0,"key":"REST"},{"data":"Burst","floor":45.0,"key":"SMITH"},{"floor":49.0,"key":"RECALL"},{"data":"Footwork","floor":52.0,"key":"SMITH"}],"circlet_count":0,"master_deck":["Survivor","Neutralize","Deadly Poison+1","Cloak And Dagger","Quick Slash","Deflect","Unload","PiercingWail","Calculated Gamble","Die Die Die","Glass Knife","Backflip","Finisher","Choke","Burst+1","Storm of Steel","Infinite Blades","Setup","Predator","Accuracy","Backflip","Acrobatics","Necronomicurse","Terror","Calculated Gamble+1","Tactician","Blade Dance","Prepared+1","Night Terror+1","CurseOfTheBell","Deflect+1","Finesse+1","Panache","PiercingWail+1","Footwork+1","Outmaneuver+1","Tactician+1","Storm of Steel+1","Finesse+1"],"relics":["Ring of the Snake","Calipers","Centennial Puzzle","Mercury Hourglass","FaceOfCleric","Pandora\u0027s Box","Necronomicon","Happy Flower","Orrery","Lantern","Toxic Egg 2","Calling Bell","Pen Nib","Ornamental Fan","Incense Burner","Membership Card","Dead Branch","MealTicket","Bag of Preparation","Gambling Chip","Tough Bandages"],"acts_visited":["Exordium","TheCity","TheBeyond","TheEnding"],"potions_floor_usage":[],"damage_taken":[{"damage":0.0,"enemies":"Small Slimes","floor":1.0,"turns":3.0},{"damage":0.0,"enemies":"2 Louse","floor":2.0,"turns":3.0},{"damage":2.0,"enemies":"Cultist","floor":4.0,"turns":5.0},{"damage":19.0,"enemies":"Exordium Thugs","floor":5.0,"turns":7.0},{"damage":13.0,"enemies":"Lagavulin","floor":6.0,"turns":8.0},{"damage":25.0,"enemies":"3 Sentries","floor":10.0,"turns":10.0},{"damage":5.0,"enemies":"Looter","floor":11.0,"turns":3.0},{"damage":0.0,"enemies":"2 Fungi Beasts","floor":13.0,"turns":2.0},{"damage":0.0,"enemies":"Red Slaver","floor":14.0,"turns":3.0},{"damage":17.0,"enemies":"The Guardian","floor":16.0,"turns":12.0},{"damage":0.0,"enemies":"Chosen","floor":18.0,"turns":4.0},{"damage":14.0,"enemies":"2 Thieves","floor":20.0,"turns":2.0},{"damage":0.0,"enemies":"Book of Stabbing","floor":23.0,"turns":2.0},{"damage":8.0,"enemies":"Snecko","floor":24.0,"turns":3.0},{"damage":0.0,"enemies":"Snake Plant","floor":27.0,"turns":2.0},{"damage":0.0,"enemies":"Centurion and Healer","floor":28.0,"turns":3.0},{"damage":2.0,"enemies":"Sentry and Sphere","floor":30.0,"turns":3.0},{"damage":16.0,"enemies":"Slavers","floor":31.0,"turns":2.0},{"damage":30.0,"enemies":"Automaton","floor":33.0,"turns":5.0},{"damage":13.0,"enemies":"3 Darklings","floor":35.0,"turns":3.0},{"damage":3.0,"enemies":"Orb Walker","floor":39.0,"turns":2.0},{"damage":20.0,"enemies":"Reptomancer","floor":40.0,"turns":4.0},{"damage":5.0,"enemies":"Giant Head","floor":42.0,"turns":5.0},{"damage":1.0,"enemies":"Reptomancer","floor":44.0,"turns":4.0},{"damage":0.0,"enemies":"3 Darklings","floor":46.0,"turns":2.0},{"damage":23.0,"enemies":"Donu and Deca","floor":50.0,"turns":7.0},{"damage":16.0,"enemies":"Shield and Spear","floor":54.0,"turns":6.0},{"damage":18,"enemies":"The Heart","floor":55,"turns":8}],"seed_played":"675716588724083164","potions_obtained":[{"floor":1.0,"key":"Block Potion"},{"floor":5.0,"key":"ColorlessPotion"},{"floor":6.0,"key":"DuplicationPotion"},{"floor":11.0,"key":"Fire Potion"},{"floor":16.0,"key":"GamblersBrew"},{"floor":20.0,"key":"FearPotion"},{"floor":24.0,"key":"PowerPotion"},{"floor":28.0,"key":"LiquidBronze"},{"floor":31.0,"key":"Energy Potion"},{"floor":35.0,"key":"Strength Potion"},{"floor":39.0,"key":"DistilledChaos"},{"floor":44.0,"key":"AttackPotion"}],"is_trial":false,"path_per_floor":["M","M","?","M","M","E","R","$","T","E","M","?","M","M","R","B",null,"M","?","M","$","?","E","M","$","T","M","M","R","M","E","R","B",null,"M","?","$","?","M","E","R","E","T","E","R","M","$","?","R","B",null,"R","$","E","B",null],"character_chosen":"THE_SILENT","items_purchased":["Unload","LiquidMemories","Orrery","Membership Card","Finesse+1","Tactician+1","Storm of Steel+1","Finesse+1"],"campfire_rested":3,"item_purchase_floors":[8,21,25,37,37,47,47,47],"current_hp_per_floor":[70,70,70,68,49,36,36,36,36,11,6,6,7,8,29,13,73,74,67,54,54,38,39,32,32,32,33,34,34,33,18,42,13,82,70,70,70,70,68,49,74,70,70,70,70,71,86,86,86,64,89,89,89,74,57],"gold":26,"neow_bonus":"ONE_RARE_RELIC","is_daily":false,"chose_seed":false,"campfire_upgraded":4,"win_rate":0.0,"timestamp":1612297430,"path_taken":["M","M","?","M","?","E","R","$","T","E","M","?","M","M","R","BOSS","M","?","M","$","?","E","?","$","T","M","M","R","M","E","R","BOSS","M","?","$","?","M","E","R","E","T","E","R","?","$","?","R","BOSS","R","$","E","BOSS"],"items_purchased_type":["Card","Potion","Relic","Relic","Card","Card","Card","Card"],"build_version":"2020-12-22","purchased_purges":1,"victory":true,"max_hp_per_floor":[70,70,70,70,70,70,70,70,70,70,70,70,71,72,72,73,73,74,74,75,75,75,76,77,77,77,78,79,79,80,81,81,82,82,83,83,83,83,84,85,85,86,86,87,87,88,88,88,88,89,89,89,89,90,91],"relic_stats":{"Happy Flower":[19],"counters":[28,122],"Dead Branch":[101],"Pen Nib":[16],"Bag of Preparation":[10],"Mercury Hourglass":[323],"Centennial Puzzle":[48],"Tough Bandages":[180],"FaceOfCleric":21,"Ornamental Fan":[168],"Gambling Chip":[24],"Pandora\u0027s Box":["Glass Knife","Backflip","Finisher","Choke","Burst","Storm of Steel","Infinite Blades","Setup","Predator","Accuracy"],"MealTicket":15,"Necronomicon":[18],"obtain_stats":[{"Lantern":26,"Calipers":0,"Happy Flower":23,"Dead Branch":40,"Pen Nib":34,"Incense Burner":34,"Bag of Preparation":43,"Mercury Hourglass":10,"Calling Bell":34,"Centennial Puzzle":6,"Tough Bandages":54,"FaceOfCleric":12,"Ornamental Fan":34,"Gambling Chip":44,"Orrery":25,"Pandora\u0027s Box":17,"MealTicket":42,"Necronomicon":22,"Membership Card":37,"Toxic Egg 2":31,"Ring of the Snake":0},{"Lantern":14,"Calipers":0,"Happy Flower":13,"Dead Branch":22,"Pen Nib":19,"Incense Burner":19,"Bag of Preparation":23,"Mercury Hourglass":6,"Calling Bell":19,"Centennial Puzzle":5,"Tough Bandages":27,"FaceOfCleric":7,"Ornamental Fan":19,"Gambling Chip":24,"Orrery":14,"Pandora\u0027s Box":10,"MealTicket":23,"Necronomicon":12,"Membership Card":20,"Toxic Egg 2":18,"Ring of the Snake":0},{"Lantern":66,"Calipers":0,"Happy Flower":63,"Dead Branch":90,"Pen Nib":81,"Incense Burner":81,"Bag of Preparation":95,"Mercury Hourglass":36,"Calling Bell":81,"Centennial Puzzle":26,"Tough Bandages":114,"FaceOfCleric":39,"Ornamental Fan":81,"Gambling Chip":99,"Orrery":66,"Pandora\u0027s Box":55,"MealTicket":95,"Necronomicon":61,"Membership Card":84,"Toxic Egg 2":76,"Ring of the Snake":0}],"Ring of the Snake":[56]},"card_choices":[{"not_picked":["Heel Hook","Underhanded Strike"],"picked":"Deadly Poison","floor":1.0},{"not_picked":["Slice","Caltrops"],"picked":"Cloak And Dagger","floor":2.0},{"not_picked":["Backflip","Deadly Poison"],"picked":"Quick Slash","floor":4.0},{"not_picked":["Outmaneuver","Expertise"],"picked":"Deflect","floor":5.0},{"not_picked":["Bane","Acrobatics"],"picked":"All Out Attack","floor":10.0},{"not_picked":["Blur","Masterful Stab"],"picked":"PiercingWail","floor":11.0},{"not_picked":["Deadly Poison","Predator"],"picked":"Calculated Gamble","floor":13.0},{"not_picked":["Underhanded Strike","Poisoned Stab","Blade Dance"],"picked":"SKIP","floor":14.0},{"not_picked":["Grand Finale","A Thousand Cuts"],"picked":"Die Die Die","floor":16.0},{"not_picked":["PiercingWail","Flying Knee"],"picked":"Backflip","floor":18.0},{"not_picked":["All Out Attack","Slice"],"picked":"Acrobatics","floor":20.0},{"not_picked":["Blur+1","Noxious Fumes+1"],"picked":"Terror","floor":23.0},{"not_picked":["Crippling Poison","Infinite Blades"],"picked":"Calculated Gamble+1","floor":24.0},{"not_picked":["Noxious Fumes","Heel Hook+1"],"picked":"Tactician","floor":25.0},{"not_picked":["Quick Slash","Catalyst+1"],"picked":"Blade Dance","floor":25.0},{"not_picked":["Deflect+1","Blade Dance+1"],"picked":"Accuracy","floor":25.0},{"not_picked":["Deadly Poison+1","Sucker Punch","Cloak And Dagger"],"picked":"SKIP","floor":27.0},{"not_picked":["Flechettes","Infinite Blades"],"picked":"Prepared","floor":28.0},{"not_picked":["Dagger Spray","Masterful Stab","Prepared"],"picked":"SKIP","floor":30.0},{"not_picked":["Acrobatics+1","Concentrate+1"],"picked":"Night Terror+1","floor":31.0},{"not_picked":["Dagger Throw","Well Laid Plans+1"],"picked":"Deflect+1","floor":35.0},{"not_picked":["Secret Weapon+1","The Bomb+1"],"picked":"Panache","floor":38.0},{"not_picked":["Deadly Poison+1","Acrobatics+1"],"picked":"PiercingWail+1","floor":39.0},{"not_picked":["Riddle With Holes","Predator"],"picked":"Footwork","floor":40.0},{"not_picked":["Masterful Stab+1","Quick Slash+1","All Out Attack"],"picked":"SKIP","floor":42.0},{"not_picked":["Underhanded Strike+1","PiercingWail+1"],"picked":"Outmaneuver+1","floor":44.0},{"not_picked":["Cloak And Dagger+1","Dodge and Roll+1","Outmaneuver+1"],"picked":"SKIP","floor":46.0},{"not_picked":["PiercingWail+1","Catalyst+1","Slice+1"],"picked":"SKIP","floor":54.0}],"player_experience":1285379,"relics_obtained":[{"floor":6.0,"key":"Centennial Puzzle"},{"floor":10.0,"key":"Mercury Hourglass"},{"floor":22.0,"key":"Necronomicon"},{"floor":23.0,"key":"Happy Flower"},{"floor":26.0,"key":"Lantern"},{"floor":31.0,"key":"Toxic Egg 2"},{"floor":34.0,"key":"Pen Nib"},{"floor":34.0,"key":"Ornamental Fan"},{"floor":34.0,"key":"Incense Burner"},{"floor":40.0,"key":"Dead Branch"},{"floor":42.0,"key":"MealTicket"},{"floor":43.0,"key":"Bag of Preparation"},{"floor":44.0,"key":"Gambling Chip"},{"floor":54.0,"key":"Tough Bandages"}],"event_choices":[{"damage_healed":0.0,"max_hp_gain":0.0,"max_hp_loss":0.0,"gold_gain":0.0,"event_name":"Liars Game","player_choice":"Ignored","floor":3.0,"gold_loss":0.0,"damage_taken":0.0},{"damage_healed":0.0,"max_hp_gain":0.0,"max_hp_loss":0.0,"gold_gain":0.0,"event_name":"FaceTrader","player_choice":"Trade","floor":12.0,"gold_loss":0.0,"damage_taken":0.0,"relics_obtained":["FaceOfCleric"]},{"damage_healed":0.0,"max_hp_gain":0.0,"max_hp_loss":0.0,"gold_gain":0.0,"event_name":"Wheel of Change","player_choice":"Damaged","floor":19.0,"gold_loss":0.0,"damage_taken":7.0},{"damage_healed":0.0,"max_hp_gain":0.0,"max_hp_loss":0.0,"gold_gain":0.0,"event_name":"Cursed Tome","player_choice":"Obtained Book","floor":22.0,"gold_loss":0.0,"damage_taken":16.0},{"damage_healed":0.0,"max_hp_gain":0.0,"max_hp_loss":0.0,"gold_gain":0.0,"event_name":"Tomb of Lord Red Mask","player_choice":"Ignored","floor":36.0,"gold_loss":0.0,"damage_taken":0.0},{"damage_healed":0.0,"max_hp_gain":0.0,"max_hp_loss":0.0,"gold_gain":0.0,"event_name":"SensoryStone","player_choice":"Memory 1","floor":38.0,"gold_loss":0.0,"damage_taken":0.0},{"cards_removed":["All Out Attack"],"damage_healed":0.0,"max_hp_gain":0.0,"max_hp_loss":0.0,"gold_gain":0.0,"event_name":"Falling","player_choice":"Removed Attack","floor":48.0,"gold_loss":0.0,"damage_taken":0.0}],"is_beta":false,"boss_relics":[{"not_picked":["Philosopher\u0027s Stone","HoveringKite"],"picked":"Pandora\u0027s Box"},{"not_picked":["Coffee Dripper","Black Star"],"picked":"Calling Bell"}],"items_purged_floors":[37],"is_endless":false,"potions_floor_spawned":[1,5,6,11,16,20,24,28,30,31,35,39,44],"ascension_level":1}}