{"host":"gsscz6k9fq2x5v2h","time":1612292550,"event":{"mods":["100% Spire Juice","AchievementEnabler","Arknights","BaseMod","Better Note","Better Skull","Better Synergies","Better Third Choice","Better Vampires","Block Reminder","Colored Map","Colored Powertips","Dark Map","Friendly Minions","Minty Spire (QoL Compilation)","Permanent Neow","Quick Restart","Replay The Spire","Retaliation","Shop Mod","Spicy Shops","Spikes Relics","StSLib","SuperFastMode","TestMod","??????REMEMod","????"],"gold_per_floor":[116,135,150,162,178,209,225,225,225,30,30,30,19,49,49,152,32,42,42,59,74,54,54,70,70,94,94,94,44,44,54,54,152,32,52,52,52,147,147,147,147,189,212,103,103,103],"floor_reached":45,"language":"FRA","playtime":1587,"items_purged":["Moonworks:Strike"],"score":448,"play_id":"9017b1c9-f510-4bf7-a7dd-806fe8241285","local_time":"20210202200230","is_ascension_mode":false,"campfire_choices":[{"floor":8.0,"key":"REST"},{"data":"DevaForm","floor":12.0,"key":"SMITH"},{"floor":15.0,"key":"RECALL"},{"floor":23.0,"key":"REST"},{"floor":25.0,"key":"REST"},{"floor":27.0,"key":"REST"},{"data":"Echo Form","floor":32.0,"key":"SMITH"},{"data":"Adrenaline","floor":40.0,"key":"SMITH"}],"circlet_count":0,"master_deck":["Moonworks:Strike","Moonworks:Defend","Moonworks:Defend","Moonworks:Defend","Moonworks:Defend","Moonworks:Ambush","Moonworks:LongDistanceShot","DevaForm+1","Moonworks:BackdoorTrade","Moonworks:JonathanRush","Moonworks:JonathanRush","Moonworks:SakisCookie","Moonworks:BeyondHell","Moonworks:DeployBits","Parasite","Moonworks:GoAway","Moonworks:GoAway","DeceiveReality","ReplayRNGCard","ats:Literary Storm","Panacea","Moonworks:RagingMadness","Dramatic Entrance","Moonworks:JonathanRush","Moonworks:JonathanRush+1","Echo Form+1","Adrenaline+1","ats:Serious Mode+1","Madness","Madness","Writhe","Prostrate+1","Conserve Battery+1"],"relics":["Moonworks:BrokenBomb","Moonworks:Homemark","testmod-TestBox","REME_ComplimentaryCards","testmod-BouquetWithThorns","testmod-IntensifyImprint","PrismaticShard","testmod-Prudence","ChewingGum","ReplayTheSpireMod:CursedCoin","MerchantsRug","Centennial Puzzle"],"acts_visited":["Exordium","TheCity","TheBeyond"],"potions_floor_usage":[42,44],"damage_taken":[{"damage":11.0,"enemies":"Jaw Worm","floor":1.0,"turns":3.0},{"damage":0.0,"enemies":"2 Louse","floor":2.0,"turns":2.0},{"damage":2.0,"enemies":"Small Slimes","floor":3.0,"turns":4.0},{"damage":5.0,"enemies":"3 Louse","floor":4.0,"turns":2.0},{"damage":4.0,"enemies":"Exordium Wildlife","floor":5.0,"turns":4.0},{"damage":9.0,"enemies":"Lagavulin","floor":6.0,"turns":8.0},{"damage":10.0,"enemies":"2 Fungi Beasts","floor":7.0,"turns":3.0},{"damage":9.0,"enemies":"Gremlin Nob","floor":14.0,"turns":5.0},{"damage":15.0,"enemies":"The Guardian","floor":16.0,"turns":8.0},{"damage":20.0,"enemies":"2 Thieves","floor":18.0,"turns":5.0},{"damage":6.0,"enemies":"3 Byrds","floor":20.0,"turns":3.0},{"damage":10.0,"enemies":"Cultist and Chosen","floor":21.0,"turns":6.0},{"damage":28.0,"enemies":"Centurion and Healer","floor":24.0,"turns":7.0},{"damage":5.0,"enemies":"Shelled Parasite and Fungi","floor":31.0,"turns":6.0},{"damage":41.0,"enemies":"Automaton","floor":33.0,"turns":9.0},{"damage":18.0,"enemies":"Orb Walker","floor":35.0,"turns":3.0},{"damage":29,"enemies":"3 Darklings","floor":42,"turns":5},{"damage":10,"enemies":"Transient","floor":44,"turns":5},{"damage":26,"enemies":"Spire Growth","floor":45,"turns":2}],"seed_played":"7068181582760768451","potions_obtained":[{"floor":1.0,"key":"SpeedPotion"},{"floor":5.0,"key":"SneckoOil"},{"floor":6.0,"key":"Swift Potion"},{"floor":7.0,"key":"Elixir"},{"floor":16.0,"key":"Block Potion"},{"floor":19.0,"key":"FairyPotion"},{"floor":19.0,"key":"testmod-TestPotion"},{"floor":19.0,"key":"CultistPotion"},{"floor":20.0,"key":"GamblersBrew"},{"floor":24.0,"key":"Fire Potion"},{"floor":35.0,"key":"REME_GoldPotion"},{"floor":42,"key":"SteroidPotion"}],"is_trial":false,"path_per_floor":["M","M","M","M","M","E","M","R","T","$","?","R","$","E","R","B",null,"M","?","M","M","?","R","M","R","T","R","$","$","?","M","R","B",null,"M","?","?","$","?","R","?","M","T","M","M"],"character_chosen":"THE_STARBREAKER","items_purchased":["Moonworks:GoAway","Moonworks:JonathanRush","ReplayTheSpireMod:CursedCoin","MerchantsRug"],"campfire_rested":4,"item_purchase_floors":[13,29,38,38],"current_hp_per_floor":[49,49,47,42,38,29,21,39,39,39,39,39,39,32,32,17,60,40,40,34,24,24,42,14,32,32,50,50,50,50,47,47,6,60,44,44,36,36,36,36,36,7,7,18,0,0],"gold":103,"neow_bonus":"REMOVE_CARD","is_daily":false,"chose_seed":false,"campfire_upgraded":3,"win_rate":0.0,"timestamp":1612292550,"path_taken":["M","M","M","M","M","E","M","R","T","$","?","R","$","E","R","BOSS","M","?","M","M","?","R","M","R","T","R","?","$","?","?","R","BOSS","M","?","?","$","?","R","?","?","T","M","M"],"items_purchased_type":["Card","Card","Relic","Relic"],"build_version":"2020-12-22","purchased_purges":1,"victory":false,"max_hp_per_floor":[60,60,60,60,60,60,60,60,60,60,60,60,60,60,60,60,60,60,60,60,60,60,60,60,60,60,60,60,60,60,60,60,60,60,60,60,60,60,60,60,60,60,60,60,60,60],"card_choices":[{"not_picked":["Moonworks:Assault","Moonworks:ImOnFire","Moonworks:DeployBits"],"picked":"SKIP","floor":1.0},{"not_picked":["Moonworks:TreasureThief","Moonworks:DeployBits"],"picked":"Moonworks:BackdoorTrade","floor":2.0},{"not_picked":["Moonworks:CloudOfSeagulls","Moonworks:GoAway"],"picked":"Moonworks:JonathanRush","floor":3.0},{"not_picked":["Moonworks:AwakeningOfTalent","Moonworks:LulusLuckyEgg"],"picked":"Moonworks:JonathanRush","floor":4.0},{"not_picked":["Moonworks:CastOff","Moonworks:BigMagnum"],"picked":"Moonworks:SakisCookie","floor":5.0},{"not_picked":["Moonworks:AccelHyper","Moonworks:CastOff"],"picked":"Moonworks:BeyondHell","floor":6.0},{"not_picked":["Moonworks:IndiscriminateFireSupport","Moonworks:LulusLuckyEgg"],"picked":"Moonworks:DeployBits","floor":7.0},{"not_picked":["EmptyFist","REME_FirmDetermination"],"picked":"DeceiveReality","floor":14.0},{"not_picked":["Secret Weapon","testmod-VirtualReality"],"picked":"ReplayRNGCard","floor":16.0},{"not_picked":["Moonworks:NicePresent","ats:Assault Order"],"picked":"ats:Literary Storm","floor":18.0},{"not_picked":["PiercingWail","Dagger Throw"],"picked":"Panacea","floor":20.0},{"not_picked":["PiercingWail","Replay:Battleflow"],"picked":"Moonworks:RagingMadness","floor":21.0},{"not_picked":["FlurryOfBlows+1","Sneak Up"],"picked":"Dramatic Entrance","floor":24.0},{"not_picked":["DDmod:UnstoppableAttack+1","Replay:Undeath\u0027s Touch"],"picked":"Echo Form","floor":31.0},{"not_picked":["testmod-Arrangement","ats:Disruption Kick"],"picked":"Adrenaline","floor":33.0},{"not_picked":["Turbo+1","Sweeping Beam"],"picked":"ats:Serious Mode+1","floor":35.0},{"not_picked":["ats:Explosion Area Strengthen","Ball Lightning+1"],"picked":"Prostrate+1","floor":42},{"not_picked":["Cold Snap","ats:Assault Order+1"],"picked":"Conserve Battery+1","floor":44}],"player_experience":1549581,"relics_obtained":[{"floor":6.0,"key":"testmod-IntensifyImprint"},{"floor":14.0,"key":"Bottled Tornado"},{"floor":26.0,"key":"REME_PuzzleBoxRelic"},{"floor":43,"key":"Centennial Puzzle"}],"event_choices":[{"damage_healed":0.0,"max_hp_gain":0.0,"max_hp_loss":0.0,"gold_gain":0.0,"event_name":"Lab","player_choice":"Got Potions","floor":19.0,"gold_loss":0.0,"damage_taken":0.0},{"damage_healed":0.0,"max_hp_gain":0.0,"max_hp_loss":0.0,"gold_gain":0.0,"event_name":"The Woman in Blue","player_choice":"Bought 1 Potion","floor":22.0,"gold_loss":0.0,"damage_taken":0.0},{"damage_healed":0.0,"max_hp_gain":0.0,"max_hp_loss":0.0,"gold_gain":0.0,"event_name":"betterNote:BetterNote","player_choice":"Take","floor":30.0,"gold_loss":0.0,"damage_taken":0.0,"cards_obtained":["Moonworks:JonathanRush"]},{"damage_healed":0.0,"max_hp_gain":0.0,"max_hp_loss":0.0,"gold_gain":0.0,"event_name":"Winding Halls","player_choice":"Embrace Madness","floor":37.0,"gold_loss":0.0,"damage_taken":8.0,"cards_obtained":["Madness","Madness"]},{"cards_removed":["Moonworks:Strike"],"damage_healed":0.0,"max_hp_gain":0.0,"max_hp_loss":0.0,"gold_gain":0.0,"event_name":"Falling","player_choice":"Removed Attack","floor":39.0,"gold_loss":0.0,"damage_taken":0.0},{"damage_healed":0,"gold_gain":0,"player_choice":"Ignored","damage_taken":0,"max_hp_gain":0,"max_hp_loss":0,"event_name":"betterThird:BetterPortal","floor":41,"gold_loss":0}],"is_beta":false,"boss_relics":[{"not_picked":["Kintsugi","Calling Bell"],"picked":"testmod-Prudence"},{"not_picked":["Replay:Wanted Poster","testmod-StringDisintegrator"],"picked":"ChewingGum"}],"items_purged_floors":[10],"is_endless":false,"potions_floor_spawned":[1,5,6,7,16,20,24,35,42],"killed_by":"Spire Growth","ascension_level":0}}