{"host":"fa35vd3kig5td25x","time":1612290329,"event":{"mods":["BaseMod","Colored Powertips","Minty Spire (QoL Compilation)","Relic Stats","Slay the Relics Exporter"],"gold_per_floor":[112,26,38,51,51,84,9,9,9,49,80,136,166,13,13,109,109,123,123,11,11,11,37,56,106,106,106,123,148,148,148,148],"floor_reached":31,"language":"ENG","playtime":1120,"items_purged":[],"score":732,"play_id":"f916dcc7-c9ad-457a-b517-328f15b9d273","local_time":"20210202192529","is_ascension_mode":true,"campfire_choices":[{"data":"TalkToTheHand","floor":8,"key":"SMITH"},{"data":"EmptyFist","floor":15,"key":"SMITH"},{"floor":27,"key":"REST"}],"circlet_count":0,"master_deck":["AscendersBane","Eruption+1","Vigilance","ReachHeaven","TalkToTheHand+1","BowlingBash","Adaptation","Crescendo","Wallop","EmptyFist+1","CutThroughFate","JustLucky","TalkToTheHand+1","DevaForm+1","FlurryOfBlows","Nirvana+1","Brilliance","Brilliance","CarveReality","SashWhip","ThirdEye","FearNoEvil+1","Omniscience"],"relics":["PureWater","Bloody Idol","Unceasing Top","Frozen Egg 2","MawBank","Vajra","DollysMirror","Pandora\u0027s Box","Kunai","Bag of Preparation"],"acts_visited":["Exordium","TheCity"],"potions_floor_usage":[10,12,16,23,23,24,29],"damage_taken":[{"damage":0,"enemies":"Cultist","floor":1,"turns":3},{"damage":8,"enemies":"Small Slimes","floor":3,"turns":3},{"damage":0,"enemies":"2 Louse","floor":4,"turns":2},{"damage":0,"enemies":"3 Sentries","floor":6,"turns":2},{"damage":23,"enemies":"Gremlin Nob","floor":10,"turns":4},{"damage":0,"enemies":"Blue Slaver","floor":11,"turns":2},{"damage":15,"enemies":"3 Sentries","floor":12,"turns":5},{"damage":3,"enemies":"3 Louse","floor":13,"turns":2},{"damage":0,"enemies":"Slime Boss","floor":16,"turns":4},{"damage":3,"enemies":"Spheric Guardian","floor":18,"turns":3},{"damage":21,"enemies":"Book of Stabbing","floor":23,"turns":4},{"damage":11,"enemies":"2 Thieves","floor":24,"turns":2},{"damage":12,"enemies":"Centurion and Healer","floor":28,"turns":2},{"damage":39,"enemies":"Slavers","floor":29,"turns":4},{"damage":13,"enemies":"Shelled Parasite and Fungi","floor":31,"turns":2}],"seed_played":"-9217840640081875688","potions_obtained":[{"floor":1,"key":"SneckoOil"},{"floor":4,"key":"GamblersBrew"},{"floor":12,"key":"AttackPotion"},{"floor":13,"key":"ColorlessPotion"},{"floor":23,"key":"StancePotion"},{"floor":28,"key":"AttackPotion"}],"is_trial":false,"path_per_floor":["M","$","M","M","?","E","?","R","T","E","M","E","M","$","R","B",null,"M","?","$","?","$","E","M","?","T","R","M","E","?","M"],"character_chosen":"WATCHER","items_purchased":["TalkToTheHand","DollysMirror","ThirdEye","SteroidPotion"],"campfire_rested":1,"item_purchase_floors":[2,14,20,20],"current_hp_per_floor":[61,61,53,53,53,53,53,53,53,30,30,15,12,12,12,12,50,47,47,47,47,47,31,30,35,35,53,46,12,12,0,0],"gold":148,"neow_bonus":"UPGRADE_CARD","is_daily":false,"chose_seed":false,"campfire_upgraded":2,"win_rate":0.0,"timestamp":1612290329,"path_taken":["M","?","M","M","?","E","?","R","T","E","M","E","M","?","R","BOSS","M","?","$","?","$","E","M","?","T","R","?","E","?","M"],"items_purchased_type":["Card","Relic","Card","Potion"],"build_version":"2020-12-22","purchased_purges":0,"victory":false,"max_hp_per_floor":[68,68,68,68,62,62,62,62,62,62,62,62,62,62,62,62,62,62,62,62,62,62,62,62,62,62,62,62,62,62,62,62],"relic_stats":{"counters":[15,44],"Bloody Idol":30,"Pandora\u0027s Box":["FlurryOfBlows","Nirvana","Brilliance","Brilliance","CarveReality","ForeignInfluence","SashWhip"],"Bag of Preparation":[2],"Kunai":[9],"MawBank":48,"obtain_stats":[{"Golden Idol":5,"DollysMirror":14,"Bloody Idol":19,"Vajra":12,"Pandora\u0027s Box":17,"Bag of Preparation":29,"Kunai":23,"PureWater":0,"Frozen Egg 2":9,"MawBank":10,"Unceasing Top":6},{"Golden Idol":3,"DollysMirror":8,"Bloody Idol":10,"Vajra":7,"Pandora\u0027s Box":9,"Bag of Preparation":14,"Kunai":11,"PureWater":0,"Frozen Egg 2":4,"MawBank":5,"Unceasing Top":4},{"Golden Idol":8,"DollysMirror":23,"Bloody Idol":30,"Vajra":21,"Pandora\u0027s Box":27,"Bag of Preparation":42,"Kunai":34,"PureWater":0,"Frozen Egg 2":10,"MawBank":14,"Unceasing Top":10}],"Unceasing Top":[2]},"card_choices":[{"not_picked":["Evaluate","Fasting2"],"picked":"ReachHeaven","floor":1},{"not_picked":["SashWhip","PathToVictory"],"picked":"BowlingBash","floor":3},{"not_picked":["Perseverance","Vengeance"],"picked":"Adaptation","floor":4},{"not_picked":["Swivel","Weave"],"picked":"Crescendo","floor":6},{"not_picked":["Indignation","FollowUp"],"picked":"Wallop","floor":10},{"not_picked":["ThirdEye","ConjureBlade"],"picked":"EmptyFist","floor":11},{"not_picked":["Adaptation+1","EmptyFist"],"picked":"CutThroughFate","floor":12},{"not_picked":["BowlingBash","SashWhip"],"picked":"JustLucky","floor":13},{"not_picked":["Devotion+1","Judgement"],"picked":"DevaForm+1","floor":16},{"not_picked":["SignatureMove","Perseverance","Prostrate"],"picked":"SKIP","floor":18},{"not_picked":["PathToVictory","Prostrate","FlyingSleeves"],"picked":"SKIP","floor":23},{"not_picked":["Consecrate","EmptyBody"],"picked":"FearNoEvil+1","floor":24},{"not_picked":["FollowUp","Nirvana+1","Fasting2+1"],"picked":"SKIP","floor":28},{"not_picked":["Study+1","Adaptation+1"],"picked":"Omniscience","floor":29}],"player_experience":3055203,"relics_obtained":[{"floor":6,"key":"Unceasing Top"},{"floor":9,"key":"Frozen Egg 2"},{"floor":10,"key":"MawBank"},{"floor":12,"key":"Vajra"},{"floor":23,"key":"Kunai"},{"floor":29,"key":"Bag of Preparation"}],"event_choices":[{"damage_healed":0,"gold_gain":0,"player_choice":"Lose Max HP","damage_taken":0,"relics_obtained":["Golden Idol"],"max_hp_gain":0,"max_hp_loss":6,"event_name":"Golden Idol","floor":5,"gold_loss":0},{"cards_removed":["Strike_P"],"damage_healed":0,"gold_gain":0,"player_choice":"Card Removal","damage_taken":0,"max_hp_gain":0,"max_hp_loss":0,"event_name":"The Cleric","floor":7,"gold_loss":75},{"damage_healed":0,"gold_gain":0,"player_choice":"Gave Idol","damage_taken":0,"relics_obtained":["Bloody Idol"],"max_hp_gain":0,"max_hp_loss":0,"event_name":"Forgotten Altar","floor":19,"relics_lost":["Golden Idol"],"gold_loss":0},{"damage_healed":0,"gold_gain":0,"player_choice":"Ignored","damage_taken":0,"max_hp_gain":0,"max_hp_loss":0,"event_name":"Vampires","floor":21,"gold_loss":0},{"damage_healed":0,"gold_gain":50,"player_choice":"Pray","damage_taken":0,"max_hp_gain":0,"max_hp_loss":0,"event_name":"Golden Shrine","floor":25,"gold_loss":0},{"cards_removed":["ForeignInfluence"],"damage_healed":0,"gold_gain":0,"player_choice":"Elegance","damage_taken":0,"max_hp_gain":0,"max_hp_loss":0,"event_name":"Back to Basics","floor":30,"gold_loss":0}],"is_beta":false,"boss_relics":[{"not_picked":["Cursed Key","Fusion Hammer"],"picked":"Pandora\u0027s Box"}],"items_purged_floors":[],"is_endless":false,"potions_floor_spawned":[1,4,6,12,13,23,28],"killed_by":"Shelled Parasite and Fungi","ascension_level":20}}