{"host":"rnjhaewkefy4rz3c","time":1612288668,"event":{"mods":["2.2 Compatiblity","AchievementEnabler","BaseMod","CCEM2","Colored Map","Minty Spire (QoL Compilation)","Permanent Neow","StSLib"],"gold_per_floor":[111,111,138,138,157,157,176,204,204,222,236,236,236,256,256,387,387,406,321,100,25,44,44,44,60,83,83,83,33,33,33,33,154,154,179,179,179],"floor_reached":36,"language":"ENG","playtime":1693,"items_purged":["theextravagant:SlyStrike"],"score":360,"play_id":"39bc1ef3-9d49-4342-a8ce-79557987548d","local_time":"20210202135748","is_ascension_mode":false,"campfire_choices":[{"data":"theextravagant:Urgency","floor":6,"key":"SMITH"},{"data":"theextravagant:Twitch","floor":13,"key":"SMITH"},{"data":"theextravagant:CutTheDeck","floor":15,"key":"SMITH"},{"data":"theextravagant:Triumph","floor":23,"key":"SMITH"},{"data":"theextravagant:GlyphOfChoice","floor":28,"key":"SMITH"},{"data":"theextravagant:Masquerade","floor":30,"key":"SMITH"},{"data":"theextravagant:Fence","floor":32,"key":"SMITH"}],"circlet_count":0,"master_deck":["theextravagant:SlyStrike","theextravagant:SlyStrike","theextravagant:Fence+1","theextravagant:Fence","theextravagant:QuickAttack","theextravagant:Triumph+1","theextravagant:Urgency+1","theextravagant:CutTheDeck+1","theextravagant:SpontaneousStrike","theextravagant:SpontaneousStrike","theextravagant:Castle","theextravagant:Twitch+1","theextravagant:Razor","theextravagant:Masquerade+1","theextravagant:SpontaneousStrike+1","theextravagant:GlyphOfChoice+1","theextravagant:Redemption","theextravagant:Urgency"],"relics":["theextravagant:TranslucentFeather","Boot","Omamori","Torii","Golden Idol","CCEMRelics:DefectiveTurbocharger","Matryoshka","Lee\u0027s Waffle","MutagenicStrength","Oddly Smooth Stone","CCEMRelics:ExpiredCReal"],"acts_visited":["Exordium","TheCity","TheBeyond"],"potions_floor_usage":[11,16,16,25,35,36],"damage_taken":[{"damage":0,"enemies":"Jaw Worm","floor":1,"turns":6},{"damage":5,"enemies":"Small Slimes","floor":5,"turns":4},{"damage":2,"enemies":"2 Louse","floor":7,"turns":3},{"damage":15,"enemies":"3 Sentries","floor":8,"turns":7},{"damage":0,"enemies":"Exordium Wildlife","floor":10,"turns":3},{"damage":0,"enemies":"2 Fungi Beasts","floor":11,"turns":2},{"damage":0,"enemies":"Large Slime","floor":14,"turns":5},{"damage":24,"enemies":"Slime Boss","floor":16,"turns":7},{"damage":14,"enemies":"Shell Parasite","floor":18,"turns":5},{"damage":8,"enemies":"Spheric Guardian","floor":22,"turns":4},{"damage":8,"enemies":"Snake Plant","floor":25,"turns":4},{"damage":35,"enemies":"Champ","floor":33,"turns":7},{"damage":58,"enemies":"3 Shapes","floor":35,"turns":6},{"damage":27,"enemies":"3 Darklings","floor":36,"turns":2}],"seed_played":"6077942580264993435","potions_obtained":[{"floor":1,"key":"AttackPotion"},{"floor":5,"key":"Block Potion"},{"floor":10,"key":"Energy Potion"},{"floor":16,"key":"Weak Potion"},{"floor":25,"key":"ColorlessPotion"},{"floor":35,"key":"SkillPotion"}],"is_trial":false,"path_per_floor":["M","?","T","?","M","R","M","E","T","M","M","?","R","M","R","B",null,"M","?","$","?","M","R","?","M","T","$","R","?","R","$","R","B",null,"M","M"],"character_chosen":"THE_EXTRAVAGANT","items_purchased":["Lee\u0027s Waffle"],"campfire_rested":0,"item_purchase_floors":[20],"current_hp_per_floor":[75,80,80,73,68,68,66,51,51,51,51,51,51,51,51,27,74,60,60,81,81,73,73,73,65,65,65,65,65,65,65,65,30,81,23,0,0],"gold":179,"neow_bonus":"REMOVE_CARD","is_daily":false,"chose_seed":false,"campfire_upgraded":7,"win_rate":0.0,"timestamp":1612288668,"path_taken":["M","?","?","?","M","R","M","E","T","M","M","?","R","M","R","BOSS","M","?","$","?","M","R","?","M","T","$","R","?","R","$","R","BOSS","M","?"],"items_purchased_type":["Relic"],"build_version":"2020-12-22","purchased_purges":1,"victory":false,"max_hp_per_floor":[75,80,80,80,80,80,80,80,80,80,80,74,74,74,74,74,74,74,74,81,81,81,81,81,81,81,81,81,81,81,81,81,81,81,81,81,81],"card_choices":[{"not_picked":["theextravagant:TreasureHunt","theextravagant:HeavyBlows"],"picked":"theextravagant:Urgency","floor":1},{"not_picked":["theextravagant:Ambush","theextravagant:Clairvoyance"],"picked":"theextravagant:CutTheDeck","floor":5},{"not_picked":["theextravagant:Firework","theextravagant:Twostep"],"picked":"theextravagant:SpontaneousStrike","floor":7},{"not_picked":["theextravagant:GlyphOfPower","theextravagant:Pushthrough"],"picked":"theextravagant:SpontaneousStrike","floor":8},{"not_picked":["theextravagant:Defy","theextravagant:ShootingStar"],"picked":"theextravagant:Castle","floor":10},{"not_picked":["theextravagant:RustyBuckler","theextravagant:Shake"],"picked":"theextravagant:Twitch","floor":11},{"not_picked":["theextravagant:GlyphOfTime","theextravagant:WhiffOfMagic"],"picked":"theextravagant:Razor","floor":14},{"not_picked":["theextravagant:Thrill+1","theextravagant:Tension"],"picked":"theextravagant:Masquerade","floor":18},{"not_picked":["theextravagant:Flashback","theextravagant:Supersonic"],"picked":"theextravagant:SpontaneousStrike+1","floor":22},{"not_picked":["theextravagant:GlyphOfSight","theextravagant:Firework"],"picked":"theextravagant:GlyphOfChoice","floor":25},{"not_picked":["theextravagant:ShieldCharm","theextravagant:TwilightTone"],"picked":"theextravagant:Redemption","floor":33},{"not_picked":["theextravagant:Precaution+1","theextravagant:StepBack+1"],"picked":"theextravagant:Urgency","floor":35}],"player_experience":494512,"relics_obtained":[{"floor":3,"key":"Boot"},{"floor":8,"key":"Omamori"},{"floor":9,"key":"Torii"},{"floor":26,"key":"Oddly Smooth Stone"}],"event_choices":[{"damage_healed":0,"gold_gain":0,"player_choice":"Donut","damage_taken":0,"max_hp_gain":5,"max_hp_loss":0,"event_name":"Big Fish","floor":2,"gold_loss":0},{"cards_removed":["theextravagant:Fence"],"damage_healed":0,"gold_gain":0,"player_choice":"Card Removal","damage_taken":7,"max_hp_gain":0,"max_hp_loss":0,"event_name":"Golden Wing","floor":4,"gold_loss":0},{"damage_healed":0,"gold_gain":0,"player_choice":"Lose Max HP","damage_taken":0,"relics_obtained":["Golden Idol"],"max_hp_gain":0,"max_hp_loss":6,"event_name":"Golden Idol","floor":12,"gold_loss":0},{"damage_healed":0,"gold_gain":0,"player_choice":"Obtained Relic","damage_taken":0,"relics_obtained":["Matryoshka"],"max_hp_gain":0,"max_hp_loss":0,"event_name":"Addict","floor":19,"gold_loss":85},{"cards_removed":["theextravagant:SlyStrike"],"damage_healed":0,"gold_gain":0,"player_choice":"Gave Gold","damage_taken":0,"max_hp_gain":0,"max_hp_loss":0,"event_name":"Beggar","floor":21,"gold_loss":75},{"damage_healed":0,"gold_gain":0,"player_choice":"Inject Mutagens","damage_taken":0,"relics_obtained":["MutagenicStrength"],"max_hp_gain":0,"max_hp_loss":0,"event_name":"Drug Dealer","floor":24,"gold_loss":0},{"damage_healed":0,"gold_gain":0,"player_choice":"Bet on Murderer","damage_taken":0,"max_hp_gain":0,"max_hp_loss":0,"event_name":"The Joust","floor":29,"gold_loss":50}],"is_beta":false,"boss_relics":[{"not_picked":["Busted Crown","Black Star"],"picked":"CCEMRelics:DefectiveTurbocharger"},{"not_picked":["Pandora\u0027s Box","Tiny House"],"picked":"CCEMRelics:ExpiredCReal"}],"items_purged_floors":[20],"is_endless":false,"potions_floor_spawned":[1,5,10,16,25,35],"killed_by":"3 Darklings","ascension_level":0}}