{"host":"clgpak7dimivr1r3","time":1612296434,"event":{"mods":["BaseMod","Colored Map","Colored Powertips","Curses Come First","Minty Spire (QoL Compilation)","Relic Stats","Say the Spire","StSLib"],"gold_per_floor":[116,191,205,258,39,74,74,108,108,108,159,159,159,159],"floor_reached":13,"language":"ENG","playtime":384,"items_purged":["Strike_R"],"score":198,"play_id":"565d2b58-a830-4d18-99f6-06a6999f7cb0","local_time":"20210202230714","is_ascension_mode":true,"campfire_choices":[{"floor":7,"key":"DIG"},{"floor":10,"key":"DIG"}],"circlet_count":0,"master_deck":["AscendersBane","Strike_R","Strike_R","Strike_R","Strike_R","Defend_R","Defend_R","Defend_R","Defend_R","Bash","Pommel Strike+1","Limit Break","Twin Strike","Clothesline"],"relics":["Burning Blood","NeowsBlessing","MealTicket","Toolbox","Shovel","Eternal Feather","Singing Bowl","Torii","Incense Burner","Gambling Chip"],"acts_visited":["Exordium"],"potions_floor_usage":[8,8],"damage_taken":[{"damage":0,"enemies":"2 Louse","floor":1,"turns":1},{"damage":0,"enemies":"Jaw Worm","floor":3,"turns":1},{"damage":0,"enemies":"Lagavulin","floor":6,"turns":1},{"damage":30,"enemies":"3 Sentries","floor":8,"turns":9},{"damage":46,"enemies":"Lagavulin","floor":11,"turns":6},{"damage":25,"enemies":"Gremlin Nob","floor":13,"turns":4}],"seed_played":"8230178027921927003","potions_obtained":[{"floor":3,"key":"Energy Potion"},{"floor":6,"key":"Energy Potion"}],"is_trial":false,"path_per_floor":["M","?","M","T","$","E","R","E","T","R","E","?","E"],"character_chosen":"IRONCLAD","items_purchased":["Toolbox"],"campfire_rested":0,"item_purchase_floors":[5],"current_hp_per_floor":[78,67,73,73,80,80,80,56,56,62,24,24,0,0],"gold":159,"neow_bonus":"THREE_ENEMY_KILL","is_daily":false,"chose_seed":false,"campfire_upgraded":0,"win_rate":0.0,"timestamp":1612296434,"path_taken":["M","?","M","?","$","E","R","E","T","R","E","?","E"],"items_purchased_type":["Relic"],"build_version":"2020-12-22","purchased_purges":1,"victory":false,"max_hp_per_floor":[80,80,80,80,80,80,80,80,80,80,82,82,82,82],"relic_stats":{"Shovel":2,"Singing Bowl":2,"Torii":4,"counters":[6,22],"Gambling Chip":[2],"MealTicket":7,"Eternal Feather":6,"obtain_stats":[{"Shovel":6,"NeowsBlessing":0,"Singing Bowl":8,"Torii":9,"Gambling Chip":11,"Toolbox":5,"MealTicket":4,"Eternal Feather":7,"Incense Burner":10,"Burning Blood":0},{"Shovel":3,"NeowsBlessing":0,"Singing Bowl":4,"Torii":4,"Gambling Chip":5,"Toolbox":2,"MealTicket":2,"Eternal Feather":3,"Incense Burner":4,"Burning Blood":0},{"Shovel":3,"NeowsBlessing":0,"Singing Bowl":12,"Torii":12,"Gambling Chip":18,"Toolbox":2,"MealTicket":2,"Eternal Feather":3,"Incense Burner":12,"Burning Blood":0}],"Burning Blood":24},"card_choices":[{"not_picked":["Iron Wave","True Grit"],"picked":"Pommel Strike","floor":1},{"not_picked":["Havoc","Cleave"],"picked":"Limit Break","floor":3},{"not_picked":["Seeing Red","Clash"],"picked":"Twin Strike","floor":6},{"not_picked":["Seeing Red","Rupture"],"picked":"Clothesline","floor":8},{"not_picked":["Dark Embrace","Iron Wave","Entrench"],"picked":"Singing Bowl","floor":11}],"player_experience":118483,"relics_obtained":[{"floor":4,"key":"MealTicket"},{"floor":6,"key":"Shovel"},{"floor":7,"key":"Eternal Feather"},{"floor":8,"key":"Singing Bowl"},{"floor":9,"key":"Torii"},{"floor":10,"key":"Incense Burner"},{"floor":11,"key":"Gambling Chip"}],"event_choices":[{"damage_healed":0,"gold_gain":75,"player_choice":"Gather Gold","damage_taken":11,"max_hp_gain":0,"max_hp_loss":0,"event_name":"World of Goop","floor":2,"gold_loss":0},{"damage_healed":0,"gold_gain":0,"player_choice":"Grow","damage_taken":0,"max_hp_gain":0,"max_hp_loss":0,"event_name":"Living Wall","floor":12,"gold_loss":0,"cards_upgraded":["Pommel Strike"]}],"is_beta":false,"boss_relics":[],"items_purged_floors":[5],"is_endless":false,"potions_floor_spawned":[3,6],"killed_by":"Gremlin Nob","ascension_level":12}}