{"host":"yvlk1m4foro8gl4v","time":1612245275,"event":{"mods":["AchievementEnabler","Act Like it!","BaseMod","Minty Spire (QoL Compilation)","Relic Stats","StSLib","The Servant 0.9.4","Uncapped"],"gold_per_floor":[118,132,147,69,69,69,69,99,168,168,184,9,25,53,53,53,53],"floor_reached":16,"language":"ENG","playtime":553,"items_purged":[],"score":171,"play_id":"58295d5d-b5ce-4aba-9688-1eb6bead5d0a","local_time":"20210202055435","is_ascension_mode":true,"campfire_choices":[{"data":"Inflame","floor":6,"key":"SMITH"},{"data":"True Grit","floor":10,"key":"SMITH"},{"data":"Feed","floor":15,"key":"SMITH"}],"circlet_count":0,"master_deck":["AscendersBane","Strike_R","Strike_R","Strike_R","Strike_R","Strike_R","Defend_R","Defend_R","Defend_R","Defend_R","Bash","Inflame+1","Panacea","True Grit+1","Power Through","Feed+1","Flame Barrier","Warcry","Bludgeon"],"relics":["Burning Blood","NeowsBlessing","Ancient Tea Set","Paper Frog","Red Skull"],"acts_visited":["Exordium"],"potions_floor_usage":[14,16],"damage_taken":[{"damage":0,"enemies":"Cultist","floor":1,"turns":1},{"damage":0,"enemies":"Jaw Worm","floor":2,"turns":1},{"damage":0,"enemies":"Small Slimes","floor":3,"turns":1},{"damage":40,"enemies":"Gremlin Nob","floor":8,"turns":5},{"damage":9,"enemies":"Red Slaver","floor":11,"turns":4},{"damage":17,"enemies":"3 Louse","floor":13,"turns":6},{"damage":15,"enemies":"Lagavulin","floor":14,"turns":7},{"damage":34,"enemies":"The Guardian","floor":16,"turns":6}],"seed_played":"-967590563253399117","potions_obtained":[{"floor":1,"key":"LiquidMemories"},{"floor":3,"key":"Weak Potion"}],"is_trial":false,"path_per_floor":["M","M","M","$","?","R","?","E","T","R","M","$","M","E","R","B"],"character_chosen":"IRONCLAD","items_purchased":["Inflame","Feed","Flame Barrier"],"campfire_rested":0,"item_purchase_floors":[4,12,12],"current_hp_per_floor":[78,80,80,80,85,85,85,51,51,51,48,48,40,34,34,0,0],"gold":53,"neow_bonus":"THREE_ENEMY_KILL","is_daily":false,"chose_seed":false,"campfire_upgraded":3,"win_rate":0.0,"timestamp":1612245275,"path_taken":["M","?","M","$","?","R","?","E","T","R","M","$","M","E","R","BOSS"],"items_purchased_type":["Card","Card","Card"],"build_version":"2020-12-22","purchased_purges":0,"victory":false,"max_hp_per_floor":[80,80,80,80,85,85,85,85,85,85,85,85,88,91,91,91,91],"relic_stats":{"counters":[8,31],"obtain_stats":[{"NeowsBlessing":0,"Ancient Tea Set":8,"Burning Blood":0,"Red Skull":14,"Paper Frog":9},{"NeowsBlessing":0,"Ancient Tea Set":4,"Burning Blood":0,"Red Skull":7,"Paper Frog":4},{"NeowsBlessing":0,"Ancient Tea Set":8,"Burning Blood":0,"Red Skull":25,"Paper Frog":8}],"Burning Blood":32},"card_choices":[{"not_picked":["Rage","Spot Weakness","Body Slam"],"picked":"SKIP","floor":1},{"not_picked":["Thunderclap","Reckless Charge","Armaments"],"picked":"SKIP","floor":2},{"not_picked":["Wild Strike","Heavy Blade","Body Slam"],"picked":"SKIP","floor":3},{"not_picked":["Body Slam","Pommel Strike"],"picked":"Power Through","floor":8},{"not_picked":["Shrug It Off","Anger","Iron Wave"],"picked":"SKIP","floor":11},{"not_picked":["Shrug It Off","Anger","Iron Wave"],"picked":"SKIP","floor":11},{"not_picked":["Thunderclap","Havoc"],"picked":"Warcry","floor":13},{"not_picked":["Power Through","Wild Strike"],"picked":"Bludgeon","floor":14}],"player_experience":781271,"relics_obtained":[{"floor":8,"key":"Ancient Tea Set"},{"floor":9,"key":"Paper Frog"},{"floor":14,"key":"Red Skull"}],"event_choices":[{"damage_healed":0,"gold_gain":0,"player_choice":"Donut","damage_taken":0,"max_hp_gain":5,"max_hp_loss":0,"event_name":"Big Fish","floor":5,"gold_loss":0},{"damage_healed":0,"gold_gain":0,"player_choice":"2 cards matched","damage_taken":0,"max_hp_gain":0,"max_hp_loss":0,"event_name":"Match and Keep!","floor":7,"gold_loss":0,"cards_obtained":["Panacea","True Grit"]}],"is_beta":false,"boss_relics":[],"items_purged_floors":[],"is_endless":false,"potions_floor_spawned":[1,3,8],"killed_by":"The Guardian","ascension_level":11}}