{"host":"1nniobf0g4s2td4e","time":1612302376,"event":{"mods":["2.2 Compatiblity","BaseMod","Minty Spire (QoL Compilation)","StSLib","SuperFastMode"],"gold_per_floor":[109,109,119,130,150,179,179,199,199,199,124,124,138,154,154,250,250,266,21,39,49,49,77,77,105,105,116,151,151,76,76,76,172,172,183,196,246,246,24,49,59,59,59,77,0,0,25,36,36,36,36,36,36,67,67],"floor_reached":56,"language":"ENG","playtime":2431,"items_purged":["Strike_B","Beam Cell"],"score":1342,"play_id":"c67780e5-cf18-493c-a3a0-ac6550bf75ff","local_time":"20210202154616","is_ascension_mode":false,"campfire_choices":[{"data":"Defragment","floor":7.0,"key":"SMITH"},{"data":"Electrodynamics","floor":10.0,"key":"SMITH"},{"data":"Zap","floor":15.0,"key":"SMITH"},{"data":"Auto Shields","floor":24.0,"key":"SMITH"},{"data":"Reinforced Body","floor":29.0,"key":"SMITH"},{"floor":32.0,"key":"RECALL"},{"data":"Seek","floor":42,"key":"SMITH"},{"data":"Tempest","floor":46,"key":"SMITH"},{"data":"Lockon","floor":49,"key":"SMITH"},{"data":"Dualcast","floor":52,"key":"SMITH"}],"circlet_count":0,"master_deck":["Zap+1","Dualcast+1","Machine Learning","Defragment+1","Electrodynamics+1","Redo+1","Conserve Battery+1","Reinforced Body+1","Electrodynamics+1","Seek+1","Reinforced Body+1","Lockon+1","Capacitor+1","Tempest+1"],"relics":["Cracked Core","FaceOfCleric","Darkstone Periapt","Nuclear Battery","Oddly Smooth Stone","Bag of Marbles","Bottled Lightning","Frozen Egg 2","Regal Pillow","Blood Vial","Coffee Dripper","Chemical X","White Beast Statue","Singing Bowl","Red Mask","Eternal Feather","Gremlin Horn"],"acts_visited":["Exordium","TheCity","TheBeyond","TheEnding"],"potions_floor_usage":[33,55,55,55],"damage_taken":[{"damage":0.0,"enemies":"Small Slimes","floor":1.0,"turns":3.0},{"damage":6.0,"enemies":"Cultist","floor":3.0,"turns":3.0},{"damage":1.0,"enemies":"2 Louse","floor":4.0,"turns":2.0},{"damage":24.0,"enemies":"Exordium Thugs","floor":5.0,"turns":6.0},{"damage":21.0,"enemies":"Gremlin Nob","floor":6.0,"turns":5.0},{"damage":6.0,"enemies":"3 Louse","floor":8.0,"turns":3.0},{"damage":0.0,"enemies":"Looter","floor":13.0,"turns":3.0},{"damage":0.0,"enemies":"Blue Slaver","floor":14.0,"turns":3.0},{"damage":2.0,"enemies":"Hexaghost","floor":16.0,"turns":9.0},{"damage":0.0,"enemies":"3 Byrds","floor":18.0,"turns":2.0},{"damage":5.0,"enemies":"Spheric Guardian","floor":20.0,"turns":4.0},{"damage":0.0,"enemies":"3 Cultists","floor":21.0,"turns":2.0},{"damage":10.0,"enemies":"Slavers","floor":23.0,"turns":3.0},{"damage":0.0,"enemies":"Gremlin Leader","floor":25.0,"turns":1.0},{"damage":7.0,"enemies":"Snake Plant","floor":27.0,"turns":4.0},{"damage":12.0,"enemies":"Book of Stabbing","floor":28.0,"turns":6.0},{"damage":21,"enemies":"Collector","floor":33,"turns":10},{"damage":0,"enemies":"3 Shapes","floor":35,"turns":3},{"damage":0,"enemies":"Orb Walker","floor":36,"turns":4},{"damage":12,"enemies":"Mind Bloom Boss Battle","floor":37,"turns":5},{"damage":1,"enemies":"Giant Head","floor":40,"turns":10},{"damage":0,"enemies":"Transient","floor":41,"turns":5},{"damage":19,"enemies":"Sphere and 2 Shapes","floor":44,"turns":4},{"damage":0,"enemies":"Reptomancer","floor":47,"turns":4},{"damage":25,"enemies":"Maw","floor":48,"turns":5},{"damage":13,"enemies":"Time Eater","floor":50,"turns":12},{"damage":10,"enemies":"Shield and Spear","floor":54,"turns":3},{"damage":73,"enemies":"The Heart","floor":55,"turns":9}],"seed_played":"4401535219054548767","potions_obtained":[{"floor":3.0,"key":"Dexterity Potion"},{"floor":5.0,"key":"Regen Potion"},{"floor":8.0,"key":"PotionOfCapacity"},{"floor":13.0,"key":"FocusPotion"},{"floor":20.0,"key":"CultistPotion"},{"floor":33,"key":"LiquidBronze"},{"floor":36,"key":"FocusPotion"},{"floor":41,"key":"Dexterity Potion"}],"is_trial":false,"path_per_floor":["M","?","M","M","M","E","R","M","T","R","$","?","M","M","R","B",null,"M","$","M","M","?","E","R","E","T","M","E","R","?","?","R","B",null,"M","M","?","?","$","E","M","R","T","M","?","R","E","M","R","B",null,"R","$","E","B",null],"character_chosen":"DEFECT","items_purchased":["Oddly Smooth Stone","Chemical X","Capacitor+1"],"campfire_rested":0,"item_purchase_floors":[19,39,39],"current_hp_per_floor":[68,68,63,63,40,20,20,15,15,15,15,15,16,17,17,16,76,77,77,73,74,74,65,65,66,66,60,49,49,49,49,49,31,84,85,86,75,75,75,77,80,80,80,64,64,64,69,49,61,51,97,97,97,90,20],"gold":67,"neow_bonus":"THREE_RARE_CARDS","is_daily":false,"chose_seed":false,"campfire_upgraded":9,"win_rate":0.0,"timestamp":1612302376,"path_taken":["M","?","M","M","?","E","R","?","T","R","$","?","M","M","R","BOSS","M","$","M","M","?","E","R","E","T","M","E","R","?","?","R","BOSS","M","M","?","?","$","E","M","R","T","M","?","R","E","?","R","BOSS","R","$","E","BOSS"],"items_purchased_type":["Relic","Relic","Card"],"build_version":"2020-12-22","purchased_purges":2,"victory":true,"max_hp_per_floor":[68,68,69,70,71,72,72,73,73,73,73,73,74,75,75,76,76,77,77,78,79,79,80,80,81,81,82,83,83,83,83,83,84,84,85,86,87,87,87,88,89,89,89,90,90,90,93,96,96,97,97,97,97,100,101],"card_choices":[{"not_picked":["Rainbow","Reboot"],"picked":"Machine Learning","floor":0.0},{"not_picked":["Cold Snap","BootSequence"],"picked":"Leap","floor":1.0},{"not_picked":["Stack","Doom and Gloom"],"picked":"Beam Cell","floor":3.0},{"not_picked":["Turbo","Barrage"],"picked":"Coolheaded","floor":4.0},{"not_picked":["BootSequence","Storm"],"picked":"Go for the Eyes","floor":5.0},{"not_picked":["Turbo","Coolheaded"],"picked":"Defragment","floor":6.0},{"not_picked":["Coolheaded","Leap"],"picked":"Electrodynamics","floor":8.0},{"not_picked":["Streamline","Stack","Static Discharge"],"picked":"SKIP","floor":13.0},{"not_picked":["Sunder","Recycle","Compile Driver"],"picked":"SKIP","floor":14.0},{"not_picked":["Rebound","Aggregate","Hologram"],"picked":"SKIP","floor":18.0},{"not_picked":["Reprogram","Stack"],"picked":"Coolheaded+1","floor":20.0},{"not_picked":["Rebound","Heatsinks"],"picked":"Auto Shields","floor":21.0},{"not_picked":["Skim+1","Machine Learning"],"picked":"Redo+1","floor":23.0},{"not_picked":["Chill","Rip and Tear","Glacier+1"],"picked":"SKIP","floor":25.0},{"not_picked":["Coolheaded","Doom and Gloom+1"],"picked":"Conserve Battery+1","floor":27.0},{"not_picked":["Steam+1","Storm+1"],"picked":"Reinforced Body","floor":28.0},{"not_picked":["Hyperbeam","Rainbow"],"picked":"Seek","floor":33},{"not_picked":["Conserve Battery+1","Reinforced Body+1","Redo+1"],"picked":"SKIP","floor":35},{"not_picked":["Lockon","Sunder+1"],"picked":"Reinforced Body+1","floor":36},{"not_picked":["Ball Lightning","Go for the Eyes"],"picked":"Lockon","floor":37},{"not_picked":["Cold Snap+1","Go for the Eyes","Sweeping Beam"],"picked":"SKIP","floor":40},{"not_picked":["Force Field","Reinforced Body","FTL"],"picked":"SKIP","floor":41},{"not_picked":["Streamline+1","Turbo+1"],"picked":"Tempest","floor":44},{"not_picked":["Ball Lightning","Barrage+1","Machine Learning+1"],"picked":"Singing Bowl","floor":47},{"not_picked":["Streamline+1","Sunder+1","Fusion"],"picked":"Singing Bowl","floor":48},{"not_picked":["Redo","Streamline","Compile Driver+1"],"picked":"Singing Bowl","floor":54}],"player_experience":747623,"relics_obtained":[{"floor":6.0,"key":"Darkstone Periapt"},{"floor":23.0,"key":"Bottled Lightning"},{"floor":25.0,"key":"Frozen Egg 2"},{"floor":26.0,"key":"Regal Pillow"},{"floor":28.0,"key":"Blood Vial"},{"floor":40,"key":"White Beast Statue"},{"floor":43,"key":"Singing Bowl"},{"floor":47,"key":"Eternal Feather"},{"floor":54,"key":"Gremlin Horn"}],"event_choices":[{"damage_healed":0.0,"max_hp_gain":0.0,"max_hp_loss":0.0,"gold_gain":0.0,"event_name":"FaceTrader","player_choice":"Trade","floor":2.0,"gold_loss":0.0,"damage_taken":0.0,"relics_obtained":["FaceOfCleric"]},{"cards_removed":["Strike_B"],"damage_healed":0.0,"max_hp_gain":0.0,"max_hp_loss":0.0,"gold_gain":0.0,"event_name":"Purifier","player_choice":"Purged","floor":12.0,"gold_loss":0.0,"damage_taken":0.0},{"damage_healed":0.0,"max_hp_gain":0.0,"max_hp_loss":0.0,"gold_gain":0.0,"event_name":"The Mausoleum","player_choice":"Opened","floor":22.0,"gold_loss":0.0,"damage_taken":0.0,"relics_obtained":["Bag of Marbles"]},{"cards_removed":["Strike_B"],"damage_healed":0.0,"max_hp_gain":0.0,"max_hp_loss":0.0,"gold_gain":0.0,"event_name":"Beggar","player_choice":"Gave Gold","floor":30.0,"gold_loss":75.0,"damage_taken":0.0},{"damage_healed":0.0,"max_hp_gain":0.0,"max_hp_loss":0.0,"gold_gain":0.0,"cards_transformed":["Coolheaded","Coolheaded"],"event_name":"Drug Dealer","player_choice":"Became Test Subject","floor":31.0,"gold_loss":0.0,"damage_taken":0.0,"cards_obtained":["Meteor Strike","Electrodynamics"]},{"damage_healed":0,"gold_gain":0,"player_choice":"Fight","damage_taken":0,"max_hp_gain":0,"max_hp_loss":0,"event_name":"MindBloom","floor":37,"gold_loss":0},{"cards_removed":["Defend_B"],"damage_healed":0,"gold_gain":0,"player_choice":"Removed Skill","damage_taken":0,"max_hp_gain":0,"max_hp_loss":0,"event_name":"Falling","floor":38,"gold_loss":0},{"damage_healed":0,"gold_gain":0,"player_choice":"Paid","damage_taken":0,"relics_obtained":["Red Mask"],"max_hp_gain":0,"max_hp_loss":0,"event_name":"Tomb of Lord Red Mask","floor":45,"gold_loss":77}],"is_beta":false,"boss_relics":[{"not_picked":["Velvet Choker","Pandora\u0027s Box"],"picked":"Nuclear Battery"},{"not_picked":["Cursed Key","SlaversCollar"],"picked":"Coffee Dripper"}],"items_purged_floors":[11,19],"is_endless":false,"potions_floor_spawned":[3,5,8,13,14,20,23,33,36,41,44,47,48,54],"ascension_level":0}}