{"host":"ez9lh5a3k31ytd04","time":1612255972,"event":{"mods":["Act Like it!","Arknights","Aspiration","BaseMod","Conspire","Downfall","Energized Spire","Jedi Mod","Minty Spire (QoL Compilation)","Quarter Circle Forward PUNCH!","Quick Restart","Relic Filter Mod","Reliquary","Replay The Spire","Spicy Shops","StSLib","TestMod","¡¾ÒÅÎï¿¨ÅÆ¡¿REMEMod"],"gold_per_floor":[116,14,14,23,42,73,89,119,119,119,23,23,41,69,19,117,117,134,198,217,217,12,12,12],"floor_reached":23,"language":"ZHS","playtime":1195,"items_purged":["Strike_R"],"score":413,"play_id":"328fe372-07f6-47de-b35e-fd7cd1c46a1a","local_time":"20210202165252","is_ascension_mode":true,"campfire_choices":[{"data":"jedi:fear","floor":12,"key":"SMITH"}],"circlet_count":0,"master_deck":["conspire:GhostlyStrike","conspire:GhostlyStrike","conspire:GhostlyDefend","conspire:GhostlyDefend","conspire:GhostlyDefend","conspire:GhostlyDefend","Bash","jedi:fear+1","Thunderclap","Flex","Battle Trance","jedi:MakeshiftSword","jedi:MakeshiftSword","Pommel Strike","Shrug It Off","Clash","jedi:MakeshiftSword","jedi:fear","Ghostly Armor","Battle Trance","Flex","REME_Fury","REME_Scribble","Armaments","Shrug It Off","Spot Weakness"],"relics":["Burning Blood","testmod-TestBox","REME_ComplimentaryCards","testmod-Charity","NeowsBlessing","Prayer Wheel","Pear","testmod-Nyarlathotep","Question Card","Vajra","testmod-Temperance","reliquary:Knoch","jedi:arcanewood"],"acts_visited":["Exordium","TheCity"],"potions_floor_usage":[14,18,23,23,23,23],"damage_taken":[{"damage":0,"enemies":"Small Slimes","floor":1,"turns":2},{"damage":0,"enemies":"2 Louse","floor":4,"turns":1},{"damage":0,"enemies":"Cultist","floor":5,"turns":1},{"damage":30,"enemies":"Lagavulin","floor":6,"turns":5},{"damage":12,"enemies":"Exordium Wildlife","floor":7,"turns":2},{"damage":15,"enemies":"3 Sentries","floor":8,"turns":3},{"damage":8,"enemies":"Large Slime","floor":13,"turns":3},{"damage":45,"enemies":"Lagavulin","floor":14,"turns":5},{"damage":0,"enemies":"Fading Forest","floor":16,"turns":11},{"damage":18,"enemies":"3 Byrds","floor":18,"turns":2},{"damage":36,"enemies":"Shell Parasite","floor":20,"turns":4},{"damage":18,"enemies":"Gremlin Leader","floor":23,"turns":3}],"seed_played":"-1208900087333251326","potions_obtained":[{"floor":5,"key":"champ:CounterPotion"},{"floor":6,"key":"SteroidPotion"},{"floor":13,"key":"ColorlessPotion"},{"floor":14,"key":"Swift Potion"},{"floor":18,"key":"testmod-SpacePotion"},{"floor":19,"key":"Fire Potion"},{"floor":20,"key":"Weak Potion"}],"is_trial":false,"path_per_floor":["M","$","?","M","M","E","M","E","T","?","$","R","M","E","R","B",null,"M","?","M","?","$","E"],"character_chosen":"IRONCLAD","items_purchased":["Thunderclap","jedi:MakeshiftSword","jedi:fear","jedi:arcanewood","BlessingOfTheForge"],"campfire_rested":0,"item_purchase_floors":[2,11,11,22,22],"current_hp_per_floor":[79,79,79,82,83,70,65,57,57,57,57,57,56,58,58,73,93,82,43,16,16,16,0,0],"gold":12,"neow_bonus":"THREE_ENEMY_KILL","is_daily":false,"chose_seed":false,"campfire_upgraded":1,"win_rate":0.0,"timestamp":1612255972,"path_taken":["M","$","?","M","M","E","M","E","T","?","$","R","M","E","R","BOSS","M","?","M","?","?","E"],"items_purchased_type":["Card","Card","Card","Relic","Potion"],"build_version":"2020-12-22","purchased_purges":1,"victory":false,"max_hp_per_floor":[81,81,81,82,83,94,95,96,96,96,96,96,97,98,98,99,99,100,101,104,104,104,106,106],"card_choices":[{"not_picked":["Headbutt","Dark Embrace"],"picked":"jedi:fear","floor":1},{"not_picked":["Life Link","Clothesline","Headbutt"],"picked":"SKIP","floor":1},{"not_picked":["Pommel Strike","Shockwave"],"picked":"Flex","floor":4},{"not_picked":["Heavy Blade","Iron Wave"],"picked":"Battle Trance","floor":4},{"not_picked":["Searing Blow","Heavy Blade"],"picked":"jedi:MakeshiftSword","floor":5},{"not_picked":["Flame Barrier","Warcry","Reaper"],"picked":"SKIP","floor":5},{"not_picked":["Twin Strike","REME_SingleHolding"],"picked":"jedi:MakeshiftSword","floor":6},{"not_picked":["Seeing Red","Havoc"],"picked":"Pommel Strike","floor":7},{"not_picked":["Perfected Strike","Havoc"],"picked":"Shrug It Off","floor":7},{"not_picked":["Metallicize","Headbutt"],"picked":"Clash","floor":8},{"not_picked":["Pommel Strike","Headbutt","ReplayTheSpireMod:Strike From Hell"],"picked":"Ghostly Armor","floor":13},{"not_picked":["Cleave","Body Slam","Shockwave"],"picked":"Battle Trance","floor":13},{"not_picked":["Dual Wield","Warcry","Clash"],"picked":"Flex","floor":14},{"not_picked":["REME_TheLastStrike","jedi:strikingstrike","Corruption"],"picked":"REME_Fury","floor":16},{"not_picked":["Shrug It Off","Wild Strike","ReplayTheSpireMod:Strike From Hell"],"picked":"REME_Scribble","floor":18},{"not_picked":["Run Through","conspire:Charge","Heavy Blade","Battle Trance"],"picked":"SKIP","floor":18},{"not_picked":["Heavy Blade+1","Thunderclap+1","Wild Strike"],"picked":"Armaments","floor":19},{"not_picked":["Dropkick","Replay:Undeath\u0027s Touch","Havoc+1"],"picked":"Shrug It Off","floor":20},{"not_picked":["ReplayTheSpireMod:Stacked+1","ReplayTheSpireMod:Muscle Training","Twin Strike+1"],"picked":"Spot Weakness","floor":20}],"player_experience":56410,"relics_obtained":[{"floor":6,"key":"Pear"},{"floor":8,"key":"testmod-Nyarlathotep"},{"floor":9,"key":"Question Card"},{"floor":14,"key":"Vajra"},{"floor":19,"key":"reliquary:Knoch"}],"event_choices":[{"damage_healed":0,"gold_gain":0,"player_choice":"Agree","damage_taken":0,"max_hp_gain":0,"max_hp_loss":0,"event_name":"conspire:LoneGhost","floor":3,"gold_loss":0},{"cards_removed":["conspire:GhostlyStrike"],"damage_healed":0,"gold_gain":0,"player_choice":"Card Removal","damage_taken":0,"max_hp_gain":0,"max_hp_loss":0,"event_name":"The Cleric","floor":15,"gold_loss":50}],"is_beta":false,"boss_relics":[{"not_picked":["SacredBark","Electric Blood"],"picked":"testmod-Temperance"}],"items_purged_floors":[2],"is_endless":false,"potions_floor_spawned":[5,6,13,14,18,20],"killed_by":"Gremlin Leader","ascension_level":8}}