{"host":"bgyhjzqafgkxdxsh","time":1612253855,"event":{"mods":["BaseMod","Colored Map","Downfall","Minty Spire (QoL Compilation)","Relic Stats","StSLib","everything is the same but u backflip on backflip"],"gold_per_floor":[99,118,268,281,281,281,281,310,210,210,210,210],"floor_reached":10,"language":"ENG","playtime":620,"items_purged":[],"score":64,"play_id":"552b7ec5-a207-4e66-bcde-6cd1ead92e57","local_time":"20210202181735","is_ascension_mode":false,"campfire_choices":[{"data":"sneckomod:Unknown3Cost","floor":1,"key":"SMITH"},{"data":"sneckomod:SnekBeam","floor":9,"key":"SMITH"}],"circlet_count":0,"master_deck":["sneckomod:Strike","sneckomod:Strike","sneckomod:Strike","sneckomod:Defend","sneckomod:Defend","sneckomod:Defend","sneckomod:TailWhip","sneckomod:SnekBite","sneckomod:Unknown","sneckomod:Unknown","sneckomod:Unknown3Cost+1","sneckomod:Memorize","downfall:Icky","sneckomod:DefensiveFlair+1","sneckomod:SnekBeam+1"],"relics":["sneckomod:SneckoSoul","WingedGreaves","downfall:HeartBlessingBlue"],"acts_visited":["Exordium"],"potions_floor_usage":[10],"damage_taken":[{"damage":0,"enemies":"Cultist","floor":2,"turns":3},{"damage":0,"enemies":"Small Slimes","floor":4,"turns":2},{"damage":54,"enemies":"Gremlin Nob","floor":8,"turns":6},{"damage":59,"enemies":"Lagavulin","floor":10,"turns":10}],"seed_played":"389097637867927527","potions_obtained":[{"floor":8,"key":"Swift Potion"}],"is_trial":false,"path_per_floor":["R","M","?","M","?","?","T","E","R","E"],"character_chosen":"THE_SNECKO","items_purchased":[],"campfire_rested":0,"item_purchase_floors":[],"current_hp_per_floor":[90,90,90,90,90,90,90,36,46,0,0,0],"gold":210,"neow_bonus":"ONE_RANDOM_RARE_CARD","is_daily":false,"chose_seed":false,"campfire_upgraded":2,"win_rate":0.0,"timestamp":1612253855,"path_taken":["R","M","?","M","?","?","T","E","R","E"],"items_purchased_type":[],"build_version":"2020-12-22","purchased_purges":0,"victory":false,"max_hp_per_floor":[90,90,90,90,90,90,90,90,100,100,100,100],"relic_stats":{"counters":[4,21],"obtain_stats":[{"downfall:HeartBlessingBlue":9,"WingedGreaves":8,"sneckomod:SneckoSoul":0},{"downfall:HeartBlessingBlue":3,"WingedGreaves":3,"sneckomod:SneckoSoul":0},{"downfall:HeartBlessingBlue":11,"WingedGreaves":11,"sneckomod:SneckoSoul":0}]},"card_choices":[{"not_picked":["sneckomod:SoulRoll","sneckomod:WideSting"],"picked":"sneckomod:Memorize","floor":2},{"not_picked":["sneckomod:UnknownCommonSkill","sneckomod:UnknownDraw"],"picked":"sneckomod:DefensiveFlair","floor":4},{"not_picked":["sneckomod:DiceBlock","sneckomod:DiceCrush"],"picked":"sneckomod:SnekBeam","floor":8}],"player_experience":506736,"relics_obtained":[{"floor":8,"key":"WingedGreaves"}],"event_choices":[],"is_beta":false,"boss_relics":[],"items_purged_floors":[],"is_endless":false,"potions_floor_spawned":[8],"killed_by":"Lagavulin","ascension_level":0}}