{"host":"adt9pv9dmmkchns7","time":1612290205,"event":{"mods":["AchievementEnabler","BaseMod","Beaked The Cultist","Better Third Choice","Downfall","Energized Spire","Infinite Spire","Minty Spire (QoL Compilation)","Permanent Neow","Potionbrewer","Replay The Spire","Robot Space Explorer","Shade Mod","Spicy Shops","StSLib","The Blackbeard","The Cursed","The Forsaken","The Gatherer","The Necromancer","Wandering Minibosses"],"gold_per_floor":[118,135,145,155,167,198,198,233,306,306,306],"floor_reached":10,"language":"ENG","playtime":715,"items_purged":[],"score":88,"play_id":"8b39ae95-2284-4d21-a18f-44e59f851a3d","local_time":"20210202192325","is_ascension_mode":true,"campfire_choices":[{"floor":7,"key":"RECALL"}],"circlet_count":0,"master_deck":["Strike_W","Strike_W","Strike_W","Strike_W","Defend_W","Defend_W","Defend_W","Defend_W","Negative_Energy_Arrows","Bone_Wall","Cloudkill","Summon_Undead","Bone_Bullets","Death_March_Dance","Summon_Undead_Army","Bone_Armory","Siphon_Strength","Shade_Step"],"relics":["Vampire_Amulet","Peace Pipe","Omamori"],"acts_visited":["Exordium"],"potions_floor_usage":[4,6,10],"damage_taken":[{"damage":4,"enemies":"Jaw Worm","floor":1,"turns":3},{"damage":0,"enemies":"Cultist","floor":2,"turns":4},{"damage":11,"enemies":"Small Slimes","floor":3,"turns":4},{"damage":1,"enemies":"Exordium Thugs","floor":4,"turns":4},{"damage":15,"enemies":"2 Fungi Beasts","floor":5,"turns":3},{"damage":11,"enemies":"Gremlin Nob","floor":6,"turns":4},{"damage":24,"enemies":"Lagavulin","floor":8,"turns":5},{"damage":29,"enemies":"Gremlin Nob","floor":10,"turns":5}],"seed_played":"-6745194094683656427","potions_obtained":[{"floor":1,"key":"Weak Potion"},{"floor":3,"key":"Flashbang"},{"floor":8,"key":"SkillPotion"}],"is_trial":false,"path_per_floor":["M","M","M","M","M","E","R","E","T","E"],"character_chosen":"NECROMANCER","items_purchased":[],"campfire_rested":0,"item_purchase_floors":[],"current_hp_per_floor":[73,75,68,71,60,51,51,29,29,0,0],"gold":306,"neow_bonus":"ONE_RANDOM_RARE_CARD","is_daily":false,"chose_seed":false,"campfire_upgraded":0,"win_rate":0.0,"timestamp":1612290205,"path_taken":["M","M","M","M","M","E","R","E","T","E"],"items_purchased_type":[],"build_version":"2020-12-22","purchased_purges":0,"victory":false,"max_hp_per_floor":[75,75,75,75,75,75,75,75,75,75,75],"card_choices":[{"not_picked":["Deaths_Shadow","Negative_Energy_Javelin"],"picked":"Summon_Undead","floor":1},{"not_picked":["Finger_Of_Death","Shade_Step"],"picked":"Bone_Bullets","floor":2},{"not_picked":["Bone_Armor","Bone_Prison"],"picked":"Death_March_Dance","floor":3},{"not_picked":["Death_Knell","Shackles_Of_Pain"],"picked":"Summon_Undead_Army","floor":4},{"not_picked":["Finger_Of_Death","Spectral_Walk"],"picked":"Bone_Armory","floor":5},{"not_picked":["Negative_Energy_Bomb","Plague_Bolt"],"picked":"Siphon_Strength","floor":6},{"not_picked":["Bone_Shift","Toxic_Smoke_Screen"],"picked":"Shade_Step","floor":8}],"player_experience":886246,"relics_obtained":[{"floor":6,"key":"Peace Pipe"},{"floor":8,"key":"Omamori"}],"event_choices":[],"is_beta":false,"boss_relics":[],"items_purged_floors":[],"is_endless":false,"potions_floor_spawned":[1,3,8],"killed_by":"Gremlin Nob","ascension_level":2}}