{"host":"rolltorest","time":1612252371,"event":{"mods":["BaseMod","Minty Spire (QoL Compilation)","Relic Stats","Slay the Relics Exporter","StSLib"],"gold_per_floor":[109,109,127,143,243,243,273,273,273,300,93,119,119,136,136,210,210,228,246,4,18,18,18,18,18,18,18,18],"floor_reached":27,"language":"ENG","playtime":689,"items_purged":["Strike_G"],"score":558,"play_id":"04768f48-ac61-4334-87d1-4a5dea1c8eae","local_time":"20210201235251","is_ascension_mode":true,"campfire_choices":[{"data":"Apotheosis","floor":6,"key":"SMITH"},{"floor":8,"key":"REST"},{"data":"Footwork","floor":13,"key":"SMITH"},{"data":"Footwork","floor":15,"key":"SMITH"},{"floor":23,"key":"REST"},{"data":"Accuracy","floor":25,"key":"SMITH"}],"circlet_count":0,"master_deck":["AscendersBane","Strike_G","Strike_G","Strike_G","Defend_G","Defend_G","Defend_G","Defend_G","Defend_G","Survivor","Neutralize","Apotheosis+1","Poisoned Stab","Deadly Poison","Poisoned Stab","Bane+1","Footwork+1","Deadly Poison","Footwork+1","Blade Dance","PiercingWail","PiercingWail","Footwork","Sucker Punch+1","Accuracy+1","Clumsy"],"relics":["Ring of the Snake","Molten Egg 2","Pen Nib","StoneCalendar","Oddly Smooth Stone","Cursed Key","TwistedFunnel","Enchiridion","Unceasing Top"],"acts_visited":["Exordium","TheCity"],"potions_floor_usage":[12],"damage_taken":[{"damage":0,"enemies":"Cultist","floor":1,"turns":4},{"damage":0,"enemies":"Small Slimes","floor":3,"turns":4},{"damage":2,"enemies":"Jaw Worm","floor":4,"turns":4},{"damage":13,"enemies":"Gremlin Nob","floor":7,"turns":4},{"damage":4,"enemies":"Lagavulin","floor":10,"turns":5},{"damage":11,"enemies":"Gremlin Nob","floor":12,"turns":3},{"damage":3,"enemies":"3 Louse","floor":14,"turns":4},{"damage":0,"enemies":"The Guardian","floor":16,"turns":8},{"damage":3,"enemies":"Chosen","floor":18,"turns":5},{"damage":13,"enemies":"Shell Parasite","floor":19,"turns":5},{"damage":0,"enemies":"Snake Plant","floor":21,"turns":5},{"damage":39,"enemies":"Shelled Parasite and Fungi","floor":27,"turns":5}],"seed_played":"-6791380162624421639","potions_obtained":[{"floor":1,"key":"CunningPotion"},{"floor":7,"key":"CultistPotion"},{"floor":14,"key":"Ancient Potion"}],"is_trial":false,"path_per_floor":["M","?","M","M","?","R","E","R","T","E","$","E","R","M","R","B",null,"M","M","$","M","?","R","?","R","T","M"],"character_chosen":"THE_SILENT","items_purchased":["Footwork","Deadly Poison","TwistedFunnel","Footwork"],"campfire_rested":2,"item_purchase_floors":[11,11,20,20],"current_hp_per_floor":[44,44,44,42,42,42,29,48,48,44,44,33,33,30,30,30,57,54,41,41,41,20,39,39,39,39,0,0],"gold":18,"neow_bonus":"RANDOM_COLORLESS_2","is_daily":false,"chose_seed":false,"campfire_upgraded":4,"win_rate":0.0,"timestamp":1612252371,"path_taken":["M","?","M","?","?","R","E","R","T","E","?","E","R","M","R","BOSS","M","M","$","M","?","R","?","R","T","M"],"items_purchased_type":["Card","Card","Relic","Card"],"build_version":"2020-12-18","purchased_purges":1,"victory":false,"max_hp_per_floor":[66,66,66,66,66,66,66,66,66,66,66,66,66,66,66,66,66,66,66,66,66,66,66,66,66,66,66,66],"relic_stats":{"counters":[12,56],"StoneCalendar":[52],"Pen Nib":[7],"Cursed Key":1,"obtain_stats":[{"TwistedFunnel":20,"Oddly Smooth Stone":12,"Enchiridion":22,"Molten Egg 2":7,"StoneCalendar":10,"Pen Nib":9,"Cursed Key":17,"Unceasing Top":26,"Ring of the Snake":0},{"TwistedFunnel":10,"Oddly Smooth Stone":6,"Enchiridion":11,"Molten Egg 2":4,"StoneCalendar":5,"Pen Nib":4,"Cursed Key":8,"Unceasing Top":11,"Ring of the Snake":0},{"TwistedFunnel":46,"Oddly Smooth Stone":24,"Enchiridion":51,"Molten Egg 2":16,"StoneCalendar":21,"Pen Nib":16,"Cursed Key":36,"Unceasing Top":51,"Ring of the Snake":0}],"Unceasing Top":[1],"Ring of the Snake":[24]},"card_choices":[{"not_picked":["Secret Technique","Secret Weapon"],"picked":"Apotheosis","floor":0},{"not_picked":["Expertise","Backflip"],"picked":"Poisoned Stab","floor":1},{"not_picked":["Flying Knee","Tactician"],"picked":"Deadly Poison","floor":3},{"not_picked":["Slice","Concentrate"],"picked":"Poisoned Stab","floor":4},{"not_picked":["Calculated Gamble","Bullet Time"],"picked":"Bane+1","floor":7},{"not_picked":["Flying Knee+1","Dodge and Roll","Slice+1"],"picked":"SKIP","floor":10},{"not_picked":["Dagger Throw+1","Caltrops"],"picked":"Footwork","floor":12},{"not_picked":["Underhanded Strike+1","Setup"],"picked":"Blade Dance","floor":14},{"not_picked":["Expertise","Sucker Punch+1"],"picked":"PiercingWail","floor":18},{"not_picked":["Blur","Acrobatics"],"picked":"PiercingWail","floor":19},{"not_picked":["Expertise","Flying Knee+1"],"picked":"Sucker Punch+1","floor":21}],"player_experience":1812042,"relics_obtained":[{"floor":7,"key":"Molten Egg 2"},{"floor":9,"key":"Pen Nib"},{"floor":10,"key":"StoneCalendar"},{"floor":12,"key":"Oddly Smooth Stone"},{"floor":22,"key":"Enchiridion"},{"floor":26,"key":"Unceasing Top"}],"event_choices":[{"cards_removed":["Strike_G"],"damage_healed":0,"gold_gain":0,"player_choice":"Purged","damage_taken":0,"max_hp_gain":0,"max_hp_loss":0,"event_name":"Purifier","floor":2,"gold_loss":0},{"damage_healed":0,"gold_gain":100,"player_choice":"Gold","damage_taken":0,"max_hp_gain":0,"max_hp_loss":0,"event_name":"Wheel of Change","floor":5,"gold_loss":0},{"damage_healed":0,"gold_gain":0,"player_choice":"Obtained Book","damage_taken":21,"max_hp_gain":0,"max_hp_loss":0,"event_name":"Cursed Tome","floor":22,"gold_loss":0},{"damage_healed":0,"gold_gain":0,"player_choice":"Read","damage_taken":0,"max_hp_gain":0,"max_hp_loss":0,"event_name":"The Library","floor":24,"gold_loss":0,"cards_obtained":["Accuracy"]}],"is_beta":true,"boss_relics":[{"not_picked":["Philosopher\u0027s Stone","Tiny House"],"picked":"Cursed Key"}],"items_purged_floors":[11],"is_endless":false,"potions_floor_spawned":[1,7,10,14,18,19,21],"killed_by":"Shelled Parasite and Fungi","ascension_level":20}}