{"host":"2wp95sdfrgw3k439","time":1612225128,"event":{"mods":["BaseMod","Better Altar","Better Skull","Better Third Choice","Curses Come First","Minty Spire (QoL Compilation)","Permanent Neow","StSLib"],"gold_per_floor":[109,109,122,122,137,137,312,342,342,342,360,360,460,470,470,566,566,548,564,81,93,93,93],"floor_reached":22,"language":"ENG","playtime":855,"items_purged":["Doubt"],"score":270,"play_id":"e73ca85a-e948-4795-a937-402f0b2e84fe","local_time":"20210201171848","is_ascension_mode":true,"campfire_choices":[{"data":"Rampage","floor":6,"key":"SMITH"},{"floor":10,"key":"REST"},{"floor":15,"key":"REST"}],"circlet_count":0,"master_deck":["Strike_R","Strike_R","Strike_R","Strike_R","Strike_R","Defend_R","Defend_R","Defend_R","Defend_R","Bash","Rampage+1","Thunderclap","Rupture","Exhume","Flex","Impervious","Infernal Blade+1","Cleave+1"],"relics":["Burning Blood","FossilizedHelix","Tiny Chest","Darkstone Periapt","Bag of Preparation","Pantograph","Cursed Key","Kunai","Sling"],"acts_visited":["Exordium","TheCity"],"potions_floor_usage":[8,14,16,19,21],"damage_taken":[{"damage":11,"enemies":"Jaw Worm","floor":1,"turns":4},{"damage":0,"enemies":"2 Louse","floor":3,"turns":3},{"damage":0,"enemies":"Small Slimes","floor":5,"turns":3},{"damage":40,"enemies":"3 Sentries","floor":8,"turns":9},{"damage":44,"enemies":"Gremlin Gang","floor":11,"turns":7},{"damage":15,"enemies":"Looter","floor":14,"turns":4},{"damage":74,"enemies":"The Guardian","floor":16,"turns":14},{"damage":11,"enemies":"2 Thieves","floor":18,"turns":4},{"damage":24,"enemies":"Spheric Guardian","floor":19,"turns":5},{"damage":19,"enemies":"Shelled Parasite and Fungi","floor":21,"turns":6},{"damage":54,"enemies":"Snecko","floor":22,"turns":4}],"seed_played":"-4814916013499343490","potions_obtained":[{"floor":5,"key":"Energy Potion"},{"floor":11,"key":"BloodPotion"},{"floor":14,"key":"BloodPotion"},{"floor":18,"key":"EntropicBrew"}],"is_trial":false,"path_per_floor":["M","?","M","?","M","R","?","E","T","R","M","T","?","M","R","B",null,"M","M","$","M","M"],"character_chosen":"IRONCLAD","items_purchased":["Kunai","Sling"],"campfire_rested":2,"item_purchase_floors":[20,20],"current_hp_per_floor":[46,21,27,53,59,59,59,25,25,49,11,11,11,18,42,15,64,59,41,41,28,0,0],"gold":93,"neow_bonus":"ONE_RARE_RELIC","is_daily":false,"chose_seed":false,"campfire_upgraded":1,"win_rate":0.0,"timestamp":1612225128,"path_taken":["M","?","M","?","?","R","?","E","T","R","M","?","?","M","R","BOSS","M","M","$","M","?"],"items_purchased_type":["Relic","Relic"],"build_version":"2020-12-22","purchased_purges":1,"victory":false,"max_hp_per_floor":[80,80,80,80,80,80,80,80,80,80,80,80,80,80,80,80,80,80,80,80,80,80,80],"card_choices":[{"not_picked":["Body Slam","Clothesline"],"picked":"Rampage","floor":1},{"not_picked":["Perfected Strike","Sever Soul"],"picked":"Thunderclap","floor":3},{"not_picked":["Thunderclap","Flex"],"picked":"Rupture","floor":5},{"not_picked":["Sword Boomerang","Rupture"],"picked":"Exhume","floor":8},{"not_picked":["Anger","Sword Boomerang"],"picked":"Flex","floor":11},{"not_picked":["Thunderclap","Clothesline","Flex"],"picked":"SKIP","floor":14},{"not_picked":["Fiend Fire","Double Tap"],"picked":"Impervious","floor":16},{"not_picked":["Perfected Strike","Shrug It Off+1"],"picked":"Infernal Blade+1","floor":18},{"not_picked":["Havoc+1","Perfected Strike"],"picked":"Cleave+1","floor":19},{"not_picked":["Armaments","Anger","Entrench"],"picked":"SKIP","floor":21}],"player_experience":528431,"relics_obtained":[{"floor":8,"key":"Darkstone Periapt"},{"floor":9,"key":"Bag of Preparation"},{"floor":12,"key":"Pantograph"}],"event_choices":[{"damage_healed":0,"gold_gain":0,"player_choice":"Relic ","damage_taken":25,"max_hp_gain":0,"max_hp_loss":0,"event_name":"betterThird:BetterScrap","floor":2,"gold_loss":0,"cards_obtained":["Meditate"]},{"damage_healed":26,"gold_gain":0,"player_choice":"Banana","damage_taken":0,"max_hp_gain":0,"max_hp_loss":0,"event_name":"Big Fish","floor":4,"gold_loss":0},{"damage_healed":0,"gold_gain":175,"player_choice":"AGREE","damage_taken":137,"max_hp_gain":0,"max_hp_loss":0,"event_name":"betterThird:BetterSerpent","floor":7,"gold_loss":0},{"damage_healed":0,"gold_gain":100,"player_choice":"Pray","damage_taken":0,"max_hp_gain":0,"max_hp_loss":0,"event_name":"Golden Shrine","floor":13,"gold_loss":0}],"is_beta":false,"boss_relics":[{"not_picked":["Busted Crown","Black Blood"],"picked":"Cursed Key"}],"items_purged_floors":[20],"is_endless":false,"potions_floor_spawned":[5,11,14,18],"killed_by":"Snecko","ascension_level":9}}