{"host":"dlyy4wv9zatha4f7","time":1612292888,"event":{"mods":["BaseMod","Better Third Choice","Colored Map","GifTheSpireLib","Minty Spire (QoL Compilation)","Spicy Shops","StSLib","SuperFastMode","Unceasing Turn Reminder"],"gold_per_floor":[368,368,386,386,3,38,38,64,118,128,128,128,78,78,78,173,173,192,205,0,10,10,36,36,36,36,66,16,44,44,62,62,162,162,180,80,98,115,164,164,194,194,194,194,220,238,52,62,62,62],"floor_reached":51,"language":"ENG","playtime":3250,"items_purged":["Strike_G","Regret","Strike_G","Shame","Strike_G","Strike_G","Strike_G"],"score":1129,"play_id":"b0d5c72b-3624-4720-8a77-6b505ae5044a","local_time":"20210202210808","is_ascension_mode":true,"campfire_choices":[{"floor":7.0,"key":"REST"},{"data":"Crippling Poison","floor":12.0,"key":"SMITH"},{"data":"Neutralize","floor":15.0,"key":"SMITH"},{"data":"Scrawl","floor":24.0,"key":"SMITH"},{"data":"The Bomb","floor":32.0,"key":"SMITH"},{"floor":40,"key":"REST"},{"floor":44,"key":"REST"},{"floor":49,"key":"REST"}],"circlet_count":0,"master_deck":["Defend_G","Defend_G","Defend_G","Defend_G","Survivor","Neutralize+1","Sucker Punch","Crippling Poison+1","PiercingWail","Dodge and Roll","Dagger Spray","Unload+1","Predator+1","PiercingWail+1","Scrawl+1","The Bomb+1","BattleHymn","Burst","Sunder+1","Crescendo+1","Shrug It Off+1","Quick Slash+1","Well Laid Plans","Seek"],"relics":["Ring of the Snake","WarpedTongs","Paper Crane","Toy Ornithopter","Lantern","Smiling Mask","PreservedInsect","Molten Egg 2","Philosopher\u0027s Stone","PrismaticShard","Orichalcum","Lizard Tail","MutagenicStrength","Kunai","Sundial","Strawberry","Fusion Hammer","Thread and Needle","Tingsha","Pear","Bronze Scales"],"acts_visited":["Exordium","TheCity","TheBeyond"],"potions_floor_usage":[39,50,50,50],"damage_taken":[{"damage":0.0,"enemies":"2 Louse","floor":1.0,"turns":3.0},{"damage":13.0,"enemies":"Cultist","floor":3.0,"turns":5.0},{"damage":18.0,"enemies":"Gremlin Nob","floor":6.0,"turns":6.0},{"damage":15.0,"enemies":"Lagavulin","floor":8.0,"turns":10.0},{"damage":0.0,"enemies":"Small Slimes","floor":10.0,"turns":4.0},{"damage":16.0,"enemies":"The Guardian","floor":16.0,"turns":20.0},{"damage":0.0,"enemies":"Spheric Guardian","floor":18.0,"turns":5.0},{"damage":0.0,"enemies":"3 Byrds","floor":19.0,"turns":3.0},{"damage":0.0,"enemies":"Snecko","floor":21.0,"turns":6.0},{"damage":1.0,"enemies":"Gremlin Leader","floor":23.0,"turns":4.0},{"damage":8.0,"enemies":"Book of Stabbing","floor":27.0,"turns":6.0},{"damage":3.0,"enemies":"Slavers","floor":29.0,"turns":4.0},{"damage":0.0,"enemies":"Cultist and Chosen","floor":31.0,"turns":5.0},{"damage":27.0,"enemies":"Champ","floor":33.0,"turns":13.0},{"damage":3,"enemies":"3 Shapes","floor":35,"turns":6},{"damage":0,"enemies":"3 Darklings","floor":37,"turns":3},{"damage":8,"enemies":"Sphere and 2 Shapes","floor":38,"turns":3},{"damage":12,"enemies":"2 Orb Walkers","floor":39,"turns":5},{"damage":0,"enemies":"Giant Head","floor":41,"turns":8},{"damage":6,"enemies":"Reptomancer","floor":45,"turns":3},{"damage":0,"enemies":"Transient","floor":46,"turns":5},{"damage":0,"enemies":"4 Shapes","floor":48,"turns":4},{"damage":52,"enemies":"Time Eater","floor":50,"turns":10}],"seed_played":"2268266174868093707","potions_obtained":[{"floor":3.0,"key":"Explosive Potion"},{"floor":10.0,"key":"SpeedPotion"},{"floor":19.0,"key":"Fruit Juice"},{"floor":27.0,"key":"SpeedPotion"},{"floor":29.0,"key":"CunningPotion"},{"floor":38,"key":"FearPotion"},{"floor":45,"key":"GamblersBrew"},{"floor":46,"key":"LiquidMemories"}],"is_trial":false,"path_per_floor":["M","?","M","?","$","E","R","E","T","M","?","R","$","?","R","B",null,"M","M","$","M","?","E","R","?","T","E","$","E","?","M","R","B",null,"M","$","M","M","?","R","E","?","T","R","E","M","$","M","R","B",null],"character_chosen":"THE_SILENT","items_purchased":["Paper Crane","PiercingWail","PrismaticShard","Well Laid Plans","CultistPotion"],"campfire_rested":4,"item_purchase_floors":[5,5,20,47,47],"current_hp_per_floor":[45,45,32,32,32,14,35,20,20,20,20,20,20,20,20,4,54,54,64,64,64,64,68,68,68,68,60,60,64,64,64,64,47,73,70,70,70,62,55,79,79,79,89,92,86,86,86,86,92,42],"gold":62,"neow_bonus":"TWO_FIFTY_GOLD","is_daily":false,"chose_seed":false,"campfire_upgraded":4,"win_rate":0.0,"timestamp":1612292888,"path_taken":["M","?","?","?","?","E","R","E","T","?","?","R","$","?","R","BOSS","M","M","$","?","?","E","R","?","T","E","$","E","?","M","R","BOSS","M","$","M","M","?","R","E","?","T","R","E","M","$","?","R","BOSS"],"items_purchased_type":["Relic","Card","Relic","Card","Potion"],"build_version":"2020-12-22","purchased_purges":7,"victory":true,"max_hp_per_floor":[70,70,70,70,70,70,70,70,70,70,70,70,70,70,70,70,70,70,75,75,75,75,75,75,75,75,75,75,82,82,82,82,82,82,82,82,82,82,82,82,82,82,92,92,92,92,92,92,92,92],"card_choices":[{"not_picked":["Acrobatics","Outmaneuver"],"picked":"Sucker Punch","floor":1.0},{"not_picked":["Cloak And Dagger","Blade Dance"],"picked":"Crippling Poison","floor":3.0},{"not_picked":["Backflip","Underhanded Strike"],"picked":"Slice","floor":6.0},{"not_picked":["Outmaneuver","Storm of Steel"],"picked":"Dodge and Roll","floor":8.0},{"not_picked":["PiercingWail","Deflect"],"picked":"Dagger Spray","floor":10.0},{"not_picked":["Malaise","Venomology"],"picked":"Unload+1","floor":16.0},{"not_picked":["Underhanded Strike+1","Sucker Punch+1"],"picked":"Predator+1","floor":18.0},{"not_picked":["Underhanded Strike+1","Dodge and Roll"],"picked":"PiercingWail+1","floor":19.0},{"not_picked":["ClearTheMind","Tactician+1"],"picked":"Scrawl","floor":21.0},{"not_picked":["Bloodletting+1","PathToVictory","Rebound+1"],"picked":"SKIP","floor":23.0},{"not_picked":["True Grit","Twin Strike+1"],"picked":"The Bomb","floor":27.0},{"not_picked":["Rampage+1","Hologram+1","Dodge and Roll"],"picked":"SKIP","floor":29.0},{"not_picked":["PathToVictory+1","Blade Dance"],"picked":"BattleHymn","floor":31.0},{"not_picked":["Die Die Die+1","Immolate+1"],"picked":"Burst","floor":33.0},{"not_picked":["EmptyFist+1","BattleHymn"],"picked":"Sunder+1","floor":35},{"not_picked":["Sucker Punch+1","Mind Blast+1"],"picked":"Crescendo+1","floor":37},{"not_picked":["Dagger Spray+1","Capacitor+1"],"picked":"Shrug It Off+1","floor":38},{"not_picked":["LikeWater","Gash+1","Expertise+1"],"picked":"SKIP","floor":41},{"not_picked":["Blizzard+1","Riddle With Holes+1","Intimidate"],"picked":"SKIP","floor":45},{"not_picked":["Blade Dance","Gash+1"],"picked":"Quick Slash+1","floor":46},{"not_picked":["Pommel Strike+1","Wild Strike+1"],"picked":"Seek","floor":48}],"player_experience":2264100,"relics_obtained":[{"floor":6.0,"key":"Toy Ornithopter"},{"floor":8.0,"key":"Lantern"},{"floor":9.0,"key":"Smiling Mask"},{"floor":23.0,"key":"Lizard Tail"},{"floor":26.0,"key":"Kunai"},{"floor":27.0,"key":"Sundial"},{"floor":29.0,"key":"Strawberry"},{"floor":39,"key":"Thread and Needle"},{"floor":41,"key":"Tingsha"},{"floor":43,"key":"Pear"},{"floor":45,"key":"Bronze Scales"}],"event_choices":[{"damage_healed":0.0,"max_hp_gain":0.0,"max_hp_loss":0.0,"gold_gain":0.0,"event_name":"Accursed Blacksmith","player_choice":"Rummage","floor":2.0,"gold_loss":0.0,"damage_taken":0.0,"relics_obtained":["WarpedTongs"],"cards_obtained":["Pain"]},{"cards_removed":["Pain"],"damage_healed":0.0,"max_hp_gain":0.0,"max_hp_loss":0.0,"gold_gain":0.0,"event_name":"Purifier","player_choice":"Purged","floor":4.0,"gold_loss":0.0,"damage_taken":0.0},{"damage_healed":0.0,"max_hp_gain":0.0,"max_hp_loss":0.0,"gold_gain":0.0,"event_name":"Big Fish","player_choice":"Box","floor":11.0,"gold_loss":0.0,"damage_taken":0.0,"relics_obtained":["PreservedInsect"],"cards_obtained":["Regret"]},{"cards_removed":["Slice"],"damage_healed":0.0,"max_hp_gain":0.0,"max_hp_loss":0.0,"gold_gain":0.0,"event_name":"WeMeetAgain","player_choice":"Gave Card","floor":14.0,"gold_loss":0.0,"damage_taken":0.0,"relics_obtained":["Molten Egg 2"]},{"damage_healed":0.0,"max_hp_gain":0.0,"max_hp_loss":0.0,"gold_gain":0.0,"event_name":"Addict","player_choice":"Stole Relic","floor":22.0,"gold_loss":0.0,"damage_taken":0.0,"relics_obtained":["Orichalcum"],"cards_obtained":["Shame"]},{"damage_healed":0.0,"max_hp_gain":0.0,"max_hp_loss":0.0,"gold_gain":0.0,"event_name":"Drug Dealer","player_choice":"Inject Mutagens","floor":25.0,"gold_loss":0.0,"damage_taken":0.0,"relics_obtained":["MutagenicStrength"]},{"damage_healed":0.0,"max_hp_gain":0.0,"max_hp_loss":0.0,"gold_gain":0.0,"event_name":"Ghosts","player_choice":"Ignored","floor":30.0,"gold_loss":0.0,"damage_taken":0.0},{"damage_healed":0,"gold_gain":0,"player_choice":"Fight","damage_taken":0,"max_hp_gain":0,"max_hp_loss":0,"event_name":"Mysterious Sphere","floor":39,"gold_loss":0},{"cards_removed":["Defend_G"],"damage_healed":0,"gold_gain":0,"player_choice":"Card Removal","damage_taken":0,"max_hp_gain":0,"max_hp_loss":0,"event_name":"Wheel of Change","floor":42,"gold_loss":0}],"is_beta":false,"boss_relics":[{"not_picked":["Velvet Choker","Coffee Dripper"],"picked":"Philosopher\u0027s Stone"},{"not_picked":["Busted Crown","WristBlade"],"picked":"Fusion Hammer"}],"items_purged_floors":[5,13,20,28,36,36,47],"is_endless":false,"potions_floor_spawned":[3,10,19,27,29,31,38,45,46,48],"ascension_level":9}}