{"host":"d52brwsy6af8zvaq","time":1612280386,"event":{"mods":["AchievementEnabler","BaseMod","Bestiary","Highlight Path","Minty Spire (QoL Compilation)","Quick Restart","Relic Stats","ojb\u0027s Better Paths Mod"],"gold_per_floor":[109,127,26,43,61,61,96,96,96,96,131,131,158,177,177,177,177],"floor_reached":16,"language":"ENG","playtime":822,"items_purged":["Strike_G"],"score":240,"play_id":"ebd33831-b468-43ad-b93b-2f993709fa30","local_time":"20210202083946","is_ascension_mode":true,"campfire_choices":[{"data":"Dagger Spray","floor":6.0,"key":"SMITH"},{"floor":8,"key":"REST"},{"data":"Poisoned Stab","floor":12,"key":"SMITH"},{"data":"Predator","floor":15,"key":"SMITH"}],"circlet_count":0,"master_deck":["AscendersBane","Strike_G","Strike_G","Strike_G","Strike_G","Defend_G","Defend_G","Defend_G","Defend_G","Defend_G","Survivor","Neutralize","Dagger Spray+1","Underhanded Strike","Poisoned Stab+1","Footwork+1","Cloak And Dagger","Burst","Calculated Gamble","Predator+1","Leg Sweep"],"relics":["Ring of the Snake","Vajra","HornCleat","WingedGreaves","MealTicket"],"acts_visited":["Exordium"],"potions_floor_usage":[7,11,13],"damage_taken":[{"damage":8.0,"enemies":"Jaw Worm","floor":1.0,"turns":7.0},{"damage":0.0,"enemies":"2 Louse","floor":2.0,"turns":2.0},{"damage":0.0,"enemies":"Cultist","floor":4.0,"turns":3.0},{"damage":17.0,"enemies":"Exordium Wildlife","floor":5.0,"turns":9.0},{"damage":19,"enemies":"3 Sentries","floor":7,"turns":10},{"damage":16,"enemies":"Gremlin Nob","floor":11,"turns":4},{"damage":10,"enemies":"3 Sentries","floor":13,"turns":8},{"damage":0,"enemies":"2 Fungi Beasts","floor":14,"turns":2},{"damage":29,"enemies":"Hexaghost","floor":16,"turns":13}],"seed_played":"1327687804058747330","potions_obtained":[{"floor":4.0,"key":"GamblersBrew"},{"floor":7,"key":"Fire Potion"},{"floor":11,"key":"Regen Potion"}],"is_trial":false,"path_per_floor":["M","M","$","M","M","R","E","R","T","?","E","R","E","M","R","B"],"character_chosen":"THE_SILENT","items_purchased":["Poisoned Stab"],"campfire_rested":1,"item_purchase_floors":[3],"current_hp_per_floor":[57,57,57,57,40,40,21,42,42,42,26,26,28,28,28,0,0],"gold":177,"neow_bonus":"TEN_PERCENT_HP_BONUS","is_daily":false,"chose_seed":false,"campfire_upgraded":3,"win_rate":0.0,"timestamp":1612280386,"path_taken":["M","M","$","M","M","R","E","R","T","?","E","R","E","M","R","BOSS"],"items_purchased_type":["Card"],"build_version":"2020-12-22","purchased_purges":1,"victory":false,"max_hp_per_floor":[72,72,72,72,72,72,72,72,72,72,72,72,72,72,72,72,72],"relic_stats":{"counters":[9,58],"MealTicket":0,"obtain_stats":[{"HornCleat":9,"Vajra":7,"MealTicket":13,"WingedGreaves":11,"Ring of the Snake":0},{"HornCleat":5,"Vajra":5,"MealTicket":7,"WingedGreaves":6,"Ring of the Snake":0},{"HornCleat":31,"Vajra":31,"MealTicket":43,"WingedGreaves":35,"Ring of the Snake":0}],"Ring of the Snake":[18]},"card_choices":[{"not_picked":["Deadly Poison","Bane"],"picked":"Dagger Spray","floor":1.0},{"not_picked":["Backstab","Backflip"],"picked":"Underhanded Strike","floor":2.0},{"not_picked":["Tactician","Cloak And Dagger"],"picked":"Footwork","floor":4.0},{"not_picked":["Dagger Spray","Accuracy"],"picked":"Cloak And Dagger","floor":5.0},{"not_picked":["Calculated Gamble","Bane"],"picked":"Burst","floor":7},{"not_picked":["Acrobatics","Heel Hook"],"picked":"Calculated Gamble","floor":11},{"not_picked":["Dagger Spray","Leg Sweep"],"picked":"Predator","floor":13},{"not_picked":["Night Terror","Predator"],"picked":"Leg Sweep","floor":14}],"player_experience":2120725,"relics_obtained":[{"floor":7,"key":"Vajra"},{"floor":9,"key":"HornCleat"},{"floor":11,"key":"WingedGreaves"},{"floor":13,"key":"MealTicket"}],"event_choices":[{"damage_healed":0,"gold_gain":0,"player_choice":"Grow","damage_taken":0,"max_hp_gain":0,"max_hp_loss":0,"event_name":"Living Wall","floor":10,"gold_loss":0,"cards_upgraded":["Footwork"]}],"is_beta":false,"boss_relics":[],"items_purged_floors":[3],"is_endless":false,"potions_floor_spawned":[4,7,11],"killed_by":"Hexaghost","ascension_level":20}}