{"host":"3y33rrrkia6pkpow","time":1612233759,"event":{"mods":["2.2 Compatiblity","AchievementEnabler","Act Like it!","BaseMod","BetterRewards","Block Reminder","Colored Map","Colored Powertips","DeckTracker","Faster Ascension Climbing","Gensokyo","Highlight Path","Infinite Spire","Minty Spire (QoL Compilation)","Quick Restart","Rare Cards Sparkle","Replay The Spire","Shop Mod","Spicy Shops","StSLib","Synergy Search","The Animator","The Blue Laboratory","Unknown Chances"],"gold_per_floor":[114,143,154,154,174,174,209,209,232,244,261,261,261,287,287,287,287,377,377,397,414,129,129,129],"floor_reached":23,"language":"ENG","playtime":2627,"items_purged":["CommonCold"],"score":402,"play_id":"5fc15a67-6364-4b4d-8212-1d79aaee606d","local_time":"20210201204239","is_ascension_mode":true,"campfire_choices":[{"data":"animator:Arpeggio","floor":6,"key":"SMITH"},{"floor":8,"key":"REST"},{"floor":13,"key":"REST"},{"floor":17,"key":"REST"}],"circlet_count":0,"master_deck":["AscendersBane","animator:Strike_TenSura","animator:Defend_TenSura+1","animator:Strike","animator:Strike","animator:Strike","animator:Defend","animator:Defend","animator:Defend","animator:Benimaru","animator:Shuna","animator:Arpeggio+1","animator:ElricEdward","animator:Cirno","animator:Scar","animator:Kaijin","animator:Millim+1","animator:AliceMargatroid","animator:MarisaKirisame","animator:MarisaKirisame","animator:YuukaKazami","animator:Benimaru","animator:Rimuru","animator:SanaeKochiya","animator:Arpeggio+1","animator:RoyMustang"],"relics":["animator:LivingPicture","animator:TheMissingPiece","animator:PurgingStone","Replay:Bottled Snecko","infinitespire:Satchel","animator:Buoy","Velvet Choker","Toy Ornithopter"],"acts_visited":["Exordium","TheCity"],"potions_floor_usage":[18,23],"damage_taken":[{"damage":1,"enemies":"Jaw Worm","floor":1,"turns":4},{"damage":6,"enemies":"infinitespire:Voidling","floor":2,"turns":3},{"damage":3,"enemies":"2 Louse","floor":3,"turns":2},{"damage":4,"enemies":"Blue Slaver","floor":5,"turns":4},{"damage":34,"enemies":"3 Sentries","floor":7,"turns":6},{"damage":12,"enemies":"2 Fungi Beasts","floor":10,"turns":3},{"damage":4,"enemies":"Red Slaver","floor":11,"turns":3},{"damage":6,"enemies":"Replay:BlueRogue","floor":14,"turns":4},{"damage":22,"enemies":"The Guardian","floor":18,"turns":7},{"damage":38,"enemies":"2 Thieves","floor":20,"turns":4},{"damage":9,"enemies":"Chosen","floor":21,"turns":4},{"damage":13,"enemies":"Centurion and Healer","floor":23,"turns":3}],"seed_played":"-9015539784012769849","potions_obtained":[{"floor":5,"key":"blueLaboratory:RememoryPotion"},{"floor":7,"key":"Adrenaline Potion"},{"floor":18,"key":"blueLaboratory:NullPotion"}],"is_trial":false,"path_per_floor":["M","M","M","?","M","R","E","R","T","M","M","?","R","E","PTL","PTL","R","B",null,"M","M","$","M"],"character_chosen":"THE_ANIMATOR","items_purchased":["animator:Arpeggio","animator:ElricEdward","animator:Cirno","Toy Ornithopter","animator:RoyMustang"],"campfire_rested":3,"item_purchase_floors":[0,0,0,22,22],"current_hp_per_floor":[47,46,44,44,40,40,6,24,24,12,8,8,26,20,20,20,38,16,50,12,3,3,0,0],"gold":129,"neow_bonus":"","is_daily":false,"chose_seed":true,"campfire_upgraded":1,"win_rate":0.0,"timestamp":1612233759,"path_taken":["M","M","M","?","?","R","E","R","T","M","M","?","R","E","PTL","PTL","R","BOSS","M","M","$","M"],"items_purchased_type":["Card","Card","Card","Relic","Card"],"build_version":"2020-12-22","purchased_purges":1,"victory":false,"max_hp_per_floor":[60,60,61,61,61,61,61,61,61,61,61,61,61,61,61,61,61,61,61,61,61,61,61,61],"card_choices":[{"not_picked":["animator:Darkness","animator:RoyMustang"],"picked":"animator:Scar","floor":1},{"not_picked":["animator:OrikoMikuni","animator:Aqua"],"picked":"animator:Kaijin","floor":2},{"not_picked":["animator:Shion","animator:DolaRiku"],"picked":"animator:Millim","floor":3},{"not_picked":["animator:Hakurou","animator:Shuna"],"picked":"animator:Millim","floor":5},{"not_picked":["animator:Hinaichigo","animator:Jibril"],"picked":"animator:MarisaKirisame","floor":7},{"not_picked":["animator:ChlammyZell","animator:TomoeKashiwaba"],"picked":"animator:MarisaKirisame","floor":10},{"not_picked":["animator:Tyuule","animator:TomoeKashiwaba"],"picked":"animator:YuukaKazami","floor":11},{"not_picked":["animator:Millim","animator:Shuna"],"picked":"animator:Benimaru","floor":14},{"not_picked":["animator:Shiro","animator:Sora"],"picked":"animator:Rimuru","floor":18},{"not_picked":["animator:MetalKnight","animator:AliceMargatroid"],"picked":"animator:SanaeKochiya","floor":20},{"not_picked":["animator:Shirosaki","animator:Darkness"],"picked":"animator:Arpeggio+1","floor":21}],"player_experience":952222,"relics_obtained":[{"floor":7,"key":"Replay:Bottled Snecko"},{"floor":9,"key":"infinitespire:Satchel"},{"floor":14,"key":"animator:Buoy"}],"event_choices":[{"damage_healed":0,"gold_gain":0,"player_choice":"2 cards matched","damage_taken":0,"max_hp_gain":0,"max_hp_loss":0,"event_name":"Match and Keep!","floor":4,"gold_loss":0,"cards_obtained":["animator:AliceMargatroid","CommonCold"]}],"is_beta":false,"boss_relics":[{"not_picked":["Replay:Bronze Core","Coffee Dripper"],"picked":"Velvet Choker"}],"items_purged_floors":[22],"is_endless":false,"potions_floor_spawned":[5,7,11,18],"killed_by":"Centurion and Healer","ascension_level":20}}