{"host":"pi8b3ffzwvxqztac","time":1612261864,"event":{"mods":["BaseMod","Colored Map","Custom Start","Downfall","Minty Spire (QoL Compilation)","StSLib"],"gold_per_floor":[99,109,109,109,19,19,44,58,92,110,10,0,0,16,34,130,130,30,40,50,50,50,62,85,85,100,50,60,89,89,89,101,200,200,100,85,99,109,109,109,109,159,39,49,49,63,63,63,76,76,76,109,31,31,31,31,31],"floor_reached":55,"language":"ENG","playtime":3566,"items_purged":["downfall:Malfunctioning"],"score":884,"play_id":"c7b66eb8-20d9-42d4-bad3-2b788d90e649","local_time":"20210202233104","is_ascension_mode":true,"campfire_choices":[{"floor":1,"key":"RECALL"},{"data":"champ:Taunt","floor":6,"key":"SMITH"},{"data":"champ:EnragedBash","floor":11,"key":"SMITH"},{"floor":13,"key":"REST"},{"data":"champ:Shatter","floor":18,"key":"SMITH"},{"data":"champ:Devastate","floor":25,"key":"SMITH"},{"data":"champ:FanOfKnives","floor":30,"key":"SMITH"},{"data":"champ:EnchantCrown","floor":35,"key":"SMITH"},{"data":"champ:DefensiveShout","floor":40,"key":"SMITH"},{"floor":47,"key":"REST"},{"floor":54,"key":"REST"}],"circlet_count":0,"master_deck":["champ:Strike+1","champ:Strike+1","champ:Strike","champ:Strike","champ:Defend+1","champ:Defend+1","champ:Defend","champ:Defend","champ:Execute+1","champ:Taunt+1","champ:EnragedBash+1","champ:Shatter+1","champ:SkillfulDodge","champ:StanceDance","champ:PerfectedStrike","champ:PerfectedStrike","champ:Devastate+1","champ:IronFortress","champ:GutPunch","champ:GutPunch","champ:BerserkersShout","champ:FanOfKnives+1","champ:CrownThrow","champ:EnchantCrown+1","champ:BringItOn","champ:StanceDance","champ:DefensiveShout+1","champ:Shatter+1","champ:GladiatorStyle","expansioncontent:DashGenerateEvil","champ:EnGarde","champ:BringItOn","expansioncontent:AwakenDeath","champ:AdrenalArmor+1","champ:FaceSlap","champ:TripleStrike"],"relics":["champ:ChampionCrown","Orichalcum","Blue Candle","champ:DefensiveTrainingManual","Omamori","downfall:HeartBlessingGreen","Calling Bell","Lantern","HornCleat","Guardian:GemstoneGun","downfall:HeartBlessingRed","MutagenicStrength","WarpedTongs","Whetstone","Nunchaku","SlaversCollar","downfall:HeartBlessingBlue","Akabeko","hexamod:Sixitude","Mummified Hand","Pocketwatch"],"acts_visited":["Exordium","TheCity","TheBeyond","TheEnding"],"potions_floor_usage":[15,19,33,37,49,50,50],"damage_taken":[{"damage":15,"enemies":"Small Slimes","floor":2,"turns":5},{"damage":16,"enemies":"downfall:FleeingMerchant","floor":5,"turns":4},{"damage":22,"enemies":"Jaw Worm","floor":8,"turns":4},{"damage":90,"enemies":"Lagavulin","floor":9,"turns":9},{"damage":10,"enemies":"2 Louse","floor":10,"turns":2},{"damage":31,"enemies":"downfall:FleeingMerchant","floor":12,"turns":4},{"damage":20,"enemies":"Exordium Thugs","floor":14,"turns":4},{"damage":20,"enemies":"Exordium Wildlife","floor":15,"turns":3},{"damage":60,"enemies":"WA_ARCHETYPE_RETAIN","floor":16,"turns":8},{"damage":16,"enemies":"3 Byrds","floor":19,"turns":6},{"damage":12,"enemies":"Chosen","floor":20,"turns":4},{"damage":9,"enemies":"3 Cultists","floor":23,"turns":5},{"damage":15,"enemies":"Centurion and Healer","floor":26,"turns":3},{"damage":10,"enemies":"Cultist and Chosen","floor":28,"turns":4},{"damage":38,"enemies":"Book of Stabbing","floor":29,"turns":4},{"damage":5,"enemies":"Snake Plant","floor":32,"turns":2},{"damage":86,"enemies":"IC_MUSHROOM_ARCHETYPE","floor":33,"turns":7},{"damage":15,"enemies":"downfall:FleeingMerchant","floor":36,"turns":4},{"damage":33,"enemies":"3 Darklings","floor":37,"turns":5},{"damage":0,"enemies":"3 Shapes","floor":38,"turns":3},{"damage":16,"enemies":"3 Shapes","floor":42,"turns":4},{"damage":15,"enemies":"downfall:FleeingMerchant","floor":43,"turns":4},{"damage":52,"enemies":"Maw","floor":44,"turns":6},{"damage":40,"enemies":"Writhing Mass","floor":46,"turns":5},{"damage":24,"enemies":"Transient","floor":49,"turns":5},{"damage":62,"enemies":"SI_POISON_ARCHETYPE","floor":50,"turns":13},{"damage":146,"enemies":"downfall:CharBossMerchant","floor":52,"turns":8},{"damage":143,"enemies":"downfall:NeowBoss","floor":55,"turns":11}],"seed_played":"-3018809985467145501","potions_obtained":[{"floor":10,"key":"SkillPotion"},{"floor":14,"key":"EssenceOfSteel"},{"floor":15,"key":"Energy Potion"},{"floor":16,"key":"Dexterity Potion"},{"floor":26,"key":"champ:OpenerPotion"},{"floor":29,"key":"Swift Potion"},{"floor":37,"key":"sneckomod:MuddlingPotion"},{"floor":42,"key":"LiquidBronze"},{"floor":44,"key":"champ:CounterPotion"},{"floor":46,"key":"AttackPotion"}],"is_trial":false,"path_per_floor":["R","M","?","?","$","R","T","M","E","M","R","$","R","M","M","B",null,"R","M","M","?","?","M","T","R","M","?","M","E","R","T","M","B",null,"R","$","M","M","?","R","T","?","$","M","?","M","R","?","M","B",null,"E","$","R","B"],"character_chosen":"THE_CHAMP","items_purchased":["Mummified Hand","champ:GladiatorStyle","expansioncontent:DashGenerateEvil","champ:TripleStrike"],"campfire_rested":3,"item_purchase_floors":[43,43,43,53],"current_hp_per_floor":[90,90,85,85,84,84,84,82,32,32,32,28,55,55,55,25,74,74,73,66,66,66,62,62,62,62,90,90,72,72,72,72,11,70,80,80,77,77,87,87,87,86,86,64,64,44,70,70,66,64,81,26,26,52,0,0,0],"gold":31,"neow_bonus":"RANDOM_COMMON_RELIC","is_daily":false,"chose_seed":false,"campfire_upgraded":7,"win_rate":0.0,"timestamp":1612261864,"path_taken":["R","M","?","?","$","R","T","M","E","M","R","$","R","M","M","BOSS","R","M","M","?","?","?","T","R","M","?","M","E","R","?","M","BOSS","R","$","M","M","?","R","T","?","$","M","?","?","R","?","M","BOSS","E","$","R","BOSS"],"items_purchased_type":["Relic","Card","Card","Card"],"build_version":"2020-12-22","purchased_purges":1,"victory":false,"max_hp_per_floor":[90,90,90,90,90,90,90,90,90,90,90,90,90,90,90,90,90,90,90,90,90,90,90,90,90,90,90,90,90,90,90,90,90,90,100,100,100,100,87,87,87,87,87,87,87,87,87,87,87,87,87,87,87,87,87,87,87],"card_choices":[{"not_picked":["champ:BerserkersShout","champ:Circumvent"],"picked":"champ:EnragedBash","floor":2},{"not_picked":["champ:RisingSlash","champ:BladeFlurry","champ:Backstep"],"picked":"SKIP","floor":5},{"not_picked":["champ:CrookedStrike","champ:ArenaPreparation"],"picked":"champ:Shatter","floor":8},{"not_picked":["champ:DancingMaster","champ:Circumvent"],"picked":"champ:SkillfulDodge","floor":9},{"not_picked":["champ:TornadoPunch","champ:SkillfulDodge","champ:Haymaker"],"picked":"SKIP","floor":10},{"not_picked":["champ:TornadoPunch","champ:PerfectedStrike"],"picked":"champ:StanceDance","floor":12},{"not_picked":["champ:TornadoPunch","champ:FaceSlap"],"picked":"champ:PerfectedStrike","floor":14},{"not_picked":["champ:BerserkersShout","champ:BringItOn"],"picked":"champ:PerfectedStrike","floor":15},{"not_picked":["champ:ShieldThrow","champ:SteelEdge"],"picked":"champ:Devastate","floor":16},{"not_picked":["champ:PreemptiveStrike","champ:EnGarde"],"picked":"champ:IronFortress","floor":19},{"not_picked":["champ:Encircle","champ:FaceSlap"],"picked":"champ:GutPunch","floor":20},{"not_picked":["champ:TornadoPunch","champ:Encircle"],"picked":"champ:GutPunch","floor":23},{"not_picked":["champ:RisingSlash","champ:EnchantShield"],"picked":"champ:BerserkersShout","floor":26},{"not_picked":["champ:TornadoPunch","champ:EnGarde+1"],"picked":"champ:FanOfKnives","floor":28},{"not_picked":["champ:TornadoPunch+1","champ:SwordThrow","champ:RageSigil"],"picked":"SKIP","floor":29},{"not_picked":["champ:GutPunch","champ:BerserkersShout"],"picked":"champ:CrownThrow","floor":32},{"not_picked":["champ:ShieldThrow","champ:VampiricStrike"],"picked":"champ:EnchantCrown","floor":33},{"not_picked":["champ:BerserkersShout","champ:GutPunch"],"picked":"champ:BringItOn","floor":36},{"not_picked":["champ:Circumvent+1","champ:FocusedDefense"],"picked":"champ:StanceDance","floor":37},{"not_picked":["champ:RageSigil","champ:FanOfKnives"],"picked":"champ:DefensiveShout","floor":38},{"not_picked":["champ:BerserkersShout","champ:ShieldSigil+1"],"picked":"champ:Shatter+1","floor":43},{"not_picked":["champ:HeartStrike","champ:BladeFlurry+1"],"picked":"champ:EnGarde","floor":44},{"not_picked":["champ:VampiricStrike","champ:Haymaker"],"picked":"champ:BringItOn","floor":46},{"not_picked":["expansioncontent:InvincibleStrength","expansioncontent:HyperBeam"],"picked":"expansioncontent:AwakenDeath","floor":48},{"not_picked":["champ:CrownThrow","champ:Haymaker+1"],"picked":"champ:AdrenalArmor+1","floor":49},{"not_picked":["champ:BladeFlurry+1","champ:ShieldSlam"],"picked":"champ:FaceSlap","floor":52}],"player_experience":689710,"relics_obtained":[{"floor":7,"key":"champ:DefensiveTrainingManual"},{"floor":9,"key":"Omamori"},{"floor":17,"key":"Lantern"},{"floor":17,"key":"HornCleat"},{"floor":17,"key":"Guardian:GemstoneGun"},{"floor":29,"key":"Whetstone"},{"floor":31,"key":"Nunchaku"},{"floor":41,"key":"Akabeko"},{"floor":42,"key":"hexamod:Sixitude"},{"floor":52,"key":"Pocketwatch"}],"event_choices":[{"damage_healed":0,"gold_gain":0,"player_choice":"Inject Mutagens","damage_taken":0,"relics_obtained":["MutagenicStrength"],"max_hp_gain":0,"max_hp_loss":0,"event_name":"Drug Dealer","floor":21,"gold_loss":0},{"damage_healed":0,"gold_gain":0,"player_choice":"Rummage","damage_taken":0,"relics_obtained":["WarpedTongs"],"max_hp_gain":0,"max_hp_loss":0,"event_name":"Accursed Blacksmith","floor":22,"gold_loss":0,"cards_obtained":["Pain"]}],"is_beta":false,"boss_relics":[{"not_picked":["Black Star","Pandora\u0027s Box"],"picked":"Calling Bell"},{"not_picked":["SacredBark","Snecko Eye"],"picked":"SlaversCollar"}],"items_purged_floors":[5],"is_endless":false,"potions_floor_spawned":[10,14,15,16,26,29,32,37,42,44,46],"killed_by":"downfall:NeowBoss","ascension_level":5}}