{"host":"hcg2wesxzfo46upw","time":1612303945,"event":{"mods":["2.2 Compatiblity","AchievementEnabler","Act Like it!","Aspiration","BaseMod","Beaked The Cultist","Better Altar","Better Match","Better Note","Better Sensory Stone","Better Skull","Better Third Choice","ChefMod","Clockwork Mod","Conspire","Downfall","Elementarium","Gensokyo","GifTheSpireLib","Glutton Mod","Hubris","Infinite Spire","Jedi Mod","Mad Scientist","Minty Spire (QoL Compilation)","Pale of the Ancients","Reliquary","Replay The Spire","Shade Mod","Spicy Shops","Spikes Relics","StSLib","Stuff the Spire","The Blackbeard","The Bug Knight","The Construct","The Cursed","The Death Knight","The Disciple","The Edgeheg","The Jungle","The Necromancer","The Runesmith","Wandering Minibosses"],"gold_per_floor":[117,60,71,81,96,96,146,146,146,1,1,31,43,58,58,162,162,179,179,179,31,46,46,61,61,61,74,74,92,92,174,234,234,234],"floor_reached":33,"language":"ENG","playtime":1466,"items_purged":[],"score":247,"play_id":"ce765650-d36e-49e7-bb9e-a0e3cb835a52","local_time":"20210202231225","is_ascension_mode":false,"campfire_choices":[{"floor":6,"key":"REST"},{"data":"Demon Form","floor":8,"key":"SMITH"},{"data":"Cleave","floor":11,"key":"SMITH"},{"data":"infinitespire:OneForAll","floor":15,"key":"SMITH"},{"floor":23,"key":"REST"},{"data":"Perfected Strike","floor":25,"key":"SMITH"},{"data":"Replay:Many Hands","floor":30,"key":"SMITH"}],"circlet_count":0,"master_deck":["Strike_R+1","Strike_R","Strike_R","Strike_R","Strike_R","Defend_R","Defend_R","Defend_R","Defend_R","Bash","Cleave+1","StuffTheSpire:Incineration","Shrug It Off+1","Demon Form+1","StuffTheSpire:Incineration","infinitespire:OneForAll+1","Cleave","Wild Strike","Immolate","Replay:Undeath\u0027s Touch","Flame Barrier","Perfected Strike+1","Replay:Many Hands+1","DeathKnight:GargoyleSkin","Flex+1","Inflame"],"relics":["Burning Blood","aspiration:Nostalgia","sneckomod:SneckoSoul","Smiling Mask","reliquary:Buckler","StuffTheSpire:Tea","DollysMirror","StuffTheSpire:Expresso","bronze:MakeshiftBattery","Pocketwatch","Philosopher\u0027s Stone","jedi:gremlinknob","wanderingMiniBosses:CarrionFlame","reliquary:QuartzCube","reliquary:PurpleTingedLeaf"],"acts_visited":["Exordium","TheCity"],"potions_floor_usage":[16,16,24,33,33],"damage_taken":[{"damage":2,"enemies":"2 Louse","floor":1,"turns":3},{"damage":5,"enemies":"Cultist","floor":3,"turns":4},{"damage":5,"enemies":"Jaw Worm","floor":4,"turns":4},{"damage":5,"enemies":"3 Louse","floor":5,"turns":2},{"damage":17,"enemies":"HollowMod:MossKnight","floor":12,"turns":5},{"damage":25,"enemies":"Exordium Wildlife","floor":13,"turns":4},{"damage":20,"enemies":"Exordium Thugs","floor":14,"turns":4},{"damage":1,"enemies":"Slime Boss","floor":16,"turns":7},{"damage":10,"enemies":"Chosen","floor":18,"turns":4},{"damage":60,"enemies":"conspire:FuzzyDice","floor":22,"turns":6},{"damage":0,"enemies":"Centurion and Healer","floor":24,"turns":5},{"damage":9,"enemies":"conspire:HollyBat","floor":27,"turns":4},{"damage":4,"enemies":"Shelled Parasite and Fungi","floor":29,"turns":2},{"damage":60,"enemies":"Collector","floor":33,"turns":5}],"seed_played":"7955225892331246009","potions_obtained":[{"floor":4,"key":"SpeedPotion"},{"floor":5,"key":"jedi:tentaclejuice"},{"floor":12,"key":"SpeedPotion"},{"floor":22,"key":"SkillPotion"},{"floor":24,"key":"DuplicationPotion"},{"floor":29,"key":"Swift Potion"},{"floor":32,"key":"PowerPotion"},{"floor":32,"key":"sneckomod:MuddlingPotion"}],"is_trial":false,"path_per_floor":["M","?","M","M","M","R","T","R","T","$","R","E","M","M","R","B",null,"M","?","AVR","$","M","R","M","R","T","M","?","M","R","T","R","B"],"character_chosen":"IRONCLAD","items_purchased":["DollysMirror","jedi:gremlinknob"],"campfire_rested":2,"item_purchase_floors":[10,21],"current_hp_per_floor":[80,80,80,80,80,80,80,80,80,80,80,69,50,36,36,41,80,76,76,76,76,22,46,52,52,52,49,49,51,51,51,51,0,0],"gold":234,"neow_bonus":"NOSTALGIA","is_daily":false,"chose_seed":false,"campfire_upgraded":5,"win_rate":0.0,"timestamp":1612303945,"path_taken":["M","?","M","M","?","R","?","R","T","$","R","E","M","M","R","BOSS","M","?","AVR","?","M","R","M","R","T","?","?","M","R","?","R","BOSS"],"items_purchased_type":["Relic","Relic"],"build_version":"2020-12-22","purchased_purges":0,"victory":false,"max_hp_per_floor":[80,80,80,80,80,80,80,80,80,80,80,80,80,80,80,80,80,80,80,80,80,80,80,80,80,80,80,80,80,80,80,80,80,80],"card_choices":[{"not_picked":["Havoc","jedi:suffering"],"picked":"Cleave","floor":1},{"not_picked":["Cleave","True Grit"],"picked":"StuffTheSpire:Incineration","floor":3},{"not_picked":["True Grit","Evolve"],"picked":"Shrug It Off","floor":4},{"not_picked":["Uppercut","hubris:SharpeningStone"],"picked":"Demon Form","floor":5},{"not_picked":["Invigoration","Reckless Charge"],"picked":"infinitespire:OneForAll","floor":12},{"not_picked":["jedi:fear","StuffTheSpire:Incineration"],"picked":"Cleave","floor":13},{"not_picked":["Twin Strike","Anger"],"picked":"Wild Strike","floor":14},{"not_picked":["Corruption","conspire:Purge"],"picked":"Immolate","floor":16},{"not_picked":["hubris:SharpeningStone","jedi:fear+1"],"picked":"Replay:Undeath\u0027s Touch","floor":18},{"not_picked":["Invigoration+1","Run Through"],"picked":"Flame Barrier","floor":22},{"not_picked":["Body Slam+1","Headbutt"],"picked":"Perfected Strike","floor":24},{"not_picked":["Perfected Strike","Havoc+1"],"picked":"Replay:Many Hands","floor":27},{"not_picked":["Clash","Havoc"],"picked":"Flex+1","floor":29},{"not_picked":["Sever Soul","StuffTheSpire:RockThrow"],"picked":"Inflame","floor":32}],"player_experience":249537,"relics_obtained":[{"floor":7,"key":"reliquary:Buckler"},{"floor":9,"key":"StuffTheSpire:Tea"},{"floor":12,"key":"StuffTheSpire:Expresso"},{"floor":24,"key":"wanderingMiniBosses:CarrionFlame"},{"floor":26,"key":"reliquary:QuartzCube"},{"floor":31,"key":"reliquary:PurpleTingedLeaf"}],"event_choices":[{"damage_healed":0,"gold_gain":0,"player_choice":"Paid Gold","damage_taken":0,"relics_obtained":["Smiling Mask"],"max_hp_gain":0,"max_hp_loss":0,"event_name":"WeMeetAgain","floor":2,"gold_loss":57},{"cards_removed":["Bash"],"damage_healed":0,"gold_gain":0,"player_choice":"Give","damage_taken":0,"max_hp_gain":0,"max_hp_loss":0,"event_name":"betterNote:BetterNote","floor":19,"gold_loss":0,"cards_obtained":["Shade:Defend_Shade"]},{"damage_healed":0,"gold_gain":0,"player_choice":"Read","damage_taken":0,"max_hp_gain":0,"max_hp_loss":0,"event_name":"The Library","floor":28,"gold_loss":0,"cards_obtained":["DeathKnight:GargoyleSkin"]}],"is_beta":false,"boss_relics":[{"not_picked":["Replay:Drink Me","Calling Bell"],"picked":"bronze:MakeshiftBattery"}],"items_purged_floors":[],"is_endless":false,"potions_floor_spawned":[4,5,12,22,24,29],"killed_by":"Collector","ascension_level":0}}