{"host":"bg0cyinkrjnqf173","time":1612238389,"event":{"mods":["2.2 Compatiblity","Aspiration","BaseMod","Beaked The Cultist","Better Third Choice","BetterRewards","Colored Map","Conspire","Curses Come First","Defuse TimeMaze Blight","Displayed Cursed Tome","Googly Eyes","Halation","Hubris","Infinite Spire","Jedi Mod","Minty Spire (QoL Compilation)","Permanent Neow","Quick Restart","Rare Cards Sparkle","Relic Sorter","Replay The Spire","Shop Mod","Spicy Shops","Spikes Relics","StSLib","The Bladedancer","The Construct","The Valiant"],"gold_per_floor":[116,116,41,56,86,86,86],"floor_reached":6,"language":"ENG","playtime":396,"items_purged":["infinitespire:Pacifist"],"score":36,"play_id":"36d43c64-4dcc-4f34-ad33-2b0de984506a","local_time":"20210201225949","is_ascension_mode":true,"campfire_choices":[],"circlet_count":0,"master_deck":["Strike_G","Strike_G","Strike_G","Strike_G","Strike_G","Defend_G","Defend_G","Defend_G","Defend_G","Defend_G","Survivor","Neutralize","ReplayTheSpireMod:The Works","Dagger Throw","Hidden Blade"],"relics":["Ring of the Snake","hubris:GlazedTorus","halation:EternalFortune","Winged Necklace"],"acts_visited":["Exordium"],"potions_floor_usage":[],"damage_taken":[{"damage":8,"enemies":"2 Louse","floor":1,"turns":4},{"damage":5,"enemies":"Small Slimes","floor":4,"turns":3},{"damage":29,"enemies":"conspire:MimicChest","floor":5,"turns":7},{"damage":34,"enemies":"Gremlin Nob","floor":6,"turns":4}],"seed_played":"-3739454004817878206","potions_obtained":[],"is_trial":false,"path_per_floor":["M","?","$","M","?","E"],"character_chosen":"THE_SILENT","items_purchased":[],"campfire_rested":0,"item_purchase_floors":[],"current_hp_per_floor":[62,65,65,60,31,0,0],"gold":86,"neow_bonus":"ONE_RARE_RELIC","is_daily":false,"chose_seed":false,"campfire_upgraded":0,"win_rate":0.0,"timestamp":1612238389,"path_taken":["M","?","$","M","?","E"],"items_purchased_type":[],"build_version":"2020-12-22","purchased_purges":1,"victory":false,"max_hp_per_floor":[70,73,73,73,73,73,73],"card_choices":[{"not_picked":["Hidden Blade","PiercingWail"],"picked":"ReplayTheSpireMod:The Works","floor":1},{"not_picked":["jedi:poisonivy","jedi:acidrain"],"picked":"Dagger Throw","floor":4},{"not_picked":["Poisoned Stab","Acrobatics"],"picked":"Hidden Blade","floor":5}],"player_experience":757192,"relics_obtained":[{"floor":5,"key":"Winged Necklace"}],"event_choices":[],"is_beta":false,"boss_relics":[],"items_purged_floors":[3],"is_endless":false,"potions_floor_spawned":[],"killed_by":"Gremlin Nob","ascension_level":1}}