{"host":"Ringo","time":1612268978,"event":{"mods":["BaseMod","Colored Map","Conspire","Dota2Spire","Hubris","Minty Spire (QoL Compilation)","Replay The Spire","StSLib","The Construct","[IsaacMod]ÒÔÈö¼âËþ","¡¾ÒÅÎï¿¨ÅÆ¡¿REMEMod"],"gold_per_floor":[99,114,128,142,191,225,256,288,288,317,349,98,125,142,142,220,220,237,255,13,24,24,53,53,84,109,109,109],"floor_reached":27,"language":"ZHS","playtime":697,"items_purged":["Dropkick"],"score":802,"play_id":"fb5d9bd3-1f5f-4eee-b3be-2a25fffc679c","local_time":"20210202202938","daily_mods":["SealedDeck","Vintage","Colorless Cards","Heirloom","Time Dilation","Flight","DeadlyEvents","Elite Swarm","Lethality","Binary"],"is_ascension_mode":true,"campfire_choices":[{"data":"Armaments","floor":15,"key":"SMITH"},{"data":"Corruption","floor":15,"key":"SMITH"},{"data":"Metallicize","floor":24,"key":"SMITH"},{"data":"Armaments","floor":24,"key":"SMITH"}],"circlet_count":0,"master_deck":["AscendersBane","Armaments+1","Twin Strike","Thunderclap","Replay:Undeath\u0027s Touch","ReplayTheSpireMod:Limb From Limb","Flex+1","Flex+1","Flex+1","Sword Boomerang","DeusExMachina","Corruption+1","Uppercut","Armaments+1","Thunderclap","Thunderclap","REME_HeartOfCthun","Metallicize+1","Metallicize","Writhe","Master of Strategy"],"relics":["Burning Blood","Busted Crown","HushsDoor","REME_ComplimentaryCards","replay:Trail_Library","Replay:Arrowhead","HowToJump","Red Skull","TheBean","GnawedLeaf","hubris:TenFootPole","Mummified Hand","StoneCalendar","Blood Vial","Dota2Spire:LotusOrb","Question Card","BlankCard","Prayer Wheel","ReplayTheSpireMod:Shallot","SlaversCollar","REME_LimitBreaker","Chameleon Ring","DollysMirror","DoctorsRemote","Bag of Marbles","SteamSale","Replay:Bottled Eggs","Oddly Smooth Stone"],"acts_visited":["Exordium","TheCity"],"potions_floor_usage":[5,8,14],"damage_taken":[{"damage":0,"enemies":"2 Louse","floor":2,"turns":1},{"damage":0,"enemies":"Jaw Worm","floor":3,"turns":1},{"damage":0,"enemies":"Small Slimes","floor":4,"turns":1},{"damage":16,"enemies":"3 Louse","floor":5,"turns":2},{"damage":13,"enemies":"3 Sentries","floor":6,"turns":4},{"damage":0,"enemies":"Gremlin Nob","floor":7,"turns":1},{"damage":8,"enemies":"3 Sentries","floor":8,"turns":3},{"damage":0,"enemies":"Gremlin Nob","floor":10,"turns":2},{"damage":13,"enemies":"3 Sentries","floor":11,"turns":3},{"damage":0,"enemies":"Gremlin Nob","floor":13,"turns":1},{"damage":0,"enemies":"Red Slaver","floor":14,"turns":2},{"damage":13,"enemies":"The Guardian","floor":16,"turns":3},{"damage":5,"enemies":"Shell Parasite","floor":18,"turns":2},{"damage":0,"enemies":"Chosen","floor":19,"turns":2},{"damage":0,"enemies":"Centurion and Healer","floor":21,"turns":2},{"damage":18,"enemies":"Gremlin Leader","floor":23,"turns":2},{"damage":20,"enemies":"Replay:Snechameleon","floor":25,"turns":2},{"damage":0,"enemies":"Book of Stabbing","floor":27,"turns":1}],"seed_played":"239861987663731405","potions_obtained":[{"floor":4,"key":"REME_GoldPotion"},{"floor":5,"key":"Energy Potion"},{"floor":7,"key":"Weak Potion"},{"floor":10,"key":"Dexterity Potion"},{"floor":23,"key":"BlessingOfTheForge"}],"is_trial":true,"path_per_floor":["?","M","M","M","M","E","E","E","T","E","E","$","E","M","R","B",null,"M","M","$","M","?","E","R","E","T","E"],"character_chosen":"IRONCLAD","items_purchased":["Uppercut","Armaments","Thunderclap","Metallicize","DollysMirror"],"campfire_rested":0,"item_purchase_floors":[12,12,12,20,20],"current_hp_per_floor":[68,74,75,75,65,58,64,62,62,70,65,65,73,75,75,68,73,75,75,75,75,75,63,63,51,51,53,53],"gold":109,"neow_bonus":"","is_daily":false,"chose_seed":false,"campfire_upgraded":4,"win_rate":0.0,"timestamp":1612268978,"path_taken":["?","M","M","M","M","E","E","E","T","E","E","$","E","M","R","BOSS","M","M","$","M","?","E","R","E","T","E"],"items_purchased_type":["Card","Card","Card","Card","Relic"],"build_version":"2020-12-18","purchased_purges":1,"victory":false,"max_hp_per_floor":[75,75,75,75,75,75,75,75,75,75,75,75,75,75,75,75,75,75,75,75,75,75,75,75,75,75,75,75],"card_choices":[{"not_picked":[],"picked":"Corruption","floor":11},{"not_picked":["REME_WheelOfFate"],"picked":"SKIP","floor":13},{"not_picked":[],"picked":"REME_HeartOfCthun","floor":16},{"not_picked":[],"picked":"Master of Strategy","floor":23},{"not_picked":["REME_EyeOfCthun"],"picked":"SKIP","floor":25}],"player_experience":614216,"relics_obtained":[{"floor":2,"key":"Red Skull"},{"floor":3,"key":"TheBean"},{"floor":4,"key":"GnawedLeaf"},{"floor":5,"key":"hubris:TenFootPole"},{"floor":6,"key":"Mummified Hand"},{"floor":7,"key":"StoneCalendar"},{"floor":8,"key":"Blood Vial"},{"floor":9,"key":"Dota2Spire:LotusOrb"},{"floor":10,"key":"Question Card"},{"floor":11,"key":"BlankCard"},{"floor":13,"key":"Prayer Wheel"},{"floor":14,"key":"ReplayTheSpireMod:Shallot"},{"floor":18,"key":"REME_LimitBreaker"},{"floor":19,"key":"Chameleon Ring"},{"floor":21,"key":"DoctorsRemote"},{"floor":23,"key":"SteamSale"},{"floor":25,"key":"Replay:Bottled Eggs"},{"floor":26,"key":"Oddly Smooth Stone"}],"event_choices":[{"damage_healed":0,"gold_gain":0,"player_choice":"Opened","damage_taken":0,"relics_obtained":["Bag of Marbles"],"max_hp_gain":0,"max_hp_loss":0,"event_name":"The Mausoleum","floor":22,"gold_loss":0,"cards_obtained":["Writhe"]}],"is_beta":true,"boss_relics":[{"not_picked":["SacredBark","REME_DemonsWealth"],"picked":"SlaversCollar"},{"not_picked":[]}],"items_purged_floors":[12],"is_endless":false,"potions_floor_spawned":[4,5,7,10,11,23,25],"killed_by":"Book of Stabbing","ascension_level":20}}