{"host":"6xsbn6ynqlzwllfm","time":1612282387,"event":{"mods":["2.2 Compatiblity","BaseMod","Bestiary","Colored Map","Colored Powertips","Curses Come First","Highlight Path","Keyboard Shortcuts","Minty Spire (QoL Compilation)","Relic Stats","Slay the Relics Exporter","StSLib","SuperFastMode"],"gold_per_floor":[112,126,136,61,61,87,87,106,106,106,126,155,174,194,194,268,268,288,304,55,55,55,89,89,89,89,89,89,108,108,158,158,233,233,249,262,14,39,39,39,39],"floor_reached":40,"language":"ENG","playtime":1417,"items_purged":["Strike_B"],"score":828,"play_id":"e0996c4f-7c07-4a9d-9b32-822e498acc79","local_time":"20210202111307","is_ascension_mode":true,"campfire_choices":[{"data":"Zap","floor":7,"key":"SMITH"},{"floor":10,"key":"REST"},{"data":"Coolheaded","floor":15,"key":"SMITH"},{"data":"RitualDagger","floor":25,"key":"SMITH"},{"data":"Ghostly","floor":27,"key":"SMITH"},{"data":"Ghostly","floor":30,"key":"SMITH"},{"data":"Ghostly","floor":32,"key":"SMITH"}],"circlet_count":0,"master_deck":["AscendersBane","Zap+1","Dualcast","Leap","Sweeping Beam","Ball Lightning","Coolheaded+1","Coolheaded","BootSequence","Steam","Steam","Reboot","Static Discharge+1","Finesse","Defragment","RitualDagger+1","Ghostly+1","Ghostly+1","Ghostly+1","Genetic Algorithm","Melter","Electrodynamics","Core Surge","Streamline","Meteor Strike","Tempest","Capacitor","Turbo","Defragment","Conserve Battery"],"relics":["Runic Pyramid","FaceOfCleric","Letter Opener","Eternal Feather","Nunchaku","Black Star","Potion Belt","Bag of Preparation","Oddly Smooth Stone","Pandora\u0027s Box","Medical Kit","StoneCalendar"],"acts_visited":["Exordium","TheCity","TheBeyond"],"potions_floor_usage":[6,8,19,23,33,40],"damage_taken":[{"damage":3,"enemies":"2 Louse","floor":1,"turns":4},{"damage":0,"enemies":"Small Slimes","floor":2,"turns":4},{"damage":0,"enemies":"Cultist","floor":3,"turns":3},{"damage":27,"enemies":"Gremlin Nob","floor":6,"turns":4},{"damage":17,"enemies":"Gremlin Gang","floor":8,"turns":5},{"damage":22,"enemies":"Exordium Thugs","floor":11,"turns":5},{"damage":5,"enemies":"Lagavulin","floor":12,"turns":8},{"damage":6,"enemies":"Exordium Wildlife","floor":13,"turns":4},{"damage":0,"enemies":"3 Louse","floor":14,"turns":2},{"damage":14,"enemies":"The Guardian","floor":16,"turns":12},{"damage":2,"enemies":"Chosen","floor":18,"turns":5},{"damage":20,"enemies":"3 Byrds","floor":19,"turns":4},{"damage":16,"enemies":"Book of Stabbing","floor":23,"turns":5},{"damage":3,"enemies":"Snake Plant","floor":29,"turns":3},{"damage":27,"enemies":"Collector","floor":33,"turns":15},{"damage":18,"enemies":"3 Darklings","floor":35,"turns":2},{"damage":0,"enemies":"3 Shapes","floor":36,"turns":6},{"damage":7,"enemies":"Mind Bloom Boss Battle","floor":38,"turns":8},{"damage":16,"enemies":"Nemesis","floor":40,"turns":2}],"seed_played":"-9073646034244265530","potions_obtained":[{"floor":2,"key":"Swift Potion"},{"floor":6,"key":"Dexterity Potion"},{"floor":13,"key":"FearPotion"},{"floor":14,"key":"Explosive Potion"},{"floor":19,"key":"Weak Potion"},{"floor":23,"key":"ColorlessPotion"},{"floor":38,"key":"EssenceOfSteel"}],"is_trial":false,"path_per_floor":["M","M","M","?","?","E","R","M","T","R","M","E","M","M","R","B",null,"M","M","$","?","?","E","?","R","T","R","?","M","R","?","R","B",null,"M","M","$","?","?","E"],"character_chosen":"DEFECT","items_purchased":["Finesse","Defragment","Medical Kit","Defragment","Conserve Battery"],"campfire_rested":1,"item_purchase_floors":[20,20,37,37,37],"current_hp_per_floor":[61,61,61,61,61,35,35,19,19,49,28,24,19,20,29,16,63,62,43,43,37,37,22,22,37,37,41,41,39,42,42,42,16,36,19,20,20,14,14,0,0],"gold":39,"neow_bonus":"BOSS_RELIC","is_daily":false,"chose_seed":false,"campfire_upgraded":6,"win_rate":0.0,"timestamp":1612282387,"path_taken":["M","M","M","?","?","E","R","M","T","R","M","E","?","?","R","BOSS","M","M","$","?","?","E","?","R","T","R","?","M","R","?","R","BOSS","M","?","$","?","?","E"],"items_purchased_type":["Card","Card","Relic","Card","Card"],"build_version":"2020-12-22","purchased_purges":1,"victory":false,"max_hp_per_floor":[71,71,71,71,71,72,72,73,73,73,74,75,76,77,77,78,78,79,80,80,80,40,41,41,41,41,41,41,42,42,42,42,43,43,44,45,45,46,44,44,44],"relic_stats":{"Nunchaku":[5],"FaceOfCleric":15,"counters":[19,101],"Eternal Feather":40,"Pandora\u0027s Box":["Streamline","Meteor Strike","Tempest","Capacitor"],"StoneCalendar":[0],"Black Star":1,"Bag of Preparation":[12],"Letter Opener":[507],"Medical Kit":[3],"obtain_stats":[{"Potion Belt":23,"Oddly Smooth Stone":26,"Eternal Feather":9,"StoneCalendar":38,"Bag of Preparation":23,"Letter Opener":6,"Medical Kit":37,"Nunchaku":12,"FaceOfCleric":5,"Pandora\u0027s Box":34,"Black Star":17,"Cracked Core":0,"Runic Pyramid":0},{"Potion Belt":13,"Oddly Smooth Stone":13,"Eternal Feather":5,"StoneCalendar":18,"Bag of Preparation":13,"Letter Opener":4,"Medical Kit":17,"Nunchaku":7,"FaceOfCleric":3,"Pandora\u0027s Box":15,"Black Star":10,"Cracked Core":0,"Runic Pyramid":0},{"Potion Belt":65,"Oddly Smooth Stone":65,"Eternal Feather":20,"StoneCalendar":99,"Bag of Preparation":65,"Letter Opener":15,"Medical Kit":91,"Nunchaku":33,"FaceOfCleric":11,"Pandora\u0027s Box":83,"Black Star":51,"Cracked Core":0,"Runic Pyramid":0}]},"card_choices":[{"not_picked":["Beam Cell","Gash"],"picked":"Leap","floor":1},{"not_picked":["Steam","Double Energy"],"picked":"Sweeping Beam","floor":2},{"not_picked":["Reinforced Body","Redo"],"picked":"Ball Lightning","floor":3},{"not_picked":["Gash","Ball Lightning"],"picked":"Coolheaded","floor":6},{"not_picked":["Sunder","Melter"],"picked":"Coolheaded","floor":8},{"not_picked":["Go for the Eyes","Scrape"],"picked":"BootSequence","floor":11},{"not_picked":["Beam Cell","Capacitor"],"picked":"Steam","floor":13},{"not_picked":["Compile Driver","Hologram"],"picked":"Steam","floor":14},{"not_picked":["Machine Learning","Biased Cognition"],"picked":"Reboot","floor":16},{"not_picked":["Hologram","Double Energy"],"picked":"Static Discharge+1","floor":19},{"not_picked":["Rebound","Steam"],"picked":"Electrodynamics","floor":29},{"not_picked":["Rainbow","Buffer"],"picked":"Core Surge","floor":33},{"not_picked":["Storm","Steam+1"],"picked":"Turbo","floor":35}],"player_experience":1376365,"relics_obtained":[{"floor":6,"key":"Letter Opener"},{"floor":9,"key":"Eternal Feather"},{"floor":12,"key":"Nunchaku"},{"floor":23,"key":"Potion Belt"},{"floor":23,"key":"Bag of Preparation"},{"floor":26,"key":"Oddly Smooth Stone"},{"floor":38,"key":"StoneCalendar"}],"event_choices":[{"cards_removed":["Strike_B"],"damage_healed":0,"gold_gain":0,"player_choice":"Card Removal","damage_taken":0,"max_hp_gain":0,"max_hp_loss":0,"event_name":"The Cleric","floor":4,"gold_loss":75},{"damage_healed":0,"gold_gain":0,"player_choice":"Trade","damage_taken":0,"relics_obtained":["FaceOfCleric"],"max_hp_gain":0,"max_hp_loss":0,"event_name":"FaceTrader","floor":5,"gold_loss":0},{"damage_healed":0,"gold_gain":0,"player_choice":"Joined the Cult","damage_taken":6,"max_hp_gain":0,"max_hp_loss":0,"event_name":"Nest","floor":21,"gold_loss":0,"cards_obtained":["RitualDagger"]},{"damage_healed":0,"gold_gain":0,"player_choice":"Became a Ghost","damage_taken":0,"max_hp_gain":0,"max_hp_loss":40,"event_name":"Ghosts","floor":22,"gold_loss":0,"cards_obtained":["Ghostly","Ghostly","Ghostly"]},{"damage_healed":0,"gold_gain":0,"player_choice":"Ignored","damage_taken":0,"max_hp_gain":0,"max_hp_loss":0,"event_name":"Vampires","floor":24,"gold_loss":0},{"damage_healed":0,"gold_gain":0,"cards_transformed":["Strike_B","Strike_B"],"player_choice":"Became Test Subject","damage_taken":0,"max_hp_gain":0,"max_hp_loss":0,"event_name":"Drug Dealer","floor":28,"gold_loss":0,"cards_obtained":["Genetic Algorithm","Melter"]},{"damage_healed":0,"gold_gain":50,"player_choice":"Pray","damage_taken":0,"max_hp_gain":0,"max_hp_loss":0,"event_name":"Golden Shrine","floor":31,"gold_loss":0},{"damage_healed":0,"gold_gain":0,"player_choice":"Fight","damage_taken":0,"max_hp_gain":0,"max_hp_loss":0,"event_name":"MindBloom","floor":38,"gold_loss":0},{"damage_healed":0,"gold_gain":0,"player_choice":"Max HP","damage_taken":0,"max_hp_gain":0,"max_hp_loss":2,"event_name":"Winding Halls","floor":39,"gold_loss":0}],"is_beta":false,"boss_relics":[{"not_picked":["Velvet Choker","Nuclear Battery"],"picked":"Black Star"},{"not_picked":["Snecko Eye","Runic Dome"],"picked":"Pandora\u0027s Box"}],"items_purged_floors":[20],"is_endless":false,"potions_floor_spawned":[2,6,13,14,16,19,23,38],"killed_by":"Nemesis","ascension_level":20}}