{"host":"i0avyit1s6jb1siw","time":1612289991,"event":{"mods":["BaseMod","DeckTracker","Dota2Spire","Highlight Path","Minty Spire (QoL Compilation)","Quick Restart","StSLib","SuperFastMode"],"gold_per_floor":[118,43,58,58,73,73,104,116,38,64,64,64,80,100,100,118,137,137,137,137],"floor_reached":19,"language":"ENG","playtime":403,"items_purged":[],"score":242,"play_id":"7286d617-96fe-4cf7-97c6-706c789ca9a6","local_time":"20210202191951","is_ascension_mode":true,"campfire_choices":[{"data":"Blood for Blood","floor":6,"key":"SMITH"},{"data":"Flame Barrier","floor":12,"key":"SMITH"},{"floor":15,"key":"REST"},{"data":"Inflame","floor":18,"key":"SMITH"}],"circlet_count":0,"master_deck":["AscendersBane","Strike_R","Strike_R","Strike_R","Strike_R","Defend_R","Defend_R","Defend_R","Defend_R","Bash+1","Feel No Pain","Blood for Blood+1","Disarm","Burning Pact","Shrug It Off","Flame Barrier+1","Armaments","Inflame+1","Power Through"],"relics":["Burning Blood","NeowsBlessing","PreservedInsect","Dota2Spire:PowerTreads","Smiling Mask"],"acts_visited":["Exordium"],"potions_floor_usage":[7,19],"damage_taken":[{"damage":0,"enemies":"Small Slimes","floor":1,"turns":2},{"damage":0,"enemies":"2 Louse","floor":3,"turns":1},{"damage":0,"enemies":"Jaw Worm","floor":5,"turns":1},{"damage":24,"enemies":"3 Sentries","floor":7,"turns":11},{"damage":18,"enemies":"Exordium Thugs","floor":8,"turns":5},{"damage":27,"enemies":"Exordium Wildlife","floor":13,"turns":7},{"damage":11,"enemies":"3 Louse","floor":14,"turns":5},{"damage":6,"enemies":"Looter","floor":16,"turns":4},{"damage":7,"enemies":"Red Slaver","floor":17,"turns":5},{"damage":43,"enemies":"Hexaghost","floor":19,"turns":14}],"seed_played":"3661924649966806826","potions_obtained":[{"floor":5,"key":"Energy Potion"},{"floor":7,"key":"Dexterity Potion"},{"floor":14,"key":"Energy Potion"}],"is_trial":false,"path_per_floor":["M","?","M","?","M","R","E","M","$","T","T","R","M","M","R","M","M","R","B"],"character_chosen":"IRONCLAD","items_purchased":["Flame Barrier"],"campfire_rested":1,"item_purchase_floors":[9],"current_hp_per_floor":[74,74,75,75,75,75,57,45,45,45,45,45,24,19,41,41,40,40,0,0],"gold":137,"neow_bonus":"THREE_ENEMY_KILL","is_daily":false,"chose_seed":false,"campfire_upgraded":3,"win_rate":0.0,"timestamp":1612289991,"path_taken":["M","?","M","?","M","R","E","M","?","T","T","R","M","M","R","M","M","R","BOSS"],"items_purchased_type":["Card"],"build_version":"2020-12-22","purchased_purges":0,"victory":false,"max_hp_per_floor":[75,75,75,75,75,75,75,75,75,75,75,75,75,75,75,75,75,75,75,75],"card_choices":[{"not_picked":["Armaments","Body Slam"],"picked":"Feel No Pain","floor":1},{"not_picked":["Clash","Whirlwind"],"picked":"Blood for Blood","floor":3},{"not_picked":["Rampage","Combust"],"picked":"Disarm","floor":5},{"not_picked":["Pummel","Fiend Fire"],"picked":"Burning Pact","floor":7},{"not_picked":["Headbutt","Twin Strike"],"picked":"Shrug It Off","floor":8},{"not_picked":["Sentinel","Body Slam"],"picked":"Armaments","floor":13},{"not_picked":["Sword Boomerang","Thunderclap"],"picked":"Inflame","floor":14},{"not_picked":["Headbutt","True Grit"],"picked":"Power Through","floor":16},{"not_picked":["Dual Wield","True Grit","Cleave"],"picked":"SKIP","floor":17}],"player_experience":2394334,"relics_obtained":[{"floor":7,"key":"PreservedInsect"},{"floor":10,"key":"Dota2Spire:PowerTreads"},{"floor":11,"key":"Smiling Mask"}],"event_choices":[{"cards_removed":["Strike_R"],"damage_healed":0,"gold_gain":0,"player_choice":"Card Removal","damage_taken":0,"max_hp_gain":0,"max_hp_loss":0,"event_name":"The Cleric","floor":2,"gold_loss":75},{"damage_healed":0,"gold_gain":0,"player_choice":"Grow","damage_taken":0,"max_hp_gain":0,"max_hp_loss":0,"event_name":"Living Wall","floor":4,"gold_loss":0,"cards_upgraded":["Bash"]}],"is_beta":false,"boss_relics":[],"items_purged_floors":[],"is_endless":false,"potions_floor_spawned":[5,7,14,17],"killed_by":"Hexaghost","ascension_level":20}}