{"host":"3j2m8n0ywf988fwb","time":1612242469,"event":{"mods":["2.2 Compatiblity","AchievementEnabler","Act Like it!","Aspiration","Astrologer","BaseMod","Better Altar","Better Match","Better Note","Better Sensory Stone","Better Skull","Better Third Choice","CCEM2","ChefMod","Colored Map","Colored Powertips","Conspire","Dark Map","Energized Spire","GifTheSpireLib","Halation","Hallownest","Highlight Path","Hubris","Infinite Spire","Jedi Mod","Marisa????????","Marked Mod","Mimic Mod","Minty Spire (QoL Compilation)","Monster B Gone","Random Character Button","Relic Filter Mod","Relic Stats","Reliquary","Replay The Spire","Robot Space Explorer","Shade Mod","Shop Mod","Somnambulant","StS++","StSLib","Stuff the Spire","The Bug Knight","The Elementalist","The Hierophant","The Runesmith","TheBandit","TheFirefly","TheSurvivalist","Unceasing Turn Reminder","Weighted Paths","everything is the same but u backflip on backflip"],"gold_per_floor":[118,67,80,151,108,139,139,156,181,1,1,14,29,29,29,133,133,133,133,133],"floor_reached":18,"language":"ENG","playtime":947,"items_purged":[],"score":185,"play_id":"f2b305b5-7f1b-4dea-bcca-4cdb7ca6295e","local_time":"20210201230749","is_ascension_mode":false,"campfire_choices":[{"data":"wariomod:Goblast","floor":7,"key":"SMITH"},{"data":"wariomod:KeyFinisher","floor":11,"key":"SMITH"},{"data":"wariomod:Boomsmack","floor":15,"key":"SMITH"}],"circlet_count":0,"master_deck":["wariomod:Strike","wariomod:Strike","wariomod:Strike","wariomod:Strike","wariomod:Defend","wariomod:Defend","wariomod:Defend","wariomod:Defend","wariomod:Step","wariomod:Leap","wariomod:Goblast+1","wariomod:Boomsmack+1","wariomod:BoomBoom","wariomod:WhirlwindBurst","wariomod:RacingSpeed","wariomod:KeyFinisher+1","wariomod:Bombshield","wariomod:BlastDash","wariomod:BigUpgrade","wariomod:WipeClean"],"relics":["wariomod:TheHat","NeowsBlessing","betterThird:SlimedRelic","jedi:angrymask","CCEMRelics:Pendulum","StSpp:PileOfSugar"],"acts_visited":["Exordium","TheCity"],"potions_floor_usage":[],"damage_taken":[{"damage":0,"enemies":"Cultist","floor":1,"turns":1},{"damage":0,"enemies":"Jaw Worm","floor":3,"turns":1},{"damage":0,"enemies":"3 Sentries","floor":6,"turns":1},{"damage":0,"enemies":"2 Louse","floor":8,"turns":2},{"damage":12,"enemies":"Exordium Thugs","floor":12,"turns":5},{"damage":15,"enemies":"Gremlin Gang","floor":13,"turns":3},{"damage":29,"enemies":"Slime Boss","floor":16,"turns":9},{"damage":182,"enemies":"Chosen","floor":18,"turns":4}],"seed_played":"-1842307259159517274","potions_obtained":[{"floor":3,"key":"SkillPotion"},{"floor":6,"key":"LiquidMemories"},{"floor":16,"key":"FearPotion"}],"is_trial":false,"path_per_floor":["M","$","M","T","?","E","R","M","T","$","R","M","M","$","R","B",null,"M"],"character_chosen":"THE_BANDIT","items_purchased":["wariomod:Boomsmack","wariomod:KeyFinisher","wariomod:Bombshield"],"campfire_rested":0,"item_purchase_floors":[2,10,10],"current_hp_per_floor":[80,80,80,80,69,69,69,69,69,69,69,57,42,42,42,13,80,0,0,0],"gold":133,"neow_bonus":"THREE_ENEMY_KILL","is_daily":false,"chose_seed":false,"campfire_upgraded":3,"win_rate":0.0,"timestamp":1612242469,"path_taken":["M","$","M","?","?","E","R","M","T","?","R","?","?","?","R","BOSS","M"],"items_purchased_type":["Card","Card","Card"],"build_version":"2020-12-22","purchased_purges":0,"victory":false,"max_hp_per_floor":[80,80,80,80,80,80,80,80,80,80,80,80,80,80,80,80,80,80,80,80],"relic_stats":{"counters":[8,26],"obtain_stats":[{"jedi:angrymask":6,"NeowsBlessing":0,"wariomod:TheHat":0,"betterThird:SlimedRelic":5,"CCEMRelics:Pendulum":9,"StSpp:PileOfSugar":17},{"jedi:angrymask":3,"NeowsBlessing":0,"wariomod:TheHat":0,"betterThird:SlimedRelic":2,"CCEMRelics:Pendulum":4,"StSpp:PileOfSugar":7},{"jedi:angrymask":3,"NeowsBlessing":0,"wariomod:TheHat":0,"betterThird:SlimedRelic":2,"CCEMRelics:Pendulum":5,"StSpp:PileOfSugar":22}]},"card_choices":[{"not_picked":["wariomod:HappyHit","wariomod:SmackSlam"],"picked":"wariomod:Goblast","floor":1},{"not_picked":["wariomod:AwfulLook","wariomod:DiceyMove"],"picked":"wariomod:BoomBoom","floor":3},{"not_picked":["wariomod:SpikeSlash","wariomod:SmackSlam"],"picked":"wariomod:WhirlwindBurst","floor":6},{"not_picked":["wariomod:ChargeForth","wariomod:DamnedStrength"],"picked":"wariomod:RacingSpeed","floor":8},{"not_picked":["wariomod:MassiveParty","wariomod:NullJump"],"picked":"wariomod:BlastDash","floor":12},{"not_picked":["wariomod:SimpleShield","wariomod:RacingSpeed"],"picked":"wariomod:BigUpgrade","floor":13},{"not_picked":["wariomod:ForbiddenMagic","wariomod:SpacialMastery"],"picked":"wariomod:WipeClean","floor":16}],"player_experience":1050789,"relics_obtained":[{"floor":6,"key":"jedi:angrymask"},{"floor":9,"key":"CCEMRelics:Pendulum"}],"event_choices":[{"damage_healed":0,"gold_gain":0,"player_choice":"Slimed","damage_taken":11,"max_hp_gain":0,"max_hp_loss":0,"event_name":"betterThird:BetterGoop","floor":5,"gold_loss":43}],"is_beta":false,"boss_relics":[{"not_picked":["StuffTheSpire:ModemDavis","Kintsugi"],"picked":"StSpp:PileOfSugar"}],"items_purged_floors":[],"is_endless":false,"potions_floor_spawned":[3,6,16],"killed_by":"Chosen","ascension_level":0}}