{"host":"bxd97rc2ofc6op20","time":1612241760,"event":{"mods":["BaseMod","Colored Map","Colored Powertips","Googly Eyes","Highlight Path","Minty Spire (QoL Compilation)","Quick Restart","Rare Cards Sparkle"],"gold_per_floor":[111,111,121,135,152,152,164,164,240,566,581,616,635,664,664,769,769,718,742,207,207,224,224,224,224],"floor_reached":24,"language":"ENG","playtime":1638,"items_purged":["Strike_B"],"score":252,"play_id":"3c55852a-7ed9-4ca5-9bdb-bcaa1ec9219d","local_time":"20210201205600","is_ascension_mode":true,"campfire_choices":[{"floor":6,"key":"REST"},{"data":"BootSequence","floor":8,"key":"SMITH"},{"floor":15,"key":"REST"},{"data":"Apotheosis","floor":23,"key":"SMITH"}],"circlet_count":0,"master_deck":["Strike_B","Strike_B","Strike_B","Defend_B","Defend_B","Defend_B","Defend_B","Zap","Dualcast","Undo","Ball Lightning","Seek","Tempest","BootSequence+1","Defragment","Consume","Hello World","Cold Snap","Seek","Doom and Gloom","Genetic Algorithm+1","Capacitor","Apotheosis+1","Finesse"],"relics":["Cracked Core","Calipers","Meat on the Bone","Old Coin","CeramicFish","Runic Pyramid","Frozen Eye"],"acts_visited":["Exordium","TheCity"],"potions_floor_usage":[16,19,22],"damage_taken":[{"damage":2,"enemies":"Jaw Worm","floor":1,"turns":3},{"damage":0,"enemies":"Small Slimes","floor":3,"turns":3},{"damage":6,"enemies":"Cultist","floor":4,"turns":3},{"damage":0,"enemies":"Blue Slaver","floor":5,"turns":5},{"damage":9,"enemies":"2 Fungi Beasts","floor":7,"turns":4},{"damage":32,"enemies":"3 Sentries","floor":10,"turns":6},{"damage":15,"enemies":"Exordium Thugs","floor":11,"turns":5},{"damage":7,"enemies":"Lagavulin","floor":12,"turns":7},{"damage":0,"enemies":"Looter","floor":13,"turns":4},{"damage":16,"enemies":"Large Slime","floor":14,"turns":5},{"damage":36,"enemies":"The Guardian","floor":16,"turns":11},{"damage":7,"enemies":"2 Thieves","floor":18,"turns":4},{"damage":39,"enemies":"3 Byrds","floor":19,"turns":6},{"damage":8,"enemies":"Centurion and Healer","floor":22,"turns":7},{"damage":74,"enemies":"Book of Stabbing","floor":24,"turns":7}],"seed_played":"2127446941339490484","potions_obtained":[{"floor":4,"key":"FairyPotion"},{"floor":10,"key":"DistilledChaos"},{"floor":11,"key":"PowerPotion"},{"floor":12,"key":"Strength Potion"},{"floor":19,"key":"Weak Potion"},{"floor":22,"key":"Ancient Potion"}],"is_trial":false,"path_per_floor":["M","?","M","M","M","R","M","R","T","E","M","E","M","M","R","B",null,"M","M","$","?","M","R","E"],"character_chosen":"DEFECT","items_purchased":["Frozen Eye","Capacitor","Apotheosis","Finesse"],"campfire_rested":2,"item_purchase_floors":[20,20,20,20],"current_hp_per_floor":[52,52,52,46,46,68,59,59,59,39,36,41,41,37,59,35,75,68,41,41,41,45,45,0,0],"gold":224,"neow_bonus":"ONE_RARE_RELIC","is_daily":false,"chose_seed":false,"campfire_upgraded":2,"win_rate":0.0,"timestamp":1612241760,"path_taken":["M","?","M","M","M","R","M","R","T","E","M","E","M","M","R","BOSS","M","M","$","?","M","R","E"],"items_purchased_type":["Relic","Card","Card","Card"],"build_version":"2020-12-22","purchased_purges":1,"victory":false,"max_hp_per_floor":[75,75,75,75,75,75,75,75,75,75,75,75,75,75,75,75,75,75,75,75,75,75,75,75,75],"card_choices":[{"not_picked":["Sweeping Beam","Darkness"],"picked":"Undo","floor":1},{"not_picked":["Rebound","Double Energy"],"picked":"Ball Lightning","floor":3},{"not_picked":["Streamline","Barrage"],"picked":"Seek","floor":4},{"not_picked":["Rip and Tear","Streamline"],"picked":"Tempest","floor":5},{"not_picked":["Sweeping Beam","Ball Lightning"],"picked":"BootSequence","floor":7},{"not_picked":["Gash","White Noise"],"picked":"Defragment","floor":10},{"not_picked":["Seek","Doom and Gloom"],"picked":"Consume","floor":11},{"not_picked":["Stack","Auto Shields"],"picked":"Hello World","floor":12},{"not_picked":["Go for the Eyes","Streamline"],"picked":"Cold Snap","floor":14},{"not_picked":["Multi-Cast","All For One"],"picked":"Seek","floor":16},{"not_picked":["Ball Lightning+1","Sweeping Beam"],"picked":"Doom and Gloom","floor":18},{"not_picked":["Stack","Static Discharge+1"],"picked":"Genetic Algorithm+1","floor":19},{"not_picked":["Barrage","Beam Cell","Doom and Gloom"],"picked":"SKIP","floor":22}],"player_experience":444898,"relics_obtained":[{"floor":9,"key":"Meat on the Bone"},{"floor":10,"key":"Old Coin"},{"floor":12,"key":"CeramicFish"}],"event_choices":[{"damage_healed":0,"gold_gain":0,"player_choice":"Ignored","damage_taken":0,"max_hp_gain":0,"max_hp_loss":0,"event_name":"Liars Game","floor":2,"gold_loss":0},{"damage_healed":0,"gold_gain":0,"player_choice":"Ignored","damage_taken":0,"max_hp_gain":0,"max_hp_loss":0,"event_name":"Vampires","floor":21,"gold_loss":0}],"is_beta":false,"boss_relics":[{"not_picked":["Sozu","Runic Dome"],"picked":"Runic Pyramid"}],"items_purged_floors":[20],"is_endless":false,"potions_floor_spawned":[4,10,11,12,13,19,22],"killed_by":"Book of Stabbing","ascension_level":4}}