{"host":"2qpilcmj89x3pncz","time":1612291344,"event":{"mods":["100% Spire Juice","2.2 Compatiblity","Act Like it!","Aspiration","BaseMod","Beaked The Cultist","BetterRewards","Colored Map","Colored Powertips","Conjunction","Conspire","Dota2Spire","Evolution","Faster Ascension Climbing","Gensokyo","GifTheSpireLib","Grow up Mod","Halation","Hubris","Infinite Spire","Jedi Mod","Marisa????????","Mimic Mod","Minty Spire (QoL Compilation)","Pale of the Ancients","Poem Panic","Quarter Circle Forward PUNCH!","Quick Restart","Replay The Spire","Shop Mod","Small Relic Pack","Spicy Shops","Spikes Relics","StSLib","Strawberry Spire","Stuff the Spire","SuperFastMode","Synergy Search","The Servant 0.9.4","TheBandit","Wandering Minibosses"],"gold_per_floor":[117,117,134,3,3,3,28,28,28,61,80,100,112,340,340,418,418,429,429,429,429,449,449,467,25,155,183,183,215,215,540,540,615,615,630,630,76,297,311,311,537,537,590,620,635,635,535,552,552,626,697,747,742,736,736,729,729,729,745,88,124,124,124,135,181,396,396,475,475,492,536,552,552,607,640,640,66,66,316,316,322,295,349,349,423,423,475,475,485,485,485,714,758,758,840,871,885,885,64,144,144,204,305,305,320,335,380,461,461,479,479,479,479,530,530,530,530],"floor_reached":115,"language":"ENG","playtime":6752,"items_purged":["Pain"],"score":8258,"play_id":"4b82ac92-0003-43ff-bd58-8fa09bcb00d3","local_time":"20210202184224","is_ascension_mode":true,"campfire_choices":[{"data":"wariomod:Step","floor":6.0,"key":"SMITH"},{"data":"strawberrySpire:Dropbox","floor":8.0,"key":"SMITH"},{"data":"wariomod:ChargeForth","floor":15.0,"key":"SMITH"},{"data":"wariomod:DoubleDash","floor":23.0,"key":"SMITH"},{"floor":28.0,"key":"REST"},{"floor":32.0,"key":"REST"},{"data":"wariomod:KeyFinisher","floor":40.0,"key":"SMITH"},{"data":"wariomod:DiceyMove","floor":42.0,"key":"SMITH"},{"floor":49.0,"key":"REST"},{"data":"StuffTheSpire:CuriosityCurse","floor":58.0,"key":"SMITH"},{"data":"AscendersBane","floor":63.0,"key":"SMITH"},{"data":"Replay:Hysterical Blindness","floor":67.0,"key":"SMITH"},{"data":"wariomod:SpacialMastery","floor":84.0,"key":"SMITH"},{"data":"infinitespire:NeuralNetwork","floor":98.0,"key":"SMITH"},{"data":"wariomod:GoAgain","floor":101.0,"key":"SMITH"},{"data":"wariomod:KeyFinisher","floor":109.0,"key":"SMITH"},{"data":"wariomod:PoisonBombs","floor":111.0,"key":"SMITH"}],"circlet_count":0,"master_deck":["wariomod:Strike","wariomod:Strike+1","wariomod:Strike","wariomod:Defend","wariomod:Defend+1","wariomod:Defend+1","wariomod:Step+1","wariomod:Leap","wariomod:AwfulLook+1","wariomod:Purify+1","wariomod:Bomblaster","wariomod:DoubleDash+1","strawberrySpire:Dropbox+1","wariomod:DisarmingMoves+1","wariomod:ThatsNotAll+1","wariomod:BodyBlock","wariomod:RacingSpeed+1","wariomod:ChargeForth+1","wariomod:EnergizedBombs+1","wariomod:SmallSprint","wariomod:SmallSprint+1","wariomod:VeryLongJump","wariomod:SilenceBombs+1","wariomod:DiceyMove+1","wariomod:KeyFinisher+1","wariomod:TrekTime","wariomod:BodyBlock+1","wariomod:FabulousPrizes+1","CloudedMind","infinitespire:Fortify","wariomod:HappyHop+1","wariomod:HappyHit+1","wariomod:MassiveParty+1","wariomod:RacingSpeed","wariomod:SpaceSwap","wariomod:KeyFinisher+1","wariomod:SpacialMastery+1","wariomod:WipeClean","wariomod:Bomblaster+1","wariomod:TreasureDig+1","wariomod:EndlessBlast","wariomod:SmackSlam","Gensokyo:ManorOfTheDishes+1","wariomod:Purify+1","wariomod:TempestBlasts","wariomod:DanceDash","wariomod:GoAgain","wariomod:DeadlyDash+1","wariomod:DanceDash","wariomod:TreasureDig+1","infinitespire:Starlight","wariomod:RacingSpeed","wariomod:DeepDig+1","wariomod:GoAgain+1","wariomod:DeepDig+1","wariomod:TrekTime","wariomod:SilenceBombs","infinitespire:NeuralNetwork+1","wariomod:WhirlwindBurst","wariomod:PoisonBombs+1","wariomod:SpacialMastery+1","wariomod:KeyFinisher+1","wariomod:TempestBlasts+1","StuffTheSpire:Perfection","wariomod:ShipSmash"],"relics":["wariomod:TheHat","EVO:Axolotl","strawberrySpire:Treaders","Dota2Spire:PhaseBoots","strawberrySpire:ShipInABottle","aspiration:Lifesprig","ReplayTheSpireMod:Ring of Collecting","Ring of Searing","relicPack:OneForAll","Pet Ghost","infinitespire:WardingShard","strawberrySpire:TinySteamboat","Quantum Egg","jedi:kaleidoscope","Empty Cage","Gensokyo:MosesMiracle","relicPack:DSword","halation:Diary","Frozen Eye","strawberrySpire:StillNotAdequateHouse","Ring of Fury","Gremlin Food","Darkstone Periapt","StoneCalendar","Bird Faced Urn","Replay:Ancient Bell","aspiration:TomeofQuesting","RoseTintedShades","Dota2Spire:ShivaGuard","ExplosiveVial","wanderingMiniBosses:LockLocket","Boot","HornCleat","Ring of Peace","aspiration:HummingbirdHeart","jedi:maincommand","wariomod:SunglassHat","Tiny House","halation:PrussianBluePaint","Dota2Spire:HandOfMidas","wariomod:GlassHat","Replay:Bandana","Ring of Panic","Replay:Bronze Core","jedi:cryingmask","Dota2Spire:EchoSabre","Dota2Spire:Vanguard","hubris:OldNail","halation:Prosthetics","SnailShell","aspiration:Nostalgia","Burning Blood","hubris:Icosahedron","MerchantsRug","ReplayTheSpireMod:EnergyBall","Membership Card","Ring of Hypnosis","conspire:Dentures","Ring of Fangs","Regal Pillow","Replay:Wax Seal","beaked:SacredNecklace","infinitespire:ShieldingShard","Dota2Spire:BattleFury","ReplayTheSpireMod:Ring of Challenge","Dota2Spire:AghanimScepter","Dota2Spire:LotusOrb","StuffTheSpire:Saxophone","Dota2Spire:AssaultCuirass","aspiration:Legacy_Headhunter","relicPack:SpireResearchBook","hubris:MobiusCoin","War Paint","Dota2Spire:RefresherOrb","paleoftheancients:Timepiece","paleoftheancients:KeyRelic","CultistMask","infinitespire:EmpoweringShard","ReplayTheSpireMod:Ring of Exchange","HandmadeGrimoire","paleoftheancients:SoulOfTheVixen","jedi:shrinkray","Ooze Armor"],"acts_visited":["Gensokyo:Gensokyo","Gensokyo:Gensokyoer","Gensokyo:Gensokyoest","Gensokyo:Gensokyo","Gensokyo:Gensokyoer","Gensokyo:Gensokyoest","paleoftheancients:PaleOfTheAncients","Gensokyo:Gensokyo"],"potions_floor_usage":[114],"damage_taken":[{"damage":5.0,"enemies":"Gensokyo:3_Fairies","floor":1.0,"turns":5.0},{"damage":5.0,"enemies":"Gensokyo:Python","floor":3.0,"turns":2.0},{"damage":40.0,"enemies":"Gensokyo:Mamizou","floor":7.0,"turns":8.0},{"damage":73.0,"enemies":"Gensokyo:Cirno","floor":10.0,"turns":7.0},{"damage":3.0,"enemies":"Gensokyo:2_Kodama","floor":11.0,"turns":4.0},{"damage":10.0,"enemies":"Gensokyo:2_Rabbits","floor":12.0,"turns":3.0},{"damage":0.0,"enemies":"Gensokyo:5_Fairies","floor":13.0,"turns":3.0},{"damage":7.0,"enemies":"Gensokyo:Python_and_Kodama","floor":14.0,"turns":5.0},{"damage":36.0,"enemies":"Gensokyo:Yukari","floor":16.0,"turns":8.0},{"damage":30.0,"enemies":"Gensokyo:3_Dogs","floor":18.0,"turns":4.0},{"damage":12.0,"enemies":"Gensokyo:Chomper","floor":22.0,"turns":3.0},{"damage":33.0,"enemies":"Gensokyo:Wraith","floor":24.0,"turns":5.0},{"damage":21.0,"enemies":"Gensokyo:Swordslinger","floor":26.0,"turns":6.0},{"damage":51.0,"enemies":"Gensokyo:Tenshi","floor":27.0,"turns":3.0},{"damage":37.0,"enemies":"Gensokyo:Koishi","floor":29.0,"turns":5.0},{"damage":125.0,"enemies":"Nightmare","floor":31.0,"turns":6.0},{"damage":68.0,"enemies":"Gensokyo:Kaguya","floor":33.0,"turns":6.0},{"damage":83.0,"enemies":"Gensokyo:3_Boulders","floor":35.0,"turns":5.0},{"damage":32.0,"enemies":"Gensokyo:3_Bats","floor":38.0,"turns":6.0},{"damage":44.0,"enemies":"Gensokyo:Rafflesia","floor":39.0,"turns":5.0},{"damage":17.0,"enemies":"Gensokyo:Doremy","floor":41.0,"turns":5.0},{"damage":14.0,"enemies":"Gensokyo:Kasen","floor":44.0,"turns":4.0},{"damage":0.0,"enemies":"Gensokyo:AtlasGolem","floor":45.0,"turns":4.0},{"damage":1.0,"enemies":"Gensokyo:Sharpion","floor":48.0,"turns":6.0},{"damage":43.0,"enemies":"Gensokyo:Scarlet_Devils","floor":50.0,"turns":6.0},{"damage":16.0,"enemies":"Gensokyo:Yuyuko","floor":51.0,"turns":5.0},{"damage":36.0,"enemies":"Gensokyo:3_Fairies","floor":53.0,"turns":6.0},{"damage":10.0,"enemies":"Gensokyo:2_Kodama","floor":54.0,"turns":3.0},{"damage":10.0,"enemies":"Gensokyo:Gryphon","floor":56.0,"turns":4.0},{"damage":11.0,"enemies":"Gensokyo:Mamizou","floor":59.0,"turns":4.0},{"damage":67.0,"enemies":"Gensokyo:LivingMonolith","floor":61.0,"turns":7.0},{"damage":5.0,"enemies":"Gensokyo:LivingMonolith","floor":64.0,"turns":3.0},{"damage":20.0,"enemies":"Gensokyo:3_Kodama","floor":65.0,"turns":4.0},{"damage":45.0,"enemies":"Nightmare","floor":66.0,"turns":6.0},{"damage":3.0,"enemies":"Gensokyo:Kokoro","floor":68.0,"turns":6.0},{"damage":0.0,"enemies":"Gensokyo:2_Gloops","floor":70.0,"turns":2.0},{"damage":5.0,"enemies":"Gensokyo:Chomper","floor":71.0,"turns":3.0},{"damage":0.0,"enemies":"Gensokyo:Slime_Group","floor":72.0,"turns":2.0},{"damage":30.0,"enemies":"conspire:MimicChest","floor":74.0,"turns":4.0},{"damage":87.0,"enemies":"Nightmare","floor":75.0,"turns":7.0},{"damage":5.0,"enemies":"Gensokyo:Swordslinger","floor":81.0,"turns":3.0},{"damage":1.0,"enemies":"Gensokyo:Koishi","floor":83.0,"turns":3.0},{"damage":5.0,"enemies":"Gensokyo:Eiki","floor":85.0,"turns":3.0},{"damage":5.0,"enemies":"Gensokyo:3_Boulders","floor":87.0,"turns":3.0},{"damage":0.0,"enemies":"Gensokyo:AncientGuardian","floor":89.0,"turns":1.0},{"damage":5.0,"enemies":"Gensokyo:Marisa","floor":92.0,"turns":3.0},{"damage":5.0,"enemies":"Gensokyo:Dusk_and_Dawn","floor":93.0,"turns":3.0},{"damage":10.0,"enemies":"Gensokyo:Sharpion","floor":94.0,"turns":4.0},{"damage":20.0,"enemies":"Nightmare","floor":96.0,"turns":6.0},{"damage":0.0,"enemies":"Gensokyo:4_Bats","floor":97.0,"turns":2.0},{"damage":5.0,"enemies":"Gensokyo:Dusk_and_Dawn","floor":100.0,"turns":3.0},{"damage":10.0,"enemies":"Gensokyo:Shinki","floor":102.0,"turns":4.0},{"damage":0.0,"enemies":"Gensokyo:Yuyuko","floor":103.0,"turns":3.0},{"damage":34.0,"enemies":"Gensokyo:Yuyuko","floor":105.0,"turns":6.0},{"damage":0.0,"enemies":"Gensokyo:Yuyuko","floor":106.0,"turns":1.0},{"damage":0.0,"enemies":"Gensokyo:Yuyuko","floor":110.0,"turns":4.0},{"damage":0,"enemies":"paleoftheancients:N","floor":114,"turns":3}],"seed_played":"-5463293739581550130","potions_obtained":[{"floor":10.0,"key":"LiquidMemories"},{"floor":11.0,"key":"SteroidPotion"},{"floor":22.0,"key":"Milkshake"},{"floor":29.0,"key":"LiquidBronze"},{"floor":39.0,"key":"Energy Potion"},{"floor":44.0,"key":"AttackPotion"},{"floor":50.0,"key":"Explosive Potion"},{"floor":52.0,"key":"Adrenaline Potion"},{"floor":64.0,"key":"Fire Potion"},{"floor":66.0,"key":"FearPotion"},{"floor":71.0,"key":"Toxic Potion"},{"floor":75.0,"key":"Fruit Juice"},{"floor":105.0,"key":"Explosive Potion"}],"is_trial":false,"path_per_floor":["M","?","M","COS","?","R","E","R","T","E","M","M","M","M","R","B",null,"M","?","?","?","M","R","M","COS","MIM","E","R","E","?","NM","R","B",null,"M","?","COS","M","M","R","E","R","T","E","M","?","?","M","R","B","B",null,"M","M","?","M","?","R","E","COS","MIM","AVR","R","M","M","NM","R","B",null,"M","M","M","AVR","?","NM","?","$","T","?","T","M","COS","E","R","B",null,"M","?","M","?","COS","E","M","M","T","NM","M","R","$","M","R","B","B",null,"M","M","?","T","R","M","R","T","?","B",null],"character_chosen":"THE_BANDIT","items_purchased":["wariomod:AwfulLook","wariomod:Purify","strawberrySpire:Treaders","wariomod:Bomblaster","wariomod:DoubleDash","Dota2Spire:PhaseBoots","strawberrySpire:ShipInABottle","strawberrySpire:Dropbox","aspiration:Lifesprig","MerchantsRug","jedi:command_shop","jedi:command_shop","wariomod:PoisonBombs","jedi:command_shop","jedi:command_rare","jedi:command_rare","jedi:command_shop","jedi:command_uncommon","jedi:command_common"],"campfire_rested":3,"item_purchase_floors":[0,0,0,0,0,0,0,0,0,77,77,77,99,99,99,99,99,99,99],"current_hp_per_floor":[86,96,107,117,127,137,113,123,133,76,89,89,105,114,124,104,218,198,208,218,193,197,207,190,200,195,160,277,250,260,151,280,230,399,334,225,235,221,195,205,206,216,226,230,252,262,11,32,217,202,212,530,516,526,542,550,560,570,575,585,538,548,558,569,565,554,564,587,728,746,759,777,787,779,733,743,753,763,773,783,808,818,843,853,868,878,888,898,908,918,928,938,948,958,968,978,988,998,1008,1018,1028,1038,1048,1058,1062,1078,657,667,677,921,931,941,951,1013,1122,1122,1122],"gold":530,"neow_bonus":"","is_daily":false,"chose_seed":false,"campfire_upgraded":14,"win_rate":0.0,"timestamp":1612291344,"path_taken":["M","?","M","COS","?","R","E","R","T","E","M","?","M","?","R","BOSS","M","?","?","?","M","R","M","COS","MIM","E","R","E","?","NM","R","BOSS","M","?","COS","M","M","R","E","R","T","E","M","?","?","M","R","BOSS","BOSS","M","M","?","M","?","R","E","COS","MIM","AVR","R","M","M","NM","R","BOSS","M","M","?","AVR","?","NM","?","?","T","?","?","M","COS","E","R","BOSS","M","?","M","?","COS","E","?","M","T","NM","M","R","$","M","R","BOSS","BOSS","M","M","?","T","R","M","R","T","?","BOSS"],"items_purchased_type":["Card","Card","Relic","Card","Card","Relic","Relic","Card","Relic","Relic","Relic","Relic","Card","Relic","Relic","Relic","Relic","Relic","Relic"],"build_version":"2020-12-22","purchased_purges":1,"victory":false,"max_hp_per_floor":[92,102,112,122,132,142,152,162,172,182,192,202,212,222,232,242,252,262,272,282,292,302,312,322,332,348,358,368,378,388,398,408,418,446,456,466,476,486,496,506,516,526,536,546,556,566,576,586,596,606,616,631,641,651,667,677,687,697,707,717,727,737,747,757,767,777,787,797,772,782,792,802,812,822,837,847,857,867,808,818,828,838,848,858,868,878,888,898,908,918,928,938,948,958,968,978,988,998,1008,1018,1028,1038,1048,1058,1068,1078,1088,1098,1108,1118,1128,1138,1148,1158,1158,1158,1158],"card_choices":[{"not_picked":["wariomod:AwfulLook","wariomod:BodyBlock+1"],"picked":"wariomod:DisarmingMoves","floor":1.0},{"not_picked":["wariomod:Bomblaster","wariomod:DisarmingMoves+1"],"picked":"wariomod:ThatsNotAll","floor":3.0},{"not_picked":["wariomod:DamnedStrength","wariomod:BumRush+1","wariomod:BlastDash"],"picked":"SKIP","floor":7.0},{"not_picked":["wariomod:AwfulLook","wariomod:ThatsNotAll+1","wariomod:BoomAndDoom"],"picked":"SKIP","floor":10.0},{"not_picked":["wariomod:SelfImprison+1","wariomod:AwfulLook"],"picked":"wariomod:BodyBlock","floor":11.0},{"not_picked":["wariomod:TreasureDig+1","wariomod:AwfulLook"],"picked":"wariomod:RacingSpeed","floor":12.0},{"not_picked":["wariomod:AwfulLook","wariomod:Boomsmack+1","wariomod:SpikeSlash"],"picked":"SKIP","floor":13.0},{"not_picked":["wariomod:Leapslam","wariomod:Smackflip+1"],"picked":"wariomod:ChargeForth","floor":14.0},{"not_picked":["wariomod:Enshrine","wariomod:AbandonGame+1"],"picked":"wariomod:EnergizedBombs","floor":16.0},{"not_picked":["wariomod:Smackflip","wariomod:Bombshield+1"],"picked":"wariomod:SmallSprint","floor":18.0},{"not_picked":["wariomod:DropBash","wariomod:Goblast"],"picked":"wariomod:SmallSprint+1","floor":22.0},{"not_picked":["wariomod:Hopshield","wariomod:ChargeForth+1"],"picked":"wariomod:VeryLongJump","floor":24.0},{"not_picked":["wariomod:TheGrandJourney","wariomod:ThatsNotAll+1"],"picked":"wariomod:SilenceBombs","floor":26.0},{"not_picked":["wariomod:Immortalize+1","wariomod:Bombshield"],"picked":"wariomod:DiceyMove","floor":27.0},{"not_picked":["wariomod:WipeClean","wariomod:ForbiddenMagic"],"picked":"wariomod:KeyFinisher","floor":27.0},{"not_picked":["wariomod:Hopshield","wariomod:DropBash","wariomod:Leapslam+1"],"picked":"SKIP","floor":29.0},{"not_picked":["wariomod:SmackSlam","wariomod:DisarmingMoves"],"picked":"wariomod:BodyBlock+1","floor":31.0},{"not_picked":["wariomod:DeadlyDash+1","wariomod:BoomForm"],"picked":"wariomod:FabulousPrizes","floor":33.0},{"not_picked":["Hatred","strawberrySpire:AscendersBanana"],"picked":"CloudedMind","floor":34.0},{"not_picked":["Sickly","relicPack:TruthCard"],"picked":"Replay:Hysterical Blindness","floor":34.0},{"not_picked":["ReplayTheSpireMod:Splinters","Overencumbered"],"picked":"Pain","floor":34.0},{"not_picked":["wariomod:Boomsmack","wariomod:Goblast+1","wariomod:BoomBoom"],"picked":"SKIP","floor":35.0},{"not_picked":["infinitespire:UltimateForm","infinitespire:SevenWalls"],"picked":"infinitespire:Fortify","floor":36.0},{"not_picked":["wariomod:TheGrandJourney","wariomod:BodyBlock"],"picked":"wariomod:HappyHop+1","floor":38.0},{"not_picked":["wariomod:Smackflip","wariomod:DoubleDash+1"],"picked":"wariomod:HappyHit+1","floor":39.0},{"not_picked":["wariomod:AbandonGame","wariomod:FabulousPrizes"],"picked":"wariomod:MassiveParty","floor":41.0},{"not_picked":["wariomod:PayItForwards+1","wariomod:DoubleDash","wariomod:Sidestep"],"picked":"SKIP","floor":41.0},{"not_picked":["wariomod:BlastDash","wariomod:Boomsmack","wariomod:SimpleShield+1"],"picked":"SKIP","floor":44.0},{"not_picked":["wariomod:ThatsNotAll+1","wariomod:SpikeSlash"],"picked":"wariomod:RacingSpeed","floor":45.0},{"not_picked":["wariomod:HastyRush+1","wariomod:DamnedStrength+1"],"picked":"wariomod:SpaceSwap","floor":48.0},{"not_picked":["wariomod:VeryLongJump+1","wariomod:SpacialMastery+1"],"picked":"wariomod:KeyFinisher+1","floor":50.0},{"not_picked":["wariomod:ShipSmash","wariomod:AbandonGame+1"],"picked":"wariomod:SpacialMastery","floor":50.0},{"not_picked":["wariomod:AbandonGame+1","wariomod:BoomForm"],"picked":"wariomod:WipeClean","floor":51.0},{"not_picked":["wariomod:DropBash","wariomod:NullJump+1"],"picked":"wariomod:Bomblaster+1","floor":52.0},{"not_picked":["wariomod:Hopshield","wariomod:OctoJump","wariomod:Bombshield+1"],"picked":"SKIP","floor":53.0},{"not_picked":["wariomod:Hopshield","wariomod:Boomsmack+1"],"picked":"wariomod:TreasureDig","floor":54.0},{"not_picked":["wariomod:SmallSprint+1","wariomod:AwfulLook"],"picked":"wariomod:EndlessBlast","floor":56.0},{"not_picked":["wariomod:EmptyMind","wariomod:ChargeForth+1"],"picked":"wariomod:SmackSlam","floor":59.0},{"not_picked":["wariomod:BodyBlock","wariomod:BoomBoom"],"picked":"wariomod:Purify+1","floor":61.0},{"not_picked":["wariomod:BlastDash+1","wariomod:ChargeForth"],"picked":"wariomod:TempestBlasts","floor":64.0},{"not_picked":["wariomod:SmallSprint+1","wariomod:TempestBlasts"],"picked":"wariomod:DanceDash","floor":65.0},{"not_picked":["wariomod:SmallSprint+1","wariomod:Hopshield","wariomod:DoubleDip"],"picked":"SKIP","floor":66.0},{"not_picked":["wariomod:BoomForm","wariomod:GodlyGift"],"picked":"wariomod:GoAgain","floor":68.0},{"not_picked":["wariomod:ShipSmash","wariomod:ForbiddenMagic"],"picked":"wariomod:DeadlyDash+1","floor":68.0},{"not_picked":["wariomod:BlastDash","wariomod:Bomblaster+1","wariomod:f"],"picked":"SKIP","floor":70.0},{"not_picked":["wariomod:f","wariomod:SmackSlam+1"],"picked":"wariomod:DanceDash","floor":71.0},{"not_picked":["wariomod:SpikeSlash","wariomod:Bombshield+1"],"picked":"wariomod:TreasureDig","floor":72.0},{"not_picked":["infinitespire:DeathsTouch","infinitespire:SevenWalls"],"picked":"infinitespire:Starlight","floor":75.0},{"not_picked":["wariomod:SilenceBombs","wariomod:PayItForwards+1"],"picked":"wariomod:RacingSpeed","floor":75.0},{"not_picked":["wariomod:ChargeForth","wariomod:Leapslam"],"picked":"wariomod:DeepDig+1","floor":81.0},{"not_picked":["wariomod:DeepDig","wariomod:TheGrandJourney+1","wariomod:SmallSprint"],"picked":"SKIP","floor":83.0},{"not_picked":["wariomod:VeryLongJump","wariomod:BoomAndDoom+1"],"picked":"wariomod:GoAgain","floor":85.0},{"not_picked":["wariomod:DoubleDip+1","wariomod:Bombtime+1","wariomod:DamnedStrength"],"picked":"SKIP","floor":87.0},{"not_picked":["wariomod:SmallSprint","wariomod:SimpleShield"],"picked":"wariomod:DeepDig+1","floor":89.0},{"not_picked":["wariomod:SimpleShield","wariomod:AwfulLook+1"],"picked":"wariomod:TrekTime","floor":92.0},{"not_picked":["wariomod:Bomblaster+1","wariomod:ThatsNotAll+1","wariomod:Hopshield+1"],"picked":"SKIP","floor":93.0},{"not_picked":["wariomod:SmallSprint","wariomod:SmackSlam+1"],"picked":"wariomod:SilenceBombs","floor":94.0},{"not_picked":["infinitespire:Oblivion","hubris:InfiniteBlow"],"picked":"infinitespire:NeuralNetwork","floor":96.0},{"not_picked":["wariomod:DoubleDash+1","wariomod:HastyRush+1"],"picked":"wariomod:WhirlwindBurst","floor":96.0},{"not_picked":["wariomod:DanceDash+1","wariomod:Game","wariomod:HastyRush"],"picked":"SKIP","floor":97.0},{"not_picked":["wariomod:TheGrandJourney+1","wariomod:Leapslam+1","wariomod:Goblast+1"],"picked":"SKIP","floor":100.0},{"not_picked":["wariomod:AbandonGame","wariomod:BoomForm"],"picked":"wariomod:SpacialMastery+1","floor":102.0},{"not_picked":["wariomod:ShipSmash+1","wariomod:AbandonGame"],"picked":"wariomod:KeyFinisher","floor":103.0},{"not_picked":["wariomod:f+1","wariomod:HappyHit","wariomod:Purify"],"picked":"SKIP","floor":105.0},{"not_picked":["wariomod:SimpleShield","wariomod:EmptyMind+1","wariomod:AwfulLook+1"],"picked":"SKIP","floor":106.0},{"not_picked":["wariomod:DoubleDip","wariomod:BodyBlock"],"picked":"wariomod:TempestBlasts+1","floor":110.0},{"not_picked":["wariomod:GodlyGift+1","wariomod:PoisonBombs"],"picked":"wariomod:ShipSmash","floor":114}],"player_experience":200543,"relics_obtained":[{"floor":2.0,"key":"ReplayTheSpireMod:Ring of Collecting"},{"floor":2.0,"key":"Ring of Searing"},{"floor":7.0,"key":"Pet Ghost"},{"floor":9.0,"key":"infinitespire:WardingShard"},{"floor":10.0,"key":"strawberrySpire:TinySteamboat"},{"floor":26.0,"key":"strawberrySpire:StillNotAdequateHouse"},{"floor":26.0,"key":"Ring of Fury"},{"floor":26.0,"key":"Gensokyo:MosesMiracle"},{"floor":27.0,"key":"Gremlin Food"},{"floor":29.0,"key":"Darkstone Periapt"},{"floor":31.0,"key":"StoneCalendar"},{"floor":38.0,"key":"wanderingMiniBosses:LockLocket"},{"floor":41.0,"key":"HornCleat"},{"floor":43.0,"key":"Ring of Peace"},{"floor":44.0,"key":"aspiration:HummingbirdHeart"},{"floor":59.0,"key":"jedi:command_common"},{"floor":61.0,"key":"jedi:command_common"},{"floor":61.0,"key":"Ring of Panic"},{"floor":66.0,"key":"jedi:command_common"},{"floor":74.0,"key":"jedi:command_common"},{"floor":75.0,"key":"jedi:command_uncommon"},{"floor":78.0,"key":"Ring of Hypnosis"},{"floor":78.0,"key":"jedi:command_uncommon"},{"floor":80.0,"key":"Ring of Fangs"},{"floor":80.0,"key":"jedi:command_common"},{"floor":83.0,"key":"jedi:command_common"},{"floor":92.0,"key":"jedi:command_uncommon"},{"floor":95.0,"key":"ReplayTheSpireMod:Ring of Challenge"},{"floor":95.0,"key":"jedi:command_uncommon"},{"floor":96.0,"key":"jedi:command_common"},{"floor":107.0,"key":"jedi:command_uncommon"},{"floor":108.0,"key":"ReplayTheSpireMod:Ring of Exchange"},{"floor":108.0,"key":"jedi:command_uncommon"},{"floor":110.0,"key":"paleoftheancients:SoulOfTheVixen"},{"floor":112,"key":"jedi:command_common"}],"event_choices":[],"is_beta":false,"boss_relics":[{"not_picked":["halation:PinkAlligatorPlush","Snecko Eye"],"picked":"Empty Cage"},{"not_picked":["relicPack:KazumaCape","halation:Yufonium"],"picked":"Replay:Ancient Bell"},{"not_picked":["infinitespire:PuzzleCube","Bag of Marbles"],"picked":"aspiration:TomeofQuesting"},{"not_picked":["hubris:Metronome","jedi:bottledfury"],"picked":"RoseTintedShades"},{"not_picked":["aspiration:DSix","halation:Trompette"],"picked":"Dota2Spire:ShivaGuard"},{"not_picked":["jedi:command_boss","jedi:command_boss"],"picked":"jedi:command_boss"},{"not_picked":["jedi:command_boss","jedi:command_boss"],"picked":"jedi:command_boss"},{"not_picked":["jedi:command_boss","jedi:command_boss"],"picked":"jedi:command_boss"},{"not_picked":["jedi:command_boss","jedi:command_boss"],"picked":"jedi:command_boss"},{"not_picked":["jedi:command_boss","jedi:command_boss"],"picked":"jedi:command_boss"}],"items_purged_floors":[62],"is_endless":true,"potions_floor_spawned":[10,11,14,22,29,31,39,44,48,50,54,56,64,66,68,71,74,75,83,87,93,100,102,103,105],"ascension_level":20}}