{"host":"cmkyc3p4v2g7wnr3","time":1612259596,"event":{"mods":["2.2 Compatiblity","A Magickal Journey","AchievementEnabler","BaseMod","Better Match","Better Note","BetterRewards","Block Reminder","Colored Map","Colored Powertips","DeckTracker","Gold Saver","Hermit","Hubris","Infinite Spire","Jorbs\u0027s Wanderer Trilogy","Marked Mod","Minty Spire (QoL Compilation)","Potionbrewer","Prisma Mod","Quick Restart","Rare Cards Sparkle","Relic Stats","Reliquary","Replay The Spire","Shop Mod","Slay the Relics Exporter","StSLib","Synergy Search","The Administrix","The Animator","The Bug Knight","The Construct","The Cursed","The Disciple","The Hierophant","The Marked","The Mystic","The Runesmith","The Servant 0.9.4","TheBandit"],"gold_per_floor":[9581,9601,9601,9611,9683,9708,9708,9708,9783,9783,9081,9099,9099,9110,9110,9208,9208,9220,8853,8853,8853,8866,8866,8866,8866,8893,8928,8928,8944,8954,8966,8978,8990,8990],"floor_reached":33,"language":"ENG","playtime":2844,"items_purged":["mysticmod:Strike_Mystic","mysticmod:Strike_Mystic"],"score":313,"play_id":"38e690f3-786d-43ac-8950-331f2571898a","local_time":"20210202105316","is_ascension_mode":false,"campfire_choices":[{"data":"mysticmod:ComboCaster","floor":8.0,"key":"SMITH"},{"data":"mysticmod:MagicWeapon","floor":10.0,"key":"SMITH"},{"data":"mysticmod:HeavyStrike","floor":15.0,"key":"SMITH"},{"floor":23.0,"key":"REST"},{"data":"mysticmod:Natural20","floor":25.0,"key":"SMITH"},{"floor":32,"key":"DIG"}],"circlet_count":0,"master_deck":["mysticmod:ArcaneDodge","mysticmod:ShockingGrasp","mysticmod:AllIn","mysticmod:MagicWeapon+1","mysticmod:Snowball","mysticmod:KnowledgePool","mysticmod:HeavyStrike+1","mysticmod:CureLightWounds","mysticmod:Natural20+1","mysticmod:TomeOfSpells","mysticmod:DiviningBlow+1","mysticmod:ComboCaster","mysticmod:MightyMagic","mysticmod:MysticalShield","mysticmod:AllIn","mysticmod:Fireball","mysticmod:FloatingDisk","mysticmod:LightningBolt","mysticmod:PowerSlash","mysticmod:Alacrity","hubris:DuctTapeCard"],"relics":["mysticmod:SpellBook","NeowsBlessing","HollowMod:LifeEnderRelic","hubris:64BitClover","hubris:DuctTape","hubris:TinFlute","Tiny Chest","Ancient Tea Set","BargainBundle","MerchantsRug","hubris:Icosahedron","Ring of Chaos","Strawberry","Bag of Preparation","Pandora\u0027s Box","Replay:Mystery Machine","Regal Pillow","hubris:BottledRain","MawBank","Bag of Marbles"],"acts_visited":["Exordium","TheCity"],"potions_floor_usage":[30],"damage_taken":[{"damage":0.0,"enemies":"Cultist","floor":1.0,"turns":1.0},{"damage":0.0,"enemies":"infinitespire:Voidling","floor":2.0,"turns":1.0},{"damage":0.0,"enemies":"Small Slimes","floor":4.0,"turns":1.0},{"damage":4.0,"enemies":"HollowMod:MossKnight","floor":6.0,"turns":8.0},{"damage":24.0,"enemies":"Exordium Thugs","floor":12.0,"turns":4.0},{"damage":2.0,"enemies":"Gremlin Gang","floor":14.0,"turns":3.0},{"damage":0.0,"enemies":"Fading Forest","floor":16.0,"turns":11.0},{"damage":9.0,"enemies":"Chosen","floor":18.0,"turns":4.0},{"damage":22.0,"enemies":"2 Thieves","floor":22.0,"turns":4.0},{"damage":48.0,"enemies":"Book of Stabbing","floor":27.0,"turns":5.0},{"damage":13.0,"enemies":"Cultist and Chosen","floor":29.0,"turns":4.0},{"damage":11,"enemies":"Sentry and Sphere","floor":30,"turns":4},{"damage":12,"enemies":"Colosseum Slavers","floor":31,"turns":3},{"damage":10,"enemies":"Champ","floor":33,"turns":1}],"seed_played":"7624804342730261287","potions_obtained":[{"floor":1.0,"key":"mysticmod:EssenceOfMagic"},{"floor":12.0,"key":"potionbrewer:AcidPotion"},{"floor":14.0,"key":"Cursed Concoction"},{"floor":18.0,"key":"construct:ShiftPotion"},{"floor":30,"key":"potionbrewer:CleansingPotion"}],"is_trial":false,"path_per_floor":["M","M","?","M","T","E","?","R","T","R","$","M","?","M","R","B",null,"M","$","?","AVR","M","R","T","R","T","E","?","M","M","?","R_BF","B"],"character_chosen":"MYSTIC_CLASS","items_purchased":["Tiny Chest","Ancient Tea Set","BargainBundle","MerchantsRug","mysticmod:Snowball","mysticmod:KnowledgePool","Strawberry","mysticmod:DiviningBlow+1","mysticmod:ComboCaster"],"campfire_rested":1,"item_purchase_floors":[11,11,11,11,11,11,19,19,19],"current_hp_per_floor":[77,77,77,77,77,73,73,73,73,73,73,49,49,47,47,66,77,68,75,75,75,56,81,81,81,81,36,36,26,18,6,6,0,0],"gold":8990,"neow_bonus":"THREE_ENEMY_KILL","is_daily":false,"chose_seed":false,"campfire_upgraded":4,"win_rate":0.0,"timestamp":1612259596,"path_taken":["M","M","?","?","?","E","?","R","T","R","$","M","?","M","R","BOSS","M","$","?","AVR","?","R","?","R","T","E","?","?","M","?","R_BF","BOSS"],"items_purchased_type":["Relic","Relic","Relic","Relic","Card","Card","Relic","Card","Card"],"build_version":"2020-12-22","purchased_purges":2,"victory":false,"max_hp_per_floor":[77,77,77,77,77,77,77,77,77,77,77,77,77,77,77,77,77,77,84,84,84,84,84,84,84,84,84,84,84,84,84,84,84,84],"relic_stats":{"Regal Pillow":0,"counters":[14,54],"Tiny Chest":1,"Pandora\u0027s Box":["mysticmod:MightyMagic","mysticmod:MysticalShield","mysticmod:AllIn","mysticmod:Fireball","mysticmod:FloatingDisk"],"Bag of Preparation":[12],"MawBank":36,"obtain_stats":[{"MerchantsRug":11,"BargainBundle":11,"Regal Pillow":26,"HollowMod:LifeEnderRelic":5,"NeowsBlessing":0,"hubris:DuctTape":9,"hubris:64BitClover":6,"mysticmod:SpellBook":0,"Ring of Chaos":17,"Bag of Preparation":21,"Replay:Mystery Machine":24,"Ancient Tea Set":11,"MawBank":30,"hubris:Icosahedron":13,"Strawberry":19,"Tiny Chest":11,"Pandora\u0027s Box":21,"Bag of Marbles":32,"hubris:TinFlute":10,"hubris:BottledRain":27},{"MerchantsRug":4,"BargainBundle":4,"Regal Pillow":9,"HollowMod:LifeEnderRelic":3,"NeowsBlessing":0,"hubris:DuctTape":4,"hubris:64BitClover":4,"mysticmod:SpellBook":0,"Ring of Chaos":7,"Bag of Preparation":8,"Replay:Mystery Machine":9,"Ancient Tea Set":4,"MawBank":12,"hubris:Icosahedron":5,"Strawberry":8,"Tiny Chest":4,"Pandora\u0027s Box":8,"Bag of Marbles":13,"hubris:TinFlute":4,"hubris:BottledRain":10},{"MerchantsRug":11,"BargainBundle":11,"Regal Pillow":37,"HollowMod:LifeEnderRelic":3,"NeowsBlessing":0,"hubris:DuctTape":11,"hubris:64BitClover":11,"mysticmod:SpellBook":0,"Ring of Chaos":29,"Bag of Preparation":33,"Replay:Mystery Machine":37,"Ancient Tea Set":11,"MawBank":50,"hubris:Icosahedron":15,"Strawberry":33,"Tiny Chest":11,"Pandora\u0027s Box":33,"Bag of Marbles":53,"hubris:TinFlute":11,"hubris:BottledRain":42}]},"card_choices":[{"not_picked":["mysticmod:Sideswipe","mysticmod:EnergizedRift"],"picked":"mysticmod:AllIn","floor":1.0},{"not_picked":["mysticmod:EnergizedRift","mysticmod:MirrorStrike"],"picked":"mysticmod:MagicWeapon","floor":2.0},{"not_picked":["mysticmod:KeenEdge","mysticmod:FloatingDisk","mysticmod:VorpalThrust"],"picked":"SKIP","floor":4.0},{"not_picked":["mysticmod:Daze","mysticmod:BladeMaster"],"picked":"mysticmod:ComboCaster","floor":6.0},{"not_picked":["mysticmod:Shield","mysticmod:Probe"],"picked":"mysticmod:HeavyStrike","floor":12.0},{"not_picked":["mysticmod:BladedDash","mysticmod:SpellRecall"],"picked":"mysticmod:CureLightWounds","floor":14.0},{"not_picked":["mysticmod:EnchantedMoulinet","mysticmod:Doublecast"],"picked":"mysticmod:Natural20","floor":16.0},{"not_picked":["mysticmod:Grapple","mysticmod:Daze"],"picked":"mysticmod:TomeOfSpells","floor":18.0},{"not_picked":["mysticmod:SuddenClarity","mysticmod:DiviningBlow"],"picked":"mysticmod:LightningBolt","floor":22.0},{"not_picked":["mysticmod:DiviningBlow","mysticmod:Fly"],"picked":"mysticmod:PowerSlash","floor":27.0},{"not_picked":["mysticmod:CorrosiveTouch","mysticmod:BulkUp"],"picked":"mysticmod:Alacrity","floor":29.0},{"not_picked":["mysticmod:SpellCombat","mysticmod:Alacrity","mysticmod:HunkerDown"],"picked":"SKIP","floor":30}],"player_experience":332642,"relics_obtained":[{"floor":5.0,"key":"HollowMod:LifeEnderRelic"},{"floor":6.0,"key":"hubris:64BitClover"},{"floor":9.0,"key":"hubris:DuctTape"},{"floor":24.0,"key":"Replay:Mystery Machine"},{"floor":26.0,"key":"Regal Pillow"},{"floor":27.0,"key":"hubris:BottledRain"},{"floor":30,"key":"MawBank"},{"floor":32,"key":"Bag of Marbles"}],"event_choices":[{"cards_removed":["mysticmod:Defend_Mystic"],"damage_healed":0.0,"max_hp_gain":0.0,"max_hp_loss":0.0,"gold_gain":0.0,"event_name":"Purifier","player_choice":"Purged","floor":3.0,"gold_loss":0.0,"damage_taken":0.0},{"damage_healed":0.0,"max_hp_gain":0.0,"max_hp_loss":0.0,"gold_gain":0.0,"event_name":"Golden Idol","player_choice":"Ignored","floor":7.0,"gold_loss":0.0,"damage_taken":0.0},{"damage_healed":0.0,"max_hp_gain":0.0,"max_hp_loss":0.0,"gold_gain":0.0,"event_name":"betterNote:BetterNote","player_choice":"Ignored","floor":20.0,"gold_loss":0.0,"damage_taken":0.0,"cards_obtained":["AdministrixMod:XianArts"]},{"damage_healed":0,"gold_gain":0,"player_choice":"Fight","damage_taken":0,"max_hp_gain":0,"max_hp_loss":0,"event_name":"Colosseum","floor":31,"gold_loss":0},{"damage_healed":0,"gold_gain":0,"player_choice":"Fled From Nobs","damage_taken":0,"max_hp_gain":0,"max_hp_loss":0,"event_name":"Colosseum","floor":31,"gold_loss":0}],"is_beta":false,"boss_relics":[{"not_picked":["reliquary:WritOfMandamus","Ectoplasm"],"picked":"Ring of Chaos"}],"items_purged_floors":[11,19],"is_endless":false,"potions_floor_spawned":[1,12,14,18,22,27,30],"killed_by":"Champ","ascension_level":0}}