{"host":"oxttf2o6jwqrmkaz","time":1612245547,"event":{"mods":["100% Spire Juice","Act Like it!","BaseMod","CapriCore","Colored Map","Minty Spire (QoL Compilation)","StSLib","SuperFastMode","The Immortal"],"gold_per_floor":[118,68,68,84,102,102,2,14,14,25,25,44,69,84,84,84,84],"floor_reached":16,"language":"KOR","playtime":548,"items_purged":[],"score":106,"play_id":"fb4334aa-6aff-4089-a5d5-a8f0a99cd7b9","local_time":"20210202145907","is_ascension_mode":false,"campfire_choices":[{"data":"Moonworks:IndiscriminateFireSupport","floor":6,"key":"SMITH"},{"data":"Moonworks:MiracleWalker","floor":11,"key":"SMITH"},{"data":"Moonworks:LulusLuckyEgg","floor":15,"key":"SMITH"}],"circlet_count":0,"master_deck":["Moonworks:Strike","Moonworks:Strike","Moonworks:Strike","Moonworks:Defend","Moonworks:Defend","Moonworks:Defend","Moonworks:Defend","Moonworks:Ambush","Moonworks:LongDistanceShot","Moonworks:IndiscriminateFireSupport+1","Moonworks:ImOnFire","Moonworks:MiracleWalker+1","Moonworks:SakisCookie","Moonworks:LulusLuckyEgg+1","Moonworks:DeployBits","Moonworks:UnluckyCharm","Moonworks:NicePresent"],"relics":["Moonworks:BrokenBomb","Moonworks:Homemark","MealTicket","StrikeDummy","Smiling Mask"],"acts_visited":["Exordium"],"potions_floor_usage":[],"damage_taken":[{"damage":0,"enemies":"Cultist","floor":1,"turns":4},{"damage":0,"enemies":"Small Slimes","floor":4,"turns":3},{"damage":0,"enemies":"2 Louse","floor":5,"turns":1},{"damage":10,"enemies":"Looter","floor":7,"turns":2},{"damage":6,"enemies":"Gremlin Gang","floor":8,"turns":3},{"damage":0,"enemies":"3 Louse","floor":10,"turns":1},{"damage":0,"enemies":"Looter","floor":12,"turns":3},{"damage":6,"enemies":"Gremlin Nob","floor":13,"turns":3},{"damage":20,"enemies":"Gremlin Gang","floor":14,"turns":1},{"damage":20,"enemies":"Slime Boss","floor":16,"turns":3}],"seed_played":"-6639630446653206020","potions_obtained":[{"floor":1,"key":"Ancient Potion"},{"floor":7,"key":"SmokeBomb"},{"floor":8,"key":"SmokeBomb"},{"floor":14,"key":"Energy Potion"}],"is_trial":false,"path_per_floor":["M","?","?","M","M","R","M","M","T","M","R","M","E","M","R","B"],"character_chosen":"THE_STARBREAKER","items_purchased":[],"campfire_rested":0,"item_purchase_floors":[],"current_hp_per_floor":[60,60,60,60,60,60,50,46,46,46,46,46,40,20,20,0,0],"gold":84,"neow_bonus":"RANDOM_COMMON_RELIC","is_daily":false,"chose_seed":false,"campfire_upgraded":3,"win_rate":0.0,"timestamp":1612245547,"path_taken":["M","?","?","M","M","R","M","?","T","M","R","M","E","M","R","BOSS"],"items_purchased_type":[],"build_version":"2020-12-22","purchased_purges":0,"victory":false,"max_hp_per_floor":[60,60,60,60,60,60,60,60,60,60,60,60,60,60,60,60,60],"card_choices":[{"not_picked":["Moonworks:Flamethrower","Moonworks:LulusLuckyEgg"],"picked":"Moonworks:IndiscriminateFireSupport","floor":1},{"not_picked":["Moonworks:DeployBits","Moonworks:CloudOfSeagulls"],"picked":"Moonworks:ImOnFire","floor":4},{"not_picked":["Moonworks:BigBangBell","Moonworks:StiffCrystal"],"picked":"Moonworks:MiracleWalker","floor":5},{"not_picked":["Moonworks:BigMagnum","Moonworks:MixPhenomenon"],"picked":"Moonworks:SakisCookie","floor":7},{"not_picked":["Moonworks:ImmovableObject","Moonworks:Heat300Percent"],"picked":"Moonworks:LulusLuckyEgg","floor":8},{"not_picked":["Moonworks:IndiscriminateFireSupport","Moonworks:TacticalRetreat"],"picked":"Moonworks:DeployBits","floor":10},{"not_picked":["Moonworks:BigBangBell","Moonworks:DevilHand"],"picked":"Moonworks:UnluckyCharm","floor":12},{"not_picked":["Moonworks:Poppoformation","Moonworks:SealedMemories"],"picked":"Moonworks:NicePresent","floor":13},{"not_picked":["Moonworks:LulusLuckyEgg","Moonworks:Assault","Moonworks:SakisCookie"],"picked":"SKIP","floor":14}],"player_experience":890928,"relics_obtained":[{"floor":9,"key":"StrikeDummy"},{"floor":13,"key":"Smiling Mask"}],"event_choices":[{"cards_removed":["Moonworks:Strike"],"damage_healed":0,"gold_gain":0,"player_choice":"Card Removal","damage_taken":0,"max_hp_gain":0,"max_hp_loss":0,"event_name":"The Cleric","floor":2,"gold_loss":50},{"damage_healed":0,"gold_gain":0,"player_choice":"0 cards matched","damage_taken":0,"max_hp_gain":0,"max_hp_loss":0,"event_name":"Match and Keep!","floor":3,"gold_loss":0,"cards_obtained":[]}],"is_beta":false,"boss_relics":[],"items_purged_floors":[],"is_endless":false,"potions_floor_spawned":[1,7,8,14],"killed_by":"Slime Boss","ascension_level":0}}