{"host":"d61fcf2p3sjwe6yo","time":1612272454,"event":{"mods":["AchievementEnabler","BaseMod","Colored Map","Downfall","Minty Spire (QoL Compilation)","StSLib","SuperFastMode"],"gold_per_floor":[99,116,130,143,143,158,158,168,68,53,69,69,90,120,131,131,131,131],"floor_reached":16,"language":"ENG","playtime":793,"items_purged":[],"score":197,"play_id":"51cc5dbd-1e6a-490d-8f57-cba15ee43c88","local_time":"20210202162734","is_ascension_mode":true,"campfire_choices":[{"floor":1,"key":"RECALL"},{"data":"hexamod:ForkedFlame","floor":9,"key":"SMITH"},{"data":"hexamod:ParanormalForm","floor":12,"key":"SMITH"}],"circlet_count":0,"master_deck":["AscendersBane","hexamod:Strike","hexamod:Strike+1","hexamod:Strike","hexamod:Defend","hexamod:Defend","hexamod:Defend","hexamod:Sear","hexamod:Float","hexamod:ForkedFlame+1","hexamod:ThirdSeal","hexamod:Hexaguard+1","hexamod:Hexaguard","hexamod:SpectersWail","hexamod:ParanormalForm+1","downfall:Malfunctioning","hexamod:Firestarter","hexamod:EtherealExpedition","hexamod:Hexaguard","hexamod:Hexaguard+1","hexamod:FifthSeal","hexamod:WildfireWeapon","hexamod:FirstSeal","hexamod:GhostLash","hexamod:SpectersWail","hexamod:SixthSeal","hexamod:ForkedFlame","hexamod:Haunt","hexamod:GhostflameBarrier","hexamod:FourthSeal"],"relics":["hexamod:SpiritBrand","Eternal Feather","downfall:HeartBlessingRed","Odd Mushroom","War Paint"],"acts_visited":["Exordium"],"potions_floor_usage":[13,14,16,16],"damage_taken":[{"damage":0,"enemies":"Small Slimes","floor":2,"turns":2},{"damage":0,"enemies":"Cultist","floor":3,"turns":2},{"damage":0,"enemies":"2 Louse","floor":4,"turns":2},{"damage":7,"enemies":"Exordium Thugs","floor":6,"turns":4},{"damage":7,"enemies":"2 Fungi Beasts","floor":8,"turns":3},{"damage":3,"enemies":"downfall:FleeingMerchant","floor":10,"turns":4},{"damage":6,"enemies":"Large Slime","floor":11,"turns":6},{"damage":2,"enemies":"The Mushroom Lair","floor":13,"turns":3},{"damage":30,"enemies":"Lagavulin","floor":14,"turns":5},{"damage":11,"enemies":"3 Louse","floor":15,"turns":3},{"damage":38,"enemies":"SI_SHIV_ARCHETYPE","floor":16,"turns":7}],"seed_played":"-1251984265028289029","potions_obtained":[{"floor":3,"key":"Strength Potion"},{"floor":6,"key":"SkillPotion"},{"floor":13,"key":"SkillPotion"},{"floor":15,"key":"SteroidPotion"}],"is_trial":false,"path_per_floor":["R","M","M","M","?","M","T","M","R","$","M","R","?","E","M","B"],"character_chosen":"THE_SPIRIT","items_purchased":[],"campfire_rested":0,"item_purchase_floors":[],"current_hp_per_floor":[63,63,63,63,63,56,56,49,61,58,52,67,65,42,38,0,0,0],"gold":131,"neow_bonus":"ONE_RANDOM_RARE_CARD","is_daily":false,"chose_seed":false,"campfire_upgraded":2,"win_rate":0.0,"timestamp":1612272454,"path_taken":["R","M","M","M","?","?","T","M","R","$","M","R","?","E","M","BOSS"],"items_purchased_type":[],"build_version":"2020-12-22","purchased_purges":0,"victory":false,"max_hp_per_floor":[70,70,70,70,70,70,70,70,70,70,70,70,70,70,70,70,70,70],"card_choices":[{"not_picked":["hexamod:BacktrackSmack","hexamod:SpectersWail"],"picked":"hexamod:ThirdSeal","floor":2},{"not_picked":["hexamod:InspiringFlames","hexamod:SwordOfDarkness"],"picked":"hexamod:Hexaguard","floor":3},{"not_picked":["hexamod:GhostOfSpirePast","hexamod:Haunt"],"picked":"hexamod:Hexaguard","floor":4},{"not_picked":["hexamod:GhostShield","hexamod:Again"],"picked":"hexamod:SpectersWail","floor":4},{"not_picked":["hexamod:Firestarter","hexamod:FlamesFromBeyond"],"picked":"hexamod:EtherealExpedition","floor":6},{"not_picked":["hexamod:BurningTouch","hexamod:EmpoweredFlame"],"picked":"hexamod:Hexaguard","floor":6},{"not_picked":["hexamod:InspiringFlames","hexamod:GhostShield"],"picked":"hexamod:Hexaguard","floor":8},{"not_picked":["hexamod:ThermalTransfer","hexamod:InspiringFlames"],"picked":"hexamod:FifthSeal","floor":10},{"not_picked":["hexamod:FastForward","hexamod:SwordOfDarkness"],"picked":"hexamod:WildfireWeapon","floor":10},{"not_picked":["hexamod:SecondSeal","hexamod:FourthSeal"],"picked":"hexamod:FirstSeal","floor":11},{"not_picked":["hexamod:PhantomFireball","hexamod:FastForward"],"picked":"hexamod:GhostLash","floor":11},{"not_picked":["hexamod:GhostOfSpireFuture","hexamod:FirstSeal"],"picked":"hexamod:SpectersWail","floor":11},{"not_picked":["hexamod:FourthSeal","hexamod:ThirdSeal"],"picked":"hexamod:SixthSeal","floor":13},{"not_picked":["hexamod:Firestarter","hexamod:GhostLash"],"picked":"hexamod:ForkedFlame","floor":13},{"not_picked":["hexamod:FlamesFromBeyond","hexamod:BacktrackSmack"],"picked":"hexamod:Haunt","floor":14},{"not_picked":["hexamod:FlamesFromBeyond","hexamod:ApocalypseNow"],"picked":"hexamod:GhostflameBarrier","floor":14},{"not_picked":["hexamod:FirstSeal","hexamod:SixthSeal"],"picked":"hexamod:FourthSeal","floor":15},{"not_picked":["hexamod:FourthSeal","hexamod:SoulSteal","hexamod:HauntingEcho"],"picked":"SKIP","floor":15}],"player_experience":761151,"relics_obtained":[{"floor":7,"key":"Eternal Feather"},{"floor":13,"key":"Odd Mushroom"},{"floor":14,"key":"War Paint"}],"event_choices":[{"damage_healed":0,"gold_gain":0,"player_choice":"Fought Mushrooms","damage_taken":0,"max_hp_gain":0,"max_hp_loss":0,"event_name":"Mushrooms","floor":13,"gold_loss":0}],"is_beta":false,"boss_relics":[],"items_purged_floors":[],"is_endless":false,"potions_floor_spawned":[3,6,13,15],"killed_by":"SI_SHIV_ARCHETYPE","ascension_level":13}}