{"host":"u7y9frlpoazak2mn","time":1612230892,"event":{"mods":["AchievementEnabler","Act Like it!","Alarm Clock","Aspiration","Astrologer","BaseMod","Beaked The Cultist","Better Altar","Better Match","Better Note","Better Sensory Stone","Better Skull","Better Third Choice","CCEM2","Chen","Colored Map","Colored Powertips","Conspire","Curses Come First","Dark Map","Displayed Cursed Tome","Energized Spire","Friendly Minions","Gensokyo","GifTheSpireLib","Glutton Mod","Halation","Hallownest","Hermit","Hubris","Infinite Spire","Jedi Mod","Koishi","Marisa????????","Marked Mod","Mimic Mod","Minty Spire (QoL Compilation)","Pale of the Ancients","Prisma Mod","Quick Restart","Random Character Button","Rare Cards Sparkle","Relic Stats","Reliquary","Remilia??????","Replay The Spire","Retaliation","Spicy Shops","Spikes Relics","StS++","StSLib","Stuff the Spire","The Administrix","The Blue Laboratory","The Bug Knight","The Construct","The Cursed","The Druid","The Forsaken","The Juggle","The Jungle","The Marked","The Servant 0.9.4","Waifu the Spire","Wandering Minibosses","Wide Potions","Yuri Mod"],"gold_per_floor":[109,284,303,323,94,94,124,124,169,186,186,186],"floor_reached":11,"language":"ENG","playtime":402,"items_purged":["Doubt"],"score":73,"play_id":"3e32830c-f320-4225-8594-79ec90246eee","local_time":"20210201205452","is_ascension_mode":false,"campfire_choices":[{"data":"beaked:Insight","floor":6,"key":"SMITH"},{"data":"beaked:Recite","floor":8,"key":"SMITH"}],"circlet_count":0,"master_deck":["beaked:Strike_Y","beaked:Strike_Y","beaked:Strike_Y","beaked:Strike_Y","beaked:Strike_Y","beaked:Strike_Y","beaked:Defend_Y","beaked:Defend_Y","beaked:Defend_Y","beaked:Defend_Y","beaked:Ceremony","beaked:Ceremony","beaked:Ceremony","beaked:Recite+1","beaked:Insight+1","beaked:Recite","beaked:Mantra"],"relics":["beaked:MendingPlumage","NeowsBlessing","DollysMirror","Kunai","StuffTheSpire:OldFever"],"acts_visited":["Exordium"],"potions_floor_usage":[7,7],"damage_taken":[{"damage":0,"enemies":"2 Louse","floor":1,"turns":1},{"damage":0,"enemies":"Jaw Worm","floor":3,"turns":1},{"damage":0,"enemies":"Small Slimes","floor":4,"turns":2},{"damage":27,"enemies":"Lagavulin","floor":7,"turns":6},{"damage":24,"enemies":"Exordium Wildlife","floor":10,"turns":4},{"damage":28,"enemies":"Gremlin Nob","floor":11,"turns":3}],"seed_played":"-4321644339690398687","potions_obtained":[{"floor":1,"key":"blueLaboratory:HummingbirdPotion"},{"floor":3,"key":"blueLaboratory:BottledHope"}],"is_trial":false,"path_per_floor":["M","?","M","M","$","R","E","R","T","M","E"],"character_chosen":"BEAKED_THE_CULTIST","items_purchased":["DollysMirror"],"campfire_rested":0,"item_purchase_floors":[5],"current_hp_per_floor":[50,50,50,50,50,50,30,30,30,18,0,0],"gold":186,"neow_bonus":"THREE_ENEMY_KILL","is_daily":false,"chose_seed":false,"campfire_upgraded":2,"win_rate":0.0,"timestamp":1612230892,"path_taken":["M","?","M","M","$","R","E","R","T","M","E"],"items_purchased_type":["Relic"],"build_version":"2020-12-22","purchased_purges":1,"victory":false,"max_hp_per_floor":[50,50,50,50,50,50,50,50,50,50,50,50],"relic_stats":{"counters":[6,17],"Kunai":[3],"obtain_stats":[{"NeowsBlessing":0,"DollysMirror":5,"Kunai":7,"beaked:MendingPlumage":0,"StuffTheSpire:OldFever":9},{"NeowsBlessing":0,"DollysMirror":3,"Kunai":4,"beaked:MendingPlumage":0,"StuffTheSpire:OldFever":4},{"NeowsBlessing":0,"DollysMirror":4,"Kunai":10,"beaked:MendingPlumage":0,"StuffTheSpire:OldFever":10}]},"card_choices":[{"not_picked":["beaked:HuntressEssence","beaked:Negation","beaked:Overexert"],"picked":"SKIP","floor":1},{"not_picked":["beaked:Overexert","beaked:WarriorSpirit"],"picked":"beaked:Recite","floor":3},{"not_picked":["beaked:Overpower","beaked:SurvivalInstinct"],"picked":"beaked:Insight","floor":4},{"not_picked":["beaked:BraceForImpact","beaked:Evade"],"picked":"beaked:Mantra","floor":7},{"not_picked":["beaked:RuinSticks","beaked:Tradeoff","beaked:Poke"],"picked":"SKIP","floor":10}],"player_experience":373719,"relics_obtained":[{"floor":7,"key":"Kunai"},{"floor":9,"key":"StuffTheSpire:OldFever"}],"event_choices":[{"damage_healed":0,"gold_gain":175,"player_choice":"AGREE","damage_taken":109,"max_hp_gain":0,"max_hp_loss":0,"event_name":"betterThird:BetterSerpent","floor":2,"gold_loss":0}],"is_beta":false,"boss_relics":[],"items_purged_floors":[5],"is_endless":false,"potions_floor_spawned":[1,3],"killed_by":"Gremlin Nob","ascension_level":0}}