{"host":"sav7uxregyirlf69","time":1612275734,"event":{"mods":["AchievementEnabler","BaseMod","Colored Map","DeckTracker","Keyboard Shortcuts","Minty Spire (QoL Compilation)","READ ME - Guardian Mod","StSLib","SuperFastMode"],"gold_per_floor":[119,119,133,143,143,175,175,204,204,44,44,76,41,53,53,53,53],"floor_reached":16,"language":"KOR","playtime":224,"items_purged":["Strike_R"],"score":236,"play_id":"db27d936-66a7-4622-ad29-92ad53819f8e","local_time":"20210202232214","is_ascension_mode":true,"campfire_choices":[{"data":"Fire Breathing","floor":7,"key":"SMITH"},{"data":"Rupture","floor":15,"key":"SMITH"}],"circlet_count":0,"master_deck":["AscendersBane","Strike_R","Strike_R","Strike_R","Strike_R","Defend_R","Defend_R","Defend_R","Bash","Anger","Feel No Pain","Flame Barrier","Fire Breathing+1","Rupture+1","Uppercut+1","Pummel+1"],"relics":["Burning Blood","NeowsBlessing","Molten Egg 2","Mummified Hand","Shuriken","Tiny Chest"],"acts_visited":["Exordium"],"potions_floor_usage":[6,16],"damage_taken":[{"damage":0,"enemies":"Jaw Worm","floor":1,"turns":1},{"damage":0,"enemies":"Cultist","floor":3,"turns":1},{"damage":0,"enemies":"Small Slimes","floor":4,"turns":1},{"damage":45,"enemies":"Lagavulin","floor":6,"turns":8},{"damage":49,"enemies":"Gremlin Nob","floor":8,"turns":5},{"damage":14,"enemies":"3 Sentries","floor":12,"turns":5},{"damage":14,"enemies":"3 Louse","floor":14,"turns":5},{"damage":38,"enemies":"Hexaghost","floor":16,"turns":9}],"seed_played":"8073048842945047823","potions_obtained":[{"floor":2,"key":"ColorlessPotion"},{"floor":2,"key":"BloodPotion"},{"floor":3,"key":"BlessingOfTheForge"},{"floor":6,"key":"FairyPotion"},{"floor":14,"key":"PowerPotion"}],"is_trial":false,"path_per_floor":["M","?","M","M","?","E","R","E","T","$","?","E","?","M","R","B"],"character_chosen":"IRONCLAD","items_purchased":["Rupture"],"campfire_rested":0,"item_purchase_floors":[10],"current_hp_per_floor":[74,74,75,75,75,36,36,28,28,28,21,13,31,23,23,0,0],"gold":53,"neow_bonus":"THREE_ENEMY_KILL","is_daily":false,"chose_seed":false,"campfire_upgraded":2,"win_rate":0.0,"timestamp":1612275734,"path_taken":["M","?","M","?","?","E","R","E","T","$","?","E","?","M","R","BOSS"],"items_purchased_type":["Card"],"build_version":"2020-12-22","purchased_purges":1,"victory":false,"max_hp_per_floor":[75,75,75,75,75,75,75,75,75,75,75,75,75,75,75,75,75],"card_choices":[{"not_picked":["Flex","Iron Wave"],"picked":"Anger","floor":1},{"not_picked":["Cleave","Searing Blow"],"picked":"Feel No Pain","floor":3},{"not_picked":["Thunderclap","Sword Boomerang"],"picked":"Flame Barrier","floor":4},{"not_picked":["Disarm","Twin Strike+1"],"picked":"Fire Breathing","floor":6},{"not_picked":["Berserk","Intimidate","True Grit"],"picked":"SKIP","floor":8},{"not_picked":["Metallicize","Heavy Blade+1"],"picked":"Uppercut+1","floor":12},{"not_picked":["Headbutt+1","Body Slam+1"],"picked":"Pummel+1","floor":14}],"player_experience":1462648,"relics_obtained":[{"floor":6,"key":"Molten Egg 2"},{"floor":8,"key":"Mummified Hand"},{"floor":9,"key":"Shuriken"},{"floor":12,"key":"Tiny Chest"}],"event_choices":[{"damage_healed":0,"gold_gain":0,"player_choice":"Got Potions","damage_taken":0,"max_hp_gain":0,"max_hp_loss":0,"event_name":"Lab","floor":2,"gold_loss":0},{"damage_healed":0,"gold_gain":0,"player_choice":"Ignored","damage_taken":0,"max_hp_gain":0,"max_hp_loss":0,"event_name":"Liars Game","floor":5,"gold_loss":0},{"cards_removed":["Defend_R"],"damage_healed":0,"gold_gain":0,"player_choice":"Card Removal","damage_taken":7,"max_hp_gain":0,"max_hp_loss":0,"event_name":"Golden Wing","floor":11,"gold_loss":0},{"damage_healed":18,"gold_gain":0,"player_choice":"Healed","damage_taken":0,"max_hp_gain":0,"max_hp_loss":0,"event_name":"The Cleric","floor":13,"gold_loss":35}],"is_beta":false,"boss_relics":[],"items_purged_floors":[10],"is_endless":false,"potions_floor_spawned":[3,4,6,14],"killed_by":"Hexaghost","ascension_level":20}}