{"host":"50per11302020","time":1612246819,"event":{"mods":["AchievementEnabler","BaseMod","Colored Map","Minty Spire (QoL Compilation)","Relic Stats","StSLib"],"gold_per_floor":[10,10,10,29,29,29,49,68,68,99,114,114,127,137,137,215,215,233,158,173,109,126,126,142,142,142],"floor_reached":25,"language":"ENG","playtime":1694,"items_purged":[],"score":414,"play_id":"e3d401e2-352e-43b8-ad95-ff55329aad08","local_time":"20210201222019","is_ascension_mode":true,"campfire_choices":[{"data":"Beam Cell","floor":6.0,"key":"SMITH"},{"data":"Self Repair","floor":12.0,"key":"SMITH"},{"floor":15,"key":"REST"},{"floor":23,"key":"REST"}],"circlet_count":0,"master_deck":["AscendersBane","Strike_B","Strike_B","Strike_B","Defend_B","Defend_B","Defend_B","Defend_B","Zap","Dualcast","Metamorphosis+1","Beam Cell+1","Gash","Go for the Eyes","Creative AI","Self Repair+1","Recycle","Consume","Machine Learning","FTL","Coolheaded","Cold Snap+1","Self Repair+1"],"relics":["Cracked Core","Bottled Lightning","Pantograph","Inserter","Cables"],"acts_visited":["Exordium","TheCity"],"potions_floor_usage":[14,14,20,22],"damage_taken":[{"damage":7.0,"enemies":"Jaw Worm","floor":1.0,"turns":4.0},{"damage":1.0,"enemies":"2 Louse","floor":4.0,"turns":3.0},{"damage":1.0,"enemies":"Cultist","floor":7.0,"turns":3.0},{"damage":7.0,"enemies":"Exordium Thugs","floor":8.0,"turns":4.0},{"damage":11.0,"enemies":"Lagavulin","floor":10.0,"turns":6.0},{"damage":20.0,"enemies":"3 Louse","floor":11.0,"turns":7.0},{"damage":6.0,"enemies":"2 Fungi Beasts","floor":13.0,"turns":2.0},{"damage":12,"enemies":"Lots of Slimes","floor":14,"turns":2},{"damage":24,"enemies":"Slime Boss","floor":16,"turns":7},{"damage":17,"enemies":"Spheric Guardian","floor":18,"turns":4},{"damage":48,"enemies":"3 Byrds","floor":20,"turns":7},{"damage":12,"enemies":"Cultist and Chosen","floor":22,"turns":3},{"damage":23,"enemies":"Centurion and Healer","floor":24,"turns":13},{"damage":15,"enemies":"Slavers","floor":25,"turns":1}],"seed_played":"11531768962746797","potions_obtained":[{"floor":1.0,"key":"Swift Potion"},{"floor":3.0,"key":"EntropicBrew"},{"floor":3.0,"key":"GamblersBrew"},{"floor":8.0,"key":"EssenceOfSteel"},{"floor":11.0,"key":"PowerPotion"},{"floor":18,"key":"SteroidPotion"},{"floor":20,"key":"LiquidMemories"}],"is_trial":false,"path_per_floor":["M","?","?","M","$","R","M","M","T","E","M","R","M","M","R","B",null,"M","?","M","?","M","R","M","E"],"character_chosen":"DEFECT","items_purchased":[],"campfire_rested":2,"item_purchase_floors":[],"current_hp_per_floor":[57,57,57,56,56,56,55,48,48,37,24,24,18,6,27,38,63,56,56,18,18,6,27,14,0,0],"gold":142,"neow_bonus":"RANDOM_COLORLESS_2","is_daily":false,"chose_seed":false,"campfire_upgraded":2,"win_rate":0.0,"timestamp":1612246819,"path_taken":["M","?","?","?","?","R","M","M","T","E","M","R","M","M","R","BOSS","M","?","M","?","M","R","M","E"],"items_purchased_type":[],"build_version":"2020-12-18","purchased_purges":0,"victory":false,"max_hp_per_floor":[71,71,71,71,71,71,71,71,71,71,71,71,71,71,71,71,71,71,71,71,71,71,71,71,71,71],"relic_stats":{"Inserter":[14],"counters":[14,66],"Pantograph":25,"obtain_stats":[{"Inserter":17,"Pantograph":10,"Bottled Lightning":9,"Cracked Core":0,"Cables":21},{"Inserter":9,"Pantograph":5,"Bottled Lightning":4,"Cracked Core":0,"Cables":11},{"Inserter":38,"Pantograph":20,"Bottled Lightning":14,"Cracked Core":0,"Cables":49}],"Cables":[15,9,6,0,0]},"card_choices":[{"not_picked":["Master of Strategy","Secret Weapon"],"picked":"Metamorphosis","floor":0.0},{"not_picked":["Streamline","Static Discharge"],"picked":"Beam Cell","floor":1.0},{"not_picked":["Turbo","Force Field"],"picked":"Gash","floor":4.0},{"not_picked":["Steam","Barrage"],"picked":"Go for the Eyes","floor":7.0},{"not_picked":["Leap","Reinforced Body"],"picked":"Creative AI","floor":8.0},{"not_picked":["Stack","Turbo"],"picked":"Self Repair","floor":10.0},{"not_picked":["Rebound","Doom and Gloom"],"picked":"Recycle","floor":11.0},{"not_picked":["Compile Driver","Cold Snap","Turbo"],"picked":"SKIP","floor":13.0},{"not_picked":["Aggregate","Conserve Battery"],"picked":"Consume","floor":14},{"not_picked":["Fission","Creative AI"],"picked":"Machine Learning","floor":16},{"not_picked":["FTL","Ball Lightning","Stack"],"picked":"SKIP","floor":18},{"not_picked":["Ball Lightning","Stack"],"picked":"FTL","floor":18},{"not_picked":["Doom and Gloom","Stack"],"picked":"Coolheaded","floor":20},{"not_picked":["White Noise","Hello World"],"picked":"Cold Snap+1","floor":22},{"not_picked":["Barrage","Meteor Strike"],"picked":"Self Repair+1","floor":24}],"player_experience":404545,"relics_obtained":[{"floor":9.0,"key":"Bottled Lightning"},{"floor":10.0,"key":"Pantograph"}],"event_choices":[{"damage_healed":0.0,"max_hp_gain":0.0,"max_hp_loss":0.0,"gold_gain":0.0,"event_name":"Living Wall","player_choice":"Grow","floor":2.0,"gold_loss":0.0,"damage_taken":0.0,"cards_upgraded":["Metamorphosis"]},{"damage_healed":0.0,"max_hp_gain":0.0,"max_hp_loss":0.0,"gold_gain":0.0,"event_name":"Lab","player_choice":"Got Potions","floor":3.0,"gold_loss":0.0,"damage_taken":0.0},{"cards_removed":["Strike_B"],"damage_healed":0,"gold_gain":0,"player_choice":"Gave Gold","damage_taken":0,"max_hp_gain":0,"max_hp_loss":0,"event_name":"Beggar","floor":19,"gold_loss":75},{"damage_healed":0,"gold_gain":0,"player_choice":"Paid Gold","damage_taken":0,"relics_obtained":["Cables"],"max_hp_gain":0,"max_hp_loss":0,"event_name":"WeMeetAgain","floor":21,"gold_loss":64}],"is_beta":true,"boss_relics":[{"not_picked":["Empty Cage","Ectoplasm"],"picked":"Inserter"}],"items_purged_floors":[],"is_endless":false,"potions_floor_spawned":[1,8,11,13,18,20],"killed_by":"Slavers","ascension_level":20}}