{"host":"bx8ylsmj2ob6hd5u","time":1612262998,"event":{"mods":["AchievementEnabler","Act Like it!","Aspiration","BaseMod","Colored Map","Downfall","Duelist Mod","Friendly Minions","Gensokyo","GifTheSpireLib","Hallownest","Hermit","HololiveMod","Hubris","Infinite Spire","Jorbs\u0027s Wanderer Trilogy","KinomotoSakuraMod(????)","Kiyohime????","Koishi","KomeijiMod","Lobotomy","LobotomyExtend","Marisa????????","Minty Spire (QoL Compilation)","Prisma Mod","Rare Cards Sparkle","Reimu??????","Remilia??????","Replay The Spire","StSLib","Td1madao Mod","The Administrix","The Animator","The Bug Knight","The Construct","The Cursed","The Disciple","The Hierophant","The Necromancer","The Poker Player","The Runesmith","The Senshi","The Servant 0.9.4","WarShipGirlsR/????R mod"],"gold_per_floor":[82,96,116,116,132,132,132,150,177,177,199,199,48,85,85,191,191,191,5,5,5,17,17,117,117,117,133,149,149,149,149,149,248,248,263,263,279,295,306,306,322,25,93,108,123,123,169,169,269,296],"floor_reached":51,"language":"ENG","playtime":3702,"items_purged":[],"score":839,"play_id":"61b32137-69a2-43b8-9208-028b7f6643b7","local_time":"20210202124958","is_ascension_mode":false,"campfire_choices":[{"data":"Hololive_IdolExercise","floor":6.0,"key":"SMITH"},{"data":"Hololive_IdolExercise","floor":12.0,"key":"SMITH"},{"data":"Hololive_CallAmaneKanata","floor":15.0,"key":"SMITH"},{"data":"Hololive_CallShirakamiFubuki","floor":23.0,"key":"SMITH"},{"data":"Hololive_OvertimeWork","floor":25.0,"key":"SMITH"},{"data":"Metamorphosis","floor":29.0,"key":"SMITH"},{"data":"Hololive_CallTokinoSora","floor":32.0,"key":"SMITH"},{"data":"Hololive_DDD","floor":40.0,"key":"SMITH"},{"data":"theDuelist:SummoningCurse","floor":49,"key":"PURGE"}],"circlet_count":0,"master_deck":["Hololive_Strike","Hololive_Strike","Hololive_Defend","Hololive_Defend","Hololive_CandyCastle","Hololive_CallShirakamiFubuki+1","Hololive_CallRoboco","Hololive_CallTokinoSora+1","Hololive_CallKiryuuCoco","Hololive_DevilCharm","Hololive_IdolExercise+1","Hololive_CallFriendA","Hololive_IdolExercise+1","Hololive_DiamondStrike","Hololive_CallAmaneKanata+1","Hololive_ScarfAndHalo","Hololive_CallNekomataOkayu+1","Hololive_Psychosis+1","Hololive_Psychosis+1","Metamorphosis+1","Hololive_ASMR","Hololive_OvertimeWork+1","Hololive_CallOkamiMio","Hololive_Rebound","Hololive_Thief","Hololive_DDD+1","Hololive_CallShiroganeNoel+1","Hololive_Rebound+1","Hololive_StrengthChampion+1","Hololive_HuntDinosaur+1","Hololive_CallYozoraMel+1","Mayhem","Thinking Ahead","Apotheosis","Panache","Hololive_CallRoboco+1","Hololive_Rebound","infinitespire:FutureSight","Hololive_CallYozoraMel"],"relics":["Hololive_TheStar","NeowsBlessing","LetterFromLob","Lantern","hubris:TenFootPole","Astrolabe","Runesmith:Locket","Sozu","Bottled Lightning","Ring of Misfortune","aspiration:RitualDagger","ReplayTheSpireMod:ShopPack","hubris:MobiusCoin","Mango","hubris:Towel"],"acts_visited":["Exordium","TheCity","TheBeyond"],"potions_floor_usage":[],"damage_taken":[{"damage":0.0,"enemies":"Hallownest:monsterHuskWarrior","floor":1.0,"turns":1.0},{"damage":0.0,"enemies":"2_ Uuma","floor":2.0,"turns":1.0},{"damage":0.0,"enemies":"Hallownest:2_Baldur","floor":3.0,"turns":2.0},{"damage":0.0,"enemies":"Hallownest:monsterAspidMother","floor":5.0,"turns":5.0},{"damage":0.0,"enemies":"Hallownest:Wandering_and_Horned","floor":8.0,"turns":4.0},{"damage":0.0,"enemies":"Hallownest:monsterMossCharger","floor":11.0,"turns":3.0},{"damage":0.0,"enemies":"Hallownest:monsterAspidMother","floor":14.0,"turns":4.0},{"damage":0.0,"enemies":"Hallownest:BossHornet","floor":16.0,"turns":8.0},{"damage":0.0,"enemies":"2 Thieves","floor":22.0,"turns":4.0},{"damage":0.0,"enemies":"3 Byrds","floor":27.0,"turns":3.0},{"damage":1.0,"enemies":"Snake Plant","floor":28.0,"turns":4.0},{"damage":0.0,"enemies":"hubris:MusketHawk","floor":33.0,"turns":6.0},{"damage":3.0,"enemies":"3 Shapes","floor":35.0,"turns":5.0},{"damage":3.0,"enemies":"Orb Walker","floor":37.0,"turns":3.0},{"damage":3.0,"enemies":"Transient","floor":38.0,"turns":5.0},{"damage":3.0,"enemies":"Maw","floor":39.0,"turns":6.0},{"damage":17.0,"enemies":"Jaw Worm Horde","floor":41.0,"turns":5.0},{"damage":3,"enemies":"Spire Growth","floor":44,"turns":5},{"damage":3,"enemies":"3 Darklings","floor":45,"turns":4},{"damage":35,"enemies":"2 Orb Walkers","floor":47,"turns":6},{"damage":3,"enemies":"Donu and Deca","floor":50,"turns":7}],"seed_played":"848401679785651745","potions_obtained":[{"floor":1.0,"key":"MagicPotion:ReiMu"},{"floor":3.0,"key":"Elixir"},{"floor":11.0,"key":"Toxic Potion"}],"is_trial":false,"path_per_floor":["M","M","M","?","M","R","?","M","T","?","M","R","$","M","R","B",null,"M","$","?","AVR","M","R","?","R","T","M","M","R","$","?","R","B",null,"M","?","M","M","M","R","M","$","T","M","M","?","?","?","R_BF","B",null],"character_chosen":"Hololive_HololiveCharacter","items_purchased":["hubris:TenFootPole","Metamorphosis","Mayhem","ReplayTheSpireMod:ShopPack"],"campfire_rested":0,"item_purchase_floors":[13,19,42,42],"current_hp_per_floor":[35,35,35,39,39,39,39,39,39,39,39,39,39,39,39,39,39,39,39,39,39,39,39,39,39,39,39,38,38,38,38,38,38,39,36,39,36,33,30,30,13,13,13,10,39,35,53,53,53,53],"gold":296,"neow_bonus":"THREE_ENEMY_KILL","is_daily":false,"chose_seed":false,"campfire_upgraded":8,"win_rate":0.0,"timestamp":1612262998,"path_taken":["M","M","M","?","M","R","?","M","T","?","M","R","$","?","R","BOSS","M","$","?","AVR","?","R","?","R","T","M","M","R","?","?","R","BOSS","M","?","M","M","M","R","M","$","T","M","M","?","?","?","R_BF","BOSS"],"items_purchased_type":["Relic","Card","Card","Relic"],"build_version":"2020-12-22","purchased_purges":0,"victory":true,"max_hp_per_floor":[35,35,35,39,39,39,39,39,39,39,39,39,39,39,39,39,39,39,39,39,39,39,39,39,39,39,39,39,39,39,39,39,39,39,39,39,39,39,39,39,39,39,39,39,39,39,53,53,53,53],"card_choices":[{"not_picked":["Hololive_CallHoshimachiSuisei","Hololive_Sequa","Hololive_Breathe"],"picked":"Hololive_DevilCharm","floor":1.0},{"not_picked":["Hololive_SoulCatcher","Hololive_CallKiryuuCoco","Hololive_LuckPotion"],"picked":"Hololive_IdolExercise","floor":2.0},{"not_picked":["Hololive_CocoNews","Hololive_Trident","Hololive_FlyingPonyTail"],"picked":"Hololive_Psychosis","floor":3.0},{"not_picked":["Hololive_HuntDinosaur","Hololive_Trident","Hololive_Psychosis"],"picked":"Hololive_CallFriendA","floor":5.0},{"not_picked":["Hololive_CallAkaiHaato","Hololive_CocoNews","Hololive_HuntDinosaur"],"picked":"Hololive_IdolExercise","floor":8.0},{"not_picked":[],"picked":"Hololive_DiamondStrike","floor":10.0},{"not_picked":["Hololive_RevenueBasedLive","Hololive_CocoNews","Hololive_Sequa"],"picked":"Hololive_CallAmaneKanata","floor":11.0},{"not_picked":["Hololive_HuntDinosaur","Hololive_Sequa","Hololive_CallAmaneKanata"],"picked":"Hololive_CallYozoraMel","floor":14.0},{"not_picked":["Hololive_IdolExercise","Hololive_FlareMind","Hololive_DiamondStrike"],"picked":"Hololive_ScarfAndHalo","floor":16.0},{"not_picked":["Hololive_Breathe","Hololive_RevenueBasedLive","Hololive_Drill"],"picked":"Hololive_CallOkamiMio","floor":22.0},{"not_picked":["Hololive_FlyingPonyTail","Hololive_StrengthChampion","Hololive_Psychosis"],"picked":"Hololive_Rebound","floor":27.0},{"not_picked":["Hololive_Drill","Hololive_LuckPotion+1","Hololive_StrengthChampion"],"picked":"Hololive_Thief","floor":28.0},{"not_picked":["Hololive_HighAtkLowDef","Hololive_BeCareful","Hololive_StarCraft"],"picked":"Hololive_DDD","floor":33.0},{"not_picked":["Hololive_Drill","Hololive_CallTokoyamiTowa+1","Hololive_ILoveYou+1"],"picked":"Hololive_CallShiroganeNoel+1","floor":35.0},{"not_picked":["Hololive_Breathe","Hololive_CallKiryuuCoco+1","Hololive_Drill+1"],"picked":"Hololive_Rebound+1","floor":37.0},{"not_picked":["Hololive_Rebound","Hololive_CallAiraniIofifteen","Hololive_Recruit"],"picked":"Hololive_StrengthChampion+1","floor":38.0},{"not_picked":["Hololive_CallFriendA+1","Hololive_Drill+1","Hololive_Trident+1"],"picked":"Hololive_HuntDinosaur+1","floor":39.0},{"not_picked":["Hololive_LuckPotion+1","Hololive_OvertimeWork+1","Hololive_Trident+1"],"picked":"Hololive_CallYozoraMel+1","floor":41.0},{"not_picked":["theDuelist:OrbMetronome","Metamorphosis","Transmutation"],"picked":"Thinking Ahead","floor":42.0},{"not_picked":["Mind Blast","Replay:Sssssssssstrike","RidiculousThoughts"],"picked":"Apotheosis","floor":42.0},{"not_picked":["theDuelist:OrbMetronome","ReplayTheSpireMod:Trickstab","Forethought"],"picked":"Panache","floor":42.0},{"not_picked":["Hololive_Yoholoon","Hololive_CocoNews","Hololive_Drill"],"picked":"Hololive_CallRoboco+1","floor":44},{"not_picked":["Hololive_StrengthChampion","Hololive_DiamondStrike","Hololive_CocoNews"],"picked":"Hololive_Rebound","floor":45},{"not_picked":["ReplayTheSpireMod:Chaos Vortex","infinitespire:DeathsTouch"],"picked":"infinitespire:FutureSight","floor":46},{"not_picked":["Hololive_RevenueBasedLive","Hololive_Drill","Hololive_SoulCatcher"],"picked":"Hololive_CallYozoraMel","floor":47}],"player_experience":1526411,"relics_obtained":[{"floor":1.0,"key":"LetterFromLob"},{"floor":9.0,"key":"Lantern"},{"floor":26.0,"key":"Bottled Lightning"},{"floor":31.0,"key":"Ring of Misfortune"},{"floor":43.0,"key":"hubris:MobiusCoin"},{"floor":47,"key":"Mango"}],"event_choices":[{"damage_healed":0.0,"max_hp_gain":0.0,"max_hp_loss":0.0,"gold_gain":0.0,"event_name":"Match and Keep!","player_choice":"2 cards matched","floor":20.0,"gold_loss":0.0,"damage_taken":0.0,"cards_obtained":["Hololive_ASMR","Hololive_OvertimeWork"]},{"damage_healed":0.0,"max_hp_gain":0.0,"max_hp_loss":0.0,"gold_gain":0.0,"event_name":"Match and Keep!","player_choice":"2 cards matched","floor":20.0,"gold_loss":0.0,"damage_taken":0.0,"cards_obtained":["Hololive_ASMR","Hololive_OvertimeWork"]},{"damage_healed":0.0,"max_hp_gain":0.0,"max_hp_loss":0.0,"gold_gain":100.0,"event_name":"Golden Shrine","player_choice":"Pray","floor":24.0,"gold_loss":0.0,"damage_taken":0.0},{"damage_healed":0,"gold_gain":0,"player_choice":"Fight","damage_taken":0,"max_hp_gain":0,"max_hp_loss":0,"event_name":"Mysterious Sphere","floor":47,"gold_loss":0}],"is_beta":false,"boss_relics":[{"not_picked":["hubris:CrackedHourglass","aspiration:PoetsPen_weak"],"picked":"Astrolabe"},{"not_picked":["Replay:Drink Me","Replay:Grab Bag"],"picked":"aspiration:RitualDagger"}],"items_purged_floors":[],"is_endless":false,"potions_floor_spawned":[1,3,11,22,27,35,41,44],"ascension_level":0}}