{"host":"syozzdlzcqop4jia","time":1612306358,"event":{"mods":["BaseMod","Colored Map","Colored Powertips","Minty Spire (QoL Compilation)","Quick Restart"],"gold_per_floor":[109,109,109,121,69,101,101,151,151,176,176,211,224,239,239,341,341,357,40,55,55,73,102,102,128,154,154,154,168,168,94,94,94,94],"floor_reached":33,"language":"ENG","playtime":1473,"items_purged":[],"score":401,"play_id":"eec78863-6b99-49cf-81c2-3b25b993b7d4","local_time":"20210202235238","is_ascension_mode":true,"campfire_choices":[{"data":"Flex","floor":7,"key":"SMITH"},{"floor":11,"key":"REST"},{"floor":15,"key":"REST"},{"floor":24,"key":"REST"},{"floor":28,"key":"REST"},{"floor":30,"key":"REST"},{"data":"Feed","floor":32,"key":"SMITH"}],"circlet_count":0,"master_deck":["Strike_R","Strike_R+1","Strike_R","Strike_R","Strike_R","Defend_R+1","Defend_R+1","Defend_R","Defend_R+1","Bash","Sword Boomerang+1","Sword Boomerang","Flex+1","Clash","Warcry+1","Intimidate+1","Heavy Blade","Flex+1","Feed+1","Armaments+1","Limit Break+1","Cleave+1","Twin Strike+1"],"relics":["Burning Blood","Anchor","Lantern","Toxic Egg 2","Singing Bowl","Busted Crown","Medical Kit","Molten Egg 2","Pocketwatch","War Paint","Bag of Marbles"],"acts_visited":["Exordium","TheCity"],"potions_floor_usage":[4,23,23,25,33],"damage_taken":[{"damage":7,"enemies":"2 Louse","floor":1,"turns":3},{"damage":2,"enemies":"Jaw Worm","floor":4,"turns":4},{"damage":42,"enemies":"Lagavulin","floor":6,"turns":6},{"damage":10,"enemies":"Gremlin Nob","floor":10,"turns":3},{"damage":35,"enemies":"3 Sentries","floor":12,"turns":6},{"damage":0,"enemies":"Small Slimes","floor":13,"turns":2},{"damage":0,"enemies":"2 Fungi Beasts","floor":14,"turns":2},{"damage":49,"enemies":"Hexaghost","floor":16,"turns":8},{"damage":11,"enemies":"3 Byrds","floor":18,"turns":5},{"damage":11,"enemies":"Spheric Guardian","floor":20,"turns":3},{"damage":18,"enemies":"Snake Plant","floor":22,"turns":3},{"damage":40,"enemies":"Slavers","floor":23,"turns":6},{"damage":44,"enemies":"Book of Stabbing","floor":25,"turns":5},{"damage":10,"enemies":"Centurion and Healer","floor":29,"turns":3},{"damage":97,"enemies":"Collector","floor":33,"turns":6}],"seed_played":"-4876346416601447554","potions_obtained":[{"floor":1,"key":"BlessingOfTheForge"},{"floor":6,"key":"FearPotion"},{"floor":14,"key":"ColorlessPotion"},{"floor":18,"key":"SteroidPotion"},{"floor":20,"key":"Block Potion"},{"floor":25,"key":"FearPotion"}],"is_trial":false,"path_per_floor":["M","?","?","M","$","E","R","?","T","E","R","E","M","M","R","B",null,"M","$","M","?","M","E","R","E","T","?","R","M","R","$","R","B"],"character_chosen":"IRONCLAD","items_purchased":["Flex","Limit Break+1","Medical Kit","Cleave+1","Twin Strike+1"],"campfire_rested":5,"item_purchase_floors":[5,19,19,31,31],"current_hp_per_floor":[87,87,69,73,73,37,37,37,37,33,59,30,36,42,68,25,72,70,70,67,67,57,28,58,22,22,22,52,50,81,81,81,0,0],"gold":94,"neow_bonus":"TEN_PERCENT_HP_BONUS","is_daily":false,"chose_seed":false,"campfire_upgraded":2,"win_rate":0.0,"timestamp":1612306358,"path_taken":["M","?","?","M","$","E","R","?","T","E","R","E","M","M","R","BOSS","M","$","M","?","M","E","R","E","T","?","R","M","R","$","R","BOSS"],"items_purchased_type":["Card","Card","Relic","Card","Card"],"build_version":"2020-12-22","purchased_purges":0,"victory":false,"max_hp_per_floor":[88,88,88,88,88,88,88,88,88,88,88,88,88,88,88,88,88,91,91,93,93,95,100,100,102,102,102,102,104,104,104,104,104,104],"card_choices":[{"not_picked":["Burning Pact","Cleave"],"picked":"Sword Boomerang","floor":1},{"not_picked":["Iron Wave","Twin Strike"],"picked":"Sword Boomerang","floor":4},{"not_picked":["Body Slam","Exhume"],"picked":"Clash","floor":6},{"not_picked":["Entrench+1","Burning Pact+1"],"picked":"Warcry+1","floor":10},{"not_picked":["Dark Embrace","Clothesline"],"picked":"Intimidate+1","floor":12},{"not_picked":["Blood for Blood","Twin Strike"],"picked":"Heavy Blade","floor":13},{"not_picked":["Warcry+1","Clothesline"],"picked":"Flex+1","floor":14},{"not_picked":["Barricade","Corruption"],"picked":"Feed","floor":16},{"not_picked":[],"picked":"Armaments+1","floor":18},{"not_picked":["Hemokinesis"],"picked":"Singing Bowl","floor":20},{"not_picked":["Whirlwind"],"picked":"Singing Bowl","floor":22},{"not_picked":["Armaments+1"],"picked":"Singing Bowl","floor":23},{"not_picked":["Warcry+1"],"picked":"Singing Bowl","floor":25},{"not_picked":["Second Wind+1"],"picked":"Singing Bowl","floor":29}],"player_experience":512760,"relics_obtained":[{"floor":6,"key":"Anchor"},{"floor":9,"key":"Lantern"},{"floor":10,"key":"Toxic Egg 2"},{"floor":12,"key":"Singing Bowl"},{"floor":23,"key":"Molten Egg 2"},{"floor":25,"key":"Pocketwatch"},{"floor":26,"key":"War Paint"}],"event_choices":[{"damage_healed":0,"gold_gain":0,"player_choice":"Grow","damage_taken":0,"max_hp_gain":0,"max_hp_loss":0,"event_name":"Living Wall","floor":2,"gold_loss":0,"cards_upgraded":["Sword Boomerang"]},{"damage_healed":0,"gold_gain":0,"player_choice":"Entered Light","damage_taken":18,"max_hp_gain":0,"max_hp_loss":0,"event_name":"Shining Light","floor":3,"gold_loss":0,"cards_upgraded":["Strike_R","Defend_R"]},{"damage_healed":0,"gold_gain":50,"player_choice":"Gained Gold","damage_taken":0,"max_hp_gain":0,"max_hp_loss":0,"event_name":"Golden Wing","floor":8,"gold_loss":0},{"damage_healed":0,"gold_gain":0,"player_choice":"Opened","damage_taken":0,"relics_obtained":["Bag of Marbles"],"max_hp_gain":0,"max_hp_loss":0,"event_name":"The Mausoleum","floor":27,"gold_loss":0}],"is_beta":false,"boss_relics":[{"not_picked":["Fusion Hammer","Runic Dome"],"picked":"Busted Crown"}],"items_purged_floors":[],"is_endless":false,"potions_floor_spawned":[1,6,14,18,20,25],"killed_by":"Collector","ascension_level":5}}