{"host":"q4it2kuxo1wuupt6","time":1612231522,"event":{"mods":["Act Like it!","BaseMod","Friendly Minions","GifTheSpireLib","Minty Spire (QoL Compilation)","StSLib","The Animator","yUi"],"gold_per_floor":[116,116,116,132,146,181,181,210,258,268,218,237,237,162,162,258,258,270,14,14,14,14,14,46,46,72,72,86,86,86,1,1,100,100,100,29,29,29],"floor_reached":37,"language":"ZHS","playtime":3546,"items_purged":["Defend_G","Strike_G"],"score":428,"play_id":"7d419e17-044f-4294-9f33-ae4bcee58512","local_time":"20210202100522","is_ascension_mode":true,"campfire_choices":[{"data":"Venomology","floor":7.0,"key":"SMITH"},{"floor":13.0,"key":"REST"},{"data":"Prepared","floor":15.0,"key":"SMITH"},{"data":"Well Laid Plans","floor":23.0,"key":"SMITH"},{"data":"Eviscerate","floor":25.0,"key":"SMITH"},{"data":"Neutralize","floor":27.0,"key":"SMITH"},{"floor":30.0,"key":"REST"},{"floor":32.0,"key":"RECALL"},{"data":"Acrobatics","floor":35.0,"key":"SMITH"}],"circlet_count":0,"master_deck":["Strike_G","Defend_G","Defend_G","Defend_G","Survivor","Neutralize+1","Prepared+1","Eviscerate+1","Well Laid Plans+1","Venomology+1","Acrobatics+1","Storm of Steel","Acrobatics","Acrobatics","Venomology","Deflect+1","Backstab+1","Glass Knife+1","Accuracy"],"relics":["Ring of the Snake","NeowsBlessing","Mercury Hourglass","Bronze Scales","HornCleat","Juzu Bracelet","Black Star","MealTicket","Nilry\u0027s Codex","Question Card","Omamori","Centennial Puzzle","Astrolabe"],"acts_visited":["TheEnding"],"potions_floor_usage":[37,37,37],"damage_taken":[{"damage":0.0,"enemies":"Small Slimes","floor":1.0,"turns":1.0},{"damage":0.0,"enemies":"2 Louse","floor":4.0,"turns":1.0},{"damage":0.0,"enemies":"Cultist","floor":5.0,"turns":1.0},{"damage":35.0,"enemies":"Lagavulin","floor":6.0,"turns":6.0},{"damage":21.0,"enemies":"Gremlin Nob","floor":8.0,"turns":5.0},{"damage":8.0,"enemies":"Large Slime","floor":10.0,"turns":5.0},{"damage":0.0,"enemies":"3 Louse","floor":12.0,"turns":2.0},{"damage":25.0,"enemies":"The Guardian","floor":16.0,"turns":10.0},{"damage":9.0,"enemies":"Shell Parasite","floor":18.0,"turns":3.0},{"damage":13.0,"enemies":"Book of Stabbing","floor":24.0,"turns":4.0},{"damage":1.0,"enemies":"Chosen","floor":28.0,"turns":4.0},{"damage":51.0,"enemies":"Champ","floor":33.0,"turns":12.0},{"damage":86,"enemies":"Shield and Spear","floor":37,"turns":6}],"seed_played":"4223177878454635803","potions_obtained":[{"floor":5.0,"key":"SkillPotion"},{"floor":6.0,"key":"Ancient Potion"},{"floor":8.0,"key":"Energy Potion"},{"floor":12.0,"key":"Dexterity Potion"},{"floor":16.0,"key":"Regen Potion"},{"floor":24.0,"key":"FearPotion"},{"floor":28.0,"key":"LiquidBronze"}],"is_trial":false,"path_per_floor":["M","?","?","M","M","E","R","E","T","M","?","M","R","$","R","B",null,"M","$","?","?","$","R","E","R","T","R","M","?","R","?","R","B",null,"R","$","E"],"character_chosen":"THE_SILENT","items_purchased":["MealTicket","Accuracy"],"campfire_rested":2,"item_purchase_floors":[19,36],"current_hp_per_floor":[70,70,70,70,70,35,35,14,14,6,6,6,27,27,27,2,70,61,61,45,45,60,60,47,47,47,47,55,42,64,64,64,13,75,75,75,0,0],"gold":29,"neow_bonus":"THREE_ENEMY_KILL","is_daily":false,"chose_seed":false,"campfire_upgraded":6,"win_rate":0.0,"timestamp":1612231522,"path_taken":["M","?","?","M","M","E","R","E","T","M","?","M","R","$","R","BOSS","M","$","?","?","$","R","E","R","T","R","M","?","R","?","R","BOSS","R","$","E"],"items_purchased_type":["Relic","Card"],"build_version":"2020-12-22","purchased_purges":2,"victory":false,"max_hp_per_floor":[70,70,70,70,70,70,70,70,70,70,70,70,70,70,70,70,70,70,70,70,70,70,70,70,70,70,70,70,75,75,75,75,75,75,75,75,75,75],"card_choices":[{"not_picked":["Dodge and Roll","Endless Agony"],"picked":"Prepared","floor":1.0},{"not_picked":["Bouncing Flask","Footwork"],"picked":"Eviscerate","floor":4.0},{"not_picked":["Poisoned Stab","Underhanded Strike"],"picked":"Well Laid Plans","floor":5.0},{"not_picked":["Backflip","Heel Hook"],"picked":"Venomology","floor":6.0},{"not_picked":["Doppelganger","Dodge and Roll","Deflect"],"picked":"SKIP","floor":8.0},{"not_picked":["Bane","Flying Knee","Slice"],"picked":"SKIP","floor":10.0},{"not_picked":["Leg Sweep","Dash"],"picked":"Acrobatics","floor":12.0},{"not_picked":["Bullet Time","Night Terror"],"picked":"Storm of Steel","floor":16.0},{"not_picked":["Endless Agony","Flying Knee+1"],"picked":"Acrobatics","floor":18.0},{"not_picked":["Well Laid Plans","Deadly Poison","Cloak And Dagger"],"picked":"SKIP","floor":24.0},{"not_picked":["Quick Slash","Footwork","Backstab"],"picked":"Acrobatics","floor":28.0},{"not_picked":["Burst","Malaise","Storm of Steel"],"picked":"Venomology","floor":33.0}],"player_experience":567589,"relics_obtained":[{"floor":6.0,"key":"Bronze Scales"},{"floor":8.0,"key":"HornCleat"},{"floor":9.0,"key":"Juzu Bracelet"},{"floor":20.0,"key":"Nilry\u0027s Codex"},{"floor":24.0,"key":"Question Card"},{"floor":24.0,"key":"Omamori"}],"event_choices":[{"damage_healed":0.0,"max_hp_gain":0.0,"max_hp_loss":0.0,"gold_gain":0.0,"event_name":"Big Fish","player_choice":"Box","floor":2.0,"gold_loss":0.0,"damage_taken":0.0,"relics_obtained":["Mercury Hourglass"],"cards_obtained":["Regret"]},{"damage_healed":0.0,"max_hp_gain":0.0,"max_hp_loss":0.0,"gold_gain":0.0,"event_name":"The Woman in Blue","player_choice":"Bought 0 Potions","floor":3.0,"gold_loss":0.0,"damage_taken":0.0},{"cards_removed":["Regret"],"damage_healed":0.0,"max_hp_gain":0.0,"max_hp_loss":0.0,"gold_gain":0.0,"event_name":"The Cleric","player_choice":"Card Removal","floor":11.0,"gold_loss":50.0,"damage_taken":0.0},{"damage_healed":0.0,"max_hp_gain":0.0,"max_hp_loss":0.0,"gold_gain":0.0,"event_name":"Cursed Tome","player_choice":"Obtained Book","floor":20.0,"gold_loss":0.0,"damage_taken":16.0},{"cards_removed":["Defend_G"],"damage_healed":0.0,"max_hp_gain":0.0,"max_hp_loss":0.0,"gold_gain":0.0,"event_name":"Purifier","player_choice":"Purged","floor":21.0,"gold_loss":0.0,"damage_taken":0.0},{"damage_healed":0.0,"max_hp_gain":5.0,"max_hp_loss":0.0,"gold_gain":0.0,"event_name":"Forgotten Altar","player_choice":"Shed Blood","floor":29.0,"gold_loss":0.0,"damage_taken":18.0},{"damage_healed":0.0,"max_hp_gain":0.0,"max_hp_loss":0.0,"gold_gain":0.0,"event_name":"Addict","player_choice":"Obtained Relic","floor":31.0,"gold_loss":85.0,"damage_taken":0.0,"relics_obtained":["Centennial Puzzle"]}],"is_beta":false,"boss_relics":[{"not_picked":["Sozu","Fusion Hammer"],"picked":"Black Star"},{"not_picked":["Tiny House","WristBlade"],"picked":"Astrolabe"}],"items_purged_floors":[14,19],"is_endless":false,"potions_floor_spawned":[5,6,8,12,16,24,28],"killed_by":"Shield and Spear","ascension_level":2}}