{"host":"l5zfpd2l2htson6l","time":1612261402,"event":{"mods":["AchievementEnabler","BaseMod","Colored Map","Colored Powertips","Minty Spire (QoL Compilation)","Permanent Neow","Quick Restart","Rare Cards Sparkle","Relic Stats","SuperFastMode"],"gold_per_floor":[114,114,129,149,149,178,178,191,214,214,240,240,256,282,282,356,356,371,389,401,433,433,464,464,489,516,516,526,553,239,251,251,330,330,345,360,377,377,377],"floor_reached":38,"language":"ENG","playtime":6316,"items_purged":["Clumsy"],"score":938,"play_id":"b6daa567-b36e-4fbf-8e1e-fb35a28c9f0a","local_time":"20210202022322","is_ascension_mode":true,"campfire_choices":[{"floor":7.0,"key":"REST"},{"floor":10.0,"key":"REST"},{"floor":12.0,"key":"REST"},{"data":"Uppercut","floor":15.0,"key":"SMITH"},{"floor":24.0,"key":"REST"},{"data":"Flame Barrier","floor":27.0,"key":"SMITH"},{"floor":32.0,"key":"REST"}],"circlet_count":0,"master_deck":["AscendersBane","Strike_R","Strike_R","Strike_R","Strike_R","Defend_R","Defend_R","Defend_R","Bash","Offering+1","Armaments+1","Uppercut+1","Metallicize","True Grit","Blood for Blood","Infernal Blade","Reaper","Flame Barrier+1","Blood for Blood","Dark Embrace","Pain","Ghostly Armor","Disarm","Demon Form","Feed","Burning Pact"],"relics":["Burning Blood","Anchor","War Paint","Pen Nib","Ornamental Fan","Cursed Key","Red Mask","WarpedTongs","Turnip","Strawberry","Regal Pillow","Frozen Eye","Fusion Hammer"],"acts_visited":["Exordium","TheCity","TheBeyond"],"potions_floor_usage":[],"damage_taken":[{"damage":10.0,"enemies":"Small Slimes","floor":1.0,"turns":3.0},{"damage":7.0,"enemies":"Cultist","floor":3.0,"turns":4.0},{"damage":8.0,"enemies":"Jaw Worm","floor":4.0,"turns":3.0},{"damage":14.0,"enemies":"Gremlin Nob","floor":6.0,"turns":3.0},{"damage":18.0,"enemies":"Large Slime","floor":8.0,"turns":6.0},{"damage":20.0,"enemies":"3 Sentries","floor":11.0,"turns":9.0},{"damage":6.0,"enemies":"Lots of Slimes","floor":13.0,"turns":8.0},{"damage":6.0,"enemies":"Lagavulin","floor":14.0,"turns":6.0},{"damage":38.0,"enemies":"Hexaghost","floor":16.0,"turns":10.0},{"damage":19.0,"enemies":"2 Thieves","floor":18.0,"turns":4.0},{"damage":11.0,"enemies":"Shell Parasite","floor":19.0,"turns":4.0},{"damage":18.0,"enemies":"Snecko","floor":20.0,"turns":5.0},{"damage":13.0,"enemies":"Masked Bandits","floor":21.0,"turns":4.0},{"damage":46.0,"enemies":"Slavers","floor":23.0,"turns":4.0},{"damage":23.0,"enemies":"Gremlin Leader","floor":25.0,"turns":7.0},{"damage":12.0,"enemies":"Sentry and Sphere","floor":28.0,"turns":6.0},{"damage":35.0,"enemies":"Slavers","floor":29.0,"turns":6.0},{"damage":12.0,"enemies":"Centurion and Healer","floor":31.0,"turns":5.0},{"damage":21.0,"enemies":"Champ","floor":33.0,"turns":9.0},{"damage":36.0,"enemies":"3 Shapes","floor":35.0,"turns":8.0},{"damage":42.0,"enemies":"3 Darklings","floor":36.0,"turns":7.0},{"damage":38,"enemies":"Maw","floor":37,"turns":8},{"damage":63,"enemies":"Spire Growth","floor":38,"turns":4}],"seed_played":"1801465933403060810","potions_obtained":[{"floor":3.0,"key":"ColorlessPotion"},{"floor":4.0,"key":"ColorlessPotion"},{"floor":11.0,"key":"SkillPotion"},{"floor":13.0,"key":"EntropicBrew"},{"floor":18.0,"key":"BlessingOfTheForge"},{"floor":19.0,"key":"DuplicationPotion"},{"floor":25.0,"key":"Dexterity Potion"},{"floor":29.0,"key":"Dexterity Potion"},{"floor":33.0,"key":"Energy Potion"}],"is_trial":false,"path_per_floor":["M","?","M","M","?","E","R","M","T","R","E","R","M","E","R","B",null,"M","M","M","?","?","E","R","E","T","R","M","E","$","M","R","B",null,"M","M","M","M"],"character_chosen":"IRONCLAD","items_purchased":["Disarm","Frozen Eye"],"campfire_rested":5,"item_purchase_floors":[30,30],"current_hp_per_floor":[46,39,38,36,36,28,50,38,38,60,46,68,68,68,68,36,65,64,59,47,52,52,27,49,57,57,57,57,35,35,39,78,82,82,76,69,63,0,0],"gold":377,"neow_bonus":"THREE_RARE_CARDS","is_daily":false,"chose_seed":false,"campfire_upgraded":2,"win_rate":0.0,"timestamp":1612261402,"path_taken":["M","?","M","M","?","E","R","M","T","R","E","R","M","E","R","BOSS","M","M","?","?","?","E","R","E","T","R","M","E","$","?","R","BOSS","M","M","M","M"],"items_purchased_type":["Card","Relic"],"build_version":"2020-12-22","purchased_purges":1,"victory":false,"max_hp_per_floor":[75,75,75,75,75,75,75,75,75,75,75,75,75,75,75,75,75,75,75,75,75,75,75,75,82,82,82,82,82,82,82,82,82,82,82,86,90,90,90],"relic_stats":{"Regal Pillow":15,"counters":[23,133],"Ornamental Fan":[84],"Pen Nib":[17],"Turnip":[13],"War Paint":["Armaments","Offering"],"Cursed Key":1,"obtain_stats":[{"Regal Pillow":26,"Pen Nib":11,"War Paint":9,"Cursed Key":17,"Burning Blood":0,"WarpedTongs":22,"Frozen Eye":30,"Anchor":6,"Ornamental Fan":14,"Strawberry":25,"Turnip":23,"Fusion Hammer":34,"Red Mask":21},{"Regal Pillow":15,"Pen Nib":6,"War Paint":5,"Cursed Key":9,"Burning Blood":0,"WarpedTongs":13,"Frozen Eye":17,"Anchor":4,"Ornamental Fan":8,"Strawberry":15,"Turnip":14,"Fusion Hammer":19,"Red Mask":13},{"Regal Pillow":80,"Pen Nib":28,"War Paint":19,"Cursed Key":52,"Burning Blood":0,"WarpedTongs":69,"Frozen Eye":92,"Anchor":13,"Ornamental Fan":42,"Strawberry":80,"Turnip":73,"Fusion Hammer":106,"Red Mask":69}],"Burning Blood":131,"WarpedTongs":[62]},"card_choices":[{"not_picked":["Limit Break","Berserk"],"picked":"Offering","floor":0.0},{"not_picked":["Wild Strike","Dual Wield","Dropkick"],"picked":"SKIP","floor":1.0},{"not_picked":["Dual Wield","Rage"],"picked":"Armaments","floor":3.0},{"not_picked":["Wild Strike","Pommel Strike"],"picked":"Uppercut","floor":4.0},{"not_picked":["Thunderclap","True Grit","Sword Boomerang"],"picked":"SKIP","floor":6.0},{"not_picked":["Clash","Exhume"],"picked":"Metallicize","floor":8.0},{"not_picked":["Warcry","Clash"],"picked":"True Grit","floor":11.0},{"not_picked":["Cleave","Whirlwind"],"picked":"Blood for Blood","floor":13.0},{"not_picked":["Pummel","Pommel Strike"],"picked":"Infernal Blade","floor":14.0},{"not_picked":["Limit Break","Demon Form"],"picked":"Reaper","floor":16.0},{"not_picked":["Infernal Blade+1","Sword Boomerang"],"picked":"Flame Barrier","floor":18.0},{"not_picked":["Rampage","Twin Strike"],"picked":"Blood for Blood","floor":19.0},{"not_picked":["Sword Boomerang","Anger","Burning Pact"],"picked":"SKIP","floor":20.0},{"not_picked":["Iron Wave+1","Clash"],"picked":"Dark Embrace","floor":21.0},{"not_picked":["Cleave","Clash","Shrug It Off"],"picked":"SKIP","floor":23.0},{"not_picked":["Warcry","Barricade","Twin Strike"],"picked":"SKIP","floor":25.0},{"not_picked":["Havoc","Wild Strike","Headbutt"],"picked":"SKIP","floor":28.0},{"not_picked":["Sword Boomerang","Warcry+1"],"picked":"Ghostly Armor","floor":29.0},{"not_picked":["Rage","Flex"],"picked":"Demon Form","floor":31.0},{"not_picked":["Reaper","Limit Break"],"picked":"Feed","floor":33.0},{"not_picked":["Entrench","Warcry+1"],"picked":"Burning Pact","floor":35.0},{"not_picked":["Body Slam+1","Thunderclap","Twin Strike"],"picked":"SKIP","floor":36.0},{"not_picked":["True Grit+1","Warcry","Perfected Strike"],"picked":"SKIP","floor":37}],"player_experience":843650,"relics_obtained":[{"floor":6.0,"key":"Anchor"},{"floor":9.0,"key":"War Paint"},{"floor":11.0,"key":"Pen Nib"},{"floor":14.0,"key":"Ornamental Fan"},{"floor":21.0,"key":"Red Mask"},{"floor":23.0,"key":"Turnip"},{"floor":25.0,"key":"Strawberry"},{"floor":26.0,"key":"Regal Pillow"}],"event_choices":[{"cards_removed":["Strike_R"],"damage_healed":0.0,"max_hp_gain":0.0,"max_hp_loss":0.0,"gold_gain":0.0,"event_name":"Golden Wing","player_choice":"Card Removal","floor":2.0,"gold_loss":0.0,"damage_taken":7.0},{"cards_removed":["Defend_R"],"damage_healed":0.0,"max_hp_gain":0.0,"max_hp_loss":0.0,"gold_gain":0.0,"event_name":"Purifier","player_choice":"Purged","floor":5.0,"gold_loss":0.0,"damage_taken":0.0},{"damage_healed":0.0,"max_hp_gain":0.0,"max_hp_loss":0.0,"gold_gain":0.0,"event_name":"Masked Bandits","player_choice":"Fought Bandits","floor":21.0,"gold_loss":0.0,"damage_taken":0.0},{"damage_healed":0.0,"max_hp_gain":0.0,"max_hp_loss":0.0,"gold_gain":0.0,"event_name":"Accursed Blacksmith","player_choice":"Rummage","floor":22.0,"gold_loss":0.0,"damage_taken":0.0,"relics_obtained":["WarpedTongs"],"cards_obtained":["Pain"]}],"is_beta":false,"boss_relics":[{"not_picked":["SlaversCollar","Mark of Pain"],"picked":"Cursed Key"},{"not_picked":["Sozu","Black Star"],"picked":"Fusion Hammer"}],"items_purged_floors":[30],"is_endless":false,"potions_floor_spawned":[3,4,11,13,18,19,25,29,33,36],"killed_by":"Spire Growth","ascension_level":19}}