{"host":"nwd160me4iqdtr8u","time":1612267471,"event":{"mods":["AchievementEnabler","Act Like it!","BaseMod","Colored Map","DeckTracker","Keyboard Shortcuts","Minty Spire (QoL Compilation)","Quick Restart","Rare Cards Sparkle","Smile Girya","StSLib","SuperFastMode","everything is the same but u backflip on backflip"],"gold_per_floor":[109,125,125,141,152,184,184,210,210,223,223,69,92,164,164,260,260,274,274,274,297,312,312,57,57,57,57,70,94,109,9,9,9,9],"floor_reached":33,"language":"KOR","playtime":1169,"items_purged":["Strike_G","Defend_G"],"score":518,"play_id":"b8417bfa-6fad-4f89-ac29-e31a891610d6","local_time":"20210202210431","is_ascension_mode":true,"campfire_choices":[{"data":"Bouncing Flask","floor":7.0,"key":"SMITH"},{"floor":15.0,"key":"REST"},{"floor":23.0,"key":"REST"},{"data":"Eviscerate","floor":27,"key":"SMITH"},{"floor":32,"key":"REST"}],"circlet_count":0,"master_deck":["AscendersBane","Strike_G","Strike_G","Strike_G","Defend_G","Defend_G","Defend_G","Defend_G","Survivor","Neutralize","Phantasmal Killer","Calculated Gamble","Cloak And Dagger","Bouncing Flask+1","Deadly Poison","Flying Knee","A Thousand Cuts","Backflip","Accuracy","Infinite Blades","All Out Attack","Die Die Die","Outmaneuver","Writhe","Eviscerate+1","Blade Dance+1","Apotheosis+1","PiercingWail+1","Prepared+1","Footwork"],"relics":["Ring of the Snake","Akabeko","Centennial Puzzle","Anchor","Golden Idol","Snecko Eye","Toxic Egg 2","Bottled Flame"],"acts_visited":["Exordium","TheCity"],"potions_floor_usage":[33],"damage_taken":[{"damage":1.0,"enemies":"Small Slimes","floor":1.0,"turns":4.0},{"damage":6.0,"enemies":"Jaw Worm","floor":2.0,"turns":7.0},{"damage":0.0,"enemies":"Cultist","floor":4.0,"turns":4.0},{"damage":5.0,"enemies":"Red Slaver","floor":5.0,"turns":3.0},{"damage":13.0,"enemies":"Gremlin Nob","floor":6.0,"turns":3.0},{"damage":17.0,"enemies":"Lagavulin","floor":8.0,"turns":5.0},{"damage":1.0,"enemies":"Looter","floor":10.0,"turns":2.0},{"damage":6.0,"enemies":"Exordium Thugs","floor":13.0,"turns":5.0},{"damage":10.0,"enemies":"Hexaghost","floor":16.0,"turns":8.0},{"damage":15.0,"enemies":"Spheric Guardian","floor":18.0,"turns":5.0},{"damage":12.0,"enemies":"Shell Parasite","floor":21.0,"turns":4.0},{"damage":3.0,"enemies":"Cultist and Chosen","floor":22.0,"turns":3.0},{"damage":9,"enemies":"Snecko","floor":28,"turns":6},{"damage":9,"enemies":"Snake Plant","floor":29,"turns":3},{"damage":19,"enemies":"Shelled Parasite and Fungi","floor":30,"turns":5},{"damage":44,"enemies":"Automaton","floor":33,"turns":6}],"seed_played":"-8646214337657741714","potions_obtained":[{"floor":1.0,"key":"Explosive Potion"},{"floor":5.0,"key":"ColorlessPotion"},{"floor":10.0,"key":"SkillPotion"},{"floor":16.0,"key":"CunningPotion"},{"floor":20.0,"key":"EntropicBrew"},{"floor":22.0,"key":"Fruit Juice"},{"floor":30,"key":"FearPotion"}],"is_trial":false,"path_per_floor":["M","M","?","M","M","E","R","E","T","M","?","$","M","?","R","B",null,"M","?","?","M","M","R","$","?","T","R","M","M","M","$","R","B"],"character_chosen":"THE_SILENT","items_purchased":["Infinite Blades","Apotheosis+1","PiercingWail+1"],"campfire_rested":3,"item_purchase_floors":[12,24,24],"current_hp_per_floor":[58,52,52,52,47,34,34,17,17,16,16,16,10,10,28,18,50,35,35,35,23,25,44,44,44,44,44,35,26,7,7,26,0,0],"gold":9,"neow_bonus":"ONE_RANDOM_RARE_CARD","is_daily":false,"chose_seed":false,"campfire_upgraded":2,"win_rate":0.0,"timestamp":1612267471,"path_taken":["M","M","?","M","M","E","R","E","T","M","?","$","M","?","R","BOSS","M","?","?","M","?","R","?","?","T","R","M","M","M","$","R","BOSS"],"items_purchased_type":["Card","Card","Card"],"build_version":"2020-12-22","purchased_purges":2,"victory":false,"max_hp_per_floor":[66,66,66,66,66,66,66,66,66,66,60,60,60,60,60,60,60,60,60,60,60,65,65,65,65,65,65,65,65,65,65,65,65,65],"card_choices":[{"not_picked":["Caltrops","PiercingWail"],"picked":"Calculated Gamble","floor":1.0},{"not_picked":["Dodge and Roll","Skewer"],"picked":"Cloak And Dagger","floor":2.0},{"not_picked":["Calculated Gamble","Underhanded Strike"],"picked":"Deadly Poison","floor":4.0},{"not_picked":["Quick Slash","Tactician"],"picked":"Flying Knee","floor":5.0},{"not_picked":["PiercingWail","Slice"],"picked":"A Thousand Cuts","floor":6.0},{"not_picked":["Flechettes","Flying Knee"],"picked":"Backflip","floor":8.0},{"not_picked":["Dagger Throw","Backstab"],"picked":"Accuracy","floor":10.0},{"not_picked":["Deflect","Outmaneuver"],"picked":"All Out Attack","floor":13.0},{"not_picked":["Envenom","Storm of Steel"],"picked":"Die Die Die","floor":16.0},{"not_picked":["Dagger Spray","Accuracy"],"picked":"Outmaneuver","floor":18.0},{"not_picked":["Infinite Blades","Leg Sweep+1"],"picked":"Eviscerate","floor":21.0},{"not_picked":["Noxious Fumes+1","Dagger Throw"],"picked":"Blade Dance+1","floor":22.0},{"not_picked":["Cloak And Dagger+1","Bane","Dagger Spray"],"picked":"SKIP","floor":28},{"not_picked":["Deadly Poison+1","Choke"],"picked":"Prepared+1","floor":29},{"not_picked":["Heel Hook","Quick Slash+1"],"picked":"Footwork","floor":30}],"player_experience":374595,"relics_obtained":[{"floor":6.0,"key":"Akabeko"},{"floor":8.0,"key":"Centennial Puzzle"},{"floor":9.0,"key":"Anchor"},{"floor":26,"key":"Bottled Flame"}],"event_choices":[{"damage_healed":0.0,"max_hp_gain":0.0,"max_hp_loss":0.0,"gold_gain":0.0,"cards_transformed":["Strike_G"],"event_name":"Living Wall","player_choice":"Change","floor":3.0,"gold_loss":0.0,"damage_taken":0.0,"cards_obtained":["Bouncing Flask"]},{"damage_healed":0.0,"max_hp_gain":0.0,"max_hp_loss":6.0,"gold_gain":0.0,"event_name":"Golden Idol","player_choice":"Lose Max HP","floor":11.0,"gold_loss":0.0,"damage_taken":0.0,"relics_obtained":["Golden Idol"]},{"damage_healed":0.0,"max_hp_gain":0.0,"max_hp_loss":0.0,"gold_gain":72.0,"event_name":"Golden Wing","player_choice":"Gained Gold","floor":14.0,"gold_loss":0.0,"damage_taken":0.0},{"damage_healed":0.0,"max_hp_gain":0.0,"max_hp_loss":0.0,"gold_gain":0.0,"event_name":"The Mausoleum","player_choice":"Opened","floor":19.0,"gold_loss":0.0,"damage_taken":0.0,"relics_obtained":["Toxic Egg 2"],"cards_obtained":["Writhe"]},{"damage_healed":0.0,"max_hp_gain":0.0,"max_hp_loss":0.0,"gold_gain":0.0,"event_name":"Lab","player_choice":"Got Potions","floor":20.0,"gold_loss":0.0,"damage_taken":0.0},{"damage_healed":0,"gold_gain":0,"player_choice":"Leave","damage_taken":0,"max_hp_gain":0,"max_hp_loss":0,"event_name":"FaceTrader","floor":25,"gold_loss":0}],"is_beta":false,"boss_relics":[{"not_picked":["Busted Crown","Black Star"],"picked":"Snecko Eye"}],"items_purged_floors":[12,31],"is_endless":false,"potions_floor_spawned":[1,5,10,16,22,30],"killed_by":"Automaton","ascension_level":20}}