{"host":"xltl1aroowo69o4n","time":1612236100,"event":{"mods":["BaseMod","Colored Map","Colored Powertips","Downfall","Minty Spire (QoL Compilation)","StSLib"],"gold_per_floor":[99,114,132,150,150,50,97,111,11,27,27,38,23,23,39,134,184,184,199,199,213,227,242,242,242,256,283,294,306,306,20,33,128,128,28,47,47,32,44,60,83,83,83,19,31,47,47,62,78,78,78,107,7,7,7,7,7],"floor_reached":55,"language":"ENG","playtime":4585,"items_purged":["Pain"],"score":714,"play_id":"fed9d522-e872-4c12-90bc-91e5a787450b","local_time":"20210201222140","is_ascension_mode":false,"campfire_choices":[{"floor":1.0,"key":"RECALL"},{"floor":6.0,"key":"REST"},{"data":"Guardian:BronzeOrb","floor":9.0,"key":"SMITH"},{"data":"Guardian:BronzeArmor","floor":11.0,"key":"SMITH"},{"data":"Guardian:TimeSifter","floor":18.0,"key":"SMITH"},{"floor":25.0,"key":"REST"},{"floor":30.0,"key":"REST"},{"data":"expansioncontent:StudyTheSpire","floor":35.0,"key":"SMITH"},{"floor":43.0,"key":"REST"},{"floor":47.0,"key":"REST"},{"floor":54,"key":"REST"}],"circlet_count":0,"master_deck":["Guardian:Strike_Guardian","Guardian:Strike_Guardian","Guardian:Strike_Guardian","Guardian:Strike_Guardian","Guardian:Defend_Guardian","Guardian:Defend_Guardian","Guardian:Defend_Guardian+1","Guardian:Defend_Guardian","Guardian:CurlUp","Guardian:TwinSlam","Guardian:GuardianWhirl","Guardian:FloatingOrbs","Guardian:Suspension","Guardian:BronzeOrb+1","Guardian:BronzeArmor+1","Guardian:CrystalBeam","Guardian:SpikerProtocol","Guardian:SpikerProtocol","Guardian:TimeSifter+1","Guardian:ShieldCharger","Guardian:WalkerClaw+1","Guardian:RollAttack","Guardian:ChargeCore","Guardian:ChargeCore+1","Guardian:RollAttack+1","Guardian:BronzeArmor","Guardian:DonusPower","Guardian:Repulse","Guardian:BronzeArmor+1","expansioncontent:StudyTheSpire+1","expansioncontent:AwakenDeath","Guardian:TemporalStrike","Guardian:TemporalShield+1","Guardian:TimeSifter","Guardian:PiercingHide","Guardian:MultiBeam","Clumsy","Parasite","Guardian:BronzeOrb+1","Guardian:PiercingHide","Guardian:StasisField","Guardian:Recover+1","Guardian:TemporalStrike","Guardian:RefractedBeam+1","Guardian:PrimingBeam","Guardian:RollAttack"],"relics":["Guardian:ModeShifter","Guardian:PickAxe","downfall:HeartBlessingRed","downfall:HeartBlessingBlue","downfall:ShatteredFragment","Tiny House","Question Card","Gremlin Horn","Busted Crown","downfall:HeartBlessingGreen","downfall:ExtraCursedKey","Strawberry","Bird Faced Urn"],"acts_visited":["Exordium","TheCity","TheBeyond","TheEnding"],"potions_floor_usage":[],"damage_taken":[{"damage":3.0,"enemies":"Jaw Worm","floor":2.0,"turns":5.0},{"damage":2.0,"enemies":"2 Louse","floor":3.0,"turns":3.0},{"damage":5.0,"enemies":"Small Slimes","floor":4.0,"turns":4.0},{"damage":14.0,"enemies":"Small Slimes","floor":5.0,"turns":5.0},{"damage":8.0,"enemies":"2 Fungi Beasts","floor":8.0,"turns":3.0},{"damage":1.0,"enemies":"Red Slaver","floor":10.0,"turns":3.0},{"damage":6.0,"enemies":"Lots of Slimes","floor":12.0,"turns":5.0},{"damage":4.0,"enemies":"downfall:FleeingMerchant","floor":13.0,"turns":4.0},{"damage":1.0,"enemies":"Exordium Wildlife","floor":15.0,"turns":4.0},{"damage":40.0,"enemies":"SI_SHIV_ARCHETYPE","floor":16.0,"turns":6.0},{"damage":4.0,"enemies":"Chosen","floor":19.0,"turns":5.0},{"damage":5.0,"enemies":"Shell Parasite","floor":21.0,"turns":5.0},{"damage":14.0,"enemies":"Snake Plant","floor":22.0,"turns":4.0},{"damage":15.0,"enemies":"Snecko","floor":23.0,"turns":5.0},{"damage":11.0,"enemies":"Shelled Parasite and Fungi","floor":26.0,"turns":5.0},{"damage":28.0,"enemies":"Slavers","floor":27.0,"turns":4.0},{"damage":22.0,"enemies":"Snake Plant","floor":28.0,"turns":4.0},{"damage":25.0,"enemies":"Centurion and Healer","floor":29.0,"turns":5.0},{"damage":0.0,"enemies":"downfall:FleeingMerchant","floor":31.0,"turns":4.0},{"damage":0.0,"enemies":"Chosen and Byrds","floor":32.0,"turns":5.0},{"damage":52.0,"enemies":"DF_ARCHETYPE_CLAW","floor":33.0,"turns":9.0},{"damage":2.0,"enemies":"Orb Walker","floor":36.0,"turns":3.0},{"damage":15.0,"enemies":"downfall:FleeingMerchant","floor":38.0,"turns":4.0},{"damage":31.0,"enemies":"3 Darklings","floor":39.0,"turns":3.0},{"damage":7.0,"enemies":"Spire Growth","floor":40.0,"turns":4.0},{"damage":21.0,"enemies":"downfall:FleeingMerchant","floor":44.0,"turns":4.0},{"damage":2.0,"enemies":"Sphere and 2 Shapes","floor":45.0,"turns":3.0},{"damage":3.0,"enemies":"Maw","floor":46.0,"turns":7.0},{"damage":8.0,"enemies":"Jaw Worm Horde","floor":48.0,"turns":4.0},{"damage":2.0,"enemies":"3 Darklings","floor":49.0,"turns":3.0},{"damage":73.0,"enemies":"WA_ARCHETYPE_DIVINITY","floor":50.0,"turns":10.0},{"damage":130,"enemies":"downfall:CharBossMerchant","floor":52,"turns":12},{"damage":211,"enemies":"downfall:NeowBoss","floor":55,"turns":17}],"seed_played":"-7302645323294040244","potions_obtained":[{"floor":12.0,"key":"FearPotion"},{"floor":15.0,"key":"sneckomod:MuddlingPotion"},{"floor":16.0,"key":"SpeedPotion"},{"floor":32.0,"key":"Dexterity Potion"},{"floor":36.0,"key":"hexamod:SoulburnPotion"},{"floor":40.0,"key":"DistilledChaos"},{"floor":45.0,"key":"Strength Potion"},{"floor":46.0,"key":"Guardian:BlockOnCardUsePotion"},{"floor":48.0,"key":"Explosive Potion"}],"is_trial":false,"path_per_floor":["R","M","M","M","?","R","T","M","R","M","R","M","$","?","M","B",null,"R","M","?","M","M","M","T","R","M","E","M","M","R","$","M","B",null,"R","M","?","$","M","M","T","?","R","$","M","M","R","M","M","B",null,"E","$","R","B"],"character_chosen":"GUARDIAN","items_purchased":["expansioncontent:StudyTheSpire","expansioncontent:AwakenDeath","Guardian:PiercingHide","Guardian:RollAttack"],"campfire_rested":6,"item_purchase_floors":[31,31,44,53],"current_hp_per_floor":[88,85,83,78,58,84,84,76,86,85,85,79,75,51,50,10,103,103,99,99,94,80,65,65,95,84,56,34,9,39,39,39,17,103,103,101,101,86,55,48,55,60,93,72,70,67,100,92,90,17,110,20,20,53,0,0,0],"gold":7,"neow_bonus":"TEN_PERCENT_HP_BONUS","is_daily":false,"chose_seed":false,"campfire_upgraded":4,"win_rate":0.0,"timestamp":1612236100,"path_taken":["R","M","M","M","?","R","T","M","R","M","R","M","$","?","M","BOSS","R","M","?","M","M","M","T","R","M","E","M","M","R","$","M","BOSS","R","M","?","$","M","M","T","?","R","$","M","?","R","M","M","BOSS","E","$","R","BOSS"],"items_purchased_type":["Card","Card","Card","Card"],"build_version":"2020-12-13","purchased_purges":1,"victory":false,"max_hp_per_floor":[88,88,88,88,88,88,88,88,98,98,98,98,98,98,98,98,103,103,103,103,103,103,103,103,103,103,103,103,103,103,103,103,103,103,103,103,103,103,103,103,110,110,110,110,110,110,110,110,110,110,110,110,110,110,110,110,110],"card_choices":[{"not_picked":["Guardian:Planning","Guardian:Gem_Green"],"picked":"Guardian:GuardianWhirl","floor":2.0},{"not_picked":["Guardian:TimeCapacitor","Guardian:Gem_Fragmented"],"picked":"Guardian:FloatingOrbs","floor":3.0},{"not_picked":["Guardian:Incinerate","Guardian:MultiBeam"],"picked":"Guardian:Suspension","floor":4.0},{"not_picked":["Guardian:PrismaticBarrier","Guardian:Repulse"],"picked":"Guardian:BronzeOrb","floor":8.0},{"not_picked":["Guardian:MultiBeam","Guardian:PolyBeam"],"picked":"Guardian:BronzeArmor","floor":10.0},{"not_picked":["Guardian:RollAttack","Guardian:Gem_Lightblue"],"picked":"Guardian:CrystalBeam","floor":12.0},{"not_picked":["Guardian:ConstructionForm","Guardian:Incinerate"],"picked":"Guardian:SpikerProtocol","floor":13.0},{"not_picked":["Guardian:PolyBeam","Guardian:Recover"],"picked":"Guardian:SpikerProtocol","floor":15.0},{"not_picked":["Guardian:BaubleBeam","Guardian:FastForward"],"picked":"Guardian:TimeSifter","floor":16.0},{"not_picked":["Guardian:Emergency","Guardian:Suspension"],"picked":"Guardian:ShieldCharger","floor":17.0},{"not_picked":["Guardian:DecasProtection","Guardian:FloatingOrbs+1"],"picked":"Guardian:WalkerClaw+1","floor":19.0},{"not_picked":["Guardian:SpikerProtocol","Guardian:Planning"],"picked":"Guardian:ChargeCore","floor":21.0},{"not_picked":["Guardian:PiercingHide","Guardian:ShieldCharger"],"picked":"Guardian:ChargeCore+1","floor":22.0},{"not_picked":["Guardian:WalkerClaw","Guardian:DonusPower"],"picked":"Guardian:RollAttack+1","floor":23.0},{"not_picked":["Guardian:GuardianWhirl","Guardian:Gem_Lightblue","Guardian:Suspension"],"picked":"Guardian:BronzeArmor","floor":26.0},{"not_picked":["Guardian:PolyBeam","Guardian:PiercingHide","Guardian:PrismaticBeam"],"picked":"Guardian:DonusPower","floor":27.0},{"not_picked":["Guardian:Gem_Red","Guardian:Gem_Green","Guardian:Gem_Lightblue"],"picked":"Guardian:Repulse","floor":28.0},{"not_picked":["Guardian:PolyBeam","Guardian:WalkerClaw","Guardian:Suspension"],"picked":"Guardian:BronzeArmor+1","floor":29.0},{"not_picked":["Guardian:ChargeCore","Guardian:SpikerProtocol","Guardian:Gem_Crimson"],"picked":"Guardian:Gem_Synthetic","floor":31.0},{"not_picked":["Guardian:ShieldCharger+1","Guardian:Repulse+1","Guardian:VentSteam"],"picked":"Guardian:TemporalStrike","floor":32.0},{"not_picked":["Guardian:Gem_Synthetic","Guardian:ExploitGems","Guardian:RevengeProtocol"],"picked":"Guardian:Gem_Orange","floor":33.0},{"not_picked":["Guardian:RollAttack"],"picked":"Guardian:TemporalShield+1","floor":36.0},{"not_picked":["Guardian:ChargeCore+1"],"picked":"Guardian:PiercingHide","floor":38.0},{"not_picked":["Guardian:PiercingHide+1"],"picked":"Guardian:MultiBeam","floor":39.0},{"not_picked":["Guardian:CrystalBeam"],"picked":"Guardian:VentSteam+1","floor":40.0},{"not_picked":["Guardian:ArmoredProtocol"],"picked":"Guardian:BronzeOrb+1","floor":44.0},{"not_picked":["Guardian:Suspension"],"picked":"Guardian:StasisField","floor":45.0},{"not_picked":["Guardian:PiercingHide"],"picked":"Guardian:Recover+1","floor":46.0},{"not_picked":["Guardian:DonusPower"],"picked":"Guardian:TemporalStrike","floor":48.0},{"not_picked":["Guardian:RollAttack"],"picked":"Guardian:RefractedBeam+1","floor":49.0},{"not_picked":["Guardian:VentSteam"],"picked":"Guardian:PrimingBeam","floor":52}],"player_experience":76969,"relics_obtained":[{"floor":24.0,"key":"Question Card"},{"floor":27.0,"key":"Gremlin Horn"},{"floor":41.0,"key":"Strawberry"},{"floor":52,"key":"Bird Faced Urn"}],"event_choices":[{"damage_healed":0.0,"max_hp_gain":0.0,"max_hp_loss":0.0,"gold_gain":0.0,"event_name":"The Library","player_choice":"Read","floor":20.0,"gold_loss":0.0,"damage_taken":0.0,"cards_obtained":["Guardian:RollAttack"]},{"cards_removed":["Guardian:VentSteam"],"damage_healed":5.0,"max_hp_gain":0.0,"max_hp_loss":0.0,"gold_gain":0.0,"event_name":"Bonfire Elementals","player_choice":"Offered Common","floor":42.0,"gold_loss":0.0,"damage_taken":0.0},{"cards_removed":["Guardian:VentSteam"],"damage_healed":5.0,"max_hp_gain":0.0,"max_hp_loss":0.0,"gold_gain":0.0,"event_name":"Bonfire Elementals","player_choice":"Offered Special","floor":42.0,"gold_loss":0.0,"damage_taken":0.0}],"is_beta":false,"boss_relics":[{"not_picked":["Empty Cage","Runic Pyramid"],"picked":"Tiny House"},{"not_picked":["Guardian:StasisSlotReductionRelic","Cursed Key"],"picked":"Busted Crown"}],"items_purged_floors":[53],"is_endless":false,"potions_floor_spawned":[5,12,15,16,19,21,27,32,36,40,45,46,48],"killed_by":"downfall:NeowBoss","ascension_level":0}}