{"host":"kmq7aw60w430zvtx","time":1612278792,"event":{"mods":["BaseMod","Downfall","GifTheSpireLib","Hermit","Hubris","Minty Spire (QoL Compilation)","Reliquary","Replay The Spire","StSLib","The Construct","The Cursed","The Hierophant","The Jungle","The Necromancer","The Runesmith"],"gold_per_floor":[113,113,124,74,87,119,138,138,138,138,162,181,37,55,55,185,185,185,185,185,185,185,185,185],"floor_reached":23,"language":"ENG","playtime":1228,"items_purged":[],"score":197,"play_id":"60fe51fe-dbfc-4c2a-b336-f565d980b3af","local_time":"20210202161312","is_ascension_mode":false,"campfire_choices":[{"floor":15,"key":"REST"}],"circlet_count":0,"master_deck":["hermit:Strike_Hermit","hermit:Strike_Hermit","hermit:Strike_Hermit","hermit:Strike_Hermit","hermit:Defend_Hermit","hermit:Defend_Hermit","hermit:Defend_Hermit","hermit:Defend_Hermit","hermit:Snapshot","hermit:Covet","hermit:ItchyTrigger","hermit:Ricochet","hermit:ShadowCloak","hermit:Headshot","hermit:Dissolve","Injury","hermit:Brawl","hermit:Determination","hermit:Manifest","hermit:BigShot","Infernal Blade","Juggernaut","hermit:Midnight","hermit:Midnight","hermit:LowProfile","hermit:Dive+1"],"relics":["hermit:Momento","hubris:DisguiseKit","reliquary:Stiletto","Golden Idol","hermit:Spyglass","Ectoplasm"],"acts_visited":["Exordium","TheCity"],"potions_floor_usage":[6,12,16,20,22],"damage_taken":[{"damage":2,"enemies":"Small Slimes","floor":1,"turns":5},{"damage":0,"enemies":"2 Louse","floor":3,"turns":2},{"damage":1,"enemies":"Cultist","floor":5,"turns":4},{"damage":40,"enemies":"3 Sentries","floor":6,"turns":11},{"damage":9,"enemies":"2 Fungi Beasts","floor":7,"turns":2},{"damage":3,"enemies":"Lots of Slimes","floor":11,"turns":5},{"damage":0,"enemies":"Gremlin Gang","floor":12,"turns":3},{"damage":3,"enemies":"3 Louse","floor":14,"turns":2},{"damage":21,"enemies":"Hexaghost","floor":16,"turns":11},{"damage":0,"enemies":"Spheric Guardian","floor":18,"turns":3},{"damage":14,"enemies":"3 Byrds","floor":19,"turns":4},{"damage":9,"enemies":"Snake Plant","floor":20,"turns":5},{"damage":45,"enemies":"Cultist and Chosen","floor":22,"turns":8},{"damage":11,"enemies":"Gremlin Leader","floor":23,"turns":3}],"seed_played":"2073725289960670417","potions_obtained":[{"floor":3,"key":"EssenceOfSteel"},{"floor":5,"key":"construct:ShiftPotion"},{"floor":11,"key":"PowerPotion"},{"floor":14,"key":"Languid Potion"},{"floor":20,"key":"SteroidPotion"},{"floor":22,"key":"Energy Potion"}],"is_trial":false,"path_per_floor":["M","?","M","?","M","E","M","?","T","?","M","M","$","M","R","B",null,"M","M","M","?","M","E"],"character_chosen":"HERMIT","items_purchased":["hermit:BigShot","Ancient Potion"],"campfire_rested":1,"item_purchase_floors":[13,13],"current_hp_per_floor":[73,73,73,73,72,32,23,23,23,23,20,20,20,17,39,18,75,75,61,52,49,4,0,0],"gold":185,"neow_bonus":"ONE_RANDOM_RARE_CARD","is_daily":false,"chose_seed":false,"campfire_upgraded":0,"win_rate":0.0,"timestamp":1612278792,"path_taken":["M","?","M","?","M","E","M","?","T","?","M","?","$","M","R","BOSS","M","M","M","?","?","E"],"items_purchased_type":["Card","Potion"],"build_version":"2020-12-22","purchased_purges":0,"victory":false,"max_hp_per_floor":[75,75,75,75,75,75,75,75,75,75,75,75,75,75,75,75,75,75,75,75,75,75,75,75],"card_choices":[{"not_picked":["hermit:Misfire","hermit:Feint"],"picked":"hermit:ItchyTrigger","floor":1},{"not_picked":["hermit:Desperado","hermit:Horror","Pommel Strike"],"picked":"hermit:Ricochet","floor":3},{"not_picked":["hermit:Shortfuse","hermit:HoleUp","hubris:ReadiedAction"],"picked":"hermit:ShadowCloak","floor":5},{"not_picked":["hermit:Quickdraw","hermit:CursedWeapon","hubris:ReadiedAction"],"picked":"hermit:Headshot","floor":6},{"not_picked":["hermit:CalledShot","hermit:Roulette","ReplayTheSpireMod:Corrosion Curse"],"picked":"hermit:Dissolve","floor":7},{"not_picked":["hermit:GhostlyPresence","hermit:CursedWeapon","Massacre"],"picked":"hermit:Determination","floor":11},{"not_picked":["hermit:Grudge","hermit:Cheat","Battle Trance"],"picked":"hermit:Manifest","floor":12},{"not_picked":["hermit:Feint","hermit:BodyArmor","hermit:CalledShot"],"picked":"Infernal Blade","floor":14},{"not_picked":["hermit:RoundhouseKick","hermit:Gambit","hermit:BlackWind"],"picked":"Juggernaut","floor":16},{"not_picked":["hermit:Spite","hermit:BigShot","Dark Embrace"],"picked":"hermit:Midnight","floor":18},{"not_picked":["hermit:Feint","hermit:BodyArmor","Sentinel"],"picked":"hermit:Midnight","floor":19},{"not_picked":["hermit:Roulette+1","hermit:Desperado+1","Thunderclap"],"picked":"hermit:LowProfile","floor":20},{"not_picked":["hermit:Snipe","hermit:OverwhelmingPower","Twin Strike"],"picked":"hermit:Dive+1","floor":22}],"player_experience":326905,"relics_obtained":[{"floor":6,"key":"reliquary:Stiletto"},{"floor":9,"key":"hermit:Spyglass"}],"event_choices":[{"cards_removed":["Sickly"],"damage_healed":0,"gold_gain":0,"player_choice":"Card Removal","damage_taken":0,"max_hp_gain":0,"max_hp_loss":0,"event_name":"The Cleric","floor":4,"gold_loss":50},{"damage_healed":0,"gold_gain":0,"player_choice":"Take Wound","damage_taken":0,"relics_obtained":["Golden Idol"],"max_hp_gain":0,"max_hp_loss":0,"event_name":"Golden Idol","floor":8,"gold_loss":0,"cards_obtained":["Injury"]},{"cards_removed":["hermit:BlackWind"],"damage_healed":0,"gold_gain":0,"player_choice":"Took Card","damage_taken":0,"max_hp_gain":0,"max_hp_loss":0,"event_name":"NoteForYourself","floor":10,"gold_loss":0,"cards_obtained":["hermit:Brawl"]},{"damage_healed":0,"gold_gain":0,"player_choice":"Punched","damage_taken":3,"max_hp_gain":0,"max_hp_loss":0,"event_name":"Designer","floor":21,"gold_loss":0}],"is_beta":false,"boss_relics":[{"not_picked":["hubris:HollowSoul","Replay:Drink Me"],"picked":"Ectoplasm"}],"items_purged_floors":[],"is_endless":false,"potions_floor_spawned":[3,5,11,14,20,22],"killed_by":"Gremlin Leader","ascension_level":0}}