{"host":"e4udrxcgdvpx3wcj","time":1612297722,"event":{"mods":["Act Like it!","Aspiration","Astrologer","BaseMod","Gensokyo","Highlight Path","Infinite Spire","Koishi","Marisa????????","Minty Spire (QoL Compilation)","Replay The Spire","StSLib","SuperFastMode","The Bug Knight","The Construct","The Jungle","The Runesmith","The Servant 0.9.4","TheBandit"],"gold_per_floor":[115,165,180,180,62,79,79,79],"floor_reached":7,"language":"ENG","playtime":258,"items_purged":["Strike_B"],"score":76,"play_id":"3e1d4ee7-7ddd-4b0a-ab33-88f24a62f67c","local_time":"20210202152842","is_ascension_mode":true,"campfire_choices":[],"circlet_count":0,"master_deck":["AscendersBane","Strike_B","Strike_B","Strike_B","Defend_B","Defend_B","Defend_B","Defend_B","Zap","Dualcast","FIFO Queue","Chaos","BasicCrystalCard","BasicCrystalCard","Stack"],"relics":["Cracked Core"],"acts_visited":["Exordium"],"potions_floor_usage":[],"damage_taken":[{"damage":1,"enemies":"Cultist","floor":1,"turns":3},{"damage":12,"enemies":"2 Louse","floor":3,"turns":4},{"damage":4,"enemies":"Small Slimes","floor":6,"turns":3},{"damage":63,"enemies":"3 Sentries","floor":7,"turns":7}],"seed_played":"-7666918489714455065","potions_obtained":[],"is_trial":false,"path_per_floor":["M","?","M","?","$","M","E"],"character_chosen":"DEFECT","items_purchased":["BasicCrystalCard"],"campfire_rested":0,"item_purchase_floors":[5],"current_hp_per_floor":[70,70,58,63,63,59,0,0],"gold":79,"neow_bonus":"TEN_PERCENT_HP_BONUS","is_daily":false,"chose_seed":false,"campfire_upgraded":0,"win_rate":0.0,"timestamp":1612297722,"path_taken":["M","?","?","?","$","M","E"],"items_purchased_type":["Card"],"build_version":"2020-12-22","purchased_purges":1,"victory":false,"max_hp_per_floor":[78,78,78,83,83,83,83,83],"card_choices":[{"not_picked":["ReplayTheSpireMod:Reroute Power","Self Repair"],"picked":"FIFO Queue","floor":1},{"not_picked":["Gash","Panic Button"],"picked":"Chaos","floor":3},{"not_picked":["Coolheaded","Streamline"],"picked":"Stack","floor":6}],"player_experience":2364989,"relics_obtained":[],"event_choices":[{"damage_healed":0,"gold_gain":50,"player_choice":"Pray","damage_taken":0,"max_hp_gain":0,"max_hp_loss":0,"event_name":"Golden Shrine","floor":2,"gold_loss":0},{"damage_healed":0,"gold_gain":0,"player_choice":"Donut","damage_taken":0,"max_hp_gain":5,"max_hp_loss":0,"event_name":"Big Fish","floor":4,"gold_loss":0}],"is_beta":false,"boss_relics":[],"items_purged_floors":[5],"is_endless":false,"potions_floor_spawned":[],"killed_by":"3 Sentries","ascension_level":17}}