{"host":"tq99ucv8ezzqzioe","time":1612242940,"event":{"mods":["BaseMod","Colored Map","Downfall","Highlight Path","Minty Spire (QoL Compilation)","StSLib"],"gold_per_floor":[99,113,123,123,10,10,55,205,216,231,244,41,41,73,88,191,191,91,111,111,124,9,29,106,106,106,106],"floor_reached":25,"language":"ENG","playtime":1542,"items_purged":["sneckomod:Strike","downfall:Icky"],"score":233,"play_id":"35886cdd-e77b-4115-ab5c-5f6a2222098b","local_time":"20210202001540","is_ascension_mode":true,"campfire_choices":[{"floor":1.0,"key":"RECALL"},{"data":"sneckomod:UnknownRareAttack","floor":13,"key":"SMITH"},{"data":"sneckomod:MorePower","floor":18,"key":"SMITH"}],"circlet_count":0,"master_deck":["sneckomod:Strike","sneckomod:Strike","sneckomod:Defend","sneckomod:Defend","sneckomod:Defend","sneckomod:TailWhip","sneckomod:SnekBite","sneckomod:Unknown","sneckomod:Unknown","sneckomod:ImprovisedGuard","sneckomod:SlitherStrike","sneckomod:UnknownDraw","sneckomod:UnknownClassGUARDIAN","sneckomod:UnknownClassRED","sneckomod:UnknownCommonAttack","sneckomod:UnknownRareAttack+1","sneckomod:Unknown1Cost","sneckomod:UnknownUncommonPower","sneckomod:Restock","sneckomod:UnknownClassHEXA_GHOST_PURPLE","sneckomod:MorePower+1","sneckomod:Unknown3Cost+1","sneckomod:UnknownStrength","sneckomod:UnknownX+1","sneckomod:UnknownClassHEXA_GHOST_PURPLE","sneckomod:UnknownRarePower+1","sneckomod:SlitherStrike","sneckomod:UnknownUncommonSkill+1","sneckomod:UnknownClassPURPLE"],"relics":["sneckomod:SneckoSoul","sneckomod:LoadedDie","Akabeko","Anchor","Black Star","downfall:HeartBlessingGreen","Mercury Hourglass"],"acts_visited":["Exordium","TheCity"],"potions_floor_usage":[14,19,25,25],"damage_taken":[{"damage":0.0,"enemies":"Small Slimes","floor":2.0,"turns":3.0},{"damage":3.0,"enemies":"2 Louse","floor":3.0,"turns":4.0},{"damage":5.0,"enemies":"downfall:FleeingMerchant","floor":5.0,"turns":4.0},{"damage":7.0,"enemies":"Cultist","floor":9.0,"turns":4.0},{"damage":5.0,"enemies":"Red Slaver","floor":10.0,"turns":4.0},{"damage":37.0,"enemies":"Exordium Thugs","floor":11.0,"turns":4.0},{"damage":2.0,"enemies":"downfall:FleeingMerchant","floor":12.0,"turns":4.0},{"damage":20,"enemies":"3 Sentries","floor":14,"turns":5},{"damage":3,"enemies":"Large Slime","floor":15,"turns":4},{"damage":2,"enemies":"WA_ARCHETYPE_RETAIN","floor":16,"turns":5},{"damage":0,"enemies":"Chosen","floor":19,"turns":7},{"damage":13,"enemies":"Spheric Guardian","floor":21,"turns":4},{"damage":5,"enemies":"downfall:FleeingMerchant","floor":22,"turns":4},{"damage":13,"enemies":"Cultist and Chosen","floor":23,"turns":7},{"damage":70,"enemies":"Book of Stabbing","floor":25,"turns":4}],"seed_played":"8899352316429147583","potions_obtained":[{"floor":3.0,"key":"LiquidBronze"},{"floor":11.0,"key":"champ:CounterPotion"},{"floor":14,"key":"Slimebound:ThreeZeroPotion"},{"floor":15,"key":"Strength Potion"},{"floor":21,"key":"hexamod:SoulburnPotion"}],"is_trial":false,"path_per_floor":["R","M","M","?","$","?","T","?","M","M","M","$","R","E","M","B",null,"R","M","?","M","$","M","T","E"],"character_chosen":"THE_SNECKO","items_purchased":["sneckomod:UnknownClassGUARDIAN","Akabeko","sneckomod:UnknownUncommonPower"],"campfire_rested":0,"item_purchase_floors":[5,12,12],"current_hp_per_floor":[99,99,96,89,84,84,84,84,77,72,35,33,33,13,10,8,99,99,99,99,86,81,68,68,0,0,0],"gold":106,"neow_bonus":"TEN_PERCENT_HP_BONUS","is_daily":false,"chose_seed":false,"campfire_upgraded":2,"win_rate":0.0,"timestamp":1612242940,"path_taken":["R","M","M","?","$","?","T","?","M","M","M","$","R","E","M","BOSS","R","M","?","M","$","?","T","E"],"items_purchased_type":["Card","Relic","Card"],"build_version":"2020-12-22","purchased_purges":2,"victory":false,"max_hp_per_floor":[99,99,99,99,99,99,99,99,99,99,99,99,99,99,99,99,99,99,99,99,99,99,99,99,99,99,99],"card_choices":[{"not_picked":["sneckomod:QuickBite","sneckomod:SnakeSap"],"picked":"sneckomod:ImprovisedGuard","floor":2.0},{"not_picked":["sneckomod:WideSting","sneckomod:DiceCrush"],"picked":"sneckomod:SlitherStrike","floor":3.0},{"not_picked":["sneckomod:Nope","sneckomod:ImprovisedGuard"],"picked":"sneckomod:UnknownDraw","floor":5.0},{"not_picked":["sneckomod:UnknownClassTHE_BRONZE_AUTOMATON","sneckomod:Unknown1Cost"],"picked":"sneckomod:UnknownClassRED","floor":9.0},{"not_picked":["sneckomod:Nope","sneckomod:SoulCleanse"],"picked":"sneckomod:UnknownCommonAttack","floor":10.0},{"not_picked":["sneckomod:UnknownBlock","sneckomod:QuickBite"],"picked":"sneckomod:UnknownRareAttack","floor":11.0},{"not_picked":["sneckomod:UnknownDraw","sneckomod:SnakeSap"],"picked":"sneckomod:Unknown1Cost","floor":12},{"not_picked":["sneckomod:UnknownBlock","sneckomod:SoulDraw"],"picked":"sneckomod:Restock","floor":14},{"not_picked":["sneckomod:SoulRoll","sneckomod:DiceCrush"],"picked":"sneckomod:UnknownClassHEXA_GHOST_PURPLE","floor":15},{"not_picked":["sneckomod:UnknownRareAttack","sneckomod:DangerNoodle"],"picked":"sneckomod:MorePower","floor":16},{"not_picked":["sneckomod:Unknown1Cost+1","sneckomod:UnknownRarePower+1"],"picked":"sneckomod:Unknown3Cost+1","floor":19},{"not_picked":["sneckomod:Unknown2Cost","sneckomod:UnknownClassHEXA_GHOST_PURPLE"],"picked":"sneckomod:UnknownStrength","floor":19},{"not_picked":["sneckomod:UnknownClassGUARDIAN+1","sneckomod:UnknownClassHEXA_GHOST_PURPLE+1"],"picked":"sneckomod:UnknownX+1","floor":21},{"not_picked":["sneckomod:DiceBlock","sneckomod:DefensiveFlair"],"picked":"sneckomod:UnknownClassHEXA_GHOST_PURPLE","floor":21},{"not_picked":["sneckomod:UnknownClassTHE_BRONZE_AUTOMATON+1","sneckomod:UnknownClassPURPLE+1"],"picked":"sneckomod:UnknownRarePower+1","floor":22},{"not_picked":["sneckomod:QuickBite+1","sneckomod:UnknownUncommonAttack"],"picked":"sneckomod:SlitherStrike","floor":22},{"not_picked":["sneckomod:UnknownStrike+1","sneckomod:UnknownClassPURPLE+1"],"picked":"sneckomod:UnknownUncommonSkill+1","floor":23},{"not_picked":["sneckomod:Nope","sneckomod:SoulRoll"],"picked":"sneckomod:UnknownClassPURPLE","floor":23}],"player_experience":855065,"relics_obtained":[{"floor":14,"key":"Anchor"},{"floor":24,"key":"Mercury Hourglass"}],"event_choices":[{"damage_healed":0.0,"max_hp_gain":0.0,"max_hp_loss":0.0,"gold_gain":0.0,"event_name":"Scrap Ooze","player_choice":"Success","floor":4.0,"gold_loss":0.0,"damage_taken":7.0,"relics_obtained":["sneckomod:LoadedDie"]}],"is_beta":false,"boss_relics":[{"not_picked":["Busted Crown","Velvet Choker"],"picked":"Black Star"}],"items_purged_floors":[5,22],"is_endless":false,"potions_floor_spawned":[3,11,14,15,21],"killed_by":"Book of Stabbing","ascension_level":3}}