{"host":"nyffms3wv8okr3l3","time":1612230928,"event":{"mods":["Astrologer","Bard","BaseMod","Beaked The Cultist","Bestiary","BetterRewards","Colored Powertips","Downfall","Fiend Mod","Gremlin Mod","Hermit","Hubris","Hunter ??","Infinite Spire","Marisa????????","Minty Spire (QoL Compilation)","Replay The Spire","StSLib","Synergy Search","The Forsaken"],"gold_per_floor":[118,130,130,149,165,193,209,222,222,222,141,141,159,159,159,159,159],"floor_reached":16,"language":"ENG","playtime":506,"items_purged":[],"score":104,"play_id":"af54a512-ad48-478b-be0e-735465fc3c4a","local_time":"20210201235528","is_ascension_mode":false,"campfire_choices":[{"floor":15,"key":"DIG"}],"circlet_count":0,"master_deck":["Ball Lightning","Strike_G","Strike_G","Strike_G","Strike_G","Strike_G","Defend_G","Defend_G","Defend_G","Defend_G","Defend_G","Survivor","Neutralize","Poisoned Stab+1","Poisoned Stab","Outmaneuver","Backstab","Corpse Explosion","Toxin Wave","Flechettes","Caltrops","Prepared","hexamod:Incineration","Deadly Poison"],"relics":["m_HexaRing","NeowsBlessing","Gremlin Food","Sundial","infinitespire:Cubic Diamond","Pen Nib"],"acts_visited":["Exordium"],"potions_floor_usage":[6,16,16],"damage_taken":[{"damage":0,"enemies":"Cultist","floor":1,"turns":1},{"damage":0,"enemies":"2 Louse","floor":2,"turns":1},{"damage":0,"enemies":"Small Slimes","floor":4,"turns":1},{"damage":7,"enemies":"Looter","floor":5,"turns":3},{"damage":10,"enemies":"Lagavulin","floor":6,"turns":5},{"damage":4,"enemies":"Red Slaver","floor":7,"turns":3},{"damage":11,"enemies":"Exordium Thugs","floor":8,"turns":3},{"damage":3,"enemies":"Gremlin Gang","floor":13,"turns":3},{"damage":38,"enemies":"The Guardian","floor":16,"turns":6}],"seed_played":"7085792589445723764","potions_obtained":[{"floor":1,"key":"BlessingOfTheForge"},{"floor":7,"key":"hexamod:SoulburnPotion"},{"floor":8,"key":"Languid Potion"}],"is_trial":false,"path_per_floor":["M","M","?","M","M","E","M","M","T","?","$","?","M","?","R","B"],"character_chosen":"THE_SILENT","items_purchased":["Caltrops"],"campfire_rested":0,"item_purchase_floors":[11],"current_hp_per_floor":[70,70,70,70,63,53,49,38,38,38,38,38,35,35,35,0,0],"gold":159,"neow_bonus":"THREE_ENEMY_KILL","is_daily":false,"chose_seed":false,"campfire_upgraded":0,"win_rate":0.0,"timestamp":1612230928,"path_taken":["M","M","?","M","M","E","?","M","T","?","$","?","M","?","R","BOSS"],"items_purchased_type":["Card"],"build_version":"2020-12-22","purchased_purges":0,"victory":false,"max_hp_per_floor":[70,70,70,70,70,70,70,70,70,70,70,70,70,70,70,70,70],"card_choices":[{"not_picked":["hubris:SlightOfHand","Acrobatics"],"picked":"Poisoned Stab","floor":1},{"not_picked":["hubris:Counter","Footwork"],"picked":"Poisoned Stab","floor":2},{"not_picked":["Dodge and Roll","Well Laid Plans"],"picked":"Outmaneuver","floor":4},{"not_picked":["Deflect","Dagger Throw"],"picked":"Backstab","floor":5},{"not_picked":["Tactician","Caltrops"],"picked":"Corpse Explosion","floor":6},{"not_picked":["Leg Sweep","Deflect"],"picked":"Toxin Wave","floor":7},{"not_picked":["Flying Knee","Backflip"],"picked":"Flechettes","floor":8},{"not_picked":["PiercingWail","Outmaneuver"],"picked":"Prepared","floor":13}],"player_experience":61312,"relics_obtained":[{"floor":6,"key":"Gremlin Food"},{"floor":9,"key":"Sundial"},{"floor":15,"key":"Pen Nib"}],"event_choices":[{"damage_healed":0,"gold_gain":0,"player_choice":"Upgraded","damage_taken":0,"max_hp_gain":0,"max_hp_loss":0,"event_name":"Upgrade Shrine","floor":3,"gold_loss":0,"cards_upgraded":["Poisoned Stab"]},{"damage_healed":0,"gold_gain":0,"player_choice":"Ignored","damage_taken":0,"max_hp_gain":0,"max_hp_loss":0,"event_name":"Liars Game","floor":12,"gold_loss":0},{"damage_healed":0,"gold_gain":0,"player_choice":"2 cards matched","damage_taken":0,"max_hp_gain":0,"max_hp_loss":0,"event_name":"Match and Keep!","floor":14,"gold_loss":0,"cards_obtained":["hexamod:Incineration","Deadly Poison"]}],"is_beta":false,"boss_relics":[],"items_purged_floors":[],"is_endless":false,"potions_floor_spawned":[1,7,8],"killed_by":"The Guardian","ascension_level":0}}