{"host":"f4xk8spljo3akohx","time":1612255384,"event":{"mods":["Act Like it!","Arknights","BaseMod","Downfall","Gensokyo","GifTheSpireLib","Hallownest","Hermit","Highlight Path","Marisa£®ÏF”Í°°ƒß¿Ì…≥£©","Minty Spire (QoL Compilation)","Quick Restart","StSLib","The Bug Knight"],"gold_per_floor":[117,127,137,154,154,185,185,198,223,255,67,67,3,16,16,113,113,126,126,126,126,146,175,192,204,231,330,330,280,280,280,280,377,377,394,331,345,345,345,345,375,125,125,37,37,48,60,80,80,80],"floor_reached":51,"language":"ZHS","playtime":1289,"items_purged":["Strike_MRS","AlicesGift","Defend_MRS","Defend_MRS","StarlightTyphoon"],"score":755,"play_id":"d0249ff4-4c0e-4fa1-8808-f2081e02f399","local_time":"20210202164304","is_ascension_mode":false,"campfire_choices":[{"data":"MachineGunSpark","floor":7.0,"key":"SMITH"},{"floor":12.0,"key":"REST"},{"data":"RefractionSpark","floor":15.0,"key":"SMITH"},{"floor":28.0,"key":"REST"},{"floor":30.0,"key":"REST"},{"floor":32.0,"key":"REST"},{"floor":40.0,"key":"REST"},{"floor":45.0,"key":"REST"},{"floor":49.0,"key":"REST"}],"circlet_count":0,"master_deck":["Strike_MRS+1","Strike_MRS+1","MasterSpark","UpSweep","MachineGunSpark+1","BlazeAway","FinalSpark","RefractionSpark+1","MilkyWay","PowerUp","MilkyWay","RefractionSpark","Necronomicurse","SuperNova","GasGiant","OrrerysSun","Deep Breath","WitchLeyline","6A"],"relics":["BewitchedHakkero","Blood Vial","Bag of Marbles","Art of War","Membership Card","Fusion Hammer","Regal Pillow","Whetstone","Necronomicon","Potion Belt","TungstenRod","Happy Flower"],"acts_visited":["Exordium","TheCity","TheBeyond"],"potions_floor_usage":[50,50,50],"damage_taken":[{"damage":1.0,"enemies":"Cultist","floor":1.0,"turns":3.0},{"damage":10.0,"enemies":"Small Slimes","floor":2.0,"turns":2.0},{"damage":2.0,"enemies":"2 Louse","floor":3.0,"turns":3.0},{"damage":6.0,"enemies":"Large Slime","floor":4.0,"turns":5.0},{"damage":26.0,"enemies":"3 Sentries","floor":6.0,"turns":7.0},{"damage":15.0,"enemies":"Exordium Thugs","floor":8.0,"turns":3.0},{"damage":18.0,"enemies":"Lagavulin","floor":10.0,"turns":4.0},{"damage":0.0,"enemies":"Looter","floor":14.0,"turns":1.0},{"damage":16.0,"enemies":"The Guardian","floor":16.0,"turns":4.0},{"damage":0.0,"enemies":"Shell Parasite","floor":18.0,"turns":2.0},{"damage":0.0,"enemies":"Chosen","floor":22.0,"turns":1.0},{"damage":25.0,"enemies":"Slavers","floor":23.0,"turns":3.0},{"damage":10.0,"enemies":"Centurion and Healer","floor":24.0,"turns":3.0},{"damage":29.0,"enemies":"Snake Plant","floor":25.0,"turns":4.0},{"damage":45.0,"enemies":"Automaton","floor":33.0,"turns":6.0},{"damage":10.0,"enemies":"Orb Walker","floor":35.0,"turns":2.0},{"damage":46.0,"enemies":"3 Darklings","floor":37.0,"turns":4.0},{"damage":0.0,"enemies":"Reptomancer","floor":41.0,"turns":1.0},{"damage":18.0,"enemies":"Spire Growth","floor":46.0,"turns":4.0},{"damage":11.0,"enemies":"4 Shapes","floor":47.0,"turns":2.0},{"damage":28.0,"enemies":"Maw","floor":48.0,"turns":4.0},{"damage":13,"enemies":"Time Eater","floor":50,"turns":4}],"seed_played":"-798026474829809946","potions_obtained":[{"floor":1.0,"key":"LiquidBronze"},{"floor":2.0,"key":"PowerPotion"},{"floor":3.0,"key":"LiquidMemories"},{"floor":22.0,"key":"SneckoOil"},{"floor":33.0,"key":"AttackPotion"},{"floor":39.0,"key":"SteroidPotion"},{"floor":41.0,"key":"LiquidMemories"},{"floor":47.0,"key":"ShroomBrew"}],"is_trial":false,"path_per_floor":["M","M","M","M","?","E","R","M","T","E","$","R","$","M","R","B",null,"M","?","?","?","M","E","M","M","T","?","R","$","R","?","R","B",null,"M","$","M","?","?","R","E","$","T","$","R","M","M","M","R","B",null],"character_chosen":"MARISA","items_purchased":["Membership Card","RefractionSpark","MilkyWay","WitchLeyline","TungstenRod"],"campfire_rested":7,"item_purchase_floors":[11,13,13,42,42],"current_hp_per_floor":[74,64,62,56,56,30,30,17,17,1,1,23,23,25,25,11,75,75,61,61,61,63,40,32,5,5,5,44,44,80,64,80,35,80,70,70,26,26,26,65,67,67,67,67,80,62,53,27,66,55],"gold":80,"neow_bonus":"TRANSFORM_CARD","is_daily":false,"chose_seed":false,"campfire_upgraded":2,"win_rate":0.0,"timestamp":1612255384,"path_taken":["M","?","M","M","?","E","R","M","T","E","$","R","$","?","R","BOSS","M","?","?","?","M","E","M","?","T","?","R","$","R","?","R","BOSS","M","$","M","?","?","R","E","$","T","$","R","?","M","M","R","BOSS"],"items_purchased_type":["Relic","Card","Card","Card","Relic"],"build_version":"2020-12-22","purchased_purges":5,"victory":true,"max_hp_per_floor":[75,75,75,75,75,75,75,75,75,75,75,75,75,75,75,75,75,75,80,80,80,80,80,80,80,80,80,80,80,80,80,80,80,80,80,80,80,80,80,80,80,80,80,80,80,80,80,80,80,80],"card_choices":[{"not_picked":["WitchOfGreed","Orbital"],"picked":"MachineGunSpark","floor":1.0},{"not_picked":["DC","GrandCross"],"picked":"BlazeAway","floor":2.0},{"not_picked":["Acceleration","AsteroidBelt","6A"],"picked":"SKIP","floor":3.0},{"not_picked":["WitchOfGreed","LuminesStrike","Acceleration"],"picked":"SKIP","floor":4.0},{"not_picked":["DragonMeteor","GrandCross","ShootingEcho"],"picked":"SKIP","floor":6.0},{"not_picked":["Acceleration","ManaConvection","SprinkleStarSeal"],"picked":"SKIP","floor":8.0},{"not_picked":["NonDirectionalLaser","StarDustReverie"],"picked":"FinalSpark","floor":10.0},{"not_picked":["OneTimeOff","WitchOfGreed","IllusionStar"],"picked":"SKIP","floor":14.0},{"not_picked":["MeteoricShower+1","MysteriousBeam","FairyDestructionRay"],"picked":"SKIP","floor":18.0},{"not_picked":["DeepEcoloBomb","UnstableBomb","WitchOfGreed"],"picked":"SKIP","floor":22.0},{"not_picked":["SatelliteIllusion","WitchLeyline"],"picked":"PowerUp","floor":23.0},{"not_picked":["AsteroidBelt","DoubleSpark"],"picked":"MilkyWay","floor":24.0},{"not_picked":["DarkSpark+1","DC"],"picked":"RefractionSpark","floor":25.0},{"not_picked":["SatelliteIllusion","TreasureHunter"],"picked":"SuperNova","floor":33.0},{"not_picked":["MysteriousBeam","MagicChant+1"],"picked":"GasGiant","floor":35.0},{"not_picked":["Singularity","DarkMatter"],"picked":"OrrerysSun","floor":37.0},{"not_picked":["Bandage Up","Panacea"],"picked":"Deep Breath","floor":38.0},{"not_picked":["DC","MysteriousBeam","SuperNova"],"picked":"SKIP","floor":41.0},{"not_picked":["ShootingEcho","StarBarrage"],"picked":"6A","floor":46.0},{"not_picked":["PropBag+1","DoubleSpark","SuperPerseids"],"picked":"SKIP","floor":47.0},{"not_picked":["Acceleration+1","DC+1","IllusionStar"],"picked":"SKIP","floor":48.0}],"player_experience":75886,"relics_obtained":[{"floor":6.0,"key":"Blood Vial"},{"floor":9.0,"key":"Bag of Marbles"},{"floor":10.0,"key":"Art of War"},{"floor":23.0,"key":"Regal Pillow"},{"floor":26.0,"key":"Whetstone"},{"floor":31.0,"key":"Necronomicon"},{"floor":41.0,"key":"Potion Belt"},{"floor":43.0,"key":"Happy Flower"}],"event_choices":[{"damage_healed":0.0,"max_hp_gain":0.0,"max_hp_loss":0.0,"gold_gain":0.0,"cards_transformed":["Defend_MRS"],"event_name":"Transmorgrifier","player_choice":"Transformed","floor":5.0,"gold_loss":0.0,"damage_taken":0.0,"cards_obtained":["StarlightTyphoon"]},{"damage_healed":0.0,"max_hp_gain":5.0,"max_hp_loss":0.0,"gold_gain":0.0,"event_name":"Forgotten Altar","player_choice":"Shed Blood","floor":19.0,"gold_loss":0.0,"damage_taken":19.0},{"cards_removed":["Defend_MRS"],"damage_healed":0.0,"max_hp_gain":0.0,"max_hp_loss":0.0,"gold_gain":0.0,"event_name":"Back to Basics","player_choice":"Elegance","floor":20.0,"gold_loss":0.0,"damage_taken":0.0},{"damage_healed":0.0,"max_hp_gain":0.0,"max_hp_loss":0.0,"gold_gain":99.0,"event_name":"Nest","player_choice":"Stole From Cult","floor":27.0,"gold_loss":0.0,"damage_taken":0.0},{"damage_healed":0.0,"max_hp_gain":0.0,"max_hp_loss":0.0,"gold_gain":0.0,"event_name":"Cursed Tome","player_choice":"Obtained Book","floor":31.0,"gold_loss":0.0,"damage_taken":16.0},{"damage_healed":0.0,"max_hp_gain":0.0,"max_hp_loss":0.0,"gold_gain":0.0,"event_name":"SensoryStone","player_choice":"Memory 1","floor":38.0,"gold_loss":0.0,"damage_taken":0.0},{"damage_healed":0.0,"max_hp_gain":0.0,"max_hp_loss":0.0,"gold_gain":0.0,"event_name":"Lab","player_choice":"Got Potions","floor":39.0,"gold_loss":0.0,"damage_taken":0.0}],"is_beta":false,"boss_relics":[{"not_picked":["Velvet Choker","Runic Dome"],"picked":"Fusion Hammer"},{"not_picked":["Busted Crown","Philosopher\u0027s Stone"],"picked":"BewitchedHakkero"}],"items_purged_floors":[11,29,36,42,44],"is_endless":false,"potions_floor_spawned":[1,2,3,6,22,33,41,47],"ascension_level":0}}