{"host":"pletss163z7s8pvv","time":1612233734,"event":{"mods":["AchievementEnabler","BaseMod","Better Altar","Better Match","Better Note","Better Sensory Stone","Better Skull","Better Third Choice","BetterRewards","CapriCore","ChefMod","Colored Map","Colored Powertips","Conspire","Energized Spire","Evolution","GifTheSpireLib","Hermit","Ironclad Rager","Marked Mod","Minty Spire (QoL Compilation)","Retaliation","Spicy Shops","StS++","StSLib","The Alterego","The Blue Laboratory","The Cursed","The Disciple","The Forsaken"],"gold_per_floor":[114,129,144,159,9,9,39,54,54,54,29,44,59,0,0,100,150,165,165,165,165,15,15,30,45,45,60,75,75,27,27,27,27,27],"floor_reached":33,"language":"ENG","playtime":911,"items_purged":[],"score":299,"play_id":"5b70679a-88f8-4da8-a871-87a16b5b0430","local_time":"20210201204214","daily_mods":["Chimera","Blue Cards","Binary"],"is_ascension_mode":false,"campfire_choices":[{"data":"Iron Wave","floor":6,"key":"SMITH"},{"data":"Eruption","floor":10,"key":"SMITH"},{"data":"Shockwave","floor":15,"key":"SMITH"},{"floor":23,"key":"REST"},{"floor":29,"key":"REST"},{"floor":32,"key":"REST"}],"circlet_count":0,"master_deck":["Bash","Survivor","Zap","Eruption+1","Rebound","Rebound","Strike_B","Defend_R","Defend_G","Defend_P","Iron Wave+1","Cleave","Wild Strike","Doom and Gloom","Sweeping Beam","Shockwave+1","Clothesline","Recycle","Sword Boomerang","Enlightenment","DDmod:PlatedThornsSkill+1","Havoc","Streamline+1","DDmod:PlatedThornsSkill","Steam Power","Infernal Blade","Thunderclap","DDmod:UnstoppableAttack+1","Streamline"],"relics":["Burning Blood","EVO:Axolotl","theForsaken:Lifeblossom","Question Card","Shuriken","Tiny House","Blood Vial","Akabeko","StSpp:WoodenStick","MutagenicStrength"],"acts_visited":["Exordium","TheCity"],"potions_floor_usage":[16,25,27,33],"damage_taken":[{"damage":6,"enemies":"Cultist","floor":1,"turns":3},{"damage":3,"enemies":"conspire:RoseBush","floor":2,"turns":3},{"damage":8,"enemies":"Small Slimes","floor":3,"turns":2},{"damage":9,"enemies":"Blue Slaver","floor":4,"turns":4},{"damage":30,"enemies":"Lagavulin","floor":7,"turns":7},{"damage":9,"enemies":"Exordium Thugs","floor":8,"turns":4},{"damage":0,"enemies":"Exordium Wildlife","floor":12,"turns":2},{"damage":0,"enemies":"Large Slime","floor":13,"turns":2},{"damage":0,"enemies":"Slime Boss","floor":16,"turns":4},{"damage":26,"enemies":"Shell Parasite","floor":18,"turns":3},{"damage":20,"enemies":"3 Byrds","floor":24,"turns":5},{"damage":27,"enemies":"conspire:HollyBat","floor":25,"turns":9},{"damage":47,"enemies":"Cultist and Chosen","floor":27,"turns":5},{"damage":28,"enemies":"Snecko","floor":28,"turns":6},{"damage":106,"enemies":"Collector","floor":33,"turns":9}],"seed_played":"-9070903199233054170","potions_obtained":[{"floor":1,"key":"Ancient Potion"},{"floor":7,"key":"blueLaboratory:LouseDecoction"},{"floor":12,"key":"BlessingOfTheForge"},{"floor":16,"key":"Block Potion"},{"floor":17,"key":"BloodPotion"}],"is_trial":false,"path_per_floor":["M","M","M","M","$","R","E","M","T","R","$","M","M","?","R","B",null,"M","?","?","?","$","R","M","M","T","M","M","R","$","?","R","B"],"character_chosen":"IRONCLAD","items_purchased":["theForsaken:Lifeblossom","Clothesline","Akabeko","Streamline"],"campfire_rested":3,"item_purchase_floors":[5,11,22,30],"current_hp_per_floor":[80,80,78,75,75,75,56,59,59,59,59,68,77,83,83,86,91,73,73,49,49,49,76,70,57,57,42,28,55,55,55,82,0,0],"gold":27,"neow_bonus":"","is_daily":true,"chose_seed":false,"campfire_upgraded":3,"win_rate":0.0,"timestamp":1612233734,"path_taken":["M","M","?","M","$","R","E","M","T","R","$","M","M","?","R","BOSS","M","?","?","?","?","R","M","?","T","M","M","R","$","?","R","BOSS"],"items_purchased_type":["Relic","Card","Relic","Card"],"build_version":"2020-12-22","purchased_purges":0,"victory":false,"max_hp_per_floor":[80,80,80,80,80,80,80,80,80,80,80,80,80,86,86,86,91,91,91,91,91,91,91,91,91,91,91,91,91,91,91,91,91,91],"card_choices":[{"not_picked":["Storm"],"picked":"Iron Wave","floor":1},{"not_picked":["DDmod:PokeAttack"],"picked":"Cleave","floor":2},{"not_picked":["DDmod:CallousedSkill"],"picked":"Wild Strike","floor":3},{"not_picked":["StSpp:TheBiggerTheyAre"],"picked":"Doom and Gloom","floor":4},{"not_picked":["StSpp:Succumb"],"picked":"Sweeping Beam","floor":7},{"not_picked":["Chill","Headbutt"],"picked":"Shockwave","floor":8},{"not_picked":["Body Slam","StSpp:Vengeance"],"picked":"Recycle","floor":12},{"not_picked":["Exhume","Headbutt"],"picked":"Sword Boomerang","floor":13},{"not_picked":["conspire:Purge","Corruption"],"picked":"DDmod:PlatedThornsSkill","floor":16},{"not_picked":["Rebound","Body Slam"],"picked":"Havoc","floor":17},{"not_picked":["Barrage","Go for the Eyes+1"],"picked":"Streamline+1","floor":18},{"not_picked":["StSpp:Succumb","Evolve+1"],"picked":"Steam Power","floor":24},{"not_picked":["DDmod:RechargeSkill","Clothesline+1"],"picked":"Infernal Blade","floor":25},{"not_picked":["Pommel Strike+1","Rupture+1"],"picked":"Thunderclap","floor":27},{"not_picked":["Storm","Heavy Blade"],"picked":"DDmod:UnstoppableAttack+1","floor":28}],"player_experience":474074,"relics_obtained":[{"floor":7,"key":"Question Card"},{"floor":9,"key":"Shuriken"},{"floor":26,"key":"StSpp:WoodenStick"}],"event_choices":[{"damage_healed":0,"gold_gain":0,"player_choice":"RENOUNCE","damage_taken":59,"max_hp_gain":0,"max_hp_loss":0,"event_name":"betterThird:BetterSerpent","floor":14,"gold_loss":59,"cards_obtained":["Enlightenment"]},{"damage_healed":0,"gold_gain":0,"player_choice":" Vial ","damage_taken":24,"relics_obtained":["Blood Vial"],"max_hp_gain":73,"max_hp_loss":49,"event_name":"betterAltar:BetterAltar","floor":20,"potions_obtained":[],"relics_lost":[],"gold_loss":0},{"damage_healed":0,"gold_gain":0,"player_choice":"Inject Mutagens","damage_taken":0,"relics_obtained":["MutagenicStrength"],"max_hp_gain":0,"max_hp_loss":0,"event_name":"Drug Dealer","floor":31,"gold_loss":0}],"is_beta":false,"boss_relics":[{"not_picked":["Velvet Choker","conspire:RunicOctahedron"],"picked":"Tiny House"}],"items_purged_floors":[],"is_endless":false,"potions_floor_spawned":[1,7,12,16,18,24],"killed_by":"Collector","ascension_level":0}}