{"host":"f0gpob8hq9vgebej","time":1612237817,"event":{"mods":["AchievementEnabler","BaseMod","Minty Spire (QoL Compilation)","Quick Restart","SuperFastMode"],"gold_per_floor":[110,41,41,58,133,166,186,186,186,38,38,70,85,99,99,171,171,185,197,212,212,112,112,45,45,45,60,72,122,133,144,144,218,218,238,16,16,16,16,51,71,97,97,97,122,122,157,38,38,38],"floor_reached":51,"language":"KOR","playtime":1974,"items_purged":["Strike_B","Defend_B"],"score":1383,"play_id":"0590ade9-aa8c-41ae-8e91-ee797a77da00","local_time":"20210202125017","is_ascension_mode":true,"campfire_choices":[{"data":"Defragment","floor":8.0,"key":"SMITH"},{"data":"Defragment","floor":11.0,"key":"SMITH"},{"data":"Defragment","floor":15.0,"key":"SMITH"},{"data":"Amplify","floor":23.0,"key":"SMITH"},{"data":"Seek","floor":25.0,"key":"SMITH"},{"data":"Defragment","floor":32.0,"key":"SMITH"},{"floor":44,"key":"REST"},{"data":"Hologram","floor":46,"key":"SMITH"},{"data":"Echo Form","floor":49,"key":"SMITH"}],"circlet_count":0,"master_deck":["AscendersBane","Strike_B","Strike_B","Strike_B","Defend_B","Defend_B","Defend_B","Zap","Dualcast","Hologram+1","Defragment+1","Defragment+1","Defragment+1","Seek+1","Loop","Cold Snap","Coolheaded","Amplify+1","Static Discharge","Glacier","Loop+1","Buffer","Defragment+1","Multi-Cast","Reboot","Turbo","Capacitor","Heatsinks+1","Barrage","Echo Form+1","Tempest"],"relics":["Cracked Core","NeowsBlessing","Bird Faced Urn","FossilizedHelix","HornCleat","SacredBark","Bag of Preparation","SlaversCollar","OrangePellets","Ancient Tea Set","Du-Vu Doll","Emotion Chip","Gremlin Horn","Girya","Art of War"],"acts_visited":["Exordium","TheCity","TheBeyond"],"potions_floor_usage":[42,50],"damage_taken":[{"damage":0.0,"enemies":"Cultist","floor":1.0,"turns":1.0},{"damage":0.0,"enemies":"Small Slimes","floor":4.0,"turns":1.0},{"damage":0.0,"enemies":"Gremlin Nob","floor":6.0,"turns":1.0},{"damage":0.0,"enemies":"2 Louse","floor":7.0,"turns":1.0},{"damage":5.0,"enemies":"Lagavulin","floor":12.0,"turns":6.0},{"damage":0.0,"enemies":"Red Slaver","floor":13.0,"turns":3.0},{"damage":0.0,"enemies":"2 Fungi Beasts","floor":14.0,"turns":4.0},{"damage":0.0,"enemies":"The Guardian","floor":16.0,"turns":10.0},{"damage":17.0,"enemies":"Shell Parasite","floor":18.0,"turns":11.0},{"damage":0.0,"enemies":"Chosen","floor":19.0,"turns":7.0},{"damage":0.0,"enemies":"Snecko","floor":20.0,"turns":11.0},{"damage":19.0,"enemies":"Cultist and Chosen","floor":27.0,"turns":5.0},{"damage":12.0,"enemies":"Centurion and Healer","floor":28.0,"turns":4.0},{"damage":25.0,"enemies":"Snake Plant","floor":30.0,"turns":5.0},{"damage":6.0,"enemies":"Cultist and Chosen","floor":31.0,"turns":6.0},{"damage":1.0,"enemies":"Champ","floor":33.0,"turns":10.0},{"damage":14.0,"enemies":"3 Shapes","floor":35.0,"turns":9.0},{"damage":0.0,"enemies":"Giant Head","floor":40.0,"turns":14.0},{"damage":1.0,"enemies":"Orb Walker","floor":41.0,"turns":5.0},{"damage":67,"enemies":"Reptomancer","floor":42,"turns":6},{"damage":0,"enemies":"Mind Bloom Boss Battle","floor":45,"turns":6},{"damage":12,"enemies":"Giant Head","floor":47,"turns":11},{"damage":15,"enemies":"Time Eater","floor":50,"turns":6}],"seed_played":"3686898965936557720","potions_obtained":[{"floor":7.0,"key":"FearPotion"},{"floor":12.0,"key":"FocusPotion"},{"floor":16.0,"key":"SmokeBomb"},{"floor":19.0,"key":"LiquidMemories"},{"floor":27.0,"key":"Swift Potion"},{"floor":33.0,"key":"Block Potion"},{"floor":40.0,"key":"Weak Potion"},{"floor":47,"key":"Block Potion"}],"is_trial":false,"path_per_floor":["M","$","?","M","?","E","M","R","T","$","R","E","M","M","R","B",null,"M","M","M","?","$","R","$","R","T","M","M","?","M","M","R","B",null,"M","$","?","T","$","E","M","E","T","R","?","R","E","$","R","B",null],"character_chosen":"DEFECT","items_purchased":["Defragment","Loop","Defragment","OrangePellets","Capacitor","Tempest","PowerPotion"],"campfire_rested":1,"item_purchase_floors":[2,10,24,36,36,48,48],"current_hp_per_floor":[68,68,68,68,61,61,61,61,61,61,61,64,72,75,75,75,75,66,75,75,75,75,75,75,75,75,62,64,64,51,59,59,75,75,75,75,75,75,75,75,74,20,20,42,74,74,71,71,71,75],"gold":38,"neow_bonus":"THREE_ENEMY_KILL","is_daily":false,"chose_seed":false,"campfire_upgraded":8,"win_rate":0.0,"timestamp":1612237817,"path_taken":["M","?","?","?","?","E","?","R","T","$","R","E","M","M","R","BOSS","M","M","M","?","$","R","?","R","T","M","M","?","M","M","R","BOSS","M","$","?","?","?","E","M","E","T","R","?","R","E","$","R","BOSS"],"items_purchased_type":["Card","Card","Card","Relic","Card","Card","Potion"],"build_version":"2020-12-22","purchased_purges":2,"victory":true,"max_hp_per_floor":[75,75,75,75,75,75,75,75,75,75,75,75,75,75,75,75,75,75,75,75,75,75,75,75,75,75,75,75,75,75,75,75,75,75,75,75,75,75,75,75,75,75,75,75,75,75,75,75,75,75],"card_choices":[{"not_picked":["Compile Driver","Leap"],"picked":"Hologram","floor":1.0},{"not_picked":["Go for the Eyes","Leap"],"picked":"Defragment","floor":4.0},{"not_picked":["Conserve Battery","Cold Snap"],"picked":"Defragment","floor":6.0},{"not_picked":["Stack","Steam"],"picked":"Seek","floor":7.0},{"not_picked":["Rebound","Heatsinks","FTL"],"picked":"SKIP","floor":12.0},{"not_picked":["Double Energy","Reprogram"],"picked":"Cold Snap","floor":13.0},{"not_picked":["Leap","Gash"],"picked":"Coolheaded","floor":14.0},{"not_picked":["Meteor Strike","Fission"],"picked":"Amplify","floor":16.0},{"not_picked":["Turbo","Gash"],"picked":"Static Discharge","floor":18.0},{"not_picked":["Force Field","Barrage"],"picked":"Glacier","floor":19.0},{"not_picked":["Cold Snap","Undo"],"picked":"Loop+1","floor":20.0},{"not_picked":["Genetic Algorithm","Fusion","Steam Power"],"picked":"SKIP","floor":27.0},{"not_picked":["Hologram","Reprogram","Beam Cell"],"picked":"SKIP","floor":28.0},{"not_picked":["Turbo","Tempest"],"picked":"Ball Lightning","floor":30.0},{"not_picked":["Rip and Tear+1","Streamline+1"],"picked":"Multi-Cast","floor":31.0},{"not_picked":["Hyperbeam","Thunder Strike"],"picked":"Reboot","floor":33.0},{"not_picked":["Reprogram+1","Hello World+1"],"picked":"Turbo","floor":35.0},{"not_picked":["Leap","Steam Power","Reprogram"],"picked":"SKIP","floor":40.0},{"not_picked":["FTL","Leap+1","Chaos"],"picked":"SKIP","floor":41.0},{"not_picked":["Darkness","Gash"],"picked":"Heatsinks+1","floor":42},{"not_picked":["Machine Learning","Coolheaded+1"],"picked":"Barrage","floor":45},{"not_picked":["Multi-Cast","Turbo"],"picked":"Echo Form","floor":47}],"player_experience":357514,"relics_obtained":[{"floor":6.0,"key":"Bird Faced Urn"},{"floor":9.0,"key":"FossilizedHelix"},{"floor":12.0,"key":"HornCleat"},{"floor":26.0,"key":"Bag of Preparation"},{"floor":38.0,"key":"Ancient Tea Set"},{"floor":40.0,"key":"Du-Vu Doll"},{"floor":42,"key":"Emotion Chip"},{"floor":43,"key":"Gremlin Horn"},{"floor":45,"key":"Girya"},{"floor":47,"key":"Art of War"}],"event_choices":[{"damage_healed":0.0,"max_hp_gain":0.0,"max_hp_loss":0.0,"gold_gain":0.0,"event_name":"WeMeetAgain","player_choice":"Ignored","floor":3.0,"gold_loss":0.0,"damage_taken":0.0},{"damage_healed":0.0,"max_hp_gain":0.0,"max_hp_loss":0.0,"gold_gain":75.0,"event_name":"FaceTrader","player_choice":"Touch","floor":5.0,"gold_loss":0.0,"damage_taken":7.0},{"damage_healed":0.0,"max_hp_gain":0.0,"max_hp_loss":0.0,"gold_gain":0.0,"event_name":"Match and Keep!","player_choice":"1 cards matched","floor":21.0,"gold_loss":0.0,"damage_taken":0.0,"cards_obtained":["Buffer"]},{"damage_healed":0.0,"max_hp_gain":0.0,"max_hp_loss":0.0,"gold_gain":100.0,"event_name":"The Joust","player_choice":"Bet on Murderer","floor":29.0,"gold_loss":50.0,"damage_taken":0.0},{"cards_removed":["Ball Lightning"],"damage_healed":0.0,"max_hp_gain":0.0,"max_hp_loss":0.0,"gold_gain":0.0,"event_name":"Falling","player_choice":"Removed Attack","floor":37.0,"gold_loss":0.0,"damage_taken":0.0},{"damage_healed":0,"gold_gain":0,"player_choice":"Fight","damage_taken":0,"max_hp_gain":0,"max_hp_loss":0,"event_name":"MindBloom","floor":45,"gold_loss":0}],"is_beta":false,"boss_relics":[{"not_picked":["Cursed Key","Busted Crown"],"picked":"SacredBark"},{"not_picked":["Runic Dome","Velvet Choker"],"picked":"SlaversCollar"}],"items_purged_floors":[10,22],"is_endless":false,"potions_floor_spawned":[7,12,14,16,19,27,30,31,33,40,47],"ascension_level":13}}