{"host":"j4g6ia6asvpyu2b0","time":1612297909,"event":{"mods":["BaseMod","Colored Map","Minty Spire (QoL Compilation)","Permanent Neow","Quick Restart","Relic Stats","StSLib","Unceasing Turn Reminder"],"gold_per_floor":[109,119,130,130,80,80,113,113,137,493,527,527,539,553,553,650,650,605,417,417,417,417,417,417,417,417,417,417,417,417,417,417,417,417,417,377,377,377,377,377,377,296,296,296,296,296,296,296,296,296,296,296,9,9,9],"floor_reached":56,"language":"ENG","playtime":2207,"items_purged":[],"score":1799,"play_id":"1a1d5dcd-789c-4dd2-9988-1eefda40129c","local_time":"20210202133149","is_ascension_mode":true,"campfire_choices":[{"data":"Predator","floor":6,"key":"SMITH"},{"data":"Cloak And Dagger","floor":8,"key":"SMITH"},{"data":"Cloak And Dagger","floor":12,"key":"SMITH"},{"data":"Accuracy","floor":15,"key":"SMITH"},{"data":"After Image","floor":23,"key":"SMITH"},{"floor":28,"key":"REST"},{"data":"Adrenaline","floor":32,"key":"SMITH"},{"floor":49,"key":"RECALL"},{"floor":52,"key":"REST"}],"circlet_count":0,"master_deck":["Strike_G+1","Strike_G+1","Strike_G+1","Defend_G+1","Defend_G+1","Defend_G+1","Defend_G+1","Defend_G+1","Survivor","Neutralize","Cloak And Dagger+1","Predator+1","Backflip","Blade Dance","Dagger Spray","Cloak And Dagger+1","PiercingWail","Accuracy+1","Tools of the Trade","Endless Agony","After Image+1","Finisher+1","Cloak And Dagger","Flying Knee","Dagger Spray","Dagger Spray+1","Adrenaline+1","Corpse Explosion+1","Adrenaline+1","PiercingWail+1","PiercingWail+1","PiercingWail+1","PiercingWail+1","Backflip+1","Caltrops","Well Laid Plans+1","Choke","A Thousand Cuts","Blur+1","After Image"],"relics":["Ring of the Snake","Akabeko","Boot","Pantograph","Bag of Preparation","Smiling Mask","Ectoplasm","Red Mask","MealTicket","Nloth\u0027s Gift","Toxic Egg 2","Gremlin Horn","Fusion Hammer","Strawberry","StoneCalendar","Potion Belt","Meat on the Bone","Prayer Wheel","Dead Branch","Shuriken"],"acts_visited":["Exordium","TheCity","TheBeyond","TheEnding"],"potions_floor_usage":[7,11,21,55,55,55,55],"damage_taken":[{"damage":0,"enemies":"2 Louse","floor":1,"turns":2},{"damage":0,"enemies":"Jaw Worm","floor":2,"turns":4},{"damage":0,"enemies":"Small Slimes","floor":3,"turns":5},{"damage":12,"enemies":"Lagavulin","floor":7,"turns":6},{"damage":15,"enemies":"Lagavulin Event","floor":10,"turns":5},{"damage":8,"enemies":"Gremlin Nob","floor":11,"turns":4},{"damage":0,"enemies":"3 Louse","floor":13,"turns":1},{"damage":0,"enemies":"Looter","floor":14,"turns":2},{"damage":21,"enemies":"Hexaghost","floor":16,"turns":9},{"damage":17,"enemies":"2 Thieves","floor":18,"turns":3},{"damage":9,"enemies":"Masked Bandits","floor":21,"turns":4},{"damage":0,"enemies":"Shell Parasite","floor":22,"turns":3},{"damage":9,"enemies":"Slavers","floor":24,"turns":3},{"damage":0,"enemies":"Centurion and Healer","floor":27,"turns":5},{"damage":6,"enemies":"Snake Plant","floor":29,"turns":3},{"damage":3,"enemies":"Book of Stabbing","floor":30,"turns":5},{"damage":31,"enemies":"Automaton","floor":33,"turns":10},{"damage":0,"enemies":"3 Darklings","floor":35,"turns":3},{"damage":0,"enemies":"3 Shapes","floor":37,"turns":5},{"damage":28,"enemies":"Writhing Mass","floor":38,"turns":6},{"damage":0,"enemies":"Sphere and 2 Shapes","floor":39,"turns":1},{"damage":0,"enemies":"Reptomancer","floor":40,"turns":5},{"damage":0,"enemies":"Jaw Worm Horde","floor":44,"turns":2},{"damage":19,"enemies":"Giant Head","floor":45,"turns":7},{"damage":0,"enemies":"Writhing Mass","floor":46,"turns":5},{"damage":0,"enemies":"Reptomancer","floor":47,"turns":5},{"damage":0,"enemies":"Mind Bloom Boss Battle","floor":48,"turns":7},{"damage":33,"enemies":"Awakened One","floor":50,"turns":17},{"damage":7,"enemies":"Shield and Spear","floor":54,"turns":5},{"damage":52,"enemies":"The Heart","floor":55,"turns":8}],"seed_played":"-8302958126053253062","potions_obtained":[{"floor":2,"key":"SkillPotion"},{"floor":10,"key":"ColorlessPotion"},{"floor":14,"key":"CultistPotion"},{"floor":18,"key":"ColorlessPotion"},{"floor":30,"key":"SmokeBomb"},{"floor":37,"key":"Fire Potion"},{"floor":38,"key":"Strength Potion"},{"floor":44,"key":"LiquidMemories"},{"floor":48,"key":"Fire Potion"}],"is_trial":false,"path_per_floor":["M","M","M","?","?","R","E","R","T","?","E","R","M","M","R","B",null,"M","$","?","?","M","R","E","?","T","M","R","M","E","T","R","B",null,"M","?","M","M","M","E","?","$","T","M","E","M","E","?","R","B",null,"R","$","E","B",null],"character_chosen":"THE_SILENT","items_purchased":["After Image","Finisher","Caltrops","Dead Branch"],"campfire_rested":2,"item_purchase_floors":[19,19,42,53],"current_hp_per_floor":[63,63,63,51,51,51,39,39,39,24,16,16,16,16,16,20,58,41,41,41,32,32,32,23,23,23,23,44,38,35,35,35,29,60,60,60,60,32,32,39,39,54,54,54,35,35,35,60,60,44,69,77,77,70,37],"gold":9,"neow_bonus":"RANDOM_COMMON_RELIC","is_daily":false,"chose_seed":false,"campfire_upgraded":6,"win_rate":0.0,"timestamp":1612297909,"path_taken":["M","M","M","?","?","R","E","R","T","?","E","R","M","M","R","BOSS","M","$","?","?","M","R","E","?","T","?","R","M","E","?","R","BOSS","M","?","M","M","?","E","?","?","T","M","E","M","E","?","R","BOSS","R","$","E","BOSS"],"items_purchased_type":["Card","Card","Card","Relic"],"build_version":"2020-12-22","purchased_purges":0,"victory":true,"max_hp_per_floor":[70,70,70,70,70,70,70,70,70,70,70,70,70,70,70,70,70,70,70,70,70,70,70,70,70,70,70,70,70,70,70,70,70,70,70,70,70,70,70,77,77,77,77,77,77,77,77,77,77,77,77,77,77,77,77],"relic_stats":{"Gremlin Horn":[17,16],"counters":[30,150],"Dead Branch":[42],"StoneCalendar":[156],"Bag of Preparation":[53],"Boot":[313],"Smiling Mask":0,"Shuriken":[7],"Pantograph":99,"MealTicket":15,"Prayer Wheel":0,"Ectoplasm":552,"Nloth\u0027s Gift":9,"obtain_stats":[{"Potion Belt":45,"Gremlin Horn":31,"Dead Branch":53,"StoneCalendar":43,"Bag of Preparation":9,"Boot":4,"Smiling Mask":11,"Akabeko":0,"Old Coin":10,"Shuriken":54,"Pantograph":7,"Strawberry":40,"MealTicket":24,"Prayer Wheel":48,"Ectoplasm":17,"Fusion Hammer":34,"Red Mask":21,"Nloth\u0027s Gift":25,"Toxic Egg 2":30,"Ring of the Snake":0,"Meat on the Bone":47},{"Potion Belt":24,"Gremlin Horn":16,"Dead Branch":28,"StoneCalendar":22,"Bag of Preparation":4,"Boot":3,"Smiling Mask":6,"Akabeko":0,"Old Coin":5,"Shuriken":29,"Pantograph":4,"Strawberry":22,"MealTicket":13,"Prayer Wheel":27,"Ectoplasm":9,"Fusion Hammer":17,"Red Mask":11,"Nloth\u0027s Gift":13,"Toxic Egg 2":16,"Ring of the Snake":0,"Meat on the Bone":26},{"Potion Belt":103,"Gremlin Horn":64,"Dead Branch":137,"StoneCalendar":94,"Bag of Preparation":17,"Boot":11,"Smiling Mask":26,"Akabeko":0,"Old Coin":22,"Shuriken":142,"Pantograph":17,"Strawberry":94,"MealTicket":51,"Prayer Wheel":120,"Ectoplasm":38,"Fusion Hammer":74,"Red Mask":45,"Nloth\u0027s Gift":51,"Toxic Egg 2":64,"Ring of the Snake":0,"Meat on the Bone":113}],"Ring of the Snake":[61],"Meat on the Bone":12},"card_choices":[{"not_picked":["Dagger Throw","Escape Plan"],"picked":"Cloak And Dagger","floor":1},{"not_picked":["Well Laid Plans","Backflip"],"picked":"Predator","floor":2},{"not_picked":["Underhanded Strike","Quick Slash"],"picked":"Backflip","floor":3},{"not_picked":["Deadly Poison","Storm of Steel"],"picked":"Blade Dance","floor":7},{"not_picked":["Bane","Deadly Poison"],"picked":"Dagger Spray","floor":10},{"not_picked":["All Out Attack","Dagger Throw"],"picked":"Cloak And Dagger","floor":11},{"not_picked":["Outmaneuver","Setup"],"picked":"PiercingWail","floor":13},{"not_picked":["Slice","Deadly Poison"],"picked":"Accuracy","floor":14},{"not_picked":["Adrenaline","Die Die Die"],"picked":"Tools of the Trade","floor":16},{"not_picked":["Expertise+1","Prepared"],"picked":"Endless Agony","floor":18},{"not_picked":["Deadly Poison","Flying Knee"],"picked":"Cloak And Dagger","floor":21},{"not_picked":["Dodge and Roll","Deflect+1"],"picked":"Flying Knee","floor":22},{"not_picked":["Heel Hook","PiercingWail"],"picked":"Dagger Spray","floor":24},{"not_picked":["Heel Hook+1","Sucker Punch"],"picked":"Dagger Spray+1","floor":27},{"not_picked":["Underhanded Strike","Poisoned Stab"],"picked":"Adrenaline","floor":29},{"not_picked":["Acrobatics+1","Calculated Gamble+1"],"picked":"Corpse Explosion+1","floor":30},{"not_picked":["A Thousand Cuts","Unload"],"picked":"Adrenaline+1","floor":33},{"not_picked":["Unload","Bane+1"],"picked":"PiercingWail+1","floor":35},{"not_picked":["Dagger Throw","Dodge and Roll+1"],"picked":"PiercingWail+1","floor":37},{"not_picked":["Acrobatics+1","Dagger Throw+1"],"picked":"PiercingWail+1","floor":38},{"not_picked":["Quick Slash","Acrobatics+1"],"picked":"PiercingWail+1","floor":39},{"not_picked":["Bullet Time+1","Concentrate+1"],"picked":"Backflip+1","floor":40},{"not_picked":["Catalyst+1","Slice+1","Setup+1"],"picked":"SKIP","floor":44},{"not_picked":["Burst+1","Calculated Gamble+1"],"picked":"Well Laid Plans+1","floor":45},{"not_picked":["Dagger Spray+1","Bane+1"],"picked":"Choke","floor":46},{"not_picked":["Dash","Blur+1"],"picked":"A Thousand Cuts","floor":47},{"not_picked":["Corpse Explosion+1","Backflip+1"],"picked":"Blur+1","floor":48},{"not_picked":["Phantasmal Killer+1","Tools of the Trade"],"picked":"After Image","floor":54}],"player_experience":1103824,"relics_obtained":[{"floor":7,"key":"Pantograph"},{"floor":9,"key":"Bag of Preparation"},{"floor":10,"key":"Old Coin"},{"floor":11,"key":"Smiling Mask"},{"floor":21,"key":"Red Mask"},{"floor":24,"key":"MealTicket"},{"floor":30,"key":"Toxic Egg 2"},{"floor":31,"key":"Gremlin Horn"},{"floor":40,"key":"Strawberry"},{"floor":43,"key":"StoneCalendar"},{"floor":45,"key":"Potion Belt"},{"floor":47,"key":"Meat on the Bone"},{"floor":48,"key":"Prayer Wheel"},{"floor":54,"key":"Shuriken"}],"event_choices":[{"damage_healed":0,"gold_gain":0,"player_choice":"Success","damage_taken":12,"relics_obtained":["Boot"],"max_hp_gain":0,"max_hp_loss":0,"event_name":"Scrap Ooze","floor":4,"gold_loss":0},{"cards_removed":["Strike_G"],"damage_healed":0,"gold_gain":0,"player_choice":"Card Removal","damage_taken":0,"max_hp_gain":0,"max_hp_loss":0,"event_name":"The Cleric","floor":5,"gold_loss":50},{"damage_healed":0,"gold_gain":0,"player_choice":"Searched \u00271\u0027 times","damage_taken":0,"max_hp_gain":0,"max_hp_loss":0,"event_name":"Dead Adventurer","floor":10,"gold_loss":0},{"damage_healed":0,"gold_gain":0,"player_choice":"Simplicity","damage_taken":0,"max_hp_gain":0,"max_hp_loss":0,"event_name":"Back to Basics","floor":20,"gold_loss":0,"cards_upgraded":["Strike_G","Strike_G","Strike_G","Strike_G","Defend_G","Defend_G","Defend_G","Defend_G","Defend_G"]},{"damage_healed":0,"gold_gain":0,"player_choice":"Fought Bandits","damage_taken":0,"max_hp_gain":0,"max_hp_loss":0,"event_name":"Masked Bandits","floor":21,"gold_loss":0},{"damage_healed":0,"gold_gain":0,"player_choice":"Traded Relic","damage_taken":0,"relics_obtained":["Nloth\u0027s Gift"],"max_hp_gain":0,"max_hp_loss":0,"event_name":"N\u0027loth","floor":25,"relics_lost":["Old Coin"],"gold_loss":0},{"damage_healed":0,"gold_gain":0,"player_choice":"Upgrade","damage_taken":0,"max_hp_gain":0,"max_hp_loss":0,"event_name":"Designer","floor":36,"gold_loss":40,"cards_upgraded":["Finisher"]},{"cards_removed":["Strike_G"],"damage_healed":0,"gold_gain":0,"player_choice":"Removed Attack","damage_taken":0,"max_hp_gain":0,"max_hp_loss":0,"event_name":"Falling","floor":41,"gold_loss":0},{"damage_healed":0,"gold_gain":0,"player_choice":"Fight","damage_taken":0,"max_hp_gain":0,"max_hp_loss":0,"event_name":"MindBloom","floor":48,"gold_loss":0}],"is_beta":false,"boss_relics":[{"not_picked":["Empty Cage","Tiny House"],"picked":"Ectoplasm"},{"not_picked":["Snecko Eye","Busted Crown"],"picked":"Fusion Hammer"}],"items_purged_floors":[],"is_endless":false,"potions_floor_spawned":[2,10,14,18,30,37,38,44,48],"ascension_level":8}}