{"host":"44yoau0wv81hew04","time":1612250337,"event":{"mods":["BaseMod","Downfall","Minty Spire (QoL Compilation)","StSLib"],"gold_per_floor":[99,119,130,147,5331,5231,5231,5331,5331,5357,4389,4389,4419,4419,4438,4541,4541,4541,4561,4561,4561,3708,3719,3794,3809,3056,3056,3067,3080,3080,3080,3080,3080],"floor_reached":31,"language":"ENG","playtime":2254,"items_purged":["Slimebound:Defend_Slimebound","Slimebound:Defend_Slimebound","Slimebound:Strike_Slimebound","Slimebound:Strike_Slimebound"],"score":243,"play_id":"70aa2340-e8f6-4adf-9356-d70b9e9c009f","local_time":"20210202021857","is_ascension_mode":false,"campfire_choices":[{"floor":1,"key":"RECALL"},{"data":"Slimebound:Split","floor":6,"key":"SMITH"},{"data":"Slimebound:MassRepurpose","floor":18,"key":"SMITH"},{"data":"Slimebound:LevelUp","floor":27,"key":"SMITH"}],"circlet_count":0,"master_deck":["Slimebound:Strike_Slimebound","Slimebound:Split+1","Slimebound:CorrosiveSpit","Slimebound:FormOfPuddle","Slimebound:MegaLick","Slimebound:SlimeBrawl+1","Slimebound:MassRepurpose+1","Slimebound:LevelUp+1","Slimebound:Nibble","Slimebound:Schlurp","Jack Of All Trades","Slimebound:SplitAcid","Slimebound:AcidTongue","Metamorphosis","Fasting2+1","DevaForm+1","Slimebound:ComboTackle","Slimebound:BestDefense+1"],"relics":["Slimebound:AbsorbEndCombat","PrismaticShard","Boot","Bottled Lightning","downfall:HeartBlessingRed","Ornamental Fan","PreservedInsect","HandDrill","Tiny Chest","Happy Flower","Frozen Egg 2","Juzu Bracelet","Velvet Choker","Bag of Marbles","Question Card","Lantern","Medical Kit","Blue Candle","Kunai","Singing Bowl","Slimebound:SelfDamagePreventRelic"],"acts_visited":["Exordium","TheCity"],"potions_floor_usage":[8,8,8,16,16,19,23,25,26,28],"damage_taken":[{"damage":6,"enemies":"Jaw Worm","floor":2,"turns":3},{"damage":15,"enemies":"Small Slimes","floor":3,"turns":3},{"damage":1,"enemies":"Cultist","floor":4,"turns":3},{"damage":3,"enemies":"downfall:FleeingMerchant","floor":5,"turns":4},{"damage":19,"enemies":"downfall:Heads","floor":8,"turns":4},{"damage":9,"enemies":"Lagavulin","floor":10,"turns":5},{"damage":0,"enemies":"downfall:FleeingMerchant","floor":11,"turns":4},{"damage":21,"enemies":"3 Sentries","floor":13,"turns":3},{"damage":12,"enemies":"Gremlin Gang","floor":15,"turns":3},{"damage":21,"enemies":"DF_ARCHETYPE_STREAMLINE","floor":16,"turns":5},{"damage":21,"enemies":"Spheric Guardian","floor":19,"turns":4},{"damage":5,"enemies":"downfall:FleeingMerchant","floor":22,"turns":4},{"damage":10,"enemies":"Chosen","floor":23,"turns":4},{"damage":8,"enemies":"Centurion and Healer","floor":25,"turns":4},{"damage":5,"enemies":"downfall:FleeingMerchant","floor":26,"turns":3},{"damage":25,"enemies":"Sentry and Sphere","floor":28,"turns":5},{"damage":17,"enemies":"Snake Plant","floor":29,"turns":3},{"damage":30,"enemies":"Centurion and Healer","floor":31,"turns":2}],"seed_played":"4261833831761945008","potions_obtained":[{"floor":2,"key":"Slimebound:ThreeZeroPotion"},{"floor":3,"key":"champ:CounterPotion"},{"floor":8,"key":"Block Potion"},{"floor":14,"key":"Slimebound:SlimedPotion"},{"floor":25,"key":"bronze:BurnAndBuffPotion"}],"is_trial":false,"path_per_floor":["R","M","M","M","$","R","T","?","?","E","$","T","E","?","M","B",null,"R","M","?","T","$","M","T","M","$","R","M","M","?","M"],"character_chosen":"SLIMEBOUND","items_purchased":["Slimebound:LevelUp","PrismaticShard","Boot","Slimebound:Nibble","LiquidMemories","Bottled Lightning","HandDrill","Tiny Chest","Happy Flower","Strength Potion","Swift Potion","Slimebound:SplitAcid","Slimebound:AcidTongue","Metamorphosis","Question Card","Lantern","Medical Kit","Regen Potion","Slimebound:SlimedPotion","champ:CounterPotion","Kunai","Singing Bowl","Slimebound:SelfDamagePreventRelic","Slimebound:ComboTackle","EssenceOfSteel","Slimebound:SpawnSlimePotion","Slimebound:BestDefense+1"],"campfire_rested":0,"item_purchase_floors":[5,5,5,5,5,5,11,11,11,11,11,11,11,11,22,22,22,22,22,22,26,26,26,26,26,26,26],"current_hp_per_floor":[71,69,56,61,62,62,62,51,51,48,54,54,41,41,31,14,71,71,52,52,52,53,57,57,53,52,52,35,22,22,0,0,0],"gold":3080,"neow_bonus":"TEN_PERCENT_HP_BONUS","is_daily":false,"chose_seed":false,"campfire_upgraded":3,"win_rate":0.0,"timestamp":1612250337,"path_taken":["R","M","M","M","$","R","T","?","?","E","$","?","E","?","M","BOSS","R","M","?","?","$","M","T","M","$","R","M","M","?","M"],"items_purchased_type":["Card","Relic","Relic","Card","Potion","Relic","Relic","Relic","Relic","Potion","Potion","Card","Card","Card","Relic","Relic","Relic","Potion","Potion","Potion","Relic","Relic","Relic","Card","Potion","Potion","Card"],"build_version":"2020-12-22","purchased_purges":4,"victory":false,"max_hp_per_floor":[71,71,71,71,71,71,71,71,71,71,71,71,71,71,71,71,71,71,71,71,71,71,71,71,71,71,71,73,75,75,75,75,75],"card_choices":[{"not_picked":["Slimebound:FinishingTackle","Slimebound:LivingWall"],"picked":"Slimebound:FormOfPuddle","floor":2},{"not_picked":["Slimebound:BestDefense","Slimebound:SlimeSpikes"],"picked":"Slimebound:MegaLick","floor":3},{"not_picked":["Slimebound:LeechEnergy","Slimebound:AcidTongue"],"picked":"Slimebound:SlimeBrawl","floor":4},{"not_picked":["Slimebound:Teamwork","Slimebound:GoopSpray"],"picked":"Slimebound:MassRepurpose","floor":5},{"not_picked":["Well Laid Plans","hexamod:HauntingEcho"],"picked":"Jack Of All Trades","floor":8},{"not_picked":["Protect","bronze:BitShift","Ghostly Armor"],"picked":"SKIP","floor":10},{"not_picked":["A Thousand Cuts","Clash","hexamod:Hexaguard"],"picked":"SKIP","floor":11},{"not_picked":["bronze:Turbo","Dagger Spray"],"picked":"Fasting2+1","floor":13},{"not_picked":["Cleave","bronze:ChosenStrike"],"picked":"DevaForm+1","floor":15},{"not_picked":["Adaptation+1","bronze:OilSpill","champ:SetATrap"],"picked":"SKIP","floor":19},{"not_picked":["Guardian:BronzeArmor","expansioncontent:HyperBeam","Armaments"],"picked":"SKIP","floor":22},{"not_picked":["Guardian:Incinerate","Prostrate","bronze:BronzeOrb","sneckomod:DiceCrush+1"],"picked":"SKIP","floor":23},{"not_picked":["Reflex","DeceiveReality","sneckomod:WideSting","Dagger Throw"],"picked":"SKIP","floor":25},{"not_picked":["expansioncontent:Hexaburn+1","sneckomod:WideSting","Guardian:ShieldSpikes+1","champ:GutPunch"],"picked":"SKIP","floor":26},{"not_picked":["champ:Endure","Slimebound:LeechEnergy","Guardian:ChargeCore","sneckomod:QuickBite"],"picked":"Singing Bowl","floor":28},{"not_picked":["Secret Weapon","champ:BerserkersShout","Coolheaded","sneckomod:UnknownCommonSkill"],"picked":"Singing Bowl","floor":29}],"player_experience":241727,"relics_obtained":[{"floor":7,"key":"Ornamental Fan"},{"floor":10,"key":"PreservedInsect"},{"floor":12,"key":"Frozen Egg 2"},{"floor":13,"key":"Juzu Bracelet"},{"floor":21,"key":"Bag of Marbles"},{"floor":24,"key":"Blue Candle"}],"event_choices":[{"cards_removed":["Slimebound:Defend_Slimebound"],"damage_healed":0,"gold_gain":0,"player_choice":"Card Removal","damage_taken":0,"max_hp_gain":0,"max_hp_loss":0,"event_name":"The Cleric","floor":9,"gold_loss":0},{"damage_healed":0,"gold_gain":0,"player_choice":"Got Potions","damage_taken":0,"max_hp_gain":0,"max_hp_loss":0,"event_name":"Lab","floor":14,"gold_loss":0}],"is_beta":false,"boss_relics":[{"not_picked":["Snecko Eye","bronze:MakeshiftBattery"],"picked":"Velvet Choker"}],"items_purged_floors":[5,11,22,26],"is_endless":false,"potions_floor_spawned":[2,3,8,13,15,25],"killed_by":"Centurion and Healer","ascension_level":0}}