{"host":"f0gpob8hq9vgebej","time":1612233391,"event":{"mods":["AchievementEnabler","BaseMod","Minty Spire (QoL Compilation)","Quick Restart","SuperFastMode"],"gold_per_floor":[113,132,132,148,148,148,160,176,176,207,219,219,144,156,156,230,230,240,240,254,234,41,41,69,69,94,94,107,122,142,154,154,228,228,246,246,263,283,183,183,215,215,215,215,215,33,59,79,79,79,79],"floor_reached":50,"language":"KOR","playtime":2279,"items_purged":["Strike_B","Reprogram","Steam","Capacitor"],"score":893,"play_id":"a4437f29-69ff-47c8-9340-ba5303b42b1c","local_time":"20210202113631","is_ascension_mode":true,"campfire_choices":[{"data":"Ball Lightning","floor":6.0,"key":"SMITH"},{"floor":15.0,"key":"REST"},{"data":"Storm","floor":23.0,"key":"SMITH"},{"data":"Self Repair","floor":25.0,"key":"SMITH"},{"data":"Seek","floor":27.0,"key":"SMITH"},{"data":"Biased Cognition","floor":32.0,"key":"SMITH"},{"data":"Hologram","floor":40.0,"key":"SMITH"},{"data":"Thunder Strike","floor":42.0,"key":"SMITH"},{"floor":49,"key":"REST"}],"circlet_count":0,"master_deck":["AscendersBane","Zap","Dualcast","Barrage","Ball Lightning+1","Hologram+1","Coolheaded","Electrodynamics+1","Turbo","Seek+1","Capacitor","All For One","Static Discharge","Biased Cognition+1","Self Repair+1","BootSequence+1","Conserve Battery","Storm+1","Thunder Strike+1","Core Surge","CurseOfTheBell","Lockon","Skim","Tempest+1","Compile Driver","Cold Snap+1"],"relics":["Cracked Core","DataDisk","Pear","Kunai","Pandora\u0027s Box","Anchor","Toy Ornithopter","Calling Bell","Happy Flower","The Courier","Mango","CeramicFish","Bottled Tornado"],"acts_visited":["Exordium","TheCity","TheBeyond"],"potions_floor_usage":[48],"damage_taken":[{"damage":7.0,"enemies":"Jaw Worm","floor":1.0,"turns":3.0},{"damage":0.0,"enemies":"2 Louse","floor":2.0,"turns":3.0},{"damage":5.0,"enemies":"Small Slimes","floor":4.0,"turns":3.0},{"damage":3.0,"enemies":"2 Fungi Beasts","floor":7.0,"turns":3.0},{"damage":19.0,"enemies":"Exordium Thugs","floor":8.0,"turns":4.0},{"damage":7.0,"enemies":"3 Sentries","floor":10.0,"turns":4.0},{"damage":8.0,"enemies":"Large Slime","floor":11.0,"turns":3.0},{"damage":4.0,"enemies":"Blue Slaver","floor":14.0,"turns":3.0},{"damage":9.0,"enemies":"The Guardian","floor":16.0,"turns":9.0},{"damage":11.0,"enemies":"Spheric Guardian","floor":18.0,"turns":3.0},{"damage":26.0,"enemies":"Chosen","floor":20.0,"turns":5.0},{"damage":22.0,"enemies":"Book of Stabbing","floor":24.0,"turns":3.0},{"damage":0.0,"enemies":"Shelled Parasite and Fungi","floor":28.0,"turns":2.0},{"damage":0.0,"enemies":"Cultist and Chosen","floor":29.0,"turns":3.0},{"damage":15.0,"enemies":"Snecko","floor":30.0,"turns":4.0},{"damage":15.0,"enemies":"Snake Plant","floor":31.0,"turns":3.0},{"damage":32.0,"enemies":"Automaton","floor":33.0,"turns":6.0},{"damage":0.0,"enemies":"3 Shapes","floor":35.0,"turns":2.0},{"damage":0.0,"enemies":"3 Darklings","floor":37.0,"turns":2.0},{"damage":12.0,"enemies":"4 Shapes","floor":38.0,"turns":3.0},{"damage":45.0,"enemies":"Nemesis","floor":41.0,"turns":5.0},{"damage":0.0,"enemies":"Reptomancer","floor":45.0,"turns":1.0},{"damage":26.0,"enemies":"Sphere and 2 Shapes","floor":47.0,"turns":4.0},{"damage":21,"enemies":"Jaw Worm Horde","floor":48,"turns":2},{"damage":49,"enemies":"Awakened One","floor":50,"turns":3}],"seed_played":"6847267360737736759","potions_obtained":[{"floor":2.0,"key":"PotionOfCapacity"},{"floor":4.0,"key":"PowerPotion"},{"floor":16.0,"key":"GamblersBrew"},{"floor":20.0,"key":"Energy Potion"},{"floor":21.0,"key":"Fruit Juice"},{"floor":24.0,"key":"AttackPotion"},{"floor":29.0,"key":"Dexterity Potion"},{"floor":37.0,"key":"SpeedPotion"},{"floor":41.0,"key":"SmokeBomb"},{"floor":48,"key":"GamblersBrew"}],"is_trial":false,"path_per_floor":["M","M","?","M","?","R","M","M","T","E","M","?","$","M","R","B",null,"M","?","M","?","$","R","E","R","T","R","M","M","M","M","R","B",null,"M","?","M","M","$","R","E","R","T","?","E","$","M","M","R","B"],"character_chosen":"DEFECT","items_purchased":["Conserve Battery","Storm","DuplicationPotion"],"campfire_rested":2,"item_purchase_floors":[22,22,46],"current_hp_per_floor":[61,61,61,56,56,56,53,34,44,37,29,12,12,8,33,24,70,66,66,47,52,52,52,30,30,30,30,45,55,40,35,35,23,87,87,87,97,85,85,85,50,50,50,50,55,55,39,23,52,3,3],"gold":79,"neow_bonus":"RANDOM_COMMON_RELIC","is_daily":false,"chose_seed":false,"campfire_upgraded":7,"win_rate":0.0,"timestamp":1612233391,"path_taken":["M","M","?","M","?","R","M","M","T","E","M","?","$","M","R","BOSS","M","?","M","?","$","R","E","R","T","R","M","M","M","M","R","BOSS","M","?","M","M","$","R","E","R","T","?","E","$","M","M","R","BOSS"],"items_purchased_type":["Card","Card","Potion"],"build_version":"2020-12-22","purchased_purges":4,"victory":false,"max_hp_per_floor":[75,75,75,75,75,75,75,75,85,85,85,85,85,85,85,85,85,85,85,85,90,90,90,90,90,90,90,90,90,90,90,90,90,104,104,104,104,104,104,104,104,104,104,99,99,99,99,99,99,99,99],"card_choices":[{"not_picked":["Stack","Compile Driver"],"picked":"Barrage","floor":1.0},{"not_picked":["Rip and Tear","Barrage","Go for the Eyes"],"picked":"SKIP","floor":2.0},{"not_picked":["Rip and Tear","Barrage","Go for the Eyes"],"picked":"SKIP","floor":2.0},{"not_picked":["Turbo","Buffer"],"picked":"Ball Lightning","floor":4.0},{"not_picked":["Steam Power","Fusion"],"picked":"Hologram","floor":7.0},{"not_picked":["Barrage","Gash"],"picked":"Coolheaded","floor":8.0},{"not_picked":["Fusion","Sweeping Beam"],"picked":"Electrodynamics","floor":10.0},{"not_picked":["Ball Lightning","White Noise"],"picked":"Capacitor","floor":11.0},{"not_picked":["Leap","Steam"],"picked":"Turbo","floor":14.0},{"not_picked":["Buffer","All For One"],"picked":"Seek","floor":16.0},{"not_picked":["Beam Cell","Auto Shields"],"picked":"BootSequence+1","floor":18.0},{"not_picked":["Lockon","Hologram","Scrape"],"picked":"SKIP","floor":20.0},{"not_picked":["Conserve Battery+1","Ball Lightning","Beam Cell"],"picked":"SKIP","floor":24.0},{"not_picked":["Rip and Tear","Gash","Stack"],"picked":"SKIP","floor":28.0},{"not_picked":["Beam Cell+1","Turbo"],"picked":"Thunder Strike","floor":29.0},{"not_picked":["Conserve Battery","Blizzard","Barrage"],"picked":"SKIP","floor":30.0},{"not_picked":["Rebound","Conserve Battery","Redo"],"picked":"SKIP","floor":31.0},{"not_picked":["Multi-Cast","All For One"],"picked":"Core Surge","floor":33.0},{"not_picked":["Melter","Doom and Gloom"],"picked":"Lockon","floor":35.0},{"not_picked":["Steam","Turbo+1"],"picked":"Skim","floor":37.0},{"not_picked":["Rebound+1","Turbo"],"picked":"Tempest+1","floor":38.0},{"not_picked":["Sweeping Beam","Barrage","All For One"],"picked":"SKIP","floor":41.0},{"not_picked":["Leap","Blizzard"],"picked":"Compile Driver","floor":47.0},{"not_picked":["Melter","Rebound"],"picked":"Cold Snap+1","floor":48}],"player_experience":357514,"relics_obtained":[{"floor":9.0,"key":"Pear"},{"floor":10.0,"key":"Kunai"},{"floor":24.0,"key":"Anchor"},{"floor":26.0,"key":"Toy Ornithopter"},{"floor":34.0,"key":"Happy Flower"},{"floor":34.0,"key":"The Courier"},{"floor":34.0,"key":"Mango"},{"floor":41.0,"key":"CeramicFish"},{"floor":43.0,"key":"Bottled Tornado"}],"event_choices":[{"damage_healed":0.0,"max_hp_gain":0.0,"max_hp_loss":0.0,"gold_gain":0.0,"event_name":"Golden Idol","player_choice":"Ignored","floor":3.0,"gold_loss":0.0,"damage_taken":0.0},{"damage_healed":0.0,"max_hp_gain":0.0,"max_hp_loss":0.0,"gold_gain":0.0,"event_name":"Liars Game","player_choice":"Ignored","floor":5.0,"gold_loss":0.0,"damage_taken":0.0},{"damage_healed":0.0,"max_hp_gain":0.0,"max_hp_loss":0.0,"gold_gain":0.0,"event_name":"Shining Light","player_choice":"Entered Light","floor":12.0,"gold_loss":0.0,"damage_taken":17.0,"cards_upgraded":["Strike_B","Electrodynamics"]},{"damage_healed":0.0,"max_hp_gain":0.0,"max_hp_loss":0.0,"gold_gain":0.0,"event_name":"Vampires","player_choice":"Ignored","floor":19.0,"gold_loss":0.0,"damage_taken":0.0},{"damage_healed":0.0,"max_hp_gain":0.0,"max_hp_loss":0.0,"gold_gain":0.0,"event_name":"The Woman in Blue","player_choice":"Bought 1 Potion","floor":21.0,"gold_loss":0.0,"damage_taken":0.0},{"damage_healed":0.0,"max_hp_gain":0.0,"max_hp_loss":0.0,"gold_gain":0.0,"event_name":"Mysterious Sphere","player_choice":"Ignored","floor":36.0,"gold_loss":0.0,"damage_taken":0.0},{"damage_healed":0.0,"max_hp_gain":0.0,"max_hp_loss":5.0,"gold_gain":0.0,"event_name":"Winding Halls","player_choice":"Max HP","floor":44.0,"gold_loss":0.0,"damage_taken":0.0}],"is_beta":false,"boss_relics":[{"not_picked":["Runic Pyramid","Cursed Key"],"picked":"Pandora\u0027s Box"},{"not_picked":["FrozenCore","Sozu"],"picked":"Calling Bell"}],"items_purged_floors":[13,22,39,46],"is_endless":false,"potions_floor_spawned":[2,4,8,16,20,24,29,30,37,41,45,48],"killed_by":"Awakened One","ascension_level":13}}