{"host":"utqe55yv0jihe4d6","time":1612245752,"event":{"mods":["2.2 Compatiblity","AchievementEnabler","BaseMod","Block Reminder","Colored Map","Colored Powertips","Minty Spire (QoL Compilation)","Quick Restart","Rare Cards Sparkle","Relic Stats","SuperFastMode"],"gold_per_floor":[114,131,141,160,27,27,70,93,93,93,55,55,92,118,118,201,201,227,132,132,154,176,176,176,176],"floor_reached":24,"language":"ENG","playtime":890,"items_purged":["Defend_P"],"score":520,"play_id":"e3faeb2c-2b4e-4311-a1cd-3d2bcf7cce74","local_time":"20210202010232","is_ascension_mode":true,"campfire_choices":[{"data":"Conclude","floor":6.0,"key":"SMITH"},{"data":"TalkToTheHand","floor":10.0,"key":"SMITH"},{"data":"CutThroughFate","floor":15.0,"key":"SMITH"},{"data":"Wallop","floor":23,"key":"SMITH"}],"circlet_count":0,"master_deck":["AscendersBane","Strike_P+1","Strike_P+1","Strike_P+1","Strike_P+1","Defend_P+1","Defend_P+1","Defend_P+1","Eruption","Vigilance","Meditate","Conclude+1","Wallop+1","Prostrate","JustLucky","Nirvana","JustLucky","TalkToTheHand+1","LikeWater","Perseverance+1","CutThroughFate+1","Blasphemy+1","Vengeance+1","EmptyBody+1","DeceiveReality+1","Nirvana+1"],"relics":["PureWater","Blood Vial","CeramicFish","Pear","Toxic Egg 2","Letter Opener","SlaversCollar"],"acts_visited":["Exordium","TheCity"],"potions_floor_usage":[16,18,22],"damage_taken":[{"damage":0.0,"enemies":"Cultist","floor":1.0,"turns":3.0},{"damage":7.0,"enemies":"Small Slimes","floor":2.0,"turns":7.0},{"damage":18.0,"enemies":"Jaw Worm","floor":3.0,"turns":6.0},{"damage":7.0,"enemies":"3 Louse","floor":4.0,"turns":3.0},{"damage":0.0,"enemies":"Gremlin Nob","floor":7.0,"turns":3.0},{"damage":5.0,"enemies":"Gremlin Gang","floor":8.0,"turns":4.0},{"damage":1.0,"enemies":"Exordium Thugs","floor":11.0,"turns":5.0},{"damage":0.0,"enemies":"3 Sentries","floor":13.0,"turns":3.0},{"damage":11.0,"enemies":"3 Louse","floor":14.0,"turns":3.0},{"damage":30,"enemies":"Slime Boss","floor":16,"turns":10},{"damage":25,"enemies":"Spheric Guardian","floor":18,"turns":11},{"damage":0,"enemies":"Chosen","floor":21,"turns":3},{"damage":17,"enemies":"Centurion and Healer","floor":22,"turns":8},{"damage":37,"enemies":"Slavers","floor":24,"turns":2}],"seed_played":"4855309312431686635","potions_obtained":[{"floor":1.0,"key":"Swift Potion"},{"floor":8.0,"key":"Ambrosia"},{"floor":11.0,"key":"AttackPotion"},{"floor":13.0,"key":"SmokeBomb"},{"floor":14.0,"key":"Swift Potion"},{"floor":18,"key":"DistilledChaos"}],"is_trial":false,"path_per_floor":["M","M","M","M","$","R","E","M","T","R","M","?","E","M","R","B",null,"M","$","?","M","M","R","E"],"character_chosen":"WATCHER","items_purchased":["JustLucky","Nirvana","EmptyBody+1"],"campfire_rested":0,"item_purchase_floors":[5,5,19],"current_hp_per_floor":[63,58,42,37,37,37,39,36,46,46,47,42,44,35,35,7,60,37,37,37,39,24,24,0,0],"gold":176,"neow_bonus":"RANDOM_COMMON_RELIC","is_daily":false,"chose_seed":false,"campfire_upgraded":4,"win_rate":0.0,"timestamp":1612245752,"path_taken":["M","M","M","?","$","R","E","M","T","R","M","?","E","M","R","BOSS","M","$","?","M","M","R","E"],"items_purchased_type":["Card","Card","Card"],"build_version":"2020-12-22","purchased_purges":1,"victory":false,"max_hp_per_floor":[68,68,68,68,68,68,68,68,78,78,78,78,78,78,78,78,78,78,78,78,78,78,78,78,78],"relic_stats":{"Blood Vial":28,"counters":[14,71],"CeramicFish":90,"Letter Opener":[50],"obtain_stats":[{"Blood Vial":0,"SlaversCollar":17,"Pear":9,"CeramicFish":7,"Letter Opener":13,"PureWater":0,"Toxic Egg 2":12},{"Blood Vial":0,"SlaversCollar":10,"Pear":6,"CeramicFish":5,"Letter Opener":8,"PureWater":0,"Toxic Egg 2":7},{"Blood Vial":0,"SlaversCollar":47,"Pear":26,"CeramicFish":22,"Letter Opener":34,"PureWater":0,"Toxic Egg 2":31}]},"card_choices":[{"not_picked":["Vengeance","EmptyFist"],"picked":"Meditate","floor":1.0},{"not_picked":["FlurryOfBlows","PathToVictory"],"picked":"Conclude","floor":2.0},{"not_picked":["FollowUp","EmptyFist"],"picked":"Wallop","floor":3.0},{"not_picked":["Evaluate","InnerPeace"],"picked":"Prostrate","floor":4.0},{"not_picked":["Swivel","Nirvana"],"picked":"JustLucky","floor":7.0},{"not_picked":["EmptyBody","Collect"],"picked":"TalkToTheHand","floor":8.0},{"not_picked":["ForeignInfluence","DevaForm"],"picked":"LikeWater","floor":11.0},{"not_picked":["ForeignInfluence+1","CarveReality"],"picked":"Perseverance+1","floor":13.0},{"not_picked":["BowlingBash","FollowUp"],"picked":"CutThroughFate","floor":14.0},{"not_picked":["Devotion","MasterReality"],"picked":"Blasphemy+1","floor":16},{"not_picked":["CarveReality","BowlingBash"],"picked":"Vengeance+1","floor":18},{"not_picked":["Swivel+1","ForeignInfluence+1"],"picked":"DeceiveReality+1","floor":21},{"not_picked":["Indignation+1","WreathOfFlame+1"],"picked":"Nirvana+1","floor":22}],"player_experience":2977383,"relics_obtained":[{"floor":7.0,"key":"CeramicFish"},{"floor":9.0,"key":"Pear"},{"floor":13.0,"key":"Letter Opener"}],"event_choices":[{"damage_healed":0.0,"max_hp_gain":0.0,"max_hp_loss":0.0,"gold_gain":0.0,"event_name":"Scrap Ooze","player_choice":"Success","floor":12.0,"gold_loss":0.0,"damage_taken":5.0,"relics_obtained":["Toxic Egg 2"]},{"damage_healed":0,"gold_gain":0,"player_choice":"Simplicity","damage_taken":0,"max_hp_gain":0,"max_hp_loss":0,"event_name":"Back to Basics","floor":20,"gold_loss":0,"cards_upgraded":["Strike_P","Strike_P","Strike_P","Strike_P","Defend_P","Defend_P","Defend_P"]}],"is_beta":false,"boss_relics":[{"not_picked":["Runic Pyramid","Empty Cage"],"picked":"SlaversCollar"}],"items_purged_floors":[19],"is_endless":false,"potions_floor_spawned":[1,8,11,13,14,18],"killed_by":"Slavers","ascension_level":20}}