{"host":"yqveedbda5h7irme","time":1612281997,"event":{"mods":["AchievementEnabler","Aspiration","BaseMod","BetterRewards","Colored Powertips","Conspire","Downfall","GifTheSpireLib","Hermit","Hubris","Infinite Spire","Marked Mod","Minty Spire (QoL Compilation)","Reliquary","Replay The Spire","StSLib","Stuff the Spire","The Death Knight","The Hierophant","The Jungle","The Necromancer","The Servant 0.9.4"],"gold_per_floor":[99,99,99,99,199,49,76,4,21,21,49,49,83,68,81,178,178,78,91,109,122,122,135,135,35,69,85,85,103,3,21,34,139,139,139,159,159,159,159],"floor_reached":38,"language":"ENG","playtime":3542,"items_purged":["Strike_S"],"score":447,"play_id":"9f8ea19a-9da7-4ccb-a500-d7c3c08a4c9d","local_time":"20210202170637","is_ascension_mode":true,"campfire_choices":[{"data":"KidneyShot","floor":1,"key":"SMITH"},{"data":"SilverBlades","floor":10,"key":"SMITH"},{"data":"Moonlight","floor":12,"key":"SMITH"},{"floor":18,"key":"DIG"},{"floor":25,"key":"RECALL"},{"floor":30,"key":"REST"},{"data":"SilverBlades","floor":35,"key":"SMITH"}],"circlet_count":0,"master_deck":["Defend_S","Defend_S","Defend_S","Defend_S","KidneyShot+1","Exchange+1","RealityMarble","Deny+1","Sabotage","Sabotage","BottledTime","SilverBlades+1","GearUp","Moonlight+1","Moondial","Rearm","SurpressingFire","SilverMatrix","Moonlight+1","BestPractice","ShiftingGears+1","infinitespire:UltimateForm","MoonPhase+1","Ricochet","SilverBlades+1","Revamp+1","Replace+1","PendulumOfEternity","Barrier+1","hubris:Fate"],"relics":["Uniform","downfall:HeartsMalice","Quantum Egg","reliquary:BallBearing","reliquary:WritOfMandamus","downfall:HeartBlessingGreen","Velvet Choker","StuffTheSpire:ForceGauntlet","downfall:HeartBlessingBlue","TungstenRod","downfall:RedIOU","downfall:HeartBlessingRed","aspiration:FutureDiary","conspire:SpecialSausage"],"acts_visited":["Exordium","TheCity","TheBeyond"],"potions_floor_usage":[23,27,31,36,38,38],"damage_taken":[{"damage":0,"enemies":"2 Louse","floor":2,"turns":1},{"damage":0,"enemies":"downfall:Heads","floor":5,"turns":1},{"damage":0,"enemies":"downfall:FleeingMerchant","floor":8,"turns":1},{"damage":0,"enemies":"Small Slimes","floor":9,"turns":3},{"damage":6,"enemies":"Replay:BlueRogue","floor":11,"turns":6},{"damage":8,"enemies":"3 Sentries","floor":13,"turns":7},{"damage":0,"enemies":"downfall:FleeingMerchant","floor":14,"turns":4},{"damage":0,"enemies":"Cultist","floor":15,"turns":2},{"damage":34,"enemies":"IC_STATUS_ARCHETYPE","floor":16,"turns":11},{"damage":13,"enemies":"conspire:FuzzyDice","floor":19,"turns":6},{"damage":2,"enemies":"Snecko","floor":20,"turns":5},{"damage":0,"enemies":"Snake Plant","floor":21,"turns":5},{"damage":2,"enemies":"Centurion and Healer","floor":23,"turns":5},{"damage":13,"enemies":"Replay:Snechameleon","floor":26,"turns":5},{"damage":0,"enemies":"3 Cultists","floor":27,"turns":4},{"damage":5,"enemies":"Snake Plant","floor":29,"turns":3},{"damage":3,"enemies":"Cultist and Chosen","floor":31,"turns":6},{"damage":5,"enemies":"conspire:HollyBat","floor":32,"turns":6},{"damage":11,"enemies":"WA_ARCHETYPE_CALM","floor":33,"turns":7},{"damage":19,"enemies":"Orb Walker","floor":36,"turns":3},{"damage":13,"enemies":"infinitespire:Three Voidlings","floor":38,"turns":4},{"damage":55,"enemies":"Nightmare_Alpha","floor":38,"turns":7}],"seed_played":"-2365467020616842805","potions_obtained":[{"floor":5,"key":"Adrenaline Potion"},{"floor":13,"key":"sneckomod:MuddlingPotion"},{"floor":15,"key":"Explosive Potion"},{"floor":20,"key":"PowerPotion"},{"floor":27,"key":"Explosive Potion"},{"floor":29,"key":"Weak Potion"},{"floor":32,"key":"CultistPotion"}],"is_trial":false,"path_per_floor":["R","M","?","?","?","?","T","$","M","R","E","R","E","$","M","B",null,"R","M","M","M","AVR","M","T","R","E","M","?","M","R","M","M","B",null,"R","M","AVR","?"],"character_chosen":"THE_SERVANT","items_purchased":["SilverBlades"],"campfire_rested":1,"item_purchase_floors":[8],"current_hp_per_floor":[65,65,65,65,65,75,75,75,75,75,69,69,61,61,61,27,75,75,62,60,60,60,58,58,68,55,55,55,50,75,72,67,56,85,85,66,66,0,0],"gold":159,"neow_bonus":"THREE_ENEMY_KILL","is_daily":false,"chose_seed":false,"campfire_upgraded":4,"win_rate":0.0,"timestamp":1612281997,"path_taken":["R","M","?","?","?","?","T","$","M","R","E","R","E","$","M","BOSS","R","M","M","?","AVR","M","T","R","E","M","?","M","R","M","M","BOSS","R","M","AVR","?"],"items_purchased_type":["Card"],"build_version":"2020-12-22","purchased_purges":1,"victory":false,"max_hp_per_floor":[65,65,65,65,65,75,75,75,75,75,75,75,75,75,75,75,75,75,75,75,75,75,75,75,85,85,85,85,85,85,85,85,85,85,85,85,85,85,85],"card_choices":[{"not_picked":["TimeWarp","Potential"],"picked":"RealityMarble","floor":2},{"not_picked":["Starlight","Potential"],"picked":"Sabotage","floor":5},{"not_picked":["Alleviate","TimeWarp"],"picked":"BottledTime","floor":8},{"not_picked":["Ricochet","ShiftingGears"],"picked":"GearUp","floor":9},{"not_picked":["Alleviate","Defy"],"picked":"Moonlight","floor":11},{"not_picked":["Rewind","Spin"],"picked":"Moondial","floor":13},{"not_picked":["Read","ReturningBlade"],"picked":"Rearm","floor":14},{"not_picked":["Unruled","SoulSculpture"],"picked":"SurpressingFire","floor":15},{"not_picked":["Initiator","Solidify"],"picked":"SilverMatrix","floor":16},{"not_picked":["ShiftingGears+1","Hightail+1"],"picked":"Moonlight+1","floor":19},{"not_picked":["Spin","TimeWarp"],"picked":"BestPractice","floor":20},{"not_picked":["TimeTheft","TimeWarp"],"picked":"ShiftingGears+1","floor":21},{"not_picked":["BestPractice","Revamp"],"picked":"MoonPhase+1","floor":23},{"not_picked":["Starlight","BottledTime"],"picked":"Ricochet","floor":26},{"not_picked":["MoonPhase","SpecialFormula"],"picked":"SilverBlades","floor":27},{"not_picked":["Manipulate","Unruled"],"picked":"Revamp+1","floor":29},{"not_picked":["Starlight","Deny","Foresight"],"picked":"SKIP","floor":31},{"not_picked":["FastForward+1","Ricochet"],"picked":"Replace+1","floor":32},{"not_picked":["TrueSight","TheWorld"],"picked":"PendulumOfEternity","floor":33},{"not_picked":["Snipe","InstantArmor"],"picked":"Barrier+1","floor":36}],"player_experience":182883,"relics_obtained":[{"floor":11,"key":"Quantum Egg"},{"floor":13,"key":"reliquary:BallBearing"},{"floor":18,"key":"Omamori"},{"floor":24,"key":"StuffTheSpire:ForceGauntlet"},{"floor":26,"key":"TungstenRod"}],"event_choices":[{"damage_healed":0,"gold_gain":0,"player_choice":"Leave","damage_taken":0,"max_hp_gain":0,"max_hp_loss":0,"event_name":"conspire:Investor","floor":4,"gold_loss":0}],"is_beta":false,"boss_relics":[{"not_picked":["infinitespire:Cupcake","hubris:GrandSneckoEye"],"picked":"reliquary:WritOfMandamus"},{"not_picked":["aspiration:PoetsPen_weak","hubris:VirtuousBlindfold"],"picked":"aspiration:FutureDiary"}],"items_purged_floors":[37],"is_endless":false,"potions_floor_spawned":[5,13,15,20,27,29,32,33],"killed_by":"Nightmare_Alpha","ascension_level":1}}