{"host":"04hh9gplt9wkfmr1","time":1612279539,"event":{"mods":["AchievementEnabler","BaseMod","Colored Map","KOR Keyword Fix","Minty Spire (QoL Compilation)","Rare Cards Sparkle","SuperFastMode"],"gold_per_floor":[11,11,23,37,37,37,63,63,111,111,111,111],"floor_reached":11,"language":"KOR","playtime":192,"items_purged":[],"score":92,"play_id":"cb2bfd0a-de41-4a39-9763-fc25f08406e7","local_time":"20210203002539","is_ascension_mode":true,"campfire_choices":[{"data":"Armaments","floor":6,"key":"SMITH"},{"floor":8,"key":"REST"}],"circlet_count":0,"master_deck":["Strike_R","Strike_R","Strike_R","Defend_R","Defend_R","Defend_R","Defend_R","Bash","Shockwave","True Grit","Armaments+1","Armaments"],"relics":["Burning Blood","Charon\u0027s Ashes","Red Skull","Regal Pillow"],"acts_visited":["Exordium"],"potions_floor_usage":[],"damage_taken":[{"damage":10,"enemies":"2 Louse","floor":1,"turns":3},{"damage":4,"enemies":"Jaw Worm","floor":3,"turns":4},{"damage":7,"enemies":"Cultist","floor":4,"turns":5},{"damage":53,"enemies":"Lagavulin","floor":7,"turns":11},{"damage":0,"enemies":"Gremlin Nob","floor":11,"turns":2}],"seed_played":"-5267966814386404042","potions_obtained":[{"floor":7,"key":"FearPotion"}],"is_trial":false,"path_per_floor":["M","?","M","M","$","R","E","R","T","?","E"],"character_chosen":"IRONCLAD","items_purchased":[],"campfire_rested":1,"item_purchase_floors":[],"current_hp_per_floor":[68,68,70,69,69,69,22,46,46,39,39,39],"gold":111,"neow_bonus":"ONE_RARE_RELIC","is_daily":false,"chose_seed":false,"campfire_upgraded":1,"win_rate":0.0,"timestamp":1612279539,"path_taken":["M","?","M","M","$","R","E","R","T","?","E"],"items_purchased_type":[],"build_version":"2020-12-22","purchased_purges":0,"victory":false,"max_hp_per_floor":[80,80,80,80,80,80,80,80,80,80,80,80],"card_choices":[{"not_picked":["Havoc","Iron Wave","Pommel Strike"],"picked":"SKIP","floor":1},{"not_picked":["Havoc","Iron Wave","Pommel Strike"],"picked":"SKIP","floor":1},{"not_picked":["Searing Blow","Havoc"],"picked":"True Grit","floor":3},{"not_picked":["Clash","Iron Wave"],"picked":"Armaments","floor":4},{"not_picked":["Searing Blow","Battle Trance"],"picked":"Armaments","floor":7}],"player_experience":122219,"relics_obtained":[{"floor":7,"key":"Red Skull"},{"floor":9,"key":"Regal Pillow"}],"event_choices":[{"damage_healed":0,"gold_gain":0,"cards_transformed":["Strike_R"],"player_choice":"Change","damage_taken":0,"max_hp_gain":0,"max_hp_loss":0,"event_name":"Living Wall","floor":2,"gold_loss":0,"cards_obtained":["Shockwave"]},{"cards_removed":["Strike_R"],"damage_healed":0,"gold_gain":0,"player_choice":"Card Removal","damage_taken":7,"max_hp_gain":0,"max_hp_loss":0,"event_name":"Golden Wing","floor":10,"gold_loss":0}],"is_beta":false,"boss_relics":[],"items_purged_floors":[],"is_endless":false,"potions_floor_spawned":[7],"killed_by":"Gremlin Nob","ascension_level":6}}