{"host":"rolltorest","time":1612251669,"event":{"mods":["BaseMod","Minty Spire (QoL Compilation)","Relic Stats","Slay the Relics Exporter","StSLib"],"gold_per_floor":[118,268,285,182,257,257,282,282,282,309,309,333,333,171,171,248,248,268,183,195,195,212,241,241,283,306,306,306,306],"floor_reached":28,"language":"ENG","playtime":715,"items_purged":["Doubt"],"score":570,"play_id":"64a10194-6214-4a7e-b66e-68d71ac0f538","local_time":"20210201234109","is_ascension_mode":true,"campfire_choices":[{"data":"EmptyFist","floor":6,"key":"SMITH"},{"data":"Eruption","floor":8,"key":"SMITH"},{"floor":11,"key":"REST"},{"floor":13,"key":"REST"},{"data":"Meditate","floor":15,"key":"SMITH"},{"floor":24,"key":"REST"}],"circlet_count":0,"master_deck":["AscendersBane","Strike_P","Strike_P","Strike_P","Strike_P","Defend_P","Defend_P","Defend_P","Defend_P","Eruption+1","Vigilance","SashWhip","EmptyFist+1","WaveOfTheHand","Indignation","Meditate+1","CutThroughFate","LikeWater","Judgement","FlurryOfBlows","BowlingBash","Ragnarok","Protect+1"],"relics":["PureWater","NeowsBlessing","Torii","Bottled Flame","GoldenEye","Odd Mushroom","Snecko Eye","Nunchaku","Frozen Egg 2","CeramicFish","Boot","White Beast Statue"],"acts_visited":["Exordium","TheCity"],"potions_floor_usage":[10,10,23,23],"damage_taken":[{"damage":0,"enemies":"2 Louse","floor":1,"turns":1},{"damage":0,"enemies":"Small Slimes","floor":3,"turns":2},{"damage":0,"enemies":"3 Sentries","floor":7,"turns":1},{"damage":39,"enemies":"Lagavulin","floor":10,"turns":9},{"damage":21,"enemies":"The Mushroom Lair","floor":12,"turns":5},{"damage":2,"enemies":"The Guardian","floor":16,"turns":12},{"damage":0,"enemies":"Spheric Guardian","floor":18,"turns":2},{"damage":0,"enemies":"Chosen","floor":20,"turns":3},{"damage":17,"enemies":"Snake Plant","floor":22,"turns":2},{"damage":27,"enemies":"Slavers","floor":23,"turns":5},{"damage":10,"enemies":"Book of Stabbing","floor":25,"turns":4},{"damage":19,"enemies":"Shelled Parasite and Fungi","floor":28,"turns":5}],"seed_played":"-4875907719590016857","potions_obtained":[{"floor":3,"key":"Ambrosia"},{"floor":7,"key":"SneckoOil"},{"floor":18,"key":"Explosive Potion"}],"is_trial":false,"path_per_floor":["M","?","M","$","?","R","E","R","T","E","R","?","R","$","R","B",null,"M","?","M","?","M","E","R","E","T","T","M"],"character_chosen":"WATCHER","items_purchased":["EmptyFist","CutThroughFate","LikeWater","PowerPotion"],"campfire_rested":3,"item_purchase_floors":[4,14,14,14],"current_hp_per_floor":[61,61,61,61,50,50,50,50,50,11,31,10,30,30,30,28,58,58,58,58,58,41,14,34,24,24,24,5,5],"gold":306,"neow_bonus":"THREE_ENEMY_KILL","is_daily":false,"chose_seed":false,"campfire_upgraded":3,"win_rate":0.0,"timestamp":1612251669,"path_taken":["M","?","M","$","?","R","E","R","T","E","R","?","R","$","R","BOSS","M","?","M","?","M","E","R","E","T","?","?"],"items_purchased_type":["Card","Card","Card","Potion"],"build_version":"2020-12-18","purchased_purges":1,"victory":false,"max_hp_per_floor":[68,68,68,68,68,68,68,68,68,68,68,68,68,68,68,68,68,68,68,68,68,68,68,68,68,68,68,68,68],"relic_stats":{"Nunchaku":[4],"Torii":29,"counters":[12,51],"CeramicFish":9,"Snecko Eye":[35,31,37,32],"GoldenEye":[8],"Boot":[1],"obtain_stats":[{"Bottled Flame":9,"Nunchaku":19,"NeowsBlessing":0,"Torii":7,"CeramicFish":25,"Snecko Eye":17,"PureWater":0,"Odd Mushroom":12,"Frozen Egg 2":23,"GoldenEye":10,"Boot":26,"White Beast Statue":27},{"Bottled Flame":3,"Nunchaku":7,"NeowsBlessing":0,"Torii":3,"CeramicFish":11,"Snecko Eye":6,"PureWater":0,"Odd Mushroom":5,"Frozen Egg 2":10,"GoldenEye":4,"Boot":11,"White Beast Statue":11},{"Bottled Flame":4,"Nunchaku":32,"NeowsBlessing":0,"Torii":4,"CeramicFish":46,"Snecko Eye":30,"PureWater":0,"Odd Mushroom":18,"Frozen Egg 2":42,"GoldenEye":13,"Boot":46,"White Beast Statue":46}]},"card_choices":[{"not_picked":["ClearTheMind","Prostrate"],"picked":"SashWhip","floor":1},{"not_picked":["Collect","Nirvana","PathToVictory"],"picked":"SKIP","floor":3},{"not_picked":["FlyingSleeves","Devotion"],"picked":"WaveOfTheHand","floor":7},{"not_picked":["InnerPeace","EmptyFist"],"picked":"Indignation","floor":10},{"not_picked":["SashWhip","ForeignInfluence"],"picked":"Meditate","floor":12},{"not_picked":["ConjureBlade","Alpha"],"picked":"Judgement","floor":16},{"not_picked":["Crescendo","ClearTheMind","Perseverance"],"picked":"SKIP","floor":18},{"not_picked":["InnerPeace","EmptyMind+1"],"picked":"FlurryOfBlows","floor":20},{"not_picked":["FollowUp","PathToVictory"],"picked":"BowlingBash","floor":22},{"not_picked":["SashWhip","Crescendo+1"],"picked":"Ragnarok","floor":23},{"not_picked":["Brilliance","Prostrate"],"picked":"Protect+1","floor":25}],"player_experience":1811327,"relics_obtained":[{"floor":7,"key":"Torii"},{"floor":9,"key":"Bottled Flame"},{"floor":10,"key":"GoldenEye"},{"floor":12,"key":"Odd Mushroom"},{"floor":23,"key":"Frozen Egg 2"},{"floor":25,"key":"CeramicFish"},{"floor":26,"key":"Boot"},{"floor":27,"key":"White Beast Statue"}],"event_choices":[{"damage_healed":0,"gold_gain":150,"player_choice":"AGREE","damage_taken":0,"max_hp_gain":0,"max_hp_loss":0,"event_name":"Liars Game","floor":2,"gold_loss":0,"cards_obtained":["Doubt"]},{"damage_healed":0,"gold_gain":75,"player_choice":"Gather Gold","damage_taken":11,"max_hp_gain":0,"max_hp_loss":0,"event_name":"World of Goop","floor":5,"gold_loss":0},{"damage_healed":0,"gold_gain":0,"player_choice":"Fought Mushrooms","damage_taken":0,"max_hp_gain":0,"max_hp_loss":0,"event_name":"Mushrooms","floor":12,"gold_loss":0},{"damage_healed":0,"gold_gain":0,"player_choice":"Obtained Relic","damage_taken":0,"relics_obtained":["Nunchaku"],"max_hp_gain":0,"max_hp_loss":0,"event_name":"Addict","floor":19,"gold_loss":85},{"damage_healed":0,"gold_gain":0,"player_choice":"Ignored","damage_taken":0,"max_hp_gain":0,"max_hp_loss":0,"event_name":"Vampires","floor":21,"gold_loss":0}],"is_beta":true,"boss_relics":[{"not_picked":["Sozu","Velvet Choker"],"picked":"Snecko Eye"}],"items_purged_floors":[4],"is_endless":false,"potions_floor_spawned":[3,7,18,20,22],"killed_by":"Shelled Parasite and Fungi","ascension_level":20}}