{"host":"l2kmo5ss1fnqnmvo","time":1612277871,"event":{"mods":["BaseMod","Colored Powertips","Decade(王小明)","Lobotomy","Minty Spire (QoL Compilation)","Reimu（博丽灵梦）","WarShipGirlsR/战舰少女R mod"],"gold_per_floor":[112,112,129,129,139,167,182,58,83,367,367,415,415,458,458,585,585,585,45,45,45,45,45],"floor_reached":22,"language":"ZHS","playtime":1404,"items_purged":["Decade_Attack"],"score":233,"play_id":"f61b88b8-2dc4-4d87-8358-58fe61118c41","local_time":"20210202235751","is_ascension_mode":true,"campfire_choices":[{"floor":11,"key":"REST"},{"floor":13,"key":"REST"},{"floor":15,"key":"REST"}],"circlet_count":0,"master_deck":["Apo_SoulSlash","Apo_Charge","Apo_Charge","Apo_Charge","Apo_Charge","Apo_Beam","Apo_Beam","Apo_Beam","Apo_Execute","Apo_Slash","Apo_Slash","Apo_SoulSlash"],"relics":["Decadriver","TOEIDeficitBill","CogitoBucket","Orichalcum","Mastiff:ReiMu","CeramicFish","Vajra","Pocketwatch","RedLine:ReiMu","ApostleMask","Lantern","Gremlin Horn","Cauldron","Enchiridion"],"acts_visited":["Exordium","TheCity"],"potions_floor_usage":[6,12,19,22,22,22],"damage_taken":[{"damage":5,"enemies":"Small Slimes","floor":1,"turns":2},{"damage":9,"enemies":"Jaw Worm","floor":3,"turns":4},{"damage":14,"enemies":"2 Louse","floor":5,"turns":2},{"damage":5,"enemies":"Gremlin Nob","floor":6,"turns":3},{"damage":43,"enemies":"Exordium Thugs","floor":7,"turns":5},{"damage":51,"enemies":"3 Sentries","floor":12,"turns":5},{"damage":17,"enemies":"Lagavulin","floor":14,"turns":6},{"damage":50,"enemies":"Hexaghost","floor":16,"turns":7},{"damage":14,"enemies":"3 Byrds","floor":22,"turns":4}],"seed_played":"7565371944125577192","potions_obtained":[{"floor":3,"key":"FairyPotion"},{"floor":5,"key":"Strength Potion"},{"floor":6,"key":"Block Potion"},{"floor":16,"key":"FearPotion"},{"floor":19,"key":"Regen Potion"},{"floor":19,"key":"Regen Potion"},{"floor":19,"key":"Fruit Juice"},{"floor":19,"key":"SkillPotion"}],"is_trial":false,"path_per_floor":["M","?","M","?","M","E","M","$","T","?","R","E","R","E","R","B",null,"M","$","?","?","M"],"character_chosen":"Decade","items_purchased":["UnarmedAttack1","Lantern","Gremlin Horn","Cauldron"],"campfire_rested":3,"item_purchase_floors":[8,19,19,19],"current_hp_per_floor":[65,65,62,55,42,38,8,8,8,8,29,7,28,29,50,34,70,30,30,14,14,0,0],"gold":45,"neow_bonus":"","is_daily":false,"chose_seed":false,"campfire_upgraded":0,"win_rate":0.0,"timestamp":1612277871,"path_taken":["M","?","M","?","M","E","M","?","T","?","R","E","R","E","R","BOSS","M","$","?","?","M"],"items_purchased_type":["Card","Card","Relic","Relic"],"build_version":"2020-12-22","purchased_purges":1,"victory":false,"max_hp_per_floor":[70,70,70,70,70,70,70,70,70,70,70,70,70,70,70,70,70,70,75,75,75,75,75],"card_choices":[{"not_picked":["KamenRideDenO","Decade_Dash2"],"picked":"Dragreder","floor":1},{"not_picked":["UniverseFragment","Murderer"],"picked":"FairyFestival","floor":1},{"not_picked":["KamenRideDecade","KamenRideKabuto","Decade_Dash1"],"picked":"SKIP","floor":1},{"not_picked":["Wellcheers","Variant"],"picked":"CrumblingArmor","floor":3},{"not_picked":["Decade_Dash1","DenO_Gun"],"picked":"UnarmedAttack3","floor":3},{"not_picked":["Laetitia","VoidDream"],"picked":"MHz","floor":5},{"not_picked":["UnarmedAttack9","FormRideGaruru"],"picked":"UnarmedAttack4","floor":5},{"not_picked":["Decade_Illusion","DenO_Gun"],"picked":"Hibiki_Attack2","floor":6},{"not_picked":["Laetitia","OSAHOGD","Rudolta"],"picked":"Singing Bowl","floor":6},{"not_picked":["PunishingBird","Laetitia"],"picked":"UniverseFragment","floor":6},{"not_picked":["Blade_Slash","RideBooker"],"picked":"AttackRide","floor":6},{"not_picked":["BigBadWolf","OSAHOGD","PunishingBird"],"picked":"Singing Bowl","floor":7},{"not_picked":["DespairKnight","Scorched"],"picked":"Bloodbath","floor":7},{"not_picked":["DenO_Sword","Hibiki_Attack3"],"picked":"UnarmedAttack4","floor":7},{"not_picked":["KamenRideDenO","RideBooker"],"picked":"FormRideDogga","floor":7},{"not_picked":["MeatLantern","Scorched"],"picked":"DespairKnight","floor":12},{"not_picked":["FormRideFlame","FormRideBasshaa"],"picked":"RideBooker_Skill_2","floor":12},{"not_picked":["UnarmedAttack3","Hibiki_Attack2","UnarmedAttack5"],"picked":"SKIP","floor":12},{"not_picked":["Woodsman","Murderer"],"picked":"OSAHOGD","floor":14},{"not_picked":["Decade_Dash1","FormRideDogga","Dragreder"],"picked":"SKIP","floor":14},{"not_picked":["QueenBee","Scarecrow"],"picked":"PlagueDoctor","floor":16},{"not_picked":["FormRideAxel","Hibiki_FEVER"],"picked":"Kuuga_Rising","floor":16},{"not_picked":["UnarmedAttack9","Hibiki_FEVER"],"picked":"NMDAZYYGL","floor":16}],"player_experience":597290,"relics_obtained":[{"floor":6,"key":"Mastiff:ReiMu"},{"floor":9,"key":"CeramicFish"},{"floor":12,"key":"Vajra"},{"floor":14,"key":"Pocketwatch"},{"floor":20,"key":"Enchiridion"}],"event_choices":[{"damage_healed":0,"gold_gain":0,"player_choice":"Box","damage_taken":0,"relics_obtained":["Orichalcum"],"max_hp_gain":0,"max_hp_loss":0,"event_name":"Big Fish","floor":2,"gold_loss":0,"cards_obtained":["Regret"]},{"cards_removed":["Regret"],"damage_healed":0,"gold_gain":0,"player_choice":"Card Removal","damage_taken":7,"max_hp_gain":0,"max_hp_loss":0,"event_name":"Golden Wing","floor":4,"gold_loss":0},{"damage_healed":0,"gold_gain":275,"player_choice":"Desecrate","damage_taken":0,"max_hp_gain":0,"max_hp_loss":0,"event_name":"Golden Shrine","floor":10,"gold_loss":0,"cards_obtained":["Regret"]},{"damage_healed":0,"gold_gain":0,"player_choice":"Obtained Book","damage_taken":16,"max_hp_gain":0,"max_hp_loss":0,"event_name":"Cursed Tome","floor":20,"gold_loss":0},{"damage_healed":0,"gold_gain":0,"player_choice":"Ignored","damage_taken":0,"max_hp_gain":0,"max_hp_loss":0,"event_name":"Vampires","floor":21,"gold_loss":0}],"is_beta":false,"boss_relics":[{"not_picked":["Sozu","Coffee Dripper"],"picked":"RedLine:ReiMu"}],"items_purged_floors":[8],"is_endless":false,"potions_floor_spawned":[3,5,6,16],"killed_by":"3 Byrds","ascension_level":1}}