{"host":"i09pxcjttd31eh4q","time":1612261837,"event":{"mods":["AchievementEnabler","BaseMod","Colored Map","Keyboard Shortcuts","Minty Spire (QoL Compilation)","StSLib","SuperFastMode"],"gold_per_floor":[119,99,24,24,24,24,54,66,66,66,66,77,90,90,90,164,164,184,200,220,220,240,252,272,283,309,321,321],"floor_reached":27,"language":"KOR","playtime":518,"items_purged":["Strike_G"],"score":484,"play_id":"88ee3c0b-3fa5-4e7a-81a3-c242f001e717","local_time":"20210202193037","is_ascension_mode":true,"campfire_choices":[{"data":"Neutralize","floor":6.0,"key":"SMITH"},{"data":"Dagger Spray","floor":10.0,"key":"SMITH"},{"data":"Noxious Fumes","floor":15.0,"key":"SMITH"}],"circlet_count":0,"master_deck":["AscendersBane","Strike_G","Strike_G","Strike_G+1","Defend_G","Defend_G","Defend_G","Defend_G","Defend_G","Survivor+1","Neutralize+1","Predator","Quick Slash","Dagger Spray+1","Noxious Fumes+1","Backflip","Adrenaline","CurseOfTheBell","Backflip","Backflip+1","Noxious Fumes+1","Footwork"],"relics":["Ring of the Snake","NeowsBlessing","Bag of Marbles","Vajra","White Beast Statue","Calling Bell","Strawberry","Mercury Hourglass","Torii","MawBank"],"acts_visited":["Exordium","TheCity"],"potions_floor_usage":[],"damage_taken":[{"damage":0.0,"enemies":"2 Louse","floor":1.0,"turns":1.0},{"damage":0.0,"enemies":"Lagavulin","floor":7.0,"turns":1.0},{"damage":0.0,"enemies":"Cultist","floor":8.0,"turns":1.0},{"damage":0.0,"enemies":"Jaw Worm","floor":12.0,"turns":2.0},{"damage":0.0,"enemies":"Blue Slaver","floor":13.0,"turns":3.0},{"damage":4.0,"enemies":"Slime Boss","floor":16.0,"turns":6.0},{"damage":0.0,"enemies":"Chosen","floor":18.0,"turns":3.0},{"damage":1.0,"enemies":"Shell Parasite","floor":19.0,"turns":4.0},{"damage":30.0,"enemies":"Chosen and Byrds","floor":20.0,"turns":5.0},{"damage":7.0,"enemies":"Cultist and Chosen","floor":22.0,"turns":5.0},{"damage":1.0,"enemies":"Centurion and Healer","floor":23.0,"turns":6.0},{"damage":6.0,"enemies":"Snake Plant","floor":24.0,"turns":4.0},{"damage":20.0,"enemies":"Snecko","floor":25.0,"turns":6.0},{"damage":0,"enemies":"Centurion and Healer","floor":27,"turns":1}],"seed_played":"2127628494773772802","potions_obtained":[{"floor":1.0,"key":"Strength Potion"},{"floor":2.0,"key":"SteroidPotion"},{"floor":12.0,"key":"SkillPotion"},{"floor":13.0,"key":"Block Potion"},{"floor":16.0,"key":"Fire Potion"},{"floor":18.0,"key":"SneckoOil"},{"floor":19.0,"key":"Dexterity Potion"},{"floor":20.0,"key":"BlessingOfTheForge"},{"floor":22.0,"key":"Block Potion"},{"floor":23.0,"key":"Explosive Potion"},{"floor":24.0,"key":"ColorlessPotion"},{"floor":25.0,"key":"LiquidBronze"}],"is_trial":false,"path_per_floor":["M","?","$","?","T","R","E","M","T","R","?","M","M","?","R","B",null,"M","M","M","?","M","M","M","M","T","M"],"character_chosen":"THE_SILENT","items_purchased":[],"campfire_rested":0,"item_purchase_floors":[],"current_hp_per_floor":[59,59,59,39,39,39,39,39,39,39,39,39,39,44,44,40,70,70,69,39,39,32,31,25,5,5,5,5],"gold":321,"neow_bonus":"THREE_ENEMY_KILL","is_daily":false,"chose_seed":false,"campfire_upgraded":3,"win_rate":0.0,"timestamp":1612261837,"path_taken":["M","?","?","?","?","R","E","?","T","R","?","M","M","?","R","BOSS","M","M","M","?","M","M","M","M","T","M"],"items_purchased_type":[],"build_version":"2020-12-22","purchased_purges":1,"victory":false,"max_hp_per_floor":[66,66,66,66,66,66,66,66,66,66,66,66,66,71,71,71,78,78,78,78,78,78,78,78,78,78,78,78],"card_choices":[{"not_picked":["PiercingWail","Distraction"],"picked":"Predator","floor":1.0},{"not_picked":["Accuracy","Distraction"],"picked":"Quick Slash","floor":7.0},{"not_picked":["Poisoned Stab","Slice"],"picked":"Dagger Spray","floor":8.0},{"not_picked":["Dodge and Roll","Accuracy"],"picked":"Noxious Fumes","floor":12.0},{"not_picked":["Deflect","Slice"],"picked":"Backflip","floor":13.0},{"not_picked":["A Thousand Cuts","After Image"],"picked":"Adrenaline","floor":16.0},{"not_picked":["Flying Knee","Cloak And Dagger"],"picked":"Backflip","floor":18.0},{"not_picked":["Flying Knee","Deflect","Phantasmal Killer"],"picked":"SKIP","floor":19.0},{"not_picked":["Blade Dance","Dagger Spray+1"],"picked":"Backflip+1","floor":20.0},{"not_picked":["Bane","Finisher+1","Slice"],"picked":"SKIP","floor":22.0},{"not_picked":["Poisoned Stab","Cloak And Dagger+1"],"picked":"Footwork","floor":23.0},{"not_picked":["Sucker Punch","Prepared","Riddle With Holes+1"],"picked":"SKIP","floor":24.0},{"not_picked":["Poisoned Stab+1","Tactician","Flying Knee"],"picked":"SKIP","floor":25.0}],"player_experience":878020,"relics_obtained":[{"floor":5.0,"key":"Bag of Marbles"},{"floor":7.0,"key":"Vajra"},{"floor":9.0,"key":"White Beast Statue"},{"floor":17.0,"key":"Strawberry"},{"floor":17.0,"key":"Mercury Hourglass"},{"floor":17.0,"key":"Torii"},{"floor":26.0,"key":"MawBank"}],"event_choices":[{"damage_healed":0.0,"max_hp_gain":0.0,"max_hp_loss":0.0,"gold_gain":0.0,"event_name":"The Woman in Blue","player_choice":"Bought 1 Potion","floor":2.0,"gold_loss":0.0,"damage_taken":0.0},{"damage_healed":0.0,"max_hp_gain":0.0,"max_hp_loss":0.0,"gold_gain":0.0,"event_name":"Shining Light","player_choice":"Entered Light","floor":4.0,"gold_loss":0.0,"damage_taken":20.0,"cards_upgraded":["Survivor","Strike_G"]},{"cards_removed":["Strike_G"],"damage_healed":0.0,"max_hp_gain":0.0,"max_hp_loss":0.0,"gold_gain":0.0,"event_name":"Living Wall","player_choice":"Forget","floor":11.0,"gold_loss":0.0,"damage_taken":0.0},{"damage_healed":0.0,"max_hp_gain":5.0,"max_hp_loss":0.0,"gold_gain":0.0,"event_name":"Big Fish","player_choice":"Donut","floor":14.0,"gold_loss":0.0,"damage_taken":0.0},{"damage_healed":0.0,"max_hp_gain":0.0,"max_hp_loss":0.0,"gold_gain":0.0,"event_name":"Duplicator","player_choice":"Copied","floor":21.0,"gold_loss":0.0,"damage_taken":0.0,"cards_obtained":["Noxious Fumes"]}],"is_beta":false,"boss_relics":[{"not_picked":["Philosopher\u0027s Stone","SlaversCollar"],"picked":"Calling Bell"}],"items_purged_floors":[3],"is_endless":false,"potions_floor_spawned":[1,8,12,13,16,18,19,20,22,23,24,25],"killed_by":"Centurion and Healer","ascension_level":20}}