{"host":"2zjdcgw4be5n15ja","time":1612260226,"event":{"mods":["2.2 Compatiblity","AchievementEnabler","BaseMod","Bestiary","Better Skull","Better Third Choice","BetterRewards","Colored Powertips","Downfall","Hermit","Marisa????????","Marked Mod","Minty Spire (QoL Compilation)","Quick Restart","Rare Cards Sparkle","Reimu??????","Relic Stats","Reliquary","Replay The Spire","StSLib","The Bug Knight","The Problem Sleuth","The Runesmith"],"gold_per_floor":[116,133,133,12,12,45,63,63,63,94,105,115,75,150,150,250,250,263,49,49,15,15,49,49,74,74,74,93,122,122,133,133,231,231,245,260,308,37,37,37,37],"floor_reached":40,"language":"ENG","playtime":4448,"items_purged":[],"score":637,"play_id":"e52bd83c-d0cd-45e1-8a14-1877c5c82986","local_time":"20210202230346","is_ascension_mode":true,"campfire_choices":[{"floor":8,"key":"RECALL"},{"floor":15,"key":"REST"},{"floor":27,"key":"REST"},{"floor":30,"key":"REST"}],"circlet_count":0,"master_deck":["Strike_R","Strike_R","Strike_R+1","Strike_R","Strike_R","Defend_R","Defend_R","Defend_R","Defend_R","Bash","Battle Trance","Sever Soul","Dark Embrace","Pommel Strike","Burning Pact","Flex","theSleuth:FrighteningBeast","Languid","Perfected Strike","Metallicize","Seeing Red","Berserk","Heavy Blade+1","Inflame+1","Flex","Looming Evil","Shame","Pot Of Greed","Pot Of Greed","Pot Of Greed","Armaments+1","Clothesline+1","downfall:Bewildered","Clumsy","Sword Boomerang+1","Voices","theSleuth:FrighteningBeast","Bloodletting","Spot Weakness","Pot Of Greed+1","Entrench+1","ReplayTheSpireMod:Limb From Limb","Flame Barrier+1","Limit Break","Perfected Strike","ReplayTheSpireMod:Strike From Hell","Blood for Blood+1","Flex","Clash+1","Fiend Fire","Feel No Pain","Seeing Red","Pot Of Greed","ReplayTheSpireMod:Muscle Training"],"relics":["Burning Blood","Potion Belt","downfall:ExtraCursedKey","Replay:Bottled Steam","Anchor","Charon\u0027s Ashes","PaintedHorse:ReiMu","Electric Blood","ReplayTheSpireMod:CursedCoin","Self Forming Clay","Grinning Jar","Art of War","Prayer Wheel","Lizard Tail","Pen Nib","ChewingGum","CatCart"],"acts_visited":["Exordium","TheCity","TheBeyond"],"potions_floor_usage":[16,16,16,16,29,33,36,40],"damage_taken":[{"damage":7,"enemies":"Small Slimes","floor":1,"turns":3},{"damage":7,"enemies":"2 Louse","floor":2,"turns":2},{"damage":25,"enemies":"Lagavulin","floor":6,"turns":6},{"damage":6,"enemies":"Cultist","floor":7,"turns":3},{"damage":0,"enemies":"Large Slime","floor":11,"turns":3},{"damage":6,"enemies":"Exordium Thugs","floor":12,"turns":4},{"damage":24,"enemies":"Fading Forest","floor":16,"turns":11},{"damage":10,"enemies":"3 Byrds","floor":18,"turns":4},{"damage":40,"enemies":"Slavers","floor":23,"turns":5},{"damage":16,"enemies":"Gremlin Leader","floor":25,"turns":4},{"damage":8,"enemies":"Chosen","floor":28,"turns":4},{"damage":57,"enemies":"Book of Stabbing","floor":29,"turns":5},{"damage":14,"enemies":"Centurion and Healer","floor":31,"turns":4},{"damage":69,"enemies":"Champ","floor":33,"turns":9},{"damage":4,"enemies":"Orb Walker","floor":35,"turns":2},{"damage":15,"enemies":"3 Darklings","floor":36,"turns":4},{"damage":60,"enemies":"Orin","floor":37,"turns":7},{"damage":39,"enemies":"HollowMod:StalkingDevout","floor":40,"turns":4}],"seed_played":"-1665265353722663110","potions_obtained":[{"floor":1,"key":"AttackPotion"},{"floor":2,"key":"Elixir"},{"floor":7,"key":"Strength Potion"},{"floor":12,"key":"Toxic Potion"},{"floor":23,"key":"Energy Potion"},{"floor":29,"key":"SteroidPotion"},{"floor":33,"key":"Languid Potion"},{"floor":37,"key":"AttackPotion"}],"is_trial":false,"path_per_floor":["M","M","?","$","?","E","M","R","T","?","M","M","?","?","R","B",null,"M","$","?","$","?","E","T","E","T","R","M","E","R","M","R","B",null,"M","M","?","$","?","E"],"character_chosen":"IRONCLAD","items_purchased":["Dark Embrace","Pommel Strike","Inflame+1","Flex","ReplayTheSpireMod:CursedCoin","Self Forming Clay","Armaments+1","Fiend Fire","Feel No Pain","Seeing Red"],"campfire_rested":3,"item_purchase_floors":[4,4,19,19,19,19,21,38,38,38],"current_hp_per_floor":[79,78,78,78,78,59,59,59,59,27,33,33,33,22,46,50,80,76,76,76,76,76,42,42,32,32,56,54,45,69,61,80,17,80,80,71,17,17,17,0,0],"gold":37,"neow_bonus":"RANDOM_COMMON_RELIC","is_daily":false,"chose_seed":false,"campfire_upgraded":0,"win_rate":0.0,"timestamp":1612260226,"path_taken":["M","M","?","$","?","E","M","R","T","?","M","?","?","?","R","BOSS","M","$","?","$","?","E","?","E","T","R","?","E","R","M","R","BOSS","M","M","?","$","?","E"],"items_purchased_type":["Card","Card","Card","Card","Relic","Relic","Card","Card","Card","Card"],"build_version":"2020-12-22","purchased_purges":0,"victory":false,"max_hp_per_floor":[80,80,80,80,80,80,80,80,80,80,80,80,80,80,80,80,80,80,80,80,80,80,80,80,80,80,80,80,80,80,80,80,80,80,80,80,80,80,80,80,80],"relic_stats":{"Lizard Tail":40,"counters":[18,84],"Self Forming Clay":[342],"Prayer Wheel":4,"Charon\u0027s Ashes":[357],"Pen Nib":[6],"Art of War":[3],"obtain_stats":[{"Potion Belt":0,"ReplayTheSpireMod:CursedCoin":19,"Self Forming Clay":19,"Charon\u0027s Ashes":10,"Pen Nib":29,"Burning Blood":0,"Anchor":9,"Lizard Tail":25,"PaintedHorse:ReiMu":13,"Prayer Wheel":24,"ChewingGum":34,"downfall:ExtraCursedKey":5,"Art of War":23,"Grinning Jar":20,"CatCart":37,"Electric Blood":17,"Replay:Bottled Steam":6},{"Potion Belt":0,"ReplayTheSpireMod:CursedCoin":8,"Self Forming Clay":8,"Charon\u0027s Ashes":4,"Pen Nib":12,"Burning Blood":0,"Anchor":4,"Lizard Tail":10,"PaintedHorse:ReiMu":6,"Prayer Wheel":9,"ChewingGum":14,"downfall:ExtraCursedKey":2,"Art of War":9,"Grinning Jar":8,"CatCart":17,"Electric Blood":7,"Replay:Bottled Steam":3},{"Potion Belt":0,"ReplayTheSpireMod:CursedCoin":36,"Self Forming Clay":36,"Charon\u0027s Ashes":14,"Pen Nib":54,"Burning Blood":0,"Anchor":14,"Lizard Tail":45,"PaintedHorse:ReiMu":21,"Prayer Wheel":41,"ChewingGum":67,"downfall:ExtraCursedKey":5,"Art of War":41,"Grinning Jar":36,"CatCart":80,"Electric Blood":32,"Replay:Bottled Steam":11}],"Burning Blood":100},"card_choices":[{"not_picked":["Armaments","Life Link"],"picked":"Battle Trance","floor":1},{"not_picked":["Pummel","Armaments"],"picked":"Sever Soul","floor":2},{"not_picked":["Clash","Perfected Strike"],"picked":"Burning Pact","floor":6},{"not_picked":["Heavy Blade","Armaments"],"picked":"Flex","floor":7},{"not_picked":["Replay:Many Hands","Body Slam"],"picked":"Perfected Strike","floor":10},{"not_picked":["Pommel Strike","Warcry"],"picked":"Metallicize","floor":11},{"not_picked":["ReplayTheSpireMod:Stacked","Shockwave"],"picked":"Seeing Red","floor":12},{"not_picked":["Barricade","Demonic Infusion"],"picked":"Berserk","floor":16},{"not_picked":["Flame Barrier","Sword Boomerang+1"],"picked":"Heavy Blade+1","floor":18},{"not_picked":["Reckless Charge+1","Burning Pact"],"picked":"Clothesline+1","floor":23},{"not_picked":["Iron Wave","Headbutt"],"picked":"Sword Boomerang+1","floor":25},{"not_picked":["Iron Wave","Pommel Strike"],"picked":"Bloodletting","floor":28},{"not_picked":["Iron Wave","Headbutt+1"],"picked":"Spot Weakness","floor":28},{"not_picked":["Cleave","Clash"],"picked":"Entrench+1","floor":29},{"not_picked":["Twin Strike","Clash"],"picked":"ReplayTheSpireMod:Limb From Limb","floor":31},{"not_picked":["Dark Embrace","Reckless Charge+1"],"picked":"Flame Barrier+1","floor":31},{"not_picked":["Berserk","Offering"],"picked":"Limit Break","floor":33},{"not_picked":["True Grit","Body Slam+1"],"picked":"Perfected Strike","floor":35},{"not_picked":["Seeing Red","Armaments"],"picked":"ReplayTheSpireMod:Strike From Hell","floor":35},{"not_picked":["Flame Barrier","Shrug It Off+1"],"picked":"Blood for Blood+1","floor":36},{"not_picked":["Body Slam","Headbutt"],"picked":"Flex","floor":36},{"not_picked":["Heavy Blade","ReplayReversal+1"],"picked":"Clash+1","floor":37}],"player_experience":385567,"relics_obtained":[{"floor":6,"key":"Replay:Bottled Steam"},{"floor":9,"key":"Anchor"},{"floor":10,"key":"Charon\u0027s Ashes"},{"floor":23,"key":"Art of War"},{"floor":24,"key":"Prayer Wheel"},{"floor":25,"key":"Lizard Tail"},{"floor":29,"key":"Pen Nib"},{"floor":37,"key":"CatCart"}],"event_choices":[{"damage_healed":0,"gold_gain":0,"player_choice":"Donate","damage_taken":0,"relics_obtained":["PaintedHorse:ReiMu"],"max_hp_gain":0,"max_hp_loss":0,"event_name":"yidonshenshe","floor":13,"gold_loss":40},{"damage_healed":0,"gold_gain":75,"player_choice":"Gold","damage_taken":11,"max_hp_gain":0,"max_hp_loss":0,"event_name":"betterThird:BetterGoop","floor":14,"gold_loss":0},{"damage_healed":0,"gold_gain":0,"player_choice":"Stole Relic","damage_taken":0,"relics_obtained":["Grinning Jar"],"max_hp_gain":0,"max_hp_loss":0,"event_name":"Addict","floor":20,"gold_loss":0,"cards_obtained":["Shame"]},{"damage_healed":0,"gold_gain":0,"player_choice":"Ignored","damage_taken":0,"max_hp_gain":0,"max_hp_loss":0,"event_name":"Vampires","floor":22,"gold_loss":0},{"damage_healed":0,"gold_gain":0,"player_choice":"Fight","damage_taken":0,"max_hp_gain":0,"max_hp_loss":0,"event_name":"OrinTheCat","floor":37,"gold_loss":0},{"damage_healed":0,"gold_gain":0,"player_choice":"1 cards matched","damage_taken":0,"max_hp_gain":0,"max_hp_loss":0,"event_name":"Match and Keep!","floor":39,"gold_loss":0,"cards_obtained":["ReplayTheSpireMod:Muscle Training"]}],"is_beta":false,"boss_relics":[{"not_picked":["Philosopher\u0027s Stone","Busted Crown"],"picked":"Electric Blood"},{"not_picked":["Kintsugi","bronze:MakeshiftBattery"],"picked":"ChewingGum"}],"items_purged_floors":[],"is_endless":false,"potions_floor_spawned":[1,2,7,12,23,29,33,37],"killed_by":"HollowMod:StalkingDevout","ascension_level":1}}