{"host":"i0dcpa89fcfo7o2v","time":1612293545,"event":{"mods":["2.2 Compatiblity","AchievementEnabler","Alarm Clock","AlwaysNeverKeys","BaseMod","Better Altar","Better Match","Better Note","Better Sensory Stone","Better Skull","Better Third Choice","Better Vampires","BetterRewards","Block Reminder","Colored Map","Colored Powertips","Conspire","Curses Come First","Defuse TimeMaze Blight","Displayed Cursed Tome","Downfall","Energized Spire","Gold Saver","Halation","Highlight Path","Hubris","Minty Spire (QoL Compilation)","Quick Restart","Relic Stats","Replay The Spire","Shop Mod","Spicy Shops","StSLib","Synergy Search","The Jungle","Transform Curses","Uncapped","Wandering Minibosses"],"gold_per_floor":[0,12,12,70,90,119,119,19,33,33,18,36,67,78,98,98,98,98],"floor_reached":16,"language":"ENG","playtime":909,"items_purged":[],"score":144,"play_id":"42ffbdb2-5ea2-4634-b5b4-8a0789780bbf","local_time":"20210202201905","is_ascension_mode":true,"campfire_choices":[{"data":"bronze:Replicate","floor":1,"key":"SMITH"},{"data":"bronze:Terminator","floor":8,"key":"SMITH"},{"data":"bronze:Goto","floor":10,"key":"SMITH"}],"circlet_count":0,"master_deck":["bronze:Strike","bronze:Strike","bronze:Strike","bronze:Strike","bronze:Defend","bronze:Defend","bronze:Defend","bronze:Defend","bronze:Replicate+1","bronze:Goto+1","bronze:FineTuning","bronze:Terminator+1","bronze:CutThrough","bronze:AlphaBuild","bronze:WhirlingStrike","bronze:Boost","bronze:Format","bronze:Iterate","bronze:Return"],"relics":["bronze:BronzeCore","Thread and Needle","hubris:Towel","Mummified Hand","conspire:Flyswatter","HornCleat","downfall:HeartBlessingRed","Garlic"],"acts_visited":["Exordium"],"potions_floor_usage":[13,16,16],"damage_taken":[{"damage":1,"enemies":"Small Slimes","floor":2,"turns":3},{"damage":15,"enemies":"3 Sentries","floor":4,"turns":10},{"damage":5,"enemies":"Jaw Worm","floor":5,"turns":4},{"damage":9,"enemies":"Lagavulin","floor":6,"turns":5},{"damage":0,"enemies":"Cultist","floor":9,"turns":2},{"damage":0,"enemies":"downfall:FleeingMerchant","floor":11,"turns":4},{"damage":8,"enemies":"Blue Slaver","floor":12,"turns":2},{"damage":0,"enemies":"3 Sentries","floor":13,"turns":5},{"damage":0,"enemies":"Exordium Wildlife","floor":14,"turns":2},{"damage":0,"enemies":"Red Slaver","floor":15,"turns":2},{"damage":35,"enemies":"SI_SHIV_ARCHETYPE","floor":16,"turns":7}],"seed_played":"-8640145177458859605","potions_obtained":[{"floor":6,"key":"sneckomod:MuddlingPotion"},{"floor":9,"key":"EntropicBrew"},{"floor":12,"key":"EntropicBrew"}],"is_trial":false,"path_per_floor":["R","M","?","?","M","E","T","R","M","R","$","M","E","M","M","B"],"character_chosen":"THE_AUTOMATON","items_purchased":[],"campfire_rested":0,"item_purchase_floors":[],"current_hp_per_floor":[70,69,69,54,49,40,40,40,40,40,40,32,32,32,32,0,0,0],"gold":98,"neow_bonus":"ONE_RARE_RELIC","is_daily":false,"chose_seed":false,"campfire_upgraded":3,"win_rate":0.0,"timestamp":1612293545,"path_taken":["R","M","?","?","?","E","T","R","M","R","$","M","E","M","M","BOSS"],"items_purchased_type":[],"build_version":"2020-12-22","purchased_purges":0,"victory":false,"max_hp_per_floor":[70,70,70,70,70,70,70,70,70,70,70,70,70,70,70,70,70,70],"relic_stats":{"counters":[11,46],"Mummified Hand":[1],"obtain_stats":[{"bronze:BronzeCore":0,"HornCleat":7,"downfall:HeartBlessingRed":8,"Mummified Hand":4,"Thread and Needle":0,"Garlic":13,"hubris:Towel":3,"conspire:Flyswatter":6},{"bronze:BronzeCore":0,"HornCleat":4,"downfall:HeartBlessingRed":4,"Mummified Hand":2,"Thread and Needle":0,"Garlic":8,"hubris:Towel":1,"conspire:Flyswatter":4},{"bronze:BronzeCore":0,"HornCleat":22,"downfall:HeartBlessingRed":22,"Mummified Hand":13,"Thread and Needle":0,"Garlic":35,"hubris:Towel":3,"conspire:Flyswatter":22}]},"card_choices":[{"not_picked":["bronze:Constructor","bronze:BugBarrage"],"picked":"bronze:FineTuning","floor":2},{"not_picked":["bronze:Turbo","bronze:Branch"],"picked":"bronze:Terminator","floor":4},{"not_picked":["bronze:BuggyMess","bronze:Deprecate"],"picked":"bronze:CutThrough","floor":5},{"not_picked":["bronze:ForceShield","bronze:OilSpill"],"picked":"bronze:AlphaBuild","floor":6},{"not_picked":["bronze:Shield","bronze:CutThrough"],"picked":"bronze:WhirlingStrike","floor":9},{"not_picked":["bronze:Backtrace","bronze:BronzeArmor"],"picked":"bronze:Boost","floor":11},{"not_picked":["bronze:Branch","bronze:DelayedSlice"],"picked":"bronze:Format","floor":12},{"not_picked":["bronze:Repair","bronze:Invalidate"],"picked":"bronze:Iterate","floor":13},{"not_picked":["bronze:Repair","bronze:Deprecate","bronze:Repulsor"],"picked":"SKIP","floor":14},{"not_picked":["bronze:AlphaBuild","bronze:ItsAFeature"],"picked":"bronze:Return","floor":15}],"player_experience":209972,"relics_obtained":[{"floor":4,"key":"Mummified Hand"},{"floor":6,"key":"conspire:Flyswatter"},{"floor":7,"key":"HornCleat"},{"floor":13,"key":"Garlic"}],"event_choices":[],"is_beta":false,"boss_relics":[],"items_purged_floors":[],"is_endless":false,"potions_floor_spawned":[6,9,12,13,14],"killed_by":"SI_SHIV_ARCHETYPE","ascension_level":1}}