{"host":"n8m0so6y44v0klfv","time":1612239330,"event":{"mods":["BaseMod","Colored Map","Downfall","Minty Spire (QoL Compilation)","StSLib"],"gold_per_floor":[99,116,116,36,36,52,78,107,107,123,134,148,148,148,167,271,271,271,53,63,163,163,63,63,96,116,116,143,161,61,76,86,186,186,186,196,208,113,126,137,137,37,84,111,111,138,164,188,210,222,234,281,28,28,28,28,28,28],"floor_reached":56,"language":"ENG","playtime":4596,"items_purged":["bronze:Strike","bronze:WildBeam"],"score":801,"play_id":"091a3529-6b02-4572-af69-80d7b98f340a","local_time":"20210201231530","is_ascension_mode":false,"campfire_choices":[{"data":"bronze:Replicate","floor":1,"key":"SMITH"},{"data":"bronze:Repulsor","floor":9,"key":"SMITH"},{"data":"bronze:MaxOutput","floor":13,"key":"SMITH"},{"data":"bronze:SpaghettiCode","floor":18,"key":"SMITH"},{"floor":23,"key":"REST"},{"floor":30,"key":"REST"},{"floor":35,"key":"RECALL"},{"floor":42,"key":"REST"},{"floor":45,"key":"REST"},{"floor":54,"key":"REST"}],"circlet_count":0,"master_deck":["bronze:Defend","bronze:Defend","bronze:Defend","bronze:Defend","bronze:Replicate+1","bronze:Goto","bronze:MaxOutput+1","bronze:Repulsor+1","bronze:WhirlingStrike","bronze:Flail","bronze:OilSpill","bronze:CloningBeam","bronze:Separator","bronze:BitShift","bronze:SpaghettiCode+1","expansioncontent:QuickStudy","bronze:FineTuning","bronze:DonuBeam","bronze:DecaBeam","bronze:ChildClass","bronze:Boost+1","bronze:Verify","bronze:Overload+1","bronze:Repair+1","bronze:Separator+1","bronze:Format+1","bronze:Flail+1","bronze:ForLoop+1","bronze:Shield+1","bronze:Iterate","bronze:GetLatest+1","bronze:Iterate+1","bronze:Terminator+1"],"relics":["bronze:BronzeCore","The Courier","Bird Faced Urn","Runic Dome","downfall:HeartBlessingBlue","Toxic Egg 2","Blue Candle","downfall:RedIOU","Mummified Hand","downfall:HeartBlessingGreen","Astrolabe","Thread and Needle","downfall:HeartBlessingRed","TungstenRod","Eternal Feather","MawBank","Pen Nib","Pantograph"],"acts_visited":["Exordium","TheCity","TheBeyond","TheEnding"],"potions_floor_usage":[16,21,44,56,56,56],"damage_taken":[{"damage":1,"enemies":"2 Louse","floor":2,"turns":3},{"damage":0,"enemies":"downfall:FleeingMerchant","floor":4,"turns":4},{"damage":0,"enemies":"Small Slimes","floor":6,"turns":2},{"damage":17,"enemies":"3 Sentries","floor":8,"turns":4},{"damage":6,"enemies":"Cultist","floor":10,"turns":3},{"damage":9,"enemies":"Blue Slaver","floor":11,"turns":3},{"damage":6,"enemies":"Large Slime","floor":12,"turns":3},{"damage":11,"enemies":"Exordium Wildlife","floor":15,"turns":2},{"damage":46,"enemies":"WA_ARCHETYPE_RETAIN","floor":16,"turns":5},{"damage":15,"enemies":"downfall:FleeingMerchant","floor":19,"turns":4},{"damage":3,"enemies":"Shell Parasite","floor":20,"turns":2},{"damage":76,"enemies":"Shell Parasite","floor":21,"turns":6},{"damage":25,"enemies":"Slavers","floor":25,"turns":4},{"damage":5,"enemies":"3 Byrds","floor":26,"turns":2},{"damage":21,"enemies":"Book of Stabbing","floor":28,"turns":5},{"damage":6,"enemies":"Centurion and Healer","floor":29,"turns":3},{"damage":0,"enemies":"Snecko","floor":31,"turns":3},{"damage":42,"enemies":"3 Cultists","floor":32,"turns":6},{"damage":34,"enemies":"IC_MUSHROOM_ARCHETYPE","floor":33,"turns":8},{"damage":37,"enemies":"3 Darklings","floor":36,"turns":6},{"damage":0,"enemies":"Orb Walker","floor":37,"turns":2},{"damage":0,"enemies":"downfall:FleeingMerchant","floor":38,"turns":4},{"damage":59,"enemies":"Transient","floor":39,"turns":5},{"damage":10,"enemies":"Spire Growth","floor":40,"turns":4},{"damage":21,"enemies":"2 Orb Walkers","floor":43,"turns":5},{"damage":57,"enemies":"Reptomancer","floor":44,"turns":6},{"damage":55,"enemies":"Giant Head","floor":46,"turns":9},{"damage":0,"enemies":"Sphere and 2 Shapes","floor":47,"turns":3},{"damage":2,"enemies":"Jaw Worm Horde","floor":48,"turns":3},{"damage":12,"enemies":"Writhing Mass","floor":49,"turns":5},{"damage":12,"enemies":"SI_POISON_ARCHETYPE","floor":50,"turns":8},{"damage":58,"enemies":"downfall:CharBossMerchant","floor":52,"turns":7},{"damage":58,"enemies":"downfall:NeowBoss","floor":55,"turns":13},{"damage":94,"enemies":"downfall:NeowBossFinal","floor":56,"turns":8}],"seed_played":"-7809097219269855970","potions_obtained":[{"floor":6,"key":"sneckomod:MuddlingPotion"},{"floor":8,"key":"Regen Potion"},{"floor":11,"key":"SpeedPotion"},{"floor":12,"key":"DistilledChaos"},{"floor":16,"key":"Weak Potion"},{"floor":21,"key":"Strength Potion"},{"floor":26,"key":"CultistPotion"},{"floor":44,"key":"champ:CounterPotion"},{"floor":49,"key":"DistilledChaos"}],"is_trial":false,"path_per_floor":["R","M","?","$","?","M","T","E","R","M","M","M","R","?","M","B",null,"R","$","M","?","T","R","T","E","M","?","E","M","R","M","M","B",null,"R","M","M","$","M","M","T","R","?","E","R","E","M","M","M","B",null,"E","$","R","B","B"],"character_chosen":"THE_AUTOMATON","items_purchased":["bronze:Repulsor","expansioncontent:QuickStudy","Pantograph","bronze:Terminator+1"],"campfire_rested":5,"item_purchase_floors":[4,19,53,53],"current_hp_per_floor":[70,69,62,62,80,80,80,63,63,61,56,54,54,59,48,6,85,85,72,71,16,16,54,54,33,28,28,13,11,39,53,30,14,95,95,62,74,80,45,39,39,67,58,19,65,28,42,54,70,76,95,43,43,89,51,0,0,0],"gold":28,"neow_bonus":"ONE_RANDOM_RARE_CARD","is_daily":false,"chose_seed":false,"campfire_upgraded":4,"win_rate":0.0,"timestamp":1612239330,"path_taken":["R","M","?","$","?","M","T","E","R","M","?","M","R","?","M","BOSS","R","$","M","?","?","R","T","E","M","?","E","M","R","?","M","BOSS","R","M","M","$","M","M","T","R","?","E","R","E","M","M","M","BOSS","E","$","R","BOSS","BOSS"],"items_purchased_type":["Card","Card","Relic","Card"],"build_version":"2020-12-22","purchased_purges":2,"victory":false,"max_hp_per_floor":[70,70,70,70,80,80,80,80,80,80,80,80,80,85,85,85,85,85,85,85,85,85,95,95,95,95,95,95,95,95,95,95,95,95,95,95,95,95,95,95,95,95,95,95,95,95,95,95,95,95,95,95,95,95,95,95,95,95],"card_choices":[{"not_picked":["bronze:CutThrough","bronze:Shield"],"picked":"bronze:MaxOutput","floor":2},{"not_picked":["bronze:ForLoop","bronze:Invalidate"],"picked":"bronze:WildBeam","floor":4},{"not_picked":["bronze:Philosophize","bronze:CutThrough"],"picked":"bronze:WhirlingStrike","floor":6},{"not_picked":["bronze:WildBeam","bronze:DelayedSlice"],"picked":"bronze:Flail","floor":8},{"not_picked":["bronze:Frontload","bronze:Shell"],"picked":"bronze:OilSpill","floor":10},{"not_picked":["bronze:WhirlingStrike","bronze:Turbo"],"picked":"bronze:CloningBeam","floor":11},{"not_picked":["bronze:ThunderWave","bronze:DelayedSlice"],"picked":"bronze:Separator","floor":12},{"not_picked":["bronze:CutThrough","bronze:MaxOutput"],"picked":"bronze:BitShift","floor":15},{"not_picked":["bronze:CleanCode","bronze:Virus"],"picked":"bronze:SpaghettiCode","floor":16},{"not_picked":["bronze:BitShift+1","bronze:OilSpill+1","bronze:WildBeam"],"picked":"SKIP","floor":19},{"not_picked":["bronze:BugBarrage","bronze:Overheat"],"picked":"bronze:FineTuning","floor":20},{"not_picked":[],"picked":"bronze:DonuBeam","floor":21},{"not_picked":[],"picked":"bronze:DecaBeam","floor":21},{"not_picked":["bronze:OilSpill+1","bronze:WhirlingStrike+1"],"picked":"bronze:ChildClass","floor":21},{"not_picked":["bronze:Invalidate+1","bronze:OilSpill"],"picked":"bronze:Boost+1","floor":25},{"not_picked":["bronze:Boost+1","bronze:BitShift+1"],"picked":"bronze:Verify","floor":26},{"not_picked":["bronze:Turbo+1","bronze:Frontload+1"],"picked":"bronze:Overload+1","floor":28},{"not_picked":["bronze:Backtrace","bronze:Deprecate+1"],"picked":"bronze:Repair+1","floor":29},{"not_picked":["bronze:Invalidate+1","bronze:Turbo+1","bronze:DelayedSlice"],"picked":"SKIP","floor":31},{"not_picked":["bronze:WhirlingStrike+1","bronze:Shield+1"],"picked":"bronze:Separator+1","floor":32},{"not_picked":["bronze:ShipIt","bronze:Assembly+1"],"picked":"bronze:Format+1","floor":33},{"not_picked":["bronze:DelayedSlice","bronze:Invalidate+1","bronze:NullPointer+1"],"picked":"SKIP","floor":36},{"not_picked":["bronze:FineTuning+1","bronze:WhirlingStrike"],"picked":"bronze:Iterate","floor":37},{"not_picked":["bronze:FindAndReplace+1","bronze:WhirlingStrike"],"picked":"bronze:GetLatest+1","floor":38},{"not_picked":["bronze:BuggyMess+1","bronze:WhirlingStrike+1","bronze:ChosenStrike+1"],"picked":"SKIP","floor":39},{"not_picked":["bronze:Return+1","bronze:BronzeArmor+1","bronze:Turbo+1"],"picked":"SKIP","floor":40},{"not_picked":["bronze:Separator","bronze:Deprecate+1","bronze:Turbo+1"],"picked":"SKIP","floor":44},{"not_picked":["bronze:DelayedGuard+1","bronze:Repulsor","bronze:NullPointer+1"],"picked":"SKIP","floor":46},{"not_picked":["bronze:Shield+1","bronze:FineTuning+1","bronze:BugBarrage+1"],"picked":"SKIP","floor":47},{"not_picked":["bronze:OilSpill+1","bronze:BugBarrage","bronze:HyperBeam"],"picked":"SKIP","floor":48},{"not_picked":["bronze:CutThrough","bronze:Overheat+1"],"picked":"bronze:Iterate+1","floor":49},{"not_picked":["bronze:Overload+1","bronze:Flail+1","bronze:DelayedSlice"],"picked":"SKIP","floor":52}],"player_experience":512490,"relics_obtained":[{"floor":7,"key":"Vajra"},{"floor":8,"key":"Bird Faced Urn"},{"floor":24,"key":"Toxic Egg 2"},{"floor":25,"key":"Blue Candle"},{"floor":28,"key":"Mummified Hand"},{"floor":41,"key":"Thread and Needle"},{"floor":43,"key":"TungstenRod"},{"floor":44,"key":"Eternal Feather"},{"floor":46,"key":"MawBank"},{"floor":52,"key":"Pen Nib"}],"event_choices":[{"damage_healed":0,"gold_gain":0,"player_choice":"Success","damage_taken":7,"relics_obtained":["The Courier"],"max_hp_gain":0,"max_hp_loss":0,"event_name":"Scrap Ooze","floor":3,"gold_loss":0},{"cards_removed":["bronze:Mutator"],"damage_healed":8,"gold_gain":0,"player_choice":"Offered Rare","damage_taken":0,"max_hp_gain":10,"max_hp_loss":0,"event_name":"Bonfire Elementals","floor":5,"gold_loss":0},{"damage_healed":0,"gold_gain":0,"player_choice":"Donut","damage_taken":0,"max_hp_gain":5,"max_hp_loss":0,"event_name":"Big Fish","floor":14,"gold_loss":0},{"damage_healed":0,"gold_gain":0,"player_choice":"Fight","damage_taken":0,"max_hp_gain":0,"max_hp_loss":0,"event_name":"Mysterious Sphere","floor":43,"gold_loss":0}],"is_beta":false,"boss_relics":[{"not_picked":["Velvet Choker","Busted Crown"],"picked":"Runic Dome"},{"not_picked":["Fusion Hammer","Coffee Dripper"],"picked":"Astrolabe"}],"items_purged_floors":[19,38],"is_endless":false,"potions_floor_spawned":[6,8,11,12,16,21,26,28,29,36,39,44,48,49],"killed_by":"downfall:NeowBossFinal","ascension_level":0}}