{"host":"gsef4mntx4mq50d0","time":1612254835,"event":{"mods":["Act Like it!","Arknights","Aspiration","BaseMod","Colored Map","Downfall","GifTheSpireLib","Hallownest","HololiveMod","Hubris","Infinite Spire","MarisaÅiñ∂âJÅ@ñÇóùçπÅj","Minty Spire (QoL Compilation)","SIMod","StSLib","The Alterego","The Animator","The Bug Knight","The Exalted","The Forsaken","The Servant 0.9.4","TheSwordswoman"],"gold_per_floor":[116,127,302,315,330,187,187,202,202,215,232,246,277,293,293,393,393,388,388,65,65,65],"floor_reached":21,"language":"ENG","playtime":868,"items_purged":["Doubt"],"score":185,"play_id":"60b5170b-cec7-427c-9c9a-0d1d66214a79","local_time":"20210202183355","is_ascension_mode":false,"campfire_choices":[{"floor":15,"key":"REST"}],"circlet_count":0,"master_deck":["Strike_R","Strike_R","Strike_R","Strike_R","Strike_R","Defend_R","Defend_R","Defend_R+1","Defend_R+1","Bash","Cleave","Headbutt","Dual Wield","Body Slam","Body Slam","Ghostly Armor","Demon Form","Cleave","Twin Strike","Thunderclap","Demon Form","Panache","Cleave","Flex"],"relics":["Burning Blood","aspiration:Nostalgia","hexamod:SpiritBrand","Brimstone","hubris:Icosahedron","War Paint","Hololive_TopUpMoneyS","Enchiridion"],"acts_visited":["Exordium","TheCity"],"potions_floor_usage":[10,13,13,16],"damage_taken":[{"damage":1,"enemies":"Cultist","floor":1,"turns":3},{"damage":10,"enemies":"Small Slimes","floor":2,"turns":3},{"damage":11,"enemies":"Jaw Worm","floor":4,"turns":3},{"damage":10,"enemies":"2 Fungi Beasts","floor":5,"turns":4},{"damage":17,"enemies":"Large Slime","floor":8,"turns":4},{"damage":0,"enemies":"Exordium Wildlife","floor":10,"turns":3},{"damage":12,"enemies":"Blue Slaver","floor":11,"turns":3},{"damage":13,"enemies":"Exordium Thugs","floor":12,"turns":4},{"damage":23,"enemies":"Gremlin Nob","floor":13,"turns":4},{"damage":0,"enemies":"Large Slime","floor":14,"turns":3},{"damage":54,"enemies":"The Guardian","floor":16,"turns":6},{"damage":57,"enemies":"2 Thieves","floor":18,"turns":4},{"damage":14,"enemies":"Shell Parasite","floor":21,"turns":3}],"seed_played":"-500899139733551379","potions_obtained":[{"floor":2,"key":"SteroidPotion"},{"floor":8,"key":"hexamod:SoulburnPotion"},{"floor":10,"key":"ElixirPotion"},{"floor":13,"key":"infinitespire:BlackPotion"},{"floor":16,"key":"LiquidMemories"}],"is_trial":false,"path_per_floor":["M","M","?","M","M","$","?","M","T","M","M","M","E","M","R","B",null,"M","?","$","M"],"character_chosen":"IRONCLAD","items_purchased":["Brimstone","Panache","Cleave","Flex"],"campfire_rested":1,"item_purchase_floors":[6,20,20,20],"current_hp_per_floor":[80,76,76,71,67,67,67,56,56,62,56,49,32,38,62,14,80,29,13,13,0,0],"gold":65,"neow_bonus":"NOSTALGIA","is_daily":false,"chose_seed":false,"campfire_upgraded":0,"win_rate":0.0,"timestamp":1612254835,"path_taken":["M","M","?","M","M","$","?","M","T","?","M","M","E","M","R","BOSS","M","?","$","M"],"items_purchased_type":["Relic","Card","Card","Card"],"build_version":"2020-12-22","purchased_purges":1,"victory":false,"max_hp_per_floor":[80,80,80,80,80,80,80,80,80,80,80,80,80,80,80,80,80,80,80,80,80,80],"card_choices":[{"not_picked":["Shockwave","Clash"],"picked":"Cleave","floor":1},{"not_picked":["Iron Wave","hubris:CleavingFinish"],"picked":"Headbutt","floor":2},{"not_picked":["Flex","hubris:ReadiedAction"],"picked":"Dual Wield","floor":4},{"not_picked":["hubris:SharpeningStone","Burning Pact"],"picked":"Body Slam","floor":5},{"not_picked":["Sever Soul","Blood for Blood"],"picked":"Body Slam","floor":8},{"not_picked":["Heavy Blade","Clash"],"picked":"Ghostly Armor","floor":10},{"not_picked":["Thunderclap","Burning Pact"],"picked":"Demon Form","floor":11},{"not_picked":["Wild Strike","Reckless Charge"],"picked":"Cleave","floor":12},{"not_picked":["Brutality","Seeing Red"],"picked":"Twin Strike","floor":13},{"not_picked":["Sword Boomerang","Pommel Strike"],"picked":"Thunderclap","floor":14},{"not_picked":["Fiend Fire","Reaper"],"picked":"Demon Form","floor":16}],"player_experience":183704,"relics_obtained":[{"floor":13,"key":"War Paint"},{"floor":19,"key":"Enchiridion"}],"event_choices":[{"damage_healed":0,"gold_gain":175,"player_choice":"AGREE","damage_taken":0,"max_hp_gain":0,"max_hp_loss":0,"event_name":"Liars Game","floor":3,"gold_loss":0,"cards_obtained":["Doubt"]},{"damage_healed":0,"gold_gain":0,"player_choice":"Obtained Book","damage_taken":16,"max_hp_gain":0,"max_hp_loss":0,"event_name":"Cursed Tome","floor":19,"gold_loss":0}],"is_beta":false,"boss_relics":[{"not_picked":["Hololive_Finger","Fusion Hammer"],"picked":"Hololive_TopUpMoneyS"}],"items_purged_floors":[20],"is_endless":false,"potions_floor_spawned":[2,8,10,13,16],"killed_by":"Shell Parasite","ascension_level":0}}