{"host":"f5n4tidiz2n5sooh","time":1612309785,"event":{"mods":["BaseMod","Colored Map","Minty Spire (QoL Compilation)","Relic Stats","StSLib"],"gold_per_floor":[112,129,0,0,0,0,14,44,44,44,57,57,72,99,99,99,99],"floor_reached":16,"language":"ENG","playtime":805,"items_purged":["Strike_G"],"score":220,"play_id":"075cc98f-5ae4-48cc-96c6-2edd3a3d0066","local_time":"20210202174945","is_ascension_mode":true,"campfire_choices":[{"data":"All Out Attack","floor":6,"key":"SMITH"},{"data":"Noxious Fumes","floor":12,"key":"SMITH"},{"data":"Dash","floor":15,"key":"SMITH"}],"circlet_count":0,"master_deck":["AscendersBane","Strike_G","Strike_G","Strike_G","Defend_G","Defend_G","Defend_G","Defend_G","Defend_G","Survivor","Neutralize","Blade Dance","All Out Attack+1","Blur","Noxious Fumes+1","Dash+1","Blade Dance","Leg Sweep","Bouncing Flask"],"relics":["Ring of the Snake","Mercury Hourglass","Bag of Marbles","WingedGreaves"],"acts_visited":["Exordium"],"potions_floor_usage":[8,14,16],"damage_taken":[{"damage":0,"enemies":"Jaw Worm","floor":1,"turns":5},{"damage":7,"enemies":"Small Slimes","floor":2,"turns":4},{"damage":0,"enemies":"Cultist","floor":7,"turns":3},{"damage":17,"enemies":"Lagavulin","floor":8,"turns":6},{"damage":0,"enemies":"Large Slime","floor":11,"turns":4},{"damage":0,"enemies":"3 Louse","floor":13,"turns":2},{"damage":17,"enemies":"Gremlin Nob","floor":14,"turns":4},{"damage":24,"enemies":"Slime Boss","floor":16,"turns":8}],"seed_played":"-8280002959696363821","potions_obtained":[{"floor":2,"key":"SteroidPotion"},{"floor":8,"key":"Block Potion"}],"is_trial":false,"path_per_floor":["M","M","$","?","?","R","M","E","T","$","M","R","M","E","R","B"],"character_chosen":"THE_SILENT","items_purchased":["PowerPotion"],"campfire_rested":0,"item_purchase_floors":[3],"current_hp_per_floor":[65,58,58,58,58,58,58,41,41,41,41,41,41,24,24,0,0],"gold":99,"neow_bonus":"TEN_PERCENT_HP_BONUS","is_daily":false,"chose_seed":false,"campfire_upgraded":3,"win_rate":0.0,"timestamp":1612309785,"path_taken":["M","M","$","?","?","R","M","E","T","$","M","R","M","E","R","BOSS"],"items_purchased_type":["Potion"],"build_version":"2020-12-22","purchased_purges":1,"victory":false,"max_hp_per_floor":[72,72,72,72,72,72,72,72,72,72,72,72,72,72,72,72,72],"relic_stats":{"counters":[8,36],"obtain_stats":[{"WingedGreaves":14,"Bag of Marbles":8,"Ring of the Snake":0,"Mercury Hourglass":5},{"WingedGreaves":7,"Bag of Marbles":4,"Ring of the Snake":0,"Mercury Hourglass":2},{"WingedGreaves":28,"Bag of Marbles":18,"Ring of the Snake":0,"Mercury Hourglass":9}],"Ring of the Snake":[16],"Mercury Hourglass":[107]},"card_choices":[{"not_picked":["Terror","Reflex"],"picked":"Blade Dance","floor":1},{"not_picked":["Backflip","Heel Hook"],"picked":"All Out Attack","floor":2},{"not_picked":["Sucker Punch","Accuracy"],"picked":"Noxious Fumes","floor":7},{"not_picked":["Bane","Bullet Time"],"picked":"Dash","floor":8},{"not_picked":["Dagger Spray","Noxious Fumes"],"picked":"Blade Dance","floor":11},{"not_picked":["Blade Dance","Setup"],"picked":"Leg Sweep","floor":13},{"not_picked":["Escape Plan","Slice"],"picked":"Bouncing Flask","floor":14}],"player_experience":2040830,"relics_obtained":[{"floor":5,"key":"Mercury Hourglass"},{"floor":8,"key":"Bag of Marbles"},{"floor":14,"key":"WingedGreaves"}],"event_choices":[{"damage_healed":0,"gold_gain":0,"cards_transformed":["Strike_G"],"player_choice":"Change","damage_taken":0,"max_hp_gain":0,"max_hp_loss":0,"event_name":"Living Wall","floor":4,"gold_loss":0,"cards_obtained":["Blur"]},{"damage_healed":0,"gold_gain":0,"player_choice":"Relic","damage_taken":0,"max_hp_gain":0,"max_hp_loss":0,"event_name":"Wheel of Change","floor":5,"gold_loss":0}],"is_beta":false,"boss_relics":[],"items_purged_floors":[3],"is_endless":false,"potions_floor_spawned":[2,8,13],"killed_by":"Slime Boss","ascension_level":20}}