{"host":"k7udt7atmcuzf6l0","time":1612243373,"event":{"mods":["AchievementEnabler","BaseMod","BetterRewards","Colored Map","Colored Powertips","Highlight Path","Minty Spire (QoL Compilation)","Quick Restart","Rare Cards Sparkle","Relic Stats","StSLib","UnlockEverythingMod"],"gold_per_floor":[115,115,138,157,9,9,34,34,60,60,98,21,84,84,84,84,84],"floor_reached":16,"language":"ZHS","playtime":237,"items_purged":[],"score":98,"play_id":"6764a569-418d-4133-944e-228158b8961e","local_time":"20210202132253","is_ascension_mode":false,"campfire_choices":[{"data":"Rupture","floor":6,"key":"SMITH"},{"data":"Pummel","floor":8,"key":"SMITH"},{"data":"Bash","floor":10,"key":"SMITH"},{"data":"Sword Boomerang","floor":15,"key":"SMITH"}],"circlet_count":0,"master_deck":["Strike_R","Strike_R","Strike_R","Strike_R","Strike_R","Defend_R","Defend_R","Defend_R","Bash+1","Rupture+1","Headbutt","Pummel+1","Bloodletting","Sword Boomerang+1"],"relics":["Burning Blood","NeowsBlessing","Golden Idol","Membership Card","Vajra","PreservedInsect","Omamori","Mercury Hourglass"],"acts_visited":["Exordium"],"potions_floor_usage":[7,13,16],"damage_taken":[{"damage":0.0,"enemies":"Jaw Worm","floor":1.0,"turns":1.0},{"damage":0,"enemies":"2 Louse","floor":3,"turns":1},{"damage":0,"enemies":"Small Slimes","floor":4,"turns":1},{"damage":10,"enemies":"Looter","floor":7,"turns":2},{"damage":35,"enemies":"3 Sentries","floor":11,"turns":7},{"damage":15,"enemies":"Lagavulin Event","floor":13,"turns":3},{"damage":35,"enemies":"The Guardian","floor":16,"turns":3}],"seed_played":"-3005087606843650613","potions_obtained":[{"floor":4,"key":"Explosive Potion"},{"floor":11,"key":"PowerPotion"},{"floor":13,"key":"BlessingOfTheForge"}],"is_trial":false,"path_per_floor":["M","?","M","M","$","R","M","R","T","R","E","$","?","?","R","B"],"character_chosen":"IRONCLAD","items_purchased":["Membership Card","Omamori"],"campfire_rested":0,"item_purchase_floors":[5,12],"current_hp_per_floor":[80,60,66,72,72,72,68,68,68,68,39,39,30,30,30,0,0],"gold":84,"neow_bonus":"THREE_ENEMY_KILL","is_daily":false,"chose_seed":false,"campfire_upgraded":4,"win_rate":0.0,"timestamp":1612243373,"path_taken":["M","?","M","M","$","R","M","R","T","R","E","$","?","?","R","BOSS"],"items_purchased_type":["Relic","Relic"],"build_version":"2020-12-22","purchased_purges":0,"victory":false,"max_hp_per_floor":[80,80,80,80,80,80,80,80,80,80,80,80,80,80,80,80,80],"relic_stats":{"counters":[7,18],"Golden Idol":29,"PreservedInsect":28,"obtain_stats":[{"NeowsBlessing":0,"Golden Idol":2,"Vajra":9,"PreservedInsect":11,"Omamori":12,"Membership Card":5,"Burning Blood":0,"Mercury Hourglass":13},{"NeowsBlessing":0,"Golden Idol":1,"Vajra":4,"PreservedInsect":5,"Omamori":5,"Membership Card":3,"Burning Blood":0,"Mercury Hourglass":6},{"NeowsBlessing":0,"Golden Idol":1,"Vajra":5,"PreservedInsect":12,"Omamori":12,"Membership Card":3,"Burning Blood":0,"Mercury Hourglass":15}],"Burning Blood":30,"Mercury Hourglass":[9]},"card_choices":[{"not_picked":["Shrug It Off","Sword Boomerang"],"picked":"Rupture","floor":1},{"not_picked":["Clothesline","Perfected Strike","Sentinel"],"picked":"SKIP","floor":3},{"not_picked":["Intimidate","Anger"],"picked":"Headbutt","floor":4},{"not_picked":["Metallicize","Pommel Strike"],"picked":"Pummel","floor":7},{"not_picked":["Warcry","Anger"],"picked":"Bloodletting","floor":11},{"not_picked":["Headbutt","Fire Breathing"],"picked":"Sword Boomerang","floor":13}],"player_experience":36356,"relics_obtained":[{"floor":9,"key":"Vajra"},{"floor":11,"key":"PreservedInsect"},{"floor":13,"key":"Mercury Hourglass"}],"event_choices":[{"damage_healed":0,"gold_gain":0,"player_choice":"Take Damage","damage_taken":20,"relics_obtained":["Golden Idol"],"max_hp_gain":0,"max_hp_loss":0,"event_name":"Golden Idol","floor":2,"gold_loss":0},{"damage_healed":0,"gold_gain":30,"player_choice":"Searched \u00273\u0027 times","damage_taken":0,"max_hp_gain":0,"max_hp_loss":0,"event_name":"Dead Adventurer","floor":13,"gold_loss":0},{"cards_removed":["Defend_R"],"damage_healed":0,"gold_gain":0,"player_choice":"Offered Basic","damage_taken":0,"max_hp_gain":0,"max_hp_loss":0,"event_name":"Bonfire Elementals","floor":14,"gold_loss":0}],"is_beta":false,"boss_relics":[],"items_purged_floors":[],"is_endless":false,"potions_floor_spawned":[4,11,13],"killed_by":"The Guardian","ascension_level":0}}