{"host":"3uci9gpt6cwo3y1o","time":1612250434,"event":{"mods":["Aspiration","BaseMod","Energized Spire","Minty Spire (QoL Compilation)","MostiFishMod","Reliquary","RumiaBox-露米娅的神秘盒子","StSLib","TestMod"],"gold_per_floor":[117,131,142,142,165,196,210,210,233,258,297,347,370,401,401,500,500,523,523,438,438,488,524,524,538,561,605,185,223,243,243,243,338,338,360,378,378,398,412,444,444,843,866,878,920,920,256,298,298,298,298,298,298,7,39,39],"floor_reached":57,"language":"ZHS","playtime":2653,"items_purged":["Zap","Strike_B"],"score":3632,"play_id":"01b76e7b-df7b-4699-8d26-6646cfe1cdd1","local_time":"20210202152034","is_ascension_mode":true,"campfire_choices":[{"floor":32.0,"key":"RECALL"},{"floor":41,"key":"REST"},{"floor":46,"key":"REST"},{"floor":49,"key":"REST"},{"floor":53,"key":"REST"}],"circlet_count":0,"master_deck":["AscendersBane","Strike_B","Strike_B","Strike_B","Defend_B","Defend_B","Defend_B","Defend_B","Dualcast","MostiFishMod:SephirahHod+1","Reprogram","Hologram","Hello World","Reboot","MostiFishMod:LinkProtocol","MostiFishMod:Overload","Coolheaded","Go for the Eyes","Sunder","White Noise","MostiFishMod:BrokenBlackCloak","Undo+1","Hyperbeam","Ghostly","Ghostly","Ghostly","MostiFishMod:Distribution","Reinforced Body","Recycle+1","Fission","Tempest+1","Heatsinks+1","Buffer","MostiFishMod:MusicBox+1","Defragment+1","Defragment+1"],"relics":["Cracked Core","DaveBox","MostiFishMod:Hod","testmod-BouquetWithThorns","SynthV:TestCard","ZombieArmy","PreservedInsect","testmod-AssaultLearning","Golden Idol","reliquary:Stiletto","aspiration:ArtOfWarUpgrade","Black Star","aspiration:RitualStick","Juzu Bracelet","Enchiridion","HollowDreamFlower","Cables","testmod-OneHitWonder","Sundial","testmod-Acrobat","testmod-Charity","White Beast Statue","Bottled Tornado","energizedSpire:OldTV","reliquary:ExpiredCoupon","aspiration:Lifesprig","reliquary:RosewoodLute","Toy Ornithopter","Kunai","MagicDraw1","ImprovedEquipment","Frozen Egg 2","GodSword1","aspiration:FaultyCoupler"],"acts_visited":["Exordium","TheCity","TheBeyond","TheEnding"],"potions_floor_usage":[56,56],"damage_taken":[{"damage":0.0,"enemies":"2 Louse","floor":1.0,"turns":2.0},{"damage":0.0,"enemies":"Jaw Worm","floor":2.0,"turns":2.0},{"damage":2.0,"enemies":"Small Slimes","floor":3.0,"turns":2.0},{"damage":0.0,"enemies":"Gremlin Nob","floor":6.0,"turns":2.0},{"damage":0.0,"enemies":"Gremlin Gang","floor":7.0,"turns":4.0},{"damage":3.0,"enemies":"3 Sentries","floor":11.0,"turns":4.0},{"damage":13.0,"enemies":"Exordium Thugs","floor":13.0,"turns":3.0},{"damage":0.0,"enemies":"Gremlin Nob","floor":14.0,"turns":2.0},{"damage":0.0,"enemies":"Slime Boss","floor":16.0,"turns":5.0},{"damage":0.0,"enemies":"Chosen","floor":18.0,"turns":4.0},{"damage":0.0,"enemies":"Slavers","floor":23.0,"turns":3.0},{"damage":0.0,"enemies":"2 Thieves","floor":25.0,"turns":1.0},{"damage":2.0,"enemies":"Book of Stabbing","floor":27.0,"turns":3.0},{"damage":27.0,"enemies":"Slavers","floor":29.0,"turns":2.0},{"damage":0.0,"enemies":"Snecko","floor":30.0,"turns":2.0},{"damage":0.0,"enemies":"Champ","floor":33.0,"turns":6.0},{"damage":0.0,"enemies":"Orb Walker","floor":35.0,"turns":2.0},{"damage":3.0,"enemies":"3 Shapes","floor":36.0,"turns":2.0},{"damage":0.0,"enemies":"Transient","floor":38.0,"turns":6.0},{"damage":0,"enemies":"Jaw Worm Horde","floor":39,"turns":2},{"damage":35,"enemies":"Nemesis","floor":40,"turns":5},{"damage":0,"enemies":"Spire Growth","floor":44,"turns":4},{"damage":6,"enemies":"Giant Head","floor":45,"turns":5},{"damage":0,"enemies":"Reptomancer","floor":48,"turns":3},{"damage":0,"enemies":"Awakened One","floor":50,"turns":6},{"damage":0,"enemies":"Donu and Deca","floor":51,"turns":6},{"damage":13,"enemies":"Shield and Spear","floor":55,"turns":3},{"damage":73,"enemies":"The Heart","floor":56,"turns":5}],"seed_played":"2190579948199623879","potions_obtained":[{"floor":1.0,"key":"ColorlessPotion"},{"floor":11.0,"key":"AttackPotion"},{"floor":29.0,"key":"SteroidPotion"},{"floor":35.0,"key":"Fruit Juice"},{"floor":36.0,"key":"testmod-TestPotion"}],"is_trial":false,"path_per_floor":["M","M","M","?","T","E","M","?","T","T","E","?","M","E","R","B",null,"M","?","?","?","?","E","R","M","T","E","$","E","M","?","R","B",null,"M","M","?","M","M","E","R","?","T","M","E","R","$","E","R","B","B",null,"R","$","E","B",null],"character_chosen":"DEFECT","items_purchased":["testmod-Charity","MostiFishMod:BrokenBlackCloak","MagicDraw1","ImprovedEquipment","MostiFishMod:MusicBox+1","Defragment+1"],"campfire_rested":4,"item_purchase_floors":[28,28,47,47,54,54],"current_hp_per_floor":[64,64,62,51,51,51,51,51,51,51,48,48,35,35,35,35,57,57,41,41,20,20,20,20,24,24,26,26,11,23,23,23,48,58,66,76,72,97,109,94,129,130,131,142,154,160,160,174,174,191,212,212,212,212,212,204],"gold":39,"neow_bonus":"UPGRADE_CARD","is_daily":false,"chose_seed":false,"campfire_upgraded":0,"win_rate":0.0,"timestamp":1612250434,"path_taken":["M","M","M","?","?","E","M","?","T","?","E","?","?","E","R","BOSS","M","?","?","?","?","E","R","M","T","E","$","E","M","?","R","BOSS","M","M","?","M","M","E","R","?","T","M","E","R","$","E","R","BOSS","BOSS","R","$","E","BOSS"],"items_purchased_type":["Relic","Card","Relic","Relic","Card","Card"],"build_version":"2020-12-22","purchased_purges":2,"victory":true,"max_hp_per_floor":[71,71,71,71,71,71,71,64,64,64,64,64,64,64,64,64,64,64,64,64,64,64,64,64,64,64,64,64,72,80,40,40,61,61,66,79,79,100,109,129,129,130,131,142,160,160,160,174,174,191,212,212,212,212,225,253],"card_choices":[{"not_picked":["Reinforced Body","Force Field","Compile Driver"],"picked":"SKIP","floor":1.0},{"not_picked":["Redo","Sweeping Beam","Steam","Fusion","MostiFishMod:PushDownKick"],"picked":"SKIP","floor":2.0},{"not_picked":["Rebound","Compile Driver","Tempest","Redo"],"picked":"Reprogram","floor":3.0},{"not_picked":["Defragment","Gash","MostiFishMod:Hijack","Conserve Battery"],"picked":"Hologram","floor":6.0},{"not_picked":["Sweeping Beam","Cold Snap","Tempest","Barrage"],"picked":"Hello World","floor":7.0},{"not_picked":["Ball Lightning","Gash","Conserve Battery","Turbo"],"picked":"Reboot","floor":11.0},{"not_picked":["MostiFishMod:PushDownKick","Leap","Hologram","Melter","Streamline"],"picked":"SKIP","floor":13.0},{"not_picked":["Defragment","MostiFishMod:IceShield","Loop","MostiFishMod:ATRI"],"picked":"MostiFishMod:LinkProtocol","floor":14.0},{"not_picked":["MostiFishMod:DeathFromBelow","MostiFishMod:Hijack","MostiFishMod:InterfaceCompatibility","MostiFishMod:DawningShadow"],"picked":"MostiFishMod:Overload","floor":16.0},{"not_picked":["Blizzard+1","Steam","Leap","Loop"],"picked":"Coolheaded","floor":18.0},{"not_picked":["Chaos","MostiFishMod:LinkProtocol","Static Discharge","Steam"],"picked":"Go for the Eyes","floor":23.0},{"not_picked":["aspiration:Polymerization","Sweeping Beam","MostiFishMod:IceShield+1","Aggregate+1"],"picked":"Sunder","floor":25.0},{"not_picked":["Beam Cell","Turbo+1","Tempest","Cold Snap"],"picked":"White Noise","floor":27.0},{"not_picked":["Hologram+1","Consume","Barrage","Streamline"],"picked":"Undo+1","floor":29.0},{"not_picked":["Steam Power","Coolheaded","Compile Driver","MostiFishMod:ReprogramOld"],"picked":"Hyperbeam","floor":30.0},{"not_picked":["Biased Cognition","MostiFishMod:Prepare","Rainbow","MostiFishMod:StrandedSiren"],"picked":"MostiFishMod:Distribution","floor":33.0},{"not_picked":["Compile Driver","Conserve Battery","Undo","Beam Cell"],"picked":"Reinforced Body","floor":35.0},{"not_picked":["aspiration:Polymerization","Cold Snap","Rip and Tear","Self Repair"],"picked":"Recycle+1","floor":36.0},{"not_picked":["Beam Cell+1","MostiFishMod:FluxCapactior","Barrage","Melter+1"],"picked":"Fission","floor":38.0},{"not_picked":["Barrage","MostiFishMod:PushDownKick","MostiFishMod:IceShield","Steam"],"picked":"Tempest+1","floor":39},{"not_picked":["Steam Power","Steam","Reprogram","Consume+1"],"picked":"Heatsinks+1","floor":40},{"not_picked":["Hologram+1","Reinforced Body","MostiFishMod:IceShield+1","Redo","Gash+1"],"picked":"SKIP","floor":44},{"not_picked":["Capacitor","Compile Driver+1","Streamline+1","MostiFishMod:Culaccino"],"picked":"Buffer","floor":45},{"not_picked":["Steam","Sunder","Ball Lightning","Aggregate","Double Energy"],"picked":"SKIP","floor":48},{"not_picked":["Go for the Eyes","Streamline","aspiration:Polymerization","Auto Shields"],"picked":"Defragment+1","floor":55}],"player_experience":900562,"relics_obtained":[{"floor":1.0,"key":"SynthV:TestCard"},{"floor":5.0,"key":"PreservedInsect"},{"floor":6.0,"key":"testmod-AssaultLearning"},{"floor":10.0,"key":"reliquary:Stiletto"},{"floor":14.0,"key":"Art of War"},{"floor":21.0,"key":"Enchiridion"},{"floor":23.0,"key":"HollowDreamFlower"},{"floor":23.0,"key":"Cables"},{"floor":26.0,"key":"testmod-OneHitWonder"},{"floor":27.0,"key":"Sundial"},{"floor":27.0,"key":"testmod-Acrobat"},{"floor":29.0,"key":"White Beast Statue"},{"floor":29.0,"key":"Bottled Tornado"},{"floor":40,"key":"reliquary:ExpiredCoupon"},{"floor":40,"key":"aspiration:Lifesprig"},{"floor":43,"key":"reliquary:RosewoodLute"},{"floor":45,"key":"Toy Ornithopter"},{"floor":45,"key":"Kunai"},{"floor":48,"key":"Frozen Egg 2"},{"floor":55,"key":"GodSword1"},{"floor":55,"key":"aspiration:FaultyCoupler"}],"event_choices":[{"damage_healed":0.0,"max_hp_gain":0.0,"max_hp_loss":0.0,"gold_gain":0.0,"event_name":"Scrap Ooze","player_choice":"Success","floor":4.0,"gold_loss":0.0,"damage_taken":11.0,"relics_obtained":["ZombieArmy"]},{"damage_healed":0.0,"max_hp_gain":0.0,"max_hp_loss":7.0,"gold_gain":0.0,"event_name":"Golden Idol","player_choice":"Lose Max HP","floor":8.0,"gold_loss":0.0,"damage_taken":0.0,"relics_obtained":["Golden Idol"]},{"damage_healed":0.0,"max_hp_gain":0.0,"max_hp_loss":0.0,"gold_gain":50.0,"event_name":"Golden Shrine","player_choice":"Pray","floor":12.0,"gold_loss":0.0,"damage_taken":0.0},{"damage_healed":0.0,"max_hp_gain":0.0,"max_hp_loss":0.0,"gold_gain":0.0,"event_name":"Addict","player_choice":"Obtained Relic","floor":20.0,"gold_loss":85.0,"damage_taken":0.0,"relics_obtained":["Juzu Bracelet"]},{"damage_healed":0.0,"max_hp_gain":0.0,"max_hp_loss":0.0,"gold_gain":0.0,"event_name":"Cursed Tome","player_choice":"Obtained Book","floor":21.0,"gold_loss":0.0,"damage_taken":21.0},{"damage_healed":0.0,"max_hp_gain":0.0,"max_hp_loss":0.0,"gold_gain":50.0,"event_name":"Golden Shrine","player_choice":"Pray","floor":22.0,"gold_loss":0.0,"damage_taken":0.0},{"damage_healed":0.0,"max_hp_gain":0.0,"max_hp_loss":40.0,"gold_gain":0.0,"event_name":"Ghosts","player_choice":"Became a Ghost","floor":31.0,"gold_loss":0.0,"damage_taken":0.0,"cards_obtained":["Ghostly","Ghostly","Ghostly"]},{"damage_healed":0.0,"max_hp_gain":0.0,"max_hp_loss":0.0,"gold_gain":0.0,"event_name":"The Woman in Blue","player_choice":"Bought 0 Potions","floor":37.0,"gold_loss":0.0,"damage_taken":0.0},{"damage_healed":0,"gold_gain":400,"player_choice":"Sell","damage_taken":0,"max_hp_gain":0,"max_hp_loss":0,"event_name":"恩洛斯的盘子","floor":42,"relics_lost":["testmod-TestBox"],"gold_loss":0}],"is_beta":false,"boss_relics":[{"not_picked":["energizedSpire:MagnifyingGlass","OneHitWonderSystem"],"picked":"Black Star"},{"not_picked":["BloodWine","testmod-EnergyCheck"],"picked":"energizedSpire:OldTV"}],"items_purged_floors":[28,47],"is_endless":false,"potions_floor_spawned":[1,11,13,14,16,29,30,33,35,36,38,39,40,44,45,48,55],"ascension_level":20}}