{"host":"0mk07bycsqo1qk03","time":1612286803,"event":{"mods":["BaseMod","Downfall","Hermit","Hubris","Minty Spire (QoL Compilation)","Replay The Spire","StSLib","The Cursed"],"gold_per_floor":[119,119,119,119,194,194,207,234,246,276,313,325,357,385,397,508,520,549,579,639,651,681,693,705,705],"floor_reached":24,"language":"ENG","playtime":881,"items_purged":[],"score":309,"play_id":"df14c51d-a923-4879-a14e-fd68dc1208cf","local_time":"20210202182643","is_ascension_mode":true,"campfire_choices":[{"data":"Zap","floor":6,"key":"SMITH"},{"floor":12,"key":"REST"},{"data":"Pot Of Greed","floor":15,"key":"SMITH"},{"data":"bronze:HyperBeam","floor":23,"key":"SMITH"}],"circlet_count":0,"master_deck":["AscendersBane","Strike_B","Strike_B","Strike_B","Strike_B","Defend_B","Defend_B","Defend_B","Defend_B","Zap+1","Dualcast","BootSequence","White Noise","Cold Snap","Pot Of Greed+1","Pot Of Greed","Reboot","ReplayTheSpireMod:Calculation Training","ReplayTheSpireMod:Calculation Training","Redo","bronze:HyperBeam+1","Stack","bronze:WhirlingStrike","Undo+1"],"relics":["Cracked Core","hubris:Towel","hubris:Icosahedron","MawBank","Grinning Jar","hubris:DisguiseKit","Inserter","Omamori","SsserpentHead"],"acts_visited":["Exordium","TheCity"],"potions_floor_usage":[8,18,22,22],"damage_taken":[{"damage":1,"enemies":"Cultist","floor":1,"turns":3},{"damage":1,"enemies":"Jaw Worm","floor":7,"turns":3},{"damage":32,"enemies":"3 Sentries","floor":8,"turns":8},{"damage":0,"enemies":"Small Slimes","floor":10,"turns":3},{"damage":26,"enemies":"Lagavulin","floor":11,"turns":10},{"damage":8,"enemies":"Looter","floor":13,"turns":3},{"damage":2,"enemies":"3 Louse","floor":14,"turns":2},{"damage":8,"enemies":"The Guardian","floor":16,"turns":9},{"damage":28,"enemies":"3 Byrds","floor":18,"turns":4},{"damage":2,"enemies":"Chosen","floor":19,"turns":5},{"damage":13,"enemies":"Shelled Parasite and Fungi","floor":22,"turns":7},{"damage":40,"enemies":"Book of Stabbing","floor":24,"turns":4}],"seed_played":"7277309297155264113","potions_obtained":[{"floor":7,"key":"SkillPotion"},{"floor":10,"key":"Toxic Potion"},{"floor":13,"key":"FairyPotion"},{"floor":14,"key":"SteroidPotion"},{"floor":18,"key":"Adrenaline Potion"},{"floor":20,"key":"EssenceOfSteel"},{"floor":20,"key":"FearPotion"}],"is_trial":false,"path_per_floor":["M","$","?","?","?","R","M","E","T","M","E","R","M","M","R","B",null,"M","M","?","?","M","R","E"],"character_chosen":"DEFECT","items_purchased":[],"campfire_rested":1,"item_purchase_floors":[],"current_hp_per_floor":[74,74,74,74,63,63,62,30,30,30,4,28,74,72,72,64,78,50,82,50,50,37,37,0,0],"gold":705,"neow_bonus":"TEN_PERCENT_HP_BONUS","is_daily":false,"chose_seed":false,"campfire_upgraded":3,"win_rate":0.0,"timestamp":1612286803,"path_taken":["M","$","?","?","?","R","M","E","T","M","E","R","M","M","R","BOSS","M","M","?","?","M","R","E"],"items_purchased_type":[],"build_version":"2020-12-22","purchased_purges":0,"victory":false,"max_hp_per_floor":[82,82,82,82,82,82,82,82,82,82,82,82,82,82,82,82,82,82,82,82,82,82,82,82,82],"card_choices":[{"not_picked":["BasicCrystalCard","Rebound"],"picked":"BootSequence","floor":1},{"not_picked":["FTL","Hologram"],"picked":"White Noise","floor":7},{"not_picked":["Sweeping Beam","hubris:PowerSurge"],"picked":"Cold Snap","floor":8},{"not_picked":["Cold Snap","Storm"],"picked":"Reboot","floor":10},{"not_picked":["Crystallizer","Rebound"],"picked":"ReplayTheSpireMod:Calculation Training","floor":11},{"not_picked":["Go for the Eyes","Rebound","bronze:ForLoop"],"picked":"ReplayTheSpireMod:Calculation Training","floor":13},{"not_picked":["All For One","Steam","bronze:ClassDefault"],"picked":"Redo","floor":14},{"not_picked":["All For One","Buffer","hubris:DoWhile"],"picked":"bronze:HyperBeam","floor":16},{"not_picked":["Hello World","BasicCrystalCard","bronze:Deprecate"],"picked":"Stack","floor":18},{"not_picked":["Panic Button","Sweeping Beam","FTL"],"picked":"bronze:WhirlingStrike","floor":19},{"not_picked":["Ball Lightning","Hologram+1","bronze:Turbo"],"picked":"Undo+1","floor":22}],"player_experience":993240,"relics_obtained":[{"floor":8,"key":"MawBank"},{"floor":9,"key":"Grinning Jar"},{"floor":11,"key":"hubris:DisguiseKit"},{"floor":20,"key":"Omamori"}],"event_choices":[{"damage_healed":0,"gold_gain":75,"player_choice":"Gather Gold","damage_taken":11,"max_hp_gain":0,"max_hp_loss":0,"event_name":"World of Goop","floor":5,"gold_loss":0},{"damage_healed":0,"gold_gain":0,"player_choice":"Trade","damage_taken":0,"relics_obtained":["SsserpentHead"],"max_hp_gain":0,"max_hp_loss":0,"event_name":"FaceTrader","floor":21,"gold_loss":0}],"is_beta":false,"boss_relics":[{"not_picked":["Abe\u0027s Treasure","Velvet Choker"],"picked":"Inserter"}],"items_purged_floors":[],"is_endless":false,"potions_floor_spawned":[7,10,13,14,18],"killed_by":"Book of Stabbing","ascension_level":10}}