{"host":"w05x4i13f2m9joq1","time":1612228235,"event":{"mods":["Act Like it!","Bard","BaseMod","Better Altar","Better Match","Better Note","Better Sensory Stone","Better Skull","Better Third Choice","BetterRewards","CapriCore","Colored Map","Colored Powertips","Decade(???)","Defective Defect","Duelist Mod","Gensokyo","GifTheSpireLib","Googly Eyes","Infinite Spire","Ironclad Rager","Lobotomy","LobotomyExtend","Marisa????????","Melee Mod","Minty Spire (QoL Compilation)","Morshu Shopkeeper - ENHANCED","MostiFishMod","Quick Restart","Rare Cards Sparkle","Replay The Spire","Shop Mod","Spicy Shops","Spire Birthday Party","StSLib","Td1madao Mod","The Construct","The IronCluck","TheBandit","Uncapped","everything is the same but u backflip on backflip","slay the spire mod where everything is the same but ironclad has a cowboy hat"],"gold_per_floor":[113,132,152,43,54,54,54],"floor_reached":6,"language":"ENG","playtime":385,"items_purged":["theDuelist:PsiCurse","Languid"],"score":38,"play_id":"1df1ebee-751f-46f8-b186-d72fcee75d50","local_time":"20210201201035","is_ascension_mode":false,"campfire_choices":[],"circlet_count":0,"master_deck":["Strike_MRS","Strike_MRS","Strike_MRS","Strike_MRS","Defend_MRS","Defend_MRS","Defend_MRS","Defend_MRS","MasterSpark","UpSweep","EnergyRecoil","LuminesStrike","DoubleSpark","ReplayTheSpireMod:Private Reserves","BlazeAway"],"relics":["MiniHakkero","DaveBox","Transparent","Pondfish Scales","SynthV:TestCard","LetterFromLob","ReplayTheSpireMod:CursedCoin"],"acts_visited":["Exordium"],"potions_floor_usage":[],"damage_taken":[{"damage":30,"enemies":"Gensokyo:Python","floor":1,"turns":2},{"damage":45,"enemies":"Gensokyo:3_Fairies","floor":2,"turns":3},{"damage":32,"enemies":"Gensokyo:2_Kodama","floor":3,"turns":2},{"damage":30,"enemies":"Gensokyo:Kitsune","floor":5,"turns":2},{"damage":15,"enemies":"Gensokyo:Mamizou","floor":6,"turns":1}],"seed_played":"-3375886684603480992","potions_obtained":[{"floor":3,"key":"Weak Potion"}],"is_trial":false,"path_per_floor":["M","M","M","$","M","E"],"character_chosen":"MARISA","items_purchased":["ReplayTheSpireMod:CursedCoin","ReplayTheSpireMod:Private Reserves"],"campfire_rested":0,"item_purchase_floors":[4,4],"current_hp_per_floor":[75,75,75,75,75,60,60],"gold":54,"neow_bonus":"ONE_RARE_RELIC","is_daily":false,"chose_seed":false,"campfire_upgraded":0,"win_rate":0.0,"timestamp":1612228235,"path_taken":["M","M","M","$","M","E"],"items_purchased_type":["Relic","Card"],"build_version":"2020-12-22","purchased_purges":2,"victory":false,"max_hp_per_floor":[75,75,75,75,75,75,75],"card_choices":[{"not_picked":["WitchLeyline","SporeBomb"],"picked":"EnergyRecoil","floor":1},{"not_picked":["SporeBomb","MilkyWay","ChargingUp","WitchLeyline"],"picked":"LuminesStrike","floor":2},{"not_picked":["GrandCross","GravityBeat","CollectingQuirk","AsteroidBelt"],"picked":"DoubleSpark","floor":3},{"not_picked":["AsteroidBelt","SporeBomb","MillisecondPulsars","DoubleSpark"],"picked":"BlazeAway","floor":5}],"player_experience":172793,"relics_obtained":[{"floor":1,"key":"SynthV:TestCard"},{"floor":1,"key":"LetterFromLob"}],"event_choices":[],"is_beta":false,"boss_relics":[],"items_purged_floors":[4,4],"is_endless":false,"potions_floor_spawned":[3],"killed_by":"Gensokyo:Mamizou","ascension_level":0}}