{"host":"i4vlfbz13gs2xtdj","time":1612300679,"event":{"mods":["2.2 Compatiblity","AchievementEnabler","Act Like it!","Aspiration","BaseMod","Better Altar","Better Match","Better Note","Better Sensory Stone","Better Skull","Better Third Choice","BetterRewards","CatGirl Mod","Colored Map","Elementarium","Energized Spire","Fox Events","Friendly Minions","GifTheSpireLib","Halation","Hubris","Infinite Spire","Jedi Mod","Minty Spire (QoL Compilation)","Pale of the Ancients","Potionbrewer","Replay The Spire","Shop Mod","Somnambulant","Spikes Relics","StSLib","Stuff the Spire","The Jungle","The Marked","The Sage","Trackpad"],"gold_per_floor":[119,394,406,416,443,468,468,493,616,8,85,85,103,115,115,210,287,305,305,5,5,280,309,309,309,435,12,29,47,15,32,32,138,215,242,242,291,291,324,324,378,378,527,527,527,572,91,127,127,127,127,127,43,74,74],"floor_reached":56,"language":"ENG","playtime":6439,"items_purged":["Regret","theCatGirl:Strike","theCatGirl:RecoveryBlow","theCatGirl:Strike"],"score":1329,"play_id":"651ce011-3d3c-44d6-9dc5-766eaf2df1d3","local_time":"20210202161759","is_ascension_mode":false,"campfire_choices":[{"data":"theCatGirl:PoisedStrike","floor":7.0,"key":"SMITH"},{"floor":12.0,"key":"REST"},{"floor":15.0,"key":"REST"},{"floor":25.0,"key":"REST"},{"floor":32.0,"key":"REST"},{"floor":40.0,"key":"REST"},{"floor":44,"key":"RECALL"},{"floor":49,"key":"DIG"},{"data":"infinitespire:Punishment","floor":52,"key":"SMITH"}],"circlet_count":0,"master_deck":["theCatGirl:Strike+1","theCatGirl:Strike","theCatGirl:Defend","theCatGirl:Defend+1","theCatGirl:Defend","theCatGirl:Defend","theCatGirl:ClawStrike","theCatGirl:Evasion","theCatGirl:DecliningDefenses","theCatGirl:PoisedStrike+1","theCatGirl:LuckyBlow+1","theCatGirl:DefensiveStance+1","theCatGirl:Parry","theCatGirl:FumblingBlow","Venomology","CurseOfTheBell","theCatGirl:ThatWasntIt","BlessedFruit","BlessedFruit","theCatGirl:QuickStrike","Replay:Dark Deal+1","theCatGirl:ExtremeSpeed+1","theCatGirl:PerfectBlock","theCatGirl:ClenchYourTeeth+1","infinitespire:Punishment","theCatGirl:SearchBackpack+1","theCatGirl:TwoStep+1","infinitespire:Punishment+1","theCatGirl:Prepared+1","Magnetism","theCatGirl:BloodScent"],"relics":["theCatGirl:TrainedRelic","NeowsBlessing","foxEvents:LuckyCharm","aspiration:ChemicalBlood","hubris:ToyBattleship","Gremlin Food","MerchantsRug","Toolbox","Blood Vial","SpikesRelics:ToyHorsey","StuffTheSpire:Expresso","StuffTheSpire:CocoNut","sagemod:Creepy_Carousel","Letter Opener","aspiration:Lifesprig","Lizard Tail","trackpad:PetRock","infinitespire:EvilPickle","energizedSpire:DeadBattery","halation:PapillonHeart","hubris:FunFungus","trackpad:WindUpAutoDealer","Replay:Bottled Flurry","jedi:crownofsimplicity","trackpad:SappingStone","HandDrill","potionbrewer:ToyAutogyro"],"acts_visited":["Exordium","TheCity","TheBeyond","TheEnding"],"potions_floor_usage":[46,46,48,50,50,54],"damage_taken":[{"damage":0.0,"enemies":"Jaw Worm","floor":1.0,"turns":1.0},{"damage":0.0,"enemies":"Cultist","floor":3.0,"turns":1.0},{"damage":0.0,"enemies":"2 Louse","floor":4.0,"turns":1.0},{"damage":5.0,"enemies":"Colosseum Slavers","floor":5.0,"turns":3.0},{"damage":21.0,"enemies":"Replay:BlueRogue","floor":6.0,"turns":7.0},{"damage":17.0,"enemies":"3 Sentries","floor":8.0,"turns":8.0},{"damage":0.0,"enemies":"2 Fungi Beasts","floor":13.0,"turns":2.0},{"damage":0.0,"enemies":"Exordium Thugs","floor":14.0,"turns":3.0},{"damage":36.0,"enemies":"Slime Boss","floor":16.0,"turns":15.0},{"damage":5.0,"enemies":"3 Byrds","floor":18.0,"turns":5.0},{"damage":58.0,"enemies":"Book of Stabbing","floor":23.0,"turns":9.0},{"damage":0.0,"enemies":"Shell Parasite","floor":28.0,"turns":3.0},{"damage":2.0,"enemies":"Chosen and Byrds","floor":29.0,"turns":4.0},{"damage":0.0,"enemies":"3 Cultists","floor":31.0,"turns":2.0},{"damage":23.0,"enemies":"Pondfish","floor":33.0,"turns":10.0},{"damage":0.0,"enemies":"3 Darklings","floor":35.0,"turns":5.0},{"damage":31.0,"enemies":"2 Orb Walkers","floor":37.0,"turns":4.0},{"damage":0.0,"enemies":"Orb Walker","floor":39.0,"turns":2.0},{"damage":0.0,"enemies":"Giant Head","floor":41.0,"turns":3.0},{"damage":0,"enemies":"Jaw Worm Horde","floor":46,"turns":2},{"damage":6,"enemies":"Nemesis","floor":48,"turns":5},{"damage":13,"enemies":"Time Eater","floor":50,"turns":6},{"damage":9,"enemies":"Shield and Spear","floor":54,"turns":3},{"damage":1,"enemies":"The Heart","floor":55,"turns":1}],"seed_played":"5064348420128197229","potions_obtained":[{"floor":1.0,"key":"Swift Potion"},{"floor":3.0,"key":"Toxic Potion"},{"floor":8.0,"key":"Weak Potion"},{"floor":23.0,"key":"jedi:wingpotion"},{"floor":29.0,"key":"jedi:hoardpotion"},{"floor":33.0,"key":"ColorlessPotion"},{"floor":35.0,"key":"EssenceOfSteel"},{"floor":41.0,"key":"SteroidPotion"}],"is_trial":false,"path_per_floor":["M","?","M","M","?","E","R","E","T","$","T","R","M","M","R","B",null,"M","?","$","?","?","E","$","R","T","$","M","M","$","M","R_BF","B",null,"M","?","?","AVR","M","R","E","?","T","R","?","M","?","E","R_BF","B",null,"R","$","E","B",null],"character_chosen":"THE_CATGIRL","items_purchased":["hubris:ToyBattleship","Gremlin Food","MerchantsRug","Toolbox","Membership Card","StuffTheSpire:CocoNut","HeavenlyBonsai","Letter Opener","halation:LostSnail","halation:SwordOfLegend","Replay:Dark Deal","Lizard Tail","Dexterity Potion","trackpad:PetRock","jedi:crownofsimplicity","trackpad:SappingStone","HandDrill","jedi:holywater","Fire Potion","Magnetism","theCatGirl:BloodScent"],"campfire_rested":5,"item_purchase_floors":[10,10,10,10,20,20,20,24,27,27,27,27,27,30,53,53,53,53,53,53,53],"current_hp_per_floor":[70,70,70,70,65,48,48,31,31,31,31,53,53,53,74,38,74,69,69,76,81,81,25,5,29,29,29,32,34,34,36,70,51,88,90,85,58,58,60,89,90,90,90,90,81,84,84,87,90,89,95,95,95,88,89],"gold":74,"neow_bonus":"THREE_ENEMY_KILL","is_daily":false,"chose_seed":false,"campfire_upgraded":2,"win_rate":0.0,"timestamp":1612300679,"path_taken":["M","?","M","?","?","E","R","E","T","$","?","R","M","M","R","BOSS","M","?","?","?","?","E","?","R","T","$","M","M","$","M","R_BF","BOSS","M","?","?","AVR","?","R","E","?","T","R","?","?","?","E","R_BF","BOSS","R","$","E","BOSS"],"items_purchased_type":["Relic","Relic","Relic","Relic","Relic","Relic","Relic","Relic","Relic","Relic","Card","Relic","Potion","Relic","Relic","Relic","Relic","Potion","Potion","Card","Card"],"build_version":"2020-12-22","purchased_purges":4,"victory":true,"max_hp_per_floor":[70,70,70,70,70,74,74,74,74,74,74,74,74,74,74,74,74,74,74,81,81,81,83,83,83,83,83,84,86,86,86,86,88,88,90,85,89,89,89,89,90,90,90,90,90,91,91,93,93,95,95,95,95,97,97],"card_choices":[{"not_picked":["theCatGirl:ChangeOfPlans","theCatGirl:Claws"],"picked":"theCatGirl:DecliningDefenses","floor":1.0},{"not_picked":["theCatGirl:Stalk","theCatGirl:LuckyBlow"],"picked":"theCatGirl:PoisedStrike","floor":3.0},{"not_picked":["theCatGirl:Prepared","theCatGirl:SmellFear"],"picked":"theCatGirl:LuckyBlow","floor":4.0},{"not_picked":["theCatGirl:ShockedWitness","theCatGirl:SmellFear"],"picked":"theCatGirl:FinishingMove","floor":6.0},{"not_picked":["theCatGirl:KeepAlert","theCatGirl:AccidentalSlap"],"picked":"theCatGirl:DefensiveStance","floor":8.0},{"not_picked":["theCatGirl:RunningWithDaggers","theCatGirl:AdventurersInsight","ReplayTheSpireMod:The Works"],"picked":"theCatGirl:Parry","floor":13.0},{"not_picked":["theCatGirl:ElegantStrike","theCatGirl:ExtremeSpeed","Dagger Spray"],"picked":"theCatGirl:FumblingBlow","floor":14.0},{"not_picked":["theCatGirl:Insane","theCatGirl:HungerClaw","theCatGirl:SevenLives"],"picked":"Venomology","floor":16.0},{"not_picked":["theCatGirl:DefensiveStance","theCatGirl:LostTrinket","ShadowRift"],"picked":"theCatGirl:ThatWasntIt","floor":18.0},{"not_picked":["theCatGirl:PerfectBlock","theCatGirl:LuckyBlow","ReplayTheSpireMod:Necrosis"],"picked":"theCatGirl:QuickStrike","floor":23.0},{"not_picked":["theCatGirl:TrainWreck+1","theCatGirl:AllIn","StuffTheSpire:Shiver"],"picked":"theCatGirl:ExtremeSpeed","floor":28.0},{"not_picked":["theCatGirl:LearnByMistake","theCatGirl:ScratchFlurry","theCatGirl:DecliningDefenses","jedi:studypoison"],"picked":"SKIP","floor":29.0},{"not_picked":["theCatGirl:ShockedWitness+1","theCatGirl:ComboAttack","theCatGirl:ExtremeSpeed","All Out Attack"],"picked":"SKIP","floor":31.0},{"not_picked":["theCatGirl:PoiseStance","theCatGirl:HungerClaw","aspiration:Lunge"],"picked":"theCatGirl:PerfectBlock","floor":33.0},{"not_picked":["theCatGirl:Misfire","theCatGirl:PoisedStrike+1","Quick Slash"],"picked":"theCatGirl:RecoveryBlow","floor":35.0},{"not_picked":["theCatGirl:Misfire","theCatGirl:AccidentalHeadbutt","Cloak And Dagger"],"picked":"theCatGirl:ClenchYourTeeth+1","floor":37.0},{"not_picked":["theCatGirl:Parry+1","theCatGirl:GoddessOfMisfortune","Deflect"],"picked":"theCatGirl:SearchBackpack+1","floor":39.0},{"not_picked":["theCatGirl:SmellFear","theCatGirl:TwoStep+1","theCatGirl:BloodBath+1","Quick Slash"],"picked":"SKIP","floor":41.0},{"not_picked":["theCatGirl:ScratchFlurry","theCatGirl:Claws+1","Acrobatics"],"picked":"theCatGirl:TwoStep+1","floor":46},{"not_picked":["infinitespire:Execution","Replay:Fractal Strike"],"picked":"infinitespire:Punishment","floor":47},{"not_picked":["theCatGirl:Meow","theCatGirl:BloodScent","Flying Knee"],"picked":"theCatGirl:Prepared+1","floor":48},{"not_picked":["theCatGirl:Growl","theCatGirl:SpinningStrike","theCatGirl:EmergencyParry"],"picked":"SKIP","floor":54}],"player_experience":285409,"relics_obtained":[{"floor":5.0,"key":"foxEvents:LuckyCharm"},{"floor":6.0,"key":"StuffTheSpire:Rhapsscallions"},{"floor":8.0,"key":"StuffTheSpire:Barrel"},{"floor":9.0,"key":"aspiration:ChemicalBlood"},{"floor":11.0,"key":"hubris:DisguiseKit"},{"floor":17.0,"key":"trackpad:FieryHotPepper"},{"floor":17.0,"key":"Blood Vial"},{"floor":17.0,"key":"SpikesRelics:ToyHorsey"},{"floor":23.0,"key":"sagemod:Creepy_Carousel"},{"floor":26.0,"key":"aspiration:Lifesprig"},{"floor":37.0,"key":"hubris:FunFungus"},{"floor":41.0,"key":"trackpad:WindUpAutoDealer"},{"floor":48,"key":"Regal Pillow"},{"floor":49,"key":"Replay:Bottled Flurry"},{"floor":54,"key":"potionbrewer:ToyAutogyro"}],"event_choices":[{"damage_healed":0.0,"max_hp_gain":0.0,"max_hp_loss":0.0,"gold_gain":275.0,"event_name":"Golden Shrine","player_choice":"Desecrate","floor":2.0,"gold_loss":0.0,"damage_taken":0.0,"cards_obtained":["Regret"]},{"damage_healed":0.0,"max_hp_gain":0.0,"max_hp_loss":0.0,"gold_gain":0.0,"event_name":"WeMeetAgain","player_choice":"Gave Potion","floor":19.0,"gold_loss":0.0,"damage_taken":0.0,"relics_obtained":["StuffTheSpire:Expresso"]},{"cards_removed":["theCatGirl:FinishingMove"],"damage_healed":5.0,"max_hp_gain":0.0,"max_hp_loss":0.0,"gold_gain":0.0,"event_name":"Bonfire Elementals","player_choice":"Offered Uncommon","floor":21.0,"gold_loss":0.0,"damage_taken":0.0},{"damage_healed":0.0,"max_hp_gain":0.0,"max_hp_loss":0.0,"gold_gain":275.0,"event_name":"Golden Shrine","player_choice":"Desecrate","floor":22.0,"gold_loss":0.0,"damage_taken":0.0,"cards_obtained":["Regret"]},{"damage_healed":0.0,"max_hp_gain":0.0,"max_hp_loss":0.0,"gold_gain":0.0,"event_name":"Mysterious Sphere","player_choice":"Fight","floor":37.0,"gold_loss":0.0,"damage_taken":0.0},{"damage_healed":0,"gold_gain":0,"player_choice":"Damaged","damage_taken":9,"max_hp_gain":0,"max_hp_loss":0,"event_name":"Wheel of Change","floor":45,"gold_loss":0}],"is_beta":false,"boss_relics":[{"not_picked":["halation:HeavySnake","Coffee Dripper"],"picked":"Calling Bell"},{"not_picked":["halation:MonkeysPaw","Runic Pyramid"],"picked":"energizedSpire:DeadBattery"}],"items_purged_floors":[24,27,38,53],"is_endless":false,"potions_floor_spawned":[1,3,8,23,29,33,35,41,54],"ascension_level":0}}