{"host":"ibag","time":1612302857,"event":{"mods":["BaseMod","Colored Powertips","Minty Spire (QoL Compilation)","Quick Restart","StSLib","The Hierophant"],"gold_per_floor":[118,181,356,369,31,31,117,150,150,200,200,235,13,13,13,182,232,234,109,99,99,89,89],"floor_reached":22,"language":"EPO","playtime":979,"items_purged":["hierophant:Strike_Hierophant","Doubt","hierophant:Strike_Hierophant"],"score":192,"play_id":"7e252469-1f61-41aa-8656-f1cffe378589","local_time":"20210202225417","is_ascension_mode":false,"campfire_choices":[{"data":"hierophant:ChurchCoffers","floor":6.0,"key":"SMITH"},{"floor":11.0,"key":"REST"},{"floor":15,"key":"REST"}],"circlet_count":0,"master_deck":["hierophant:Strike_Hierophant","hierophant:Strike_Hierophant","hierophant:Punish","hierophant:Defend_Hierophant","hierophant:Defend_Hierophant","hierophant:Defend_Hierophant","hierophant:Defend_Hierophant","hierophant:ChurchCoffers+1","hierophant:FlamingChariot","hierophant:HammerAndAnvil","hierophant:Upheaval","HandOfGreed","hierophant:MirrorShield","hierophant:ThreeLashes","hierophant:Zeal","hierophant:AuricForm","hierophant:ArchangelShield","hierophant:Shelter+1","Parasite","hierophant:Determination","hierophant:Community","hierophant:FlamingChariot+1"],"relics":["hierophant:PropheticMaskRelic","Mummified Hand","hierophant:DonationBoxRelic","Matryoshka","Tiny House"],"acts_visited":["Exordium","TheCity"],"potions_floor_usage":[12,16],"damage_taken":[{"damage":3.0,"enemies":"Jaw Worm","floor":1.0,"turns":4.0},{"damage":9.0,"enemies":"Small Slimes","floor":4.0,"turns":4.0},{"damage":21.0,"enemies":"3 Sentries","floor":7.0,"turns":8.0},{"damage":0.0,"enemies":"2 Louse","floor":8.0,"turns":3.0},{"damage":10.0,"enemies":"Large Slime","floor":10.0,"turns":7.0},{"damage":53,"enemies":"Lagavulin","floor":12,"turns":7},{"damage":61,"enemies":"Slime Boss","floor":16,"turns":18},{"damage":5,"enemies":"Spheric Guardian","floor":18,"turns":3},{"damage":25,"enemies":"2 Thieves","floor":20,"turns":5},{"damage":59,"enemies":"Chosen and Byrds","floor":22,"turns":5}],"seed_played":"-2618845381340974074","potions_obtained":[{"floor":1.0,"key":"Regen Potion"},{"floor":7.0,"key":"AttackPotion"},{"floor":16,"key":"LiquidBronze"},{"floor":17,"key":"Regen Potion"}],"is_trial":false,"path_per_floor":["M","?","?","M","$","R","E","M","T","M","R","E","$","?","R","B",null,"M","$","M","?","M"],"character_chosen":"HIEROPHANT","items_purchased":["hierophant:Upheaval","HandOfGreed","hierophant:ArchangelShield","hierophant:Shelter"],"campfire_rested":2,"item_purchase_floors":[5,5,13,13],"current_hp_per_floor":[79,79,79,70,70,70,49,49,49,39,63,25,25,45,69,8,87,82,82,57,57,0,0],"gold":89,"neow_bonus":"TEN_PERCENT_HP_BONUS","is_daily":false,"chose_seed":false,"campfire_upgraded":1,"win_rate":0.0,"timestamp":1612302857,"path_taken":["M","?","?","M","?","R","E","M","T","M","R","E","$","?","R","BOSS","M","$","M","?","M"],"items_purchased_type":["Card","Card","Card","Card"],"build_version":"2020-12-18","purchased_purges":3,"victory":false,"max_hp_per_floor":[82,82,82,82,82,82,82,82,82,82,82,82,82,82,82,82,87,87,87,87,87,87,87],"card_choices":[{"not_picked":["hierophant:Mercenaries","hierophant:SealAway"],"picked":"hierophant:FlamingChariot","floor":1.0},{"not_picked":["hierophant:DisplayOfPower","hierophant:Encroach"],"picked":"hierophant:HammerAndAnvil","floor":4.0},{"not_picked":["hierophant:Racketeering","hierophant:Encroach"],"picked":"hierophant:MirrorShield","floor":7.0},{"not_picked":["hierophant:DisplayOfPower","hierophant:RustyCrate"],"picked":"hierophant:ThreeLashes","floor":8.0},{"not_picked":["hierophant:OrnateBuckler","hierophant:DisplayOfPower"],"picked":"hierophant:Zeal","floor":10.0},{"not_picked":["hierophant:Smite","hierophant:Patience"],"picked":"hierophant:AuricForm","floor":12},{"not_picked":["hierophant:Cornucopia","hierophant:AuricForm"],"picked":"hierophant:Determination","floor":16},{"not_picked":["hierophant:CursedGold","hierophant:Doubloon"],"picked":"hierophant:Community","floor":17},{"not_picked":["hierophant:Shelter","hierophant:Alms"],"picked":"hierophant:FlamingChariot+1","floor":18},{"not_picked":["hierophant:CursedGold","hierophant:OrnateBuckler","hierophant:FlamingChariot+1"],"picked":"SKIP","floor":20}],"player_experience":872048,"relics_obtained":[{"floor":7.0,"key":"Mummified Hand"},{"floor":9.0,"key":"hierophant:DonationBoxRelic"},{"floor":12,"key":"Matryoshka"}],"event_choices":[{"damage_healed":0.0,"max_hp_gain":0.0,"max_hp_loss":0.0,"gold_gain":63.0,"event_name":"Golden Wing","player_choice":"Gained Gold","floor":2.0,"gold_loss":0.0,"damage_taken":0.0},{"damage_healed":0.0,"max_hp_gain":0.0,"max_hp_loss":0.0,"gold_gain":175.0,"event_name":"Liars Game","player_choice":"AGREE","floor":3.0,"gold_loss":0.0,"damage_taken":0.0,"cards_obtained":["Doubt"]},{"damage_healed":20,"gold_gain":0,"player_choice":"Healed and dodged fight","damage_taken":0,"max_hp_gain":0,"max_hp_loss":0,"event_name":"Mushrooms","floor":14,"gold_loss":0,"cards_obtained":["Parasite"]},{"damage_healed":0,"gold_gain":0,"player_choice":"Ignored","damage_taken":0,"max_hp_gain":0,"max_hp_loss":0,"event_name":"Vampires","floor":21,"gold_loss":0}],"is_beta":true,"boss_relics":[{"not_picked":["Sozu","Philosopher\u0027s Stone"],"picked":"Tiny House"}],"items_purged_floors":[5,13,19],"is_endless":false,"potions_floor_spawned":[1,7,16],"killed_by":"Chosen and Byrds","ascension_level":0}}