{"host":"v4tuy5ykrbdcm9o9","time":1612297628,"event":{"mods":["BaseMod","Duelist Mod","Minty Spire (QoL Compilation)","Replay The Spire","StSLib"],"gold_per_floor":[110,110,16,16,29,64,81,81,105,132,28,58,58,68,68,166,166,185,196,24,34,34,34,34],"floor_reached":23,"language":"ENG","playtime":3662,"items_purged":[],"score":282,"play_id":"ab65b16f-fdc8-42c9-bc7c-5e027c6e174d","local_time":"20210202152708","is_ascension_mode":true,"campfire_choices":[{"floor":8,"key":"RECALL"},{"floor":13,"key":"REST"},{"floor":15,"key":"REST"}],"circlet_count":0,"master_deck":["Strike_B","Strike_B","Strike_B","Strike_B","Defend_B","Defend_B","Defend_B","Defend_B","Zap","Dualcast","Coolheaded","Rebound","Compile Driver","Streamline","Panic Button","Rebound","Chaos","Lockon","Stack","Thunder Strike","Sweeping Beam","ReplaySolidLightProjector+1","Apotheosis","Redo+1"],"relics":["Cracked Core","ReplayTheSpireMod:Ring of Addiction","Toy Ornithopter","SacredBark","Strawberry","Letter Opener","Boot","Geode","Honey Jar"],"acts_visited":["Exordium","TheCity"],"potions_floor_usage":[5,10,12,12,16,19],"damage_taken":[{"damage":1,"enemies":"Cultist","floor":1,"turns":4},{"damage":0,"enemies":"Jaw Worm","floor":5,"turns":3},{"damage":29,"enemies":"Lagavulin","floor":6,"turns":7},{"damage":4,"enemies":"2 Louse","floor":7,"turns":3},{"damage":14,"enemies":"Gremlin Nob","floor":10,"turns":3},{"damage":27,"enemies":"Lagavulin","floor":12,"turns":5},{"damage":21,"enemies":"Lots of Slimes","floor":14,"turns":3},{"damage":55,"enemies":"Hexaghost","floor":16,"turns":13},{"damage":2,"enemies":"Chosen","floor":18,"turns":4},{"damage":17,"enemies":"2 Thieves","floor":19,"turns":4},{"damage":26,"enemies":"Snecko","floor":21,"turns":5},{"damage":38,"enemies":"Gremlin Leader","floor":23,"turns":4}],"seed_played":"-1438171742103032151","potions_obtained":[{"floor":4,"key":"Adrenaline Potion"},{"floor":4,"key":"Explosive Potion"},{"floor":4,"key":"BlessingOfTheForge"},{"floor":5,"key":"SteroidPotion"},{"floor":6,"key":"Swift Potion"},{"floor":10,"key":"Flashbang"},{"floor":14,"key":"Block Potion"},{"floor":19,"key":"FocusPotion"},{"floor":21,"key":"BlessingOfTheForge"}],"is_trial":false,"path_per_floor":["M","?","$","?","M","E","M","R","T","E","?","E","R","M","R","B",null,"M","M","$","M","$","E"],"character_chosen":"DEFECT","items_purchased":["Rebound","Compile Driver","Apotheosis"],"campfire_rested":2,"item_purchase_floors":[3,3,20],"current_hp_per_floor":[74,79,79,79,84,62,58,58,58,49,49,32,59,38,65,15,71,69,57,57,31,31,0,0],"gold":34,"neow_bonus":"TEN_PERCENT_HP_BONUS","is_daily":false,"chose_seed":false,"campfire_upgraded":0,"win_rate":0.0,"timestamp":1612297628,"path_taken":["M","?","$","?","M","E","M","R","T","E","?","E","R","M","R","BOSS","M","M","$","?","$","E"],"items_purchased_type":["Card","Card","Card"],"build_version":"2020-12-22","purchased_purges":0,"victory":false,"max_hp_per_floor":[82,87,87,87,87,94,94,94,92,92,92,92,92,92,92,90,90,90,90,90,90,90,88,88],"card_choices":[{"not_picked":["ReplayGash","Hologram"],"picked":"Coolheaded","floor":1},{"not_picked":["Compile Driver","Coolheaded"],"picked":"Streamline","floor":5},{"not_picked":["ReplayTheSpireMod:Reroute Power","Leap"],"picked":"Panic Button","floor":6},{"not_picked":["Steam Power","BasicCrystalCard"],"picked":"Rebound","floor":7},{"not_picked":["Defragment","Heatsinks"],"picked":"Chaos","floor":10},{"not_picked":["Sweeping Beam","Redo"],"picked":"Lockon","floor":12},{"not_picked":["ReplaySort","Recycle"],"picked":"Stack","floor":14},{"not_picked":["Machine Learning","Reboot"],"picked":"Thunder Strike","floor":16},{"not_picked":["Defragment","BasicCrystalCard","Coolheaded"],"picked":"Sweeping Beam","floor":18},{"not_picked":["Streamline","Aggregate","Panic Button"],"picked":"ReplaySolidLightProjector+1","floor":19},{"not_picked":["Stack","ReplayTheSpireMod:Reroute Power","Barrage"],"picked":"Redo+1","floor":21}],"player_experience":736209,"relics_obtained":[{"floor":4,"key":"ReplayTheSpireMod:Ring of Addiction"},{"floor":4,"key":"Toy Ornithopter"},{"floor":4,"key":"SacredBark"},{"floor":6,"key":"Strawberry"},{"floor":10,"key":"Letter Opener"},{"floor":12,"key":"Geode"}],"event_choices":[{"damage_healed":0,"gold_gain":0,"player_choice":"Donut","damage_taken":0,"max_hp_gain":5,"max_hp_loss":0,"event_name":"Big Fish","floor":2,"gold_loss":0},{"damage_healed":0,"gold_gain":0,"player_choice":"Paid Gold","damage_taken":0,"relics_obtained":["Boot"],"max_hp_gain":0,"max_hp_loss":0,"event_name":"WeMeetAgain","floor":11,"gold_loss":104}],"is_beta":false,"boss_relics":[{"not_picked":["Tiny House","Runic Dome"],"picked":"Honey Jar"}],"items_purged_floors":[],"is_endless":false,"potions_floor_spawned":[5,6,10,14,19,21],"killed_by":"Gremlin Leader","ascension_level":7}}