{"host":"0dsi8ju7ih3zb7n8","time":1612249623,"event":{"mods":["2.2 Compatiblity","Act Like it!","BaseMod","Downfall","Hermit","Minty Spire (QoL Compilation)","Robot Space Explorer","Spicy Shops","StSLib","The Marked"],"gold_per_floor":[99,99,99,99,116,116,162,162,69,100,200,235,300,315,334,438,438,438,453,521,586,636,665,713,613,673,673,673,20,37,62,79,175,175,175,188,238,311,361,361,436,167,67,117,149,149,161,243,265,277],"floor_reached":51,"language":"ENG","playtime":3276,"items_purged":[],"score":1021,"play_id":"f25be7ae-a858-462e-b3dc-8b8d502c5e49","local_time":"20210202080703","daily_mods":["SealedDeck","Heirloom","Flight","downfall:Jewelcrafting"],"is_ascension_mode":false,"campfire_choices":[{"data":"Guardian:DecasProtection","floor":1.0,"key":"SMITH"},{"data":"Guardian:FloatingOrbs","floor":6.0,"key":"SMITH"},{"data":"1","floor":18.0,"key":"LIFT"},{"data":"2","floor":27.0,"key":"LIFT"},{"data":"Guardian:BaubleBeam","floor":28.0,"key":"SMITH"},{"data":"3","floor":35,"key":"LIFT"},{"data":"Guardian:ExploitGems","floor":43,"key":"SMITH"},{"floor":46,"key":"DIG"},{"floor":47,"key":"DIG"}],"circlet_count":0,"master_deck":["Guardian:ExploitGems+1","Guardian:ExploitGems+1","Guardian:ShieldCharger","Guardian:SentryBeam","Guardian:PolyBeam+1","Guardian:FloatingOrbs+1","Guardian:TemporalShield+1","Guardian:DecasProtection+1","Guardian:BronzeArmor","Guardian:FuturePlans+1","Guardian:ShieldCharger","Guardian:RefractedBeam","Guardian:Orbwalk","Guardian:ChargeUp","Guardian:Clone","Guardian:BronzeArmor+1","Guardian:BaubleBeam+1","Guardian:Incinerate","Guardian:TimeSifter","Guardian:Orbwalk+1","Guardian:ArmoredProtocol","Guardian:FierceBash","Guardian:DonusPower+1","Guardian:DonusPower","Guardian:TimeCapacitor","Guardian:FloatingOrbs","Guardian:StasisEngine","Guardian:EvasiveProtocol+1","expansioncontent:LastStand","expansioncontent:LastStand","Pain","Guardian:Gem_Cyan","Guardian:ChargeUp+1","Guardian:FloatingOrbs","Guardian:Gem_White"],"relics":["Guardian:ModeShifterPlus","Guardian:PickAxe","Bird Faced Urn","Pen Nib","downfall:ShatteredFragment","Art of War","CaptainsWheel","downfall:CloakOfManyFaces","CultistMask","FaceOfCleric","NlothsMask","GremlinMask","SsserpentHead","Girya","sneckomod:SneckoTalon","Centennial Puzzle","downfall:HeartBlessingGreen","Kunai","Lee\u0027s Waffle","Guardian:PocketSentry","champ:Barbells","Guardian:StasisCodex","bronze:DecasWashers","Shovel","War Paint","downfall:HeartBlessingBlue","Gremlin Horn","MawBank","Anchor"],"acts_visited":["Exordium","TheCity","TheBeyond"],"potions_floor_usage":[],"damage_taken":[{"damage":0.0,"enemies":"Small Slimes","floor":5.0,"turns":2.0},{"damage":0.0,"enemies":"downfall:FleeingMerchant","floor":9.0,"turns":4.0},{"damage":9.0,"enemies":"3 Sentries","floor":10.0,"turns":6.0},{"damage":15.0,"enemies":"downfall:FaceTrader","floor":11.0,"turns":6.0},{"damage":4.0,"enemies":"Gremlin Nob","floor":12.0,"turns":4.0},{"damage":3.0,"enemies":"Jaw Worm","floor":13.0,"turns":3.0},{"damage":0.0,"enemies":"2 Louse","floor":14.0,"turns":3.0},{"damage":3.0,"enemies":"Lots of Slimes","floor":15.0,"turns":3.0},{"damage":1.0,"enemies":"DF_ARCHETYPE_STREAMLINE","floor":16.0,"turns":6.0},{"damage":1.0,"enemies":"Spheric Guardian","floor":19.0,"turns":4.0},{"damage":9.0,"enemies":"Centurion and Healer","floor":20.0,"turns":4.0},{"damage":0.0,"enemies":"Snecko","floor":21.0,"turns":4.0},{"damage":15.0,"enemies":"Slavers","floor":23.0,"turns":5.0},{"damage":12.0,"enemies":"3 Cultists","floor":26.0,"turns":4.0},{"damage":0.0,"enemies":"downfall:FleeingMerchant","floor":29.0,"turns":4.0},{"damage":14.0,"enemies":"Centurion and Healer","floor":30.0,"turns":4.0},{"damage":3.0,"enemies":"Gremlin Leader","floor":31.0,"turns":5.0},{"damage":9.0,"enemies":"Cultist and Chosen","floor":32.0,"turns":4.0},{"damage":0.0,"enemies":"WA_ARCHETYPE_CALM","floor":33.0,"turns":7.0},{"damage":0,"enemies":"Orb Walker","floor":36,"turns":3},{"damage":8,"enemies":"downfall:FleeingMerchant","floor":42,"turns":4},{"damage":9,"enemies":"Giant Head","floor":45,"turns":6},{"damage":1,"enemies":"3 Shapes","floor":48,"turns":4},{"damage":9,"enemies":"Maw","floor":49,"turns":5},{"damage":34,"enemies":"SI_POISON_ARCHETYPE","floor":50,"turns":6}],"seed_played":"3264570738682647552","potions_obtained":[{"floor":5.0,"key":"Guardian:DefensiveModePotion"},{"floor":10.0,"key":"Weak Potion"},{"floor":11.0,"key":"Ancient Potion"},{"floor":13.0,"key":"champ:CounterPotion"},{"floor":15.0,"key":"SkillPotion"},{"floor":16.0,"key":"Block Potion"},{"floor":30.0,"key":"LiquidBronze"}],"is_trial":true,"path_per_floor":["R","?","?","?","M","R","T","R","$","E","?","E","M","M","M","B",null,"R","M","M","M","?","E","T","R","M","R","R","$","M","E","M","B",null,"R","M","?","T","?","R","T","$","R","$","E","R","R","M","M","B",null],"character_chosen":"GUARDIAN","items_purchased":["Guardian:Orbwalk","Kunai","Lee\u0027s Waffle","Guardian:PocketSentry","champ:Barbells","Guardian:Gem_Synthetic","Shovel","War Paint"],"campfire_rested":0,"item_purchase_floors":[9,29,29,29,29,42,42,42],"current_hp_per_floor":[80,62,38,38,44,44,44,44,50,47,40,45,51,54,56,64,85,85,86,86,88,88,82,82,82,81,81,81,98,91,100,101,102,102,102,103,93,93,108,108,108,115,125,125,128,128,128,131,132,103],"gold":289,"neow_bonus":"","is_daily":false,"chose_seed":false,"campfire_upgraded":4,"win_rate":0.0,"timestamp":1612249623,"path_taken":["R","?","?","?","?","R","T","R","$","E","?","E","?","M","M","BOSS","R","M","?","?","?","E","T","R","?","R","R","$","M","E","M","BOSS","R","M","?","?","?","R","T","$","R","?","E","R","R","?","M","BOSS"],"items_purchased_type":["Card","Relic","Relic","Relic","Relic","Card","Relic","Relic"],"build_version":"2020-12-22","purchased_purges":0,"victory":true,"max_hp_per_floor":[80,80,80,80,80,80,80,80,80,80,80,81,82,83,84,85,85,85,86,87,88,88,89,89,89,90,90,90,98,99,100,101,102,102,102,103,103,103,118,118,118,119,129,129,130,130,130,131,132,133],"card_choices":[{"not_picked":["Guardian:TemporalShield","Guardian:Recover"],"picked":"Guardian:ShieldCharger","floor":5.0},{"not_picked":["Guardian:RollAttack","Guardian:TemporalShield"],"picked":"Guardian:RefractedBeam","floor":9.0},{"not_picked":["Guardian:BronzeOrb","Guardian:VentSteam"],"picked":"Guardian:ChargeUp","floor":10.0},{"not_picked":["Guardian:Reroute","Guardian:Preprogram"],"picked":"Guardian:Clone","floor":11.0},{"not_picked":["Guardian:ShieldSpikes","Guardian:PiercingHide"],"picked":"Guardian:BronzeArmor","floor":12.0},{"not_picked":["Guardian:PrismaticBeam","Guardian:TimeBomb"],"picked":"Guardian:BaubleBeam","floor":13.0},{"not_picked":["Guardian:Reroute","Guardian:WalkerClaw"],"picked":"Guardian:Incinerate","floor":14.0},{"not_picked":["Guardian:PiercingHide","Guardian:ShieldCharger","Guardian:Reroute"],"picked":"SKIP","floor":15.0},{"not_picked":["Guardian:Gem_Orange","Guardian:FastForward"],"picked":"Guardian:TimeSifter","floor":16.0},{"not_picked":["Guardian:SentryBeam","Guardian:Gem_Green"],"picked":"Guardian:Gem_Cyan","floor":19.0},{"not_picked":["Guardian:TemporalStrike+1","Guardian:Suspension"],"picked":"Guardian:Orbwalk+1","floor":20.0},{"not_picked":["Guardian:RefractedBeam","Guardian:Preprogram"],"picked":"Guardian:ArmoredProtocol","floor":21.0},{"not_picked":["Guardian:PrismaticBeam+1","Guardian:Harden"],"picked":"Guardian:FierceBash","floor":23.0},{"not_picked":["Guardian:ShieldCharger","Guardian:Suspension"],"picked":"Guardian:Gem_Purple","floor":26.0},{"not_picked":["Guardian:Suspension","Guardian:Gem_Lightblue"],"picked":"Guardian:DonusPower+1","floor":29.0},{"not_picked":["Guardian:WalkerClaw","Guardian:TemporalShield+1"],"picked":"Guardian:DonusPower","floor":30.0},{"not_picked":["Guardian:Gem_Lightblue","Guardian:TimeBomb+1"],"picked":"Guardian:TimeCapacitor","floor":31.0},{"not_picked":["Guardian:PrimingBeam","Guardian:Gem_Blue"],"picked":"Guardian:FloatingOrbs","floor":32.0},{"not_picked":["Guardian:Gem_Orange","Guardian:FierceBash"],"picked":"Guardian:StasisEngine","floor":33.0},{"not_picked":["Guardian:Gem_Yellow","Guardian:Suspension+1"],"picked":"Guardian:EvasiveProtocol+1","floor":36},{"not_picked":["expansioncontent:InvincibleStrength","expansioncontent:PrepareCrush"],"picked":"expansioncontent:LastStand","floor":37},{"not_picked":["expansioncontent:Hexaburn","expansioncontent:PrepareCrush"],"picked":"expansioncontent:LastStand","floor":37},{"not_picked":["Guardian:VentSteam","Guardian:Gem_Crimson"],"picked":"Guardian:ChargeUp","floor":42},{"not_picked":["Guardian:PiercingHide+1","Guardian:DecasProtection"],"picked":"Guardian:FloatingOrbs","floor":45},{"not_picked":["Guardian:Gem_Lightblue","Guardian:SentryBeam"],"picked":"Guardian:Gem_White","floor":48},{"not_picked":["Guardian:WalkerClaw+1","Guardian:Gem_Purple","Guardian:Gem_Red"],"picked":"SKIP","floor":49}],"player_experience":842971,"relics_obtained":[{"floor":7.0,"key":"Art of War"},{"floor":10.0,"key":"CaptainsWheel"},{"floor":11.0,"key":"downfall:CloakOfManyFaces"},{"floor":12.0,"key":"Girya"},{"floor":23.0,"key":"Centennial Puzzle"},{"floor":31.0,"key":"Guardian:StasisCodex"},{"floor":41,"key":"bronze:DecasWashers"},{"floor":45,"key":"Gremlin Horn"},{"floor":46,"key":"MawBank"},{"floor":47,"key":"Anchor"}],"event_choices":[{"damage_healed":0.0,"max_hp_gain":0.0,"max_hp_loss":0.0,"gold_gain":0.0,"event_name":"Scrap Ooze","player_choice":"Success","floor":2.0,"gold_loss":0.0,"damage_taken":18.0,"relics_obtained":["Pen Nib"]}],"is_beta":false,"boss_relics":[{"not_picked":["Fusion Hammer","Busted Crown"],"picked":"sneckomod:SneckoTalon"},{"not_picked":["Runic Pyramid","Tiny House"],"picked":"Guardian:ModeShifterPlus"}],"items_purged_floors":[],"is_endless":false,"potions_floor_spawned":[5,10,11,13,15,16,19,21,30,31,32,45,49],"ascension_level":0}}