{"host":"uv5ws9rdk87e8i5k","time":1612235381,"event":{"mods":["AchievementEnabler","BaseMod","Colored Map","Minty Spire (QoL Compilation)","Permanent Neow","Quick Restart","StSLib","SuperFastMode","The Necromancer"],"gold_per_floor":[112,39,53,65,82,82,112,130,130,159,174,174,202,202,202,202,202],"floor_reached":16,"language":"ENG","playtime":407,"items_purged":[],"score":183,"play_id":"2cc55bc7-a19f-41bc-8a74-65ca82e11bc8","local_time":"20210201210941","is_ascension_mode":true,"campfire_choices":[{"data":"Noxious Fumes","floor":6.0,"key":"SMITH"},{"floor":15,"key":"REST"}],"circlet_count":0,"master_deck":["AscendersBane","Strike_G","Strike_G","Strike_G","Strike_G","Strike_G","Defend_G","Defend_G","Defend_G","Defend_G","Defend_G","Survivor","Neutralize","Prepared","Noxious Fumes+1","Escape Plan","Endless Agony","Noxious Fumes","Cloak And Dagger","Backflip","Deflect","Catalyst"],"relics":["Ring of the Snake","PreservedInsect","Boot","Letter Opener","Matryoshka","Lantern","Golden Idol"],"acts_visited":["Exordium"],"potions_floor_usage":[10,13,13],"damage_taken":[{"damage":16.0,"enemies":"Jaw Worm","floor":1.0,"turns":5.0},{"damage":2.0,"enemies":"Small Slimes","floor":3.0,"turns":5.0},{"damage":3.0,"enemies":"2 Louse","floor":4.0,"turns":3.0},{"damage":9.0,"enemies":"Exordium Wildlife","floor":5.0,"turns":7.0},{"damage":4.0,"enemies":"Lagavulin","floor":7.0,"turns":5.0},{"damage":8.0,"enemies":"Blue Slaver","floor":8.0,"turns":4.0},{"damage":9,"enemies":"Gremlin Nob","floor":10,"turns":3},{"damage":0,"enemies":"Large Slime","floor":11,"turns":5},{"damage":11,"enemies":"3 Sentries","floor":13,"turns":4},{"damage":31,"enemies":"The Guardian","floor":16,"turns":2}],"seed_played":"-2264176372566068277","potions_obtained":[{"floor":3.0,"key":"Poison Potion"},{"floor":4.0,"key":"Poison Potion"},{"floor":5.0,"key":"Explosive Potion"},{"floor":7.0,"key":"CunningPotion"},{"floor":11,"key":"Poison Potion"}],"is_trial":false,"path_per_floor":["M","$","M","M","M","R","E","M","T","E","M","?","E","?","R","B"],"character_chosen":"THE_SILENT","items_purchased":["Noxious Fumes"],"campfire_rested":1,"item_purchase_floors":[2],"current_hp_per_floor":[47,47,45,42,33,33,29,21,21,12,12,12,1,1,20,0,0],"gold":202,"neow_bonus":"RANDOM_COMMON_RELIC","is_daily":false,"chose_seed":false,"campfire_upgraded":1,"win_rate":0.0,"timestamp":1612235381,"path_taken":["M","$","M","M","M","R","E","M","T","E","M","?","E","?","R","BOSS"],"items_purchased_type":["Card"],"build_version":"2020-12-22","purchased_purges":0,"victory":false,"max_hp_per_floor":[70,70,70,70,70,70,70,70,70,70,70,70,70,65,65,65,65],"card_choices":[{"not_picked":["Slice","Eviscerate"],"picked":"Prepared","floor":1.0},{"not_picked":["Outmaneuver","Accuracy"],"picked":"Escape Plan","floor":3.0},{"not_picked":["Flechettes","Blur"],"picked":"Endless Agony","floor":4.0},{"not_picked":["Finisher","Tactician","Flying Knee"],"picked":"SKIP","floor":5.0},{"not_picked":["Distraction","After Image"],"picked":"Noxious Fumes","floor":7.0},{"not_picked":["Deflect","Quick Slash"],"picked":"Cloak And Dagger","floor":8.0},{"not_picked":["Bouncing Flask","Dagger Spray"],"picked":"Backflip","floor":10},{"not_picked":["Choke","Eviscerate"],"picked":"Deflect","floor":11},{"not_picked":["Noxious Fumes","PiercingWail"],"picked":"Catalyst","floor":13}],"player_experience":335731,"relics_obtained":[{"floor":7.0,"key":"Boot"},{"floor":9.0,"key":"Letter Opener"},{"floor":10,"key":"Matryoshka"},{"floor":13,"key":"Lantern"}],"event_choices":[{"damage_healed":0,"gold_gain":0,"player_choice":"Searched \u00270\u0027 times","damage_taken":0,"max_hp_gain":0,"max_hp_loss":0,"event_name":"Dead Adventurer","floor":12,"gold_loss":0},{"damage_healed":0,"gold_gain":0,"player_choice":"Lose Max HP","damage_taken":0,"relics_obtained":["Golden Idol"],"max_hp_gain":0,"max_hp_loss":5,"event_name":"Golden Idol","floor":14,"gold_loss":0}],"is_beta":false,"boss_relics":[],"items_purged_floors":[],"is_endless":false,"potions_floor_spawned":[3,4,5,7,11],"killed_by":"The Guardian","ascension_level":10}}