{"host":"6bsan6hkua32tfq7","time":1612236862,"event":{"mods":["BaseMod","Better Third Choice","Colored Map","Highlight Path","Minty Spire (QoL Compilation)","StSLib"],"gold_per_floor":[119,136,153,153,66,66,101,101,101,101,125,125,125,145,145,241,241,260,18,18,38,38,38,78,78,147,188,208,208,223,247,247,345,345,360,693,693,706,138,163,163,28,28,55,55,68,68,82,82,82,82,82,82,32,32,32],"floor_reached":55,"language":"ENG","playtime":5112,"items_purged":["Strike_P","Defend_P","Strike_P+1","Pain"],"score":1905,"play_id":"71b872a5-8612-4577-8c2c-9ba77b662864","local_time":"20210202043422","is_ascension_mode":true,"campfire_choices":[{"data":"Eruption","floor":6,"key":"SMITH"},{"data":"WindmillStrike","floor":8,"key":"SMITH"},{"floor":10,"key":"REST"},{"data":"Defend_P","floor":15,"key":"SMITH"},{"data":"Study","floor":23,"key":"SMITH"},{"floor":25,"key":"REST"},{"data":"TalkToTheHand","floor":32,"key":"SMITH"},{"floor":41,"key":"RECALL"},{"floor":45,"key":"REST"},{"floor":49,"key":"REST"},{"floor":53,"key":"REST"}],"circlet_count":0,"master_deck":["AscendersBane","Strike_P+1","Defend_P+1","Defend_P+1","Eruption+1","Vigilance+1","BowlingBash+1","WindmillStrike+1","EmptyFist+1","LessonLearned+1","ThirdEye+1","Perseverance+1","Perseverance+1","Judgement+1","Protect+1","TalkToTheHand+1","LikeWater+1","Study+1","TalkToTheHand+1","TalkToTheHand+1","PathToVictory+1","Meditate+1","Vault+1","WaveOfTheHand+1","Mayhem+1","PathToVictory+1","LikeWater"],"relics":["PureWater","Turnip","Toxic Egg 2","Meat on the Bone","Omamori","Cursed Key","InkBottle","Kunai","Blue Candle","Necronomicon","Fusion Hammer","Membership Card","Strawberry","Mummified Hand","Nunchaku","Smiling Mask"],"acts_visited":["Exordium","TheCity","TheBeyond","TheEnding"],"potions_floor_usage":[14,16,18,22,24,27,31],"damage_taken":[{"damage":4,"enemies":"Jaw Worm","floor":1,"turns":4},{"damage":3,"enemies":"Small Slimes","floor":2,"turns":3},{"damage":4,"enemies":"Cultist","floor":3,"turns":4},{"damage":32,"enemies":"Gremlin Nob","floor":7,"turns":4},{"damage":29,"enemies":"Exordium Wildlife","floor":11,"turns":7},{"damage":0,"enemies":"Exordium Thugs","floor":14,"turns":5},{"damage":19,"enemies":"The Guardian","floor":16,"turns":19},{"damage":2,"enemies":"3 Byrds","floor":18,"turns":6},{"damage":0,"enemies":"Spheric Guardian","floor":21,"turns":2},{"damage":0,"enemies":"Snake Plant","floor":22,"turns":1},{"damage":35,"enemies":"Book of Stabbing","floor":24,"turns":5},{"damage":16,"enemies":"Gremlin Leader","floor":27,"turns":9},{"damage":14,"enemies":"Chosen and Byrds","floor":28,"turns":8},{"damage":0,"enemies":"Cultist and Chosen","floor":30,"turns":9},{"damage":0,"enemies":"Centurion and Healer","floor":31,"turns":2},{"damage":6,"enemies":"Champ","floor":33,"turns":15},{"damage":0,"enemies":"3 Shapes","floor":35,"turns":2},{"damage":0,"enemies":"Orb Walker","floor":38,"turns":6},{"damage":1,"enemies":"Reptomancer","floor":40,"turns":6},{"damage":1,"enemies":"Giant Head","floor":44,"turns":9},{"damage":13,"enemies":"3 Darklings","floor":46,"turns":11},{"damage":8,"enemies":"Writhing Mass","floor":48,"turns":7},{"damage":6,"enemies":"Time Eater","floor":50,"turns":14},{"damage":32,"enemies":"Donu and Deca","floor":51,"turns":14},{"damage":73,"enemies":"Shield and Spear","floor":55,"turns":2}],"seed_played":"1711467289656936623","potions_obtained":[{"floor":7,"key":"Weak Potion"},{"floor":11,"key":"Dexterity Potion"},{"floor":14,"key":"LiquidMemories"},{"floor":16,"key":"PowerPotion"},{"floor":21,"key":"SmokeBomb"},{"floor":24,"key":"PowerPotion"},{"floor":30,"key":"AttackPotion"},{"floor":38,"key":"BottledMiracle"},{"floor":40,"key":"LiquidBronze"}],"is_trial":false,"path_per_floor":["M","M","M","?","$","R","E","R","T","R","M","?","?","M","R","B",null,"M","$","?","M","M","R","E","R","T","E","M","?","M","M","R","B",null,"M","?","?","M","$","E","R","$","T","E","R","M","?","M","R","B","B",null,"R","$","E"],"character_chosen":"WATCHER","items_purchased":["LessonLearned","TalkToTheHand","LikeWater","Membership Card","WaveOfTheHand+1","Strawberry","Mummified Hand","Mayhem","PathToVictory+1","LikeWater"],"campfire_rested":5,"item_purchase_floors":[5,19,19,39,39,39,39,39,42,42],"current_hp_per_floor":[57,54,50,50,50,50,18,18,18,34,17,6,11,23,23,16,50,48,48,48,48,48,48,25,43,43,39,37,16,28,40,40,34,54,54,54,54,54,61,60,60,60,60,59,68,55,55,47,65,59,39,59,65,65,0,0],"gold":32,"neow_bonus":"ONE_RARE_RELIC","is_daily":false,"chose_seed":false,"campfire_upgraded":5,"win_rate":0.0,"timestamp":1612236862,"path_taken":["M","M","M","?","$","R","E","R","T","R","M","?","?","M","R","BOSS","M","$","?","M","M","R","E","R","T","E","?","?","M","M","R","BOSS","M","?","?","M","$","E","R","?","T","E","R","?","?","M","R","BOSS","BOSS","R","$","E"],"items_purchased_type":["Card","Card","Card","Relic","Card","Relic","Relic","Card","Card","Card"],"build_version":"2020-12-22","purchased_purges":4,"victory":false,"max_hp_per_floor":[62,62,62,56,56,56,56,56,56,56,56,56,61,61,61,61,61,61,61,61,61,61,61,61,61,61,61,61,61,61,61,61,61,61,61,61,61,61,68,68,68,68,68,68,68,68,65,65,65,65,65,65,65,65,65,65],"card_choices":[{"not_picked":["Prostrate","Weave"],"picked":"BowlingBash","floor":1},{"not_picked":["FlurryOfBlows","Swivel"],"picked":"WindmillStrike","floor":2},{"not_picked":["Wireheading","JustLucky"],"picked":"EmptyFist","floor":3},{"not_picked":["JustLucky","Weave"],"picked":"ThirdEye+1","floor":7},{"not_picked":["SignatureMove","ClearTheMind+1"],"picked":"Perseverance+1","floor":11},{"not_picked":["SashWhip","Consecrate"],"picked":"Perseverance+1","floor":14},{"not_picked":["DevaForm","Alpha+1"],"picked":"Judgement+1","floor":16},{"not_picked":["CarveReality+1","Crescendo+1"],"picked":"Protect+1","floor":18},{"not_picked":["FlyingSleeves+1","JustLucky"],"picked":"Study","floor":21},{"not_picked":["Protect+1","Evaluate+1"],"picked":"TalkToTheHand","floor":24},{"not_picked":["WindmillStrike","EmptyBody+1","MentalFortress"],"picked":"SKIP","floor":27},{"not_picked":["Consecrate+1","EmptyMind+1"],"picked":"TalkToTheHand+1","floor":28},{"not_picked":["Halt+1","JustLucky"],"picked":"PathToVictory+1","floor":30},{"not_picked":["FlurryOfBlows","Evaluate+1"],"picked":"Meditate+1","floor":31},{"not_picked":["Omniscience+1","Ragnarok"],"picked":"Vault+1","floor":33},{"not_picked":["JustLucky","SashWhip","DeceiveReality+1"],"picked":"SKIP","floor":35},{"not_picked":["WheelKick","ClearTheMind+1","JustLucky"],"picked":"SKIP","floor":38},{"not_picked":["Protect+1","FollowUp+1","ReachHeaven"],"picked":"SKIP","floor":40},{"not_picked":["ClearTheMind+1","Devotion","Protect+1"],"picked":"SKIP","floor":44},{"not_picked":["ClearTheMind+1","Consecrate","WheelKick"],"picked":"SKIP","floor":46},{"not_picked":["JustLucky","Collect+1","CutThroughFate+1"],"picked":"SKIP","floor":48}],"player_experience":5360154,"relics_obtained":[{"floor":7,"key":"Toxic Egg 2"},{"floor":9,"key":"Meat on the Bone"},{"floor":24,"key":"InkBottle"},{"floor":26,"key":"Kunai"},{"floor":27,"key":"Blue Candle"},{"floor":29,"key":"Necronomicon"},{"floor":40,"key":"Nunchaku"},{"floor":44,"key":"Smiling Mask"}],"event_choices":[{"damage_healed":0,"gold_gain":0,"player_choice":"Lose Max HP","damage_taken":0,"relics_obtained":["Golden Idol"],"max_hp_gain":0,"max_hp_loss":6,"event_name":"Golden Idol","floor":4,"gold_loss":0},{"damage_healed":0,"gold_gain":0,"player_choice":"Relic ","damage_taken":11,"max_hp_gain":0,"max_hp_loss":0,"event_name":"betterThird:BetterScrap","floor":12,"gold_loss":0,"cards_obtained":["Intimidate"]},{"damage_healed":0,"gold_gain":0,"player_choice":"Donut","damage_taken":0,"max_hp_gain":5,"max_hp_loss":0,"event_name":"Big Fish","floor":13,"gold_loss":0},{"cards_removed":["Defend_P"],"damage_healed":0,"gold_gain":0,"player_choice":"Purged","damage_taken":0,"max_hp_gain":0,"max_hp_loss":0,"event_name":"Purifier","floor":20,"gold_loss":0},{"damage_healed":0,"gold_gain":0,"player_choice":"Obtained Book","damage_taken":21,"max_hp_gain":0,"max_hp_loss":0,"event_name":"Cursed Tome","floor":29,"gold_loss":0},{"damage_healed":0,"gold_gain":333,"player_choice":"Gave Idol","damage_taken":0,"max_hp_gain":0,"max_hp_loss":0,"event_name":"The Moai Head","floor":36,"relics_lost":["Golden Idol"],"gold_loss":0},{"cards_removed":["Strike_P"],"damage_healed":0,"gold_gain":0,"player_choice":"Removed Attack","damage_taken":0,"max_hp_gain":0,"max_hp_loss":0,"event_name":"Falling","floor":37,"gold_loss":0},{"damage_healed":0,"gold_gain":0,"player_choice":"Max HP","damage_taken":0,"max_hp_gain":0,"max_hp_loss":3,"event_name":"Winding Halls","floor":47,"gold_loss":0}],"is_beta":false,"boss_relics":[{"not_picked":["Empty Cage","SlaversCollar"],"picked":"Cursed Key"},{"not_picked":["HolyWater","Runic Pyramid"],"picked":"Fusion Hammer"}],"items_purged_floors":[19,39,42,54],"is_endless":false,"potions_floor_spawned":[7,11,14,16,21,22,24,30,38,40],"killed_by":"Shield and Spear","ascension_level":20}}