{"host":"50per11302020","time":1612247381,"event":{"mods":["AchievementEnabler","BaseMod","Colored Map","Minty Spire (QoL Compilation)","Relic Stats","StSLib"],"gold_per_floor":[116,116,129,37,47,80,80,80,80],"floor_reached":8,"language":"ENG","playtime":484,"items_purged":[],"score":112,"play_id":"77620d7d-11f9-4b32-bbf5-e620e0387f85","local_time":"20210201222941","is_ascension_mode":true,"campfire_choices":[{"floor":7,"key":"REST"}],"circlet_count":0,"master_deck":["AscendersBane","Strike_B","Strike_B","Strike_B","Strike_B","Defend_B","Defend_B","Defend_B","Defend_B","Zap+1","Dualcast","Conserve Battery","Reprogram","Panacea","Double Energy"],"relics":["Runic Pyramid","PreservedInsect"],"acts_visited":["Exordium"],"potions_floor_usage":[],"damage_taken":[{"damage":12,"enemies":"Cultist","floor":1,"turns":4},{"damage":0,"enemies":"Jaw Worm","floor":3,"turns":4},{"damage":13,"enemies":"Small Slimes","floor":5,"turns":5},{"damage":14,"enemies":"Lagavulin","floor":6,"turns":10},{"damage":46,"enemies":"Gremlin Nob","floor":8,"turns":3}],"seed_played":"-1571538881780805308","potions_obtained":[{"floor":5,"key":"DuplicationPotion"}],"is_trial":false,"path_per_floor":["M","?","M","$","M","E","R","E"],"character_chosen":"DEFECT","items_purchased":["Panacea"],"campfire_rested":1,"item_purchase_floors":[4],"current_hp_per_floor":[52,52,52,52,39,25,46,0,0],"gold":80,"neow_bonus":"BOSS_RELIC","is_daily":false,"chose_seed":false,"campfire_upgraded":0,"win_rate":0.0,"timestamp":1612247381,"path_taken":["M","?","M","$","M","E","R","E"],"items_purchased_type":["Card"],"build_version":"2020-12-18","purchased_purges":0,"victory":false,"max_hp_per_floor":[71,71,71,71,71,71,71,71,71],"relic_stats":{"counters":[5,26],"PreservedInsect":22,"obtain_stats":[{"PreservedInsect":6,"Cracked Core":0,"Runic Pyramid":0},{"PreservedInsect":4,"Cracked Core":0,"Runic Pyramid":0},{"PreservedInsect":23,"Cracked Core":0,"Runic Pyramid":0}]},"card_choices":[{"not_picked":["Hologram","Stack"],"picked":"Conserve Battery","floor":1},{"not_picked":["Steam Power","Compile Driver"],"picked":"Reprogram","floor":3},{"not_picked":["Compile Driver","Beam Cell"],"picked":"Double Energy","floor":5},{"not_picked":["Streamline","Auto Shields","Beam Cell"],"picked":"SKIP","floor":6}],"player_experience":406239,"relics_obtained":[{"floor":6,"key":"PreservedInsect"}],"event_choices":[{"damage_healed":0,"gold_gain":0,"player_choice":"Grow","damage_taken":0,"max_hp_gain":0,"max_hp_loss":0,"event_name":"Living Wall","floor":2,"gold_loss":0,"cards_upgraded":["Zap"]}],"is_beta":true,"boss_relics":[],"items_purged_floors":[],"is_endless":false,"potions_floor_spawned":[5],"killed_by":"Gremlin Nob","ascension_level":20}}