{"host":"qmnyg5dk1o6rw6mz","time":1612234650,"event":{"mods":["2.2 Compatiblity","AchievementEnabler","Act Like it!","Aspiration","Astrologer","BaseMod","Beaked The Cultist","Better Altar","Better Match","Better Note","Better Sensory Stone","Better Skull","Better Third Choice","Better Vampires","Block Reminder","CapriCore","Challenge The Spire","ChefMod","Colored Map","Colored Powertips","Conspire","Defuse TimeMaze Blight","Disable Question Mark Monsters","Displayed Cursed Tome","Downfall","Energized Spire","Fox Events","Gensokyo","GifTheSpireLib","Hermit","Highlight Path","Hubris","Infinite Spire","Jedi Mod","Marisa¡]Ãú«B¡@Å]²z¨F¡^","Marked Mod","Minty Spire (QoL Compilation)","Monster B Gone","Pale of the Ancients","Permanent Neow","Quick Restart","Reimu¡]³Õ???¡^","Relic Filter","Reliquary","Replay The Spire","StSLib","Synergy Search","The Construct","The Cursed","The Dragon Tamer","The Gatherer","The Hayseed","The Poker Player","The Runesmith","The Showman","Unceasing Turn Reminder","Weighted Paths","Wide Potions","thorton"],"gold_per_floor":[125,146,169,20,20,352,352,352,379,379,402,6,6,29,29,34,34,34],"floor_reached":16,"language":"ENG","playtime":458,"items_purged":["thethorton:Defend","Burn"],"score":100,"play_id":"d8863d28-df3c-4c21-b2e8-2fad0e2fc2c9","local_time":"20210202105730","is_ascension_mode":false,"campfire_choices":[{"data":"thethorton:BusinessCard","floor":7.0,"key":"SMITH"},{"floor":10,"key":"REST"}],"circlet_count":0,"master_deck":["thethorton:Strike","thethorton:Strike","thethorton:Strike","thethorton:Strike","thethorton:Defend","thethorton:Defend","thethorton:Heckle","thethorton:CreditCard","thethorton:DualBap+1","thethorton:BusinessCard","thethorton:CannonShot","thethorton:CannonShot","thethorton:BusinessCard+1","thethorton:BusinessBoom","thethorton:ChartProject"],"relics":["thethorton:CouragePotion","Old Coin","Vajra","jedi:fakemustache","thethorton:BusinessCardPrinter","Ring of Peace","infinitespire:WardingShard"],"acts_visited":["Exordium"],"potions_floor_usage":[],"damage_taken":[{"damage":5.0,"enemies":"Cultist","floor":1.0,"turns":5.0},{"damage":0.0,"enemies":"2 Louse","floor":2.0,"turns":3.0},{"damage":9.0,"enemies":"Jaw Worm","floor":3.0,"turns":4.0},{"damage":29.0,"enemies":"3 Sentries","floor":6.0,"turns":9.0},{"damage":7,"enemies":"2 Fungi Beasts","floor":11,"turns":4},{"damage":9,"enemies":"3 Louse","floor":14,"turns":4},{"damage":53,"enemies":"Hexaghost","floor":16,"turns":10}],"seed_played":"-9083681666227584899","potions_obtained":[{"floor":3.0,"key":"Block Potion"}],"is_trial":false,"path_per_floor":["M","M","M","$","?","E","R","?","T","R","M","$","?","M","R_BF","B"],"character_chosen":"THE_THORT","items_purchased":["thethorton:CannonShot","jedi:fakemustache","thethorton:BusinessCardPrinter"],"campfire_rested":1,"item_purchase_floors":[4,12,12],"current_hp_per_floor":[45,45,36,36,36,7,7,7,7,27,20,40,40,31,51,0,0,0],"gold":34,"neow_bonus":"REMOVE_TWO","is_daily":false,"chose_seed":false,"campfire_upgraded":1,"win_rate":0.0,"timestamp":1612234650,"path_taken":["M","M","M","$","?","E","R","?","T","R","M","$","?","?","R_BF","BOSS"],"items_purchased_type":["Card","Relic","Relic"],"build_version":"2020-12-22","purchased_purges":2,"victory":false,"max_hp_per_floor":[68,68,68,68,68,68,68,68,68,68,68,68,68,68,68,68,68,68],"card_choices":[{"not_picked":["thethorton:WhirlingBriefcase","thethorton:DownPayment"],"picked":"thethorton:DualBap","floor":1.0},{"not_picked":["thethorton:DockPay","thethorton:CashBash"],"picked":"thethorton:BusinessCard","floor":2.0},{"not_picked":["thethorton:HitAhead","thethorton:CallIn"],"picked":"thethorton:CannonShot","floor":3.0},{"not_picked":["thethorton:BusinessBurst","thethorton:SummonProfit"],"picked":"thethorton:BusinessCard","floor":6.0},{"not_picked":["thethorton:GoldBuffer","thethorton:BookBash"],"picked":"thethorton:BusinessBoom","floor":11},{"not_picked":["thethorton:DesperateRun","thethorton:Hindsight"],"picked":"thethorton:ChartProject","floor":14}],"player_experience":214223,"relics_obtained":[{"floor":6.0,"key":"Old Coin"},{"floor":9,"key":"Vajra"},{"floor":13,"key":"Ring of Peace"}],"event_choices":[{"damage_healed":36.0,"max_hp_gain":0.0,"max_hp_loss":68.0,"gold_gain":0.0,"event_name":"betterThird:BetterShining","player_choice":"Embrace Burn","floor":5.0,"gold_loss":0.0,"damage_taken":0.0}],"is_beta":false,"boss_relics":[],"items_purged_floors":[4,12],"is_endless":false,"potions_floor_spawned":[3],"killed_by":"Hexaghost","ascension_level":0}}