{"host":"k7udt7atmcuzf6l0","time":1612265317,"event":{"mods":["AchievementEnabler","BaseMod","BetterRewards","Colored Map","Colored Powertips","Highlight Path","Minty Spire (QoL Compilation)","Quick Restart","Rare Cards Sparkle","Relic Stats","StSLib","UnlockEverythingMod"],"gold_per_floor":[109,8,23,23,23,23,57,57,57,70,70,88,98,116,116,220,220,240,315,327,5,19,47,57,57,57,67,67,98,98,112,112,215,215,227,274,14,25,38,72,72,72,117,117,134,134,153,170,170,170],"floor_reached":51,"language":"ZHS","playtime":1971,"items_purged":["Strike_R"],"score":921,"play_id":"ecacd180-0c59-4871-9221-a4bf2ede75e9","local_time":"20210202192837","is_ascension_mode":false,"campfire_choices":[{"data":"Dark Embrace","floor":6.0,"key":"SMITH"},{"data":"True Grit","floor":8.0,"key":"SMITH"},{"data":"Infernal Blade","floor":11.0,"key":"SMITH"},{"data":"Rage","floor":15.0,"key":"SMITH"},{"data":"Apotheosis","floor":25.0,"key":"SMITH"},{"data":"Corruption","floor":28.0,"key":"SMITH"},{"data":"Shockwave","floor":32.0,"key":"SMITH"},{"data":"Metallicize","floor":41.0,"key":"SMITH"},{"data":"Impervious","floor":44,"key":"SMITH"},{"data":"Dual Wield","floor":46,"key":"SMITH"},{"data":"Seeing Red","floor":49,"key":"SMITH"}],"circlet_count":0,"master_deck":["Strike_R+1","Strike_R","Strike_R","Defend_R","Defend_R+1","Defend_R","Defend_R","Bash","Whirlwind","Dark Embrace+1","True Grit+1","Body Slam+1","Infernal Blade+1","Headbutt","Shockwave+1","Rage+1","Iron Wave","Corruption+1","Body Slam+1","Metallicize+1","Apotheosis+1","Seeing Red+1","Shrug It Off","Seeing Red+1","Body Slam+1","Defend_R","Shrug It Off+1","Thunderclap+1","Warcry+1","Headbutt+1","Shrug It Off","Havoc+1","Impervious+1","Dual Wield+1","Shrug It Off+1","Body Slam+1","Shrug It Off+1"],"relics":["Burning Blood","NeowsBlessing","InkBottle","Bronze Scales","Runic Dome","Eternal Feather","Smiling Mask","Bag of Preparation","Runic Pyramid","Mango","Matryoshka","Pantograph","Kunai","Boot"],"acts_visited":["Exordium","TheCity","TheBeyond"],"potions_floor_usage":[48,50,50],"damage_taken":[{"damage":0.0,"enemies":"2 Louse","floor":1.0,"turns":1.0},{"damage":0.0,"enemies":"Cultist","floor":3.0,"turns":1.0},{"damage":0.0,"enemies":"3 Sentries","floor":7.0,"turns":2.0},{"damage":2.0,"enemies":"Jaw Worm","floor":10.0,"turns":3.0},{"damage":0.0,"enemies":"Gremlin Gang","floor":12.0,"turns":2.0},{"damage":5.0,"enemies":"2 Fungi Beasts","floor":13.0,"turns":3.0},{"damage":6.0,"enemies":"Large Slime","floor":14.0,"turns":4.0},{"damage":30.0,"enemies":"Slime Boss","floor":16.0,"turns":5.0},{"damage":1.0,"enemies":"Chosen","floor":18.0,"turns":4.0},{"damage":0.0,"enemies":"3 Byrds","floor":20.0,"turns":4.0},{"damage":0.0,"enemies":"Centurion and Healer","floor":22.0,"turns":6.0},{"damage":31.0,"enemies":"Slavers","floor":23.0,"turns":5.0},{"damage":21.0,"enemies":"Snecko","floor":24.0,"turns":6.0},{"damage":1.0,"enemies":"Cultist and Chosen","floor":27.0,"turns":5.0},{"damage":1.0,"enemies":"Gremlin Leader","floor":29.0,"turns":4.0},{"damage":17.0,"enemies":"Chosen and Byrds","floor":31.0,"turns":5.0},{"damage":0.0,"enemies":"Automaton","floor":33.0,"turns":3.0},{"damage":11.0,"enemies":"3 Shapes","floor":35.0,"turns":3.0},{"damage":22.0,"enemies":"2 Orb Walkers","floor":36.0,"turns":4.0},{"damage":0.0,"enemies":"Orb Walker","floor":38.0,"turns":2.0},{"damage":0.0,"enemies":"Sphere and 2 Shapes","floor":39.0,"turns":2.0},{"damage":0.0,"enemies":"Giant Head","floor":40.0,"turns":4.0},{"damage":4,"enemies":"Spire Growth","floor":45,"turns":2},{"damage":32,"enemies":"Transient","floor":47,"turns":5},{"damage":0,"enemies":"Jaw Worm Horde","floor":48,"turns":2},{"damage":26,"enemies":"Awakened One","floor":50,"turns":5}],"seed_played":"-4899639306723365140","potions_obtained":[{"floor":1.0,"key":"PowerPotion"},{"floor":10.0,"key":"DistilledChaos"},{"floor":13.0,"key":"Dexterity Potion"},{"floor":27.0,"key":"Fire Potion"},{"floor":29.0,"key":"Swift Potion"},{"floor":31.0,"key":"Dexterity Potion"},{"floor":35.0,"key":"BlessingOfTheForge"},{"floor":39.0,"key":"PowerPotion"},{"floor":45,"key":"LiquidMemories"},{"floor":48,"key":"GamblersBrew"}],"is_trial":false,"path_per_floor":["M","$","M","?","?","R","E","R","T","M","R","M","M","M","R","B",null,"M","?","M","$","M","E","M","R","T","M","R","E","?","M","R","B",null,"M","?","$","M","M","E","R","?","T","R","M","R","M","M","R","B",null],"character_chosen":"IRONCLAD","items_purchased":["Dark Embrace","True Grit","Metallicize","Apotheosis","Matryoshka"],"campfire_rested":0,"item_purchase_floors":[2,2,21,21,37],"current_hp_per_floor":[80,80,80,64,64,64,70,70,70,74,74,80,80,80,80,56,80,80,72,78,78,80,55,40,52,52,57,72,77,77,66,80,80,80,75,73,73,79,85,91,94,94,94,94,94,94,68,74,94,74],"gold":170,"neow_bonus":"THREE_ENEMY_KILL","is_daily":false,"chose_seed":false,"campfire_upgraded":11,"win_rate":0.0,"timestamp":1612265317,"path_taken":["M","$","M","?","?","R","E","R","T","M","R","M","M","M","R","BOSS","M","?","M","$","?","E","M","R","T","M","R","E","?","M","R","BOSS","M","?","$","M","M","E","R","?","T","R","M","R","M","?","R","BOSS"],"items_purchased_type":["Card","Card","Card","Card","Relic"],"build_version":"2020-12-22","purchased_purges":1,"victory":true,"max_hp_per_floor":[80,80,80,80,80,80,80,80,80,80,80,80,80,80,80,80,80,80,80,80,80,80,80,80,80,80,80,80,80,80,80,80,80,80,80,94,94,94,94,94,94,94,94,94,94,94,94,94,94,94],"relic_stats":{"counters":[26,92],"Bronze Scales":[254],"Pantograph":0,"Eternal Feather":64,"Bag of Preparation":[22],"Kunai":[11],"Smiling Mask":0,"Boot":[6],"obtain_stats":[{"NeowsBlessing":0,"Eternal Feather":23,"Mango":36,"Bag of Preparation":29,"Smiling Mask":26,"Boot":43,"Burning Blood":0,"Runic Dome":17,"Matryoshka":37,"Bronze Scales":9,"Pantograph":40,"Kunai":43,"InkBottle":7,"Runic Pyramid":34},{"NeowsBlessing":0,"Eternal Feather":12,"Mango":19,"Bag of Preparation":15,"Smiling Mask":13,"Boot":22,"Burning Blood":0,"Runic Dome":8,"Matryoshka":19,"Bronze Scales":3,"Pantograph":22,"Kunai":22,"InkBottle":3,"Runic Pyramid":17},{"NeowsBlessing":0,"Eternal Feather":40,"Mango":70,"Bag of Preparation":55,"Smiling Mask":46,"Boot":78,"Burning Blood":0,"Runic Dome":21,"Matryoshka":70,"Bronze Scales":4,"Pantograph":78,"Kunai":78,"InkBottle":4,"Runic Pyramid":63}],"Burning Blood":126,"InkBottle":[48]},"card_choices":[{"not_picked":["Sword Boomerang","Clothesline"],"picked":"Whirlwind","floor":1.0},{"not_picked":["Sword Boomerang","Cleave"],"picked":"Body Slam","floor":3.0},{"not_picked":["Headbutt","Perfected Strike"],"picked":"Infernal Blade","floor":7.0},{"not_picked":["Sword Boomerang","Iron Wave"],"picked":"Headbutt","floor":10.0},{"not_picked":["Brutality","Flame Barrier"],"picked":"Shockwave","floor":12.0},{"not_picked":["Infernal Blade","True Grit"],"picked":"Rage","floor":13.0},{"not_picked":["Sword Boomerang","Shockwave"],"picked":"Iron Wave","floor":14.0},{"not_picked":["Impervious","Exhume"],"picked":"Corruption","floor":16.0},{"not_picked":["Whirlwind","Uppercut","Power Through"],"picked":"SKIP","floor":18.0},{"not_picked":["Inflame+1","Heavy Blade"],"picked":"Body Slam+1","floor":20.0},{"not_picked":["Anger","Hemokinesis","Cleave"],"picked":"SKIP","floor":22.0},{"not_picked":["Cleave","Whirlwind"],"picked":"Seeing Red+1","floor":23.0},{"not_picked":["Body Slam","Reckless Charge+1"],"picked":"Shrug It Off","floor":24.0},{"not_picked":["Perfected Strike+1","Heavy Blade"],"picked":"Seeing Red","floor":27.0},{"not_picked":["Shrug It Off","Double Tap"],"picked":"Body Slam+1","floor":29.0},{"not_picked":["Flex","True Grit"],"picked":"Shrug It Off+1","floor":31.0},{"not_picked":["Warcry","Body Slam"],"picked":"Thunderclap+1","floor":35.0},{"not_picked":["Pommel Strike+1","Wild Strike+1"],"picked":"Warcry+1","floor":36.0},{"not_picked":["Wild Strike","Fire Breathing+1"],"picked":"Headbutt+1","floor":38.0},{"not_picked":["Sever Soul","Pommel Strike"],"picked":"Shrug It Off","floor":39.0},{"not_picked":["Demon Form","Perfected Strike"],"picked":"Havoc+1","floor":40.0},{"not_picked":["Rage+1","Sword Boomerang+1"],"picked":"Shrug It Off+1","floor":45},{"not_picked":["Reckless Charge","Rampage"],"picked":"Body Slam+1","floor":47},{"not_picked":["Iron Wave","Cleave+1"],"picked":"Shrug It Off+1","floor":48}],"player_experience":38261,"relics_obtained":[{"floor":7.0,"key":"InkBottle"},{"floor":9.0,"key":"Bronze Scales"},{"floor":23.0,"key":"Eternal Feather"},{"floor":26.0,"key":"Smiling Mask"},{"floor":29.0,"key":"Bag of Preparation"},{"floor":36.0,"key":"Mango"},{"floor":40.0,"key":"Pantograph"},{"floor":43,"key":"Kunai"},{"floor":43,"key":"Boot"}],"event_choices":[{"damage_healed":0.0,"max_hp_gain":0.0,"max_hp_loss":0.0,"gold_gain":0.0,"event_name":"Shining Light","player_choice":"Entered Light","floor":4.0,"gold_loss":0.0,"damage_taken":16.0,"cards_upgraded":["Defend_R","Strike_R"]},{"damage_healed":0.0,"max_hp_gain":0.0,"max_hp_loss":0.0,"gold_gain":0.0,"event_name":"Living Wall","player_choice":"Grow","floor":5.0,"gold_loss":0.0,"damage_taken":0.0,"cards_upgraded":["Body Slam"]},{"damage_healed":0.0,"max_hp_gain":0.0,"max_hp_loss":0.0,"gold_gain":75.0,"event_name":"FaceTrader","player_choice":"Touch","floor":19.0,"gold_loss":0.0,"damage_taken":8.0},{"cards_removed":["Strike_R"],"damage_healed":0.0,"max_hp_gain":0.0,"max_hp_loss":0.0,"gold_gain":0.0,"event_name":"NoteForYourself","player_choice":"Took Card","floor":30.0,"gold_loss":0.0,"damage_taken":0.0,"cards_obtained":["Defend_R"]},{"damage_healed":0.0,"max_hp_gain":0.0,"max_hp_loss":0.0,"gold_gain":0.0,"event_name":"Mysterious Sphere","player_choice":"Fight","floor":36.0,"gold_loss":0.0,"damage_taken":0.0},{"damage_healed":0,"gold_gain":0,"player_choice":"2 cards matched","damage_taken":0,"max_hp_gain":0,"max_hp_loss":0,"event_name":"Match and Keep!","floor":42,"gold_loss":0,"cards_obtained":["Impervious","Dual Wield"]}],"is_beta":false,"boss_relics":[{"not_picked":["Snecko Eye","Busted Crown"],"picked":"Runic Dome"},{"not_picked":["Empty Cage","Black Blood"],"picked":"Runic Pyramid"}],"items_purged_floors":[21],"is_endless":false,"potions_floor_spawned":[1,10,13,14,27,29,31,35,39,45,48],"ascension_level":0}}