{"host":"tyeg9214rgutn7tb","time":1612302586,"event":{"mods":["BaseMod","Colored Map","Custom Start","Downfall","Minty Spire (QoL Compilation)","StSLib"],"gold_per_floor":[99,109,40,60,71,104,104,39,39,39,64,79,79,91,111,111,111,111],"floor_reached":16,"language":"ENG","playtime":705,"items_purged":["bronze:Strike"],"score":146,"play_id":"ec453fe7-d79a-4e05-8c7d-bedee2019a59","local_time":"20210202224946","is_ascension_mode":true,"campfire_choices":[{"data":"bronze:Goto","floor":1,"key":"SMITH"},{"floor":10,"key":"REST"},{"floor":13,"key":"REST"}],"circlet_count":0,"master_deck":["bronze:Strike","bronze:Strike","bronze:Strike","bronze:Defend","bronze:Defend","bronze:Defend","bronze:Defend","bronze:Replicate","bronze:Goto+1","bronze:Optimize","bronze:Branch","bronze:FineTuning+1","bronze:Philosophize","bronze:WhirlingStrike","bronze:Overheat","bronze:ChosenStrike","bronze:ItsAFeature"],"relics":["bronze:BronzeCore","Smiling Mask","Bottled Lightning","Omamori","bronze:CableSpool"],"acts_visited":["Exordium"],"potions_floor_usage":[15,16,16,16],"damage_taken":[{"damage":1,"enemies":"Cultist","floor":2,"turns":4},{"damage":0,"enemies":"downfall:FleeingMerchant","floor":3,"turns":4},{"damage":0,"enemies":"Small Slimes","floor":4,"turns":3},{"damage":7,"enemies":"Jaw Worm","floor":5,"turns":3},{"damage":10,"enemies":"Gremlin Nob","floor":6,"turns":3},{"damage":17,"enemies":"downfall:FleeingMerchant","floor":8,"turns":4},{"damage":20,"enemies":"3 Sentries","floor":11,"turns":4},{"damage":23,"enemies":"3 Louse","floor":12,"turns":3},{"damage":11,"enemies":"Red Slaver","floor":14,"turns":2},{"damage":11,"enemies":"Exordium Thugs","floor":15,"turns":3},{"damage":21,"enemies":"WA_ARCHETYPE_RETAIN","floor":16,"turns":5}],"seed_played":"5791832826703288762","potions_obtained":[{"floor":2,"key":"EssenceOfSteel"},{"floor":5,"key":"SkillPotion"},{"floor":6,"key":"champ:CounterPotion"},{"floor":12,"key":"Guardian:BlockOnCardUsePotion"},{"floor":15,"key":"Regen Potion"}],"is_trial":false,"path_per_floor":["R","M","$","M","M","E","T","$","?","R","E","M","R","M","M","B"],"character_chosen":"THE_AUTOMATON","items_purchased":["bronze:FineTuning"],"campfire_rested":2,"item_purchase_floors":[3],"current_hp_per_floor":[63,62,62,62,55,45,45,28,28,49,29,6,27,16,5,0,0,0],"gold":111,"neow_bonus":"RANDOM_COMMON_RELIC","is_daily":false,"chose_seed":false,"campfire_upgraded":1,"win_rate":0.0,"timestamp":1612302586,"path_taken":["R","M","$","M","?","E","T","?","?","R","E","M","R","M","M","BOSS"],"items_purchased_type":["Card"],"build_version":"2020-12-22","purchased_purges":1,"victory":false,"max_hp_per_floor":[70,70,70,70,70,70,70,70,70,70,70,70,70,70,70,70,70,70],"card_choices":[{"not_picked":["bronze:BuggyMess","bronze:Backtrace"],"picked":"bronze:Optimize","floor":2},{"not_picked":["bronze:Invalidate","bronze:NullPointer"],"picked":"bronze:Branch","floor":3},{"not_picked":["bronze:OilSpill","bronze:DelayedGuard"],"picked":"bronze:Philosophize","floor":4},{"not_picked":["bronze:Break","bronze:BitShift"],"picked":"bronze:WhirlingStrike","floor":5},{"not_picked":["bronze:Invalidate","bronze:BitShift"],"picked":"bronze:Overheat","floor":6},{"not_picked":["bronze:OilSpill","bronze:Flail"],"picked":"bronze:ChosenStrike","floor":8},{"not_picked":["bronze:Break","bronze:OilSpill","bronze:NullPointer"],"picked":"SKIP","floor":11},{"not_picked":["bronze:Fortify","bronze:DarkDash"],"picked":"bronze:ItsAFeature","floor":12},{"not_picked":["bronze:Overheat","bronze:Overload","bronze:Separator"],"picked":"SKIP","floor":14},{"not_picked":["bronze:BuggyMess","bronze:OilSpill","bronze:ChosenStrike"],"picked":"SKIP","floor":15}],"player_experience":719973,"relics_obtained":[{"floor":6,"key":"Bottled Lightning"},{"floor":7,"key":"Omamori"},{"floor":11,"key":"bronze:CableSpool"}],"event_choices":[{"damage_healed":0,"gold_gain":0,"player_choice":"Grow","damage_taken":0,"max_hp_gain":0,"max_hp_loss":0,"event_name":"Living Wall","floor":9,"gold_loss":0,"cards_upgraded":["bronze:FineTuning"]}],"is_beta":false,"boss_relics":[],"items_purged_floors":[8],"is_endless":false,"potions_floor_spawned":[2,5,6,12,15],"killed_by":"WA_ARCHETYPE_RETAIN","ascension_level":6}}