{"host":"ix2a18c4ohfsrslv","time":1612297679,"event":{"mods":["BaseMod","Better Third Choice","Downfall","Hubris","Minty Spire (QoL Compilation)","StSLib"],"gold_per_floor":[99,110,124,124,134,134,158,158,158,188,212,298,310,337,368,479,491,503,529,541,553,550,576,588,500,524,536,548,88,88,104,121,222,222,222,232,250,250,124,124,124,124,144,44,79,79,79,29,39,39],"floor_reached":51,"language":"ENG","playtime":2571,"items_purged":["bronze:Strike","bronze:Strike","bronze:Defend"],"score":717,"play_id":"0c8b2c4e-07c2-43de-8946-dcbe8c8b1a82","local_time":"20210202122759","is_ascension_mode":false,"campfire_choices":[{"data":"bronze:Boost","floor":1.0,"key":"SMITH"},{"data":"bronze:Boost","floor":6.0,"key":"SMITH"},{"data":"bronze:Deprecate","floor":8.0,"key":"SMITH"},{"floor":13,"key":"REST"},{"data":"bronze:RecursiveStrike","floor":18,"key":"SMITH"},{"data":"bronze:ClassDefault","floor":25,"key":"SMITH"},{"floor":27,"key":"REST"},{"data":"bronze:BugBarrage","floor":35,"key":"SMITH"},{"data":"expansioncontent:Chronoboost","floor":42,"key":"SMITH"},{"floor":47,"key":"REST"}],"circlet_count":0,"master_deck":["bronze:Strike","bronze:Defend","bronze:Defend","bronze:Defend","bronze:Replicate","bronze:Goto","bronze:Boost+1","bronze:Deprecate+1","bronze:Optimize","bronze:Boost+1","bronze:WildBeam","bronze:ClassDefault+1","bronze:Iterate","bronze:RecursiveStrike+1","bronze:BuggyMess+1","bronze:ItsAFeature","bronze:Overheat","bronze:BugBarrage+1","expansioncontent:Chronoboost+1"],"relics":["bronze:PlatinumCore","downfall:ShatteredFragment","hubris:TenFootPole","MawBank","Sundial","MutagenicStrength","downfall:HeartBlessingBlue","Strawberry","Anchor","ClockworkSouvenir","hubris:Backtick","Shuriken","Nunchaku","Centennial Puzzle","InkBottle","Du-Vu Doll","Smiling Mask"],"acts_visited":["Exordium","TheCity","TheBeyond"],"potions_floor_usage":[15,16,33,33,45,50],"damage_taken":[{"damage":7.0,"enemies":"Small Slimes","floor":2.0,"turns":4.0},{"damage":0.0,"enemies":"Jaw Worm","floor":3.0,"turns":4.0},{"damage":0.0,"enemies":"Cultist","floor":5.0,"turns":3.0},{"damage":0.0,"enemies":"Exordium Thugs","floor":10.0,"turns":3.0},{"damage":0.0,"enemies":"3 Louse","floor":11.0,"turns":3.0},{"damage":9,"enemies":"Exordium Wildlife","floor":14,"turns":5},{"damage":0,"enemies":"3 Louse","floor":15,"turns":2},{"damage":14,"enemies":"DF_ARCHETYPE_STREAMLINE","floor":16,"turns":9},{"damage":0,"enemies":"Spheric Guardian","floor":19,"turns":3},{"damage":0,"enemies":"downfall:FleeingMerchant","floor":22,"turns":4},{"damage":11,"enemies":"3 Byrds","floor":23,"turns":4},{"damage":18,"enemies":"Centurion and Healer","floor":26,"turns":5},{"damage":10,"enemies":"downfall:FleeingMerchant","floor":29,"turns":4},{"damage":0,"enemies":"Snecko","floor":31,"turns":4},{"damage":5,"enemies":"Shelled Parasite and Fungi","floor":32,"turns":2},{"damage":14,"enemies":"WA_ARCHETYPE_CALM","floor":33,"turns":5},{"damage":0,"enemies":"3 Shapes","floor":36,"turns":2},{"damage":0,"enemies":"Orb Walker","floor":37,"turns":2},{"damage":5,"enemies":"downfall:FleeingMerchant","floor":39,"turns":3},{"damage":8,"enemies":"Spire Growth","floor":43,"turns":3},{"damage":7,"enemies":"Nemesis","floor":45,"turns":3},{"damage":2,"enemies":"Sphere and 2 Shapes","floor":49,"turns":3},{"damage":14,"enemies":"SI_POISON_ARCHETYPE","floor":50,"turns":7}],"seed_played":"296313636050845830","potions_obtained":[{"floor":3.0,"key":"bronze:BuildAFunctionPotion"},{"floor":5.0,"key":"Ancient Potion"},{"floor":14,"key":"SpeedPotion"},{"floor":15,"key":"SneckoOil"},{"floor":19,"key":"SteroidPotion"},{"floor":26,"key":"FairyPotion"},{"floor":43,"key":"Block Potion"},{"floor":45,"key":"BlessingOfTheForge"}],"is_trial":false,"path_per_floor":["R","M","M","?","M","R","T","R","T","M","M","T","R","M","M","B",null,"R","M","?","?","$","M","T","R","M","R","?","$","?","M","M","B",null,"R","M","M","?","$","?","T","R","M","$","E","?","R","$","M","B",null],"character_chosen":"THE_AUTOMATON","items_purchased":["Strawberry","Anchor","ClockworkSouvenir","Nunchaku","Centennial Puzzle","bronze:BurnAndBuffPotion"],"campfire_rested":3,"item_purchase_floors":[29,29,29,39,39,39],"current_hp_per_floor":[70,63,63,42,42,42,42,42,42,42,42,42,63,54,54,40,70,70,70,70,70,70,59,59,69,51,75,75,72,72,72,67,53,87,87,87,87,87,82,82,82,82,74,74,67,67,87,87,85,71],"gold":39,"neow_bonus":"TRANSFORM_CARD","is_daily":false,"chose_seed":false,"campfire_upgraded":7,"win_rate":0.0,"timestamp":1612297679,"path_taken":["R","M","M","?","M","R","T","R","?","M","?","?","R","M","M","BOSS","R","M","?","?","$","M","T","R","M","R","?","$","?","M","M","BOSS","R","M","M","?","$","?","T","R","M","$","E","?","R","?","M","BOSS"],"items_purchased_type":["Relic","Relic","Relic","Relic","Relic","Potion"],"build_version":"2020-12-22","purchased_purges":3,"victory":true,"max_hp_per_floor":[70,70,70,70,70,70,70,70,70,70,70,70,70,70,70,70,70,70,70,70,70,70,70,70,80,80,80,80,87,87,87,87,87,87,87,87,87,87,87,87,87,87,87,87,87,87,87,87,87,87],"card_choices":[{"not_picked":["bronze:DelayedSlice","bronze:DelayedGuard"],"picked":"bronze:Deprecate","floor":2.0},{"not_picked":["bronze:MaxOutput","bronze:BugBarrage"],"picked":"bronze:Optimize","floor":3.0},{"not_picked":["bronze:Invalidate","bronze:Repair"],"picked":"bronze:Boost","floor":5.0},{"not_picked":["bronze:MaxOutput","bronze:Return"],"picked":"bronze:WildBeam","floor":10.0},{"not_picked":["bronze:BronzeArmor","bronze:BitShift"],"picked":"bronze:ClassDefault","floor":11.0},{"not_picked":["bronze:Overheat","bronze:Deprecate"],"picked":"bronze:Iterate","floor":14},{"not_picked":["bronze:BronzeArmor","bronze:WildBeam","bronze:Separator"],"picked":"SKIP","floor":15},{"not_picked":["bronze:ShipIt","bronze:ThunderWave"],"picked":"bronze:RecursiveStrike","floor":16},{"not_picked":["bronze:BuggyMess+1","bronze:Repair","bronze:BronzeArmor"],"picked":"SKIP","floor":19},{"not_picked":["bronze:Repair","bronze:BronzeArmor"],"picked":"bronze:BuggyMess+1","floor":19},{"not_picked":["bronze:NullPointer","bronze:ShipIt","bronze:Separator+1"],"picked":"SKIP","floor":22},{"not_picked":["bronze:BitShift","bronze:Constructor"],"picked":"bronze:Overheat","floor":23},{"not_picked":["bronze:HyperBeam","bronze:BitShift","bronze:Branch"],"picked":"SKIP","floor":26},{"not_picked":["bronze:ChosenStrike+1","bronze:Constructor","bronze:Overheat"],"picked":"SKIP","floor":29},{"not_picked":["bronze:Turbo+1","bronze:ChosenStrike"],"picked":"bronze:BugBarrage","floor":31},{"not_picked":["bronze:Shield","bronze:Constructor","bronze:ChildClass"],"picked":"SKIP","floor":32},{"not_picked":["bronze:BitShift","bronze:WhirlingStrike+1","bronze:ClassDefault+1"],"picked":"SKIP","floor":36},{"not_picked":["bronze:Turbo+1","bronze:BugBarrage+1","bronze:ClassDefault+1"],"picked":"SKIP","floor":37},{"not_picked":["expansioncontent:AwakenDeath","expansioncontent:GuardianWhirl"],"picked":"expansioncontent:Chronoboost","floor":38},{"not_picked":["bronze:ChildClass","bronze:CleanCode","bronze:Frontload"],"picked":"SKIP","floor":39},{"not_picked":["bronze:Optimize+1","bronze:BitShift+1","bronze:Boost+1"],"picked":"SKIP","floor":43},{"not_picked":["bronze:ChildClass","bronze:BitShift+1","bronze:CloningBeam"],"picked":"SKIP","floor":45},{"not_picked":["bronze:Turbo+1","bronze:CloningBeam","bronze:Branch+1"],"picked":"SKIP","floor":49}],"player_experience":182754,"relics_obtained":[{"floor":7.0,"key":"hubris:TenFootPole"},{"floor":9.0,"key":"MawBank"},{"floor":12.0,"key":"Sundial"},{"floor":41,"key":"InkBottle"},{"floor":45,"key":"Du-Vu Doll"},{"floor":46,"key":"Smiling Mask"}],"event_choices":[{"damage_healed":0,"gold_gain":0,"player_choice":"Inject Mutagens","damage_taken":0,"relics_obtained":["MutagenicStrength"],"max_hp_gain":0,"max_hp_loss":0,"event_name":"Drug Dealer","floor":20,"gold_loss":0},{"damage_healed":0,"gold_gain":0,"player_choice":"Read","damage_taken":0,"max_hp_gain":0,"max_hp_loss":0,"event_name":"The Library","floor":21,"gold_loss":0,"cards_obtained":["bronze:ItsAFeature"]},{"damage_healed":0,"gold_gain":0,"player_choice":"Ignored","damage_taken":0,"max_hp_gain":0,"max_hp_loss":0,"event_name":"Vampires","floor":28,"gold_loss":0},{"damage_healed":0,"gold_gain":0,"player_choice":"Ignored","damage_taken":0,"max_hp_gain":0,"max_hp_loss":0,"event_name":"Ghosts","floor":30,"gold_loss":0}],"is_beta":false,"boss_relics":[{"not_picked":["SlaversCollar","Runic Dome"],"picked":"bronze:PlatinumCore"},{"not_picked":["Astrolabe","Empty Cage"],"picked":"hubris:Backtick"}],"items_purged_floors":[39,44,48],"is_endless":false,"potions_floor_spawned":[3,5,14,15,19,26,32,43,45],"ascension_level":0}}