{"host":"wuernuywc9gl215o","time":1612298879,"event":{"mods":["AchievementEnabler","BaseMod","Block Reminder","Highlight Path","Key Reminder","Minty Spire (QoL Compilation)","Permanent Neow","Potion Indicator Mod","Quick Restart","Relic Stats"],"gold_per_floor":[118,135,146,158,83,83,115,115,115,115,128,128,141,152,152,223,223,243,262,281,281,292,292,327,327,353,367,1,31,46,57,57,136,136,153,166,219,219,219],"floor_reached":38,"language":"ENG","playtime":2595,"items_purged":[],"score":844,"play_id":"512c377d-d57f-41d6-9a20-b04e2952d3ef","local_time":"20210202204759","is_ascension_mode":true,"campfire_choices":[{"data":"Bash","floor":6.0,"key":"SMITH"},{"floor":8.0,"key":"REST"},{"data":"Clothesline","floor":10.0,"key":"SMITH"},{"floor":15.0,"key":"REST"},{"data":"Demon Form","floor":23.0,"key":"SMITH"},{"data":"Twin Strike","floor":25.0,"key":"SMITH"},{"floor":32,"key":"REST"}],"circlet_count":0,"master_deck":["AscendersBane","Strike_R","Strike_R","Strike_R","Defend_R","Defend_R","Defend_R","Defend_R","Bash+1","Headbutt","Twin Strike+1","Clothesline+1","Perfected Strike","Double Tap+1","Shockwave+1","Armaments+1","Demon Form+1","Armaments+1","Flame Barrier+1","True Grit+1","Flame Barrier+1","Spot Weakness+1","Feel No Pain","Shrug It Off+1","Shockwave+1","Sentinel+1","Shrug It Off+1","Barricade","Cleave","Power Through+1"],"relics":["Snecko Eye","Toxic Egg 2","keyreminder:keyreminder","Runic Cube","Prayer Wheel","Nunchaku","Eternal Feather","Oddly Smooth Stone","Cursed Key","Gambling Chip"],"acts_visited":["Exordium","TheCity","TheBeyond"],"potions_floor_usage":[33,33,37,37],"damage_taken":[{"damage":0.0,"enemies":"Small Slimes","floor":1.0,"turns":3.0},{"damage":6.0,"enemies":"2 Louse","floor":2.0,"turns":3.0},{"damage":7.0,"enemies":"Cultist","floor":3.0,"turns":4.0},{"damage":6.0,"enemies":"Blue Slaver","floor":4.0,"turns":4.0},{"damage":32.0,"enemies":"Gremlin Nob","floor":7.0,"turns":4.0},{"damage":17.0,"enemies":"Lots of Slimes","floor":11.0,"turns":7.0},{"damage":0.0,"enemies":"Gremlin Gang","floor":13.0,"turns":2.0},{"damage":0.0,"enemies":"Red Slaver","floor":14.0,"turns":1.0},{"damage":9.0,"enemies":"Slime Boss","floor":16.0,"turns":8.0},{"damage":26.0,"enemies":"Shell Parasite","floor":18.0,"turns":3.0},{"damage":23.0,"enemies":"2 Thieves","floor":19.0,"turns":5.0},{"damage":4.0,"enemies":"Cultist and Chosen","floor":20.0,"turns":4.0},{"damage":3.0,"enemies":"3 Cultists","floor":22.0,"turns":4.0},{"damage":17.0,"enemies":"Book of Stabbing","floor":24.0,"turns":4.0},{"damage":6.0,"enemies":"Snecko","floor":27.0,"turns":5.0},{"damage":16.0,"enemies":"Gremlin Leader","floor":29.0,"turns":5.0},{"damage":8,"enemies":"Shelled Parasite and Fungi","floor":30,"turns":2},{"damage":1,"enemies":"Centurion and Healer","floor":31,"turns":4},{"damage":44,"enemies":"Automaton","floor":33,"turns":9},{"damage":29,"enemies":"3 Darklings","floor":35,"turns":5},{"damage":7,"enemies":"3 Shapes","floor":36,"turns":5},{"damage":18,"enemies":"2 Orb Walkers","floor":37,"turns":4}],"seed_played":"-4759745485605945576","potions_obtained":[{"floor":2.0,"key":"SkillPotion"},{"floor":11.0,"key":"AttackPotion"},{"floor":13.0,"key":"Dexterity Potion"},{"floor":14.0,"key":"Dexterity Potion"},{"floor":24.0,"key":"PowerPotion"},{"floor":27.0,"key":"Weak Potion"},{"floor":31,"key":"GamblersBrew"},{"floor":35,"key":"DuplicationPotion"},{"floor":36,"key":"AttackPotion"}],"is_trial":false,"path_per_floor":["M","M","M","M","?","R","E","R","T","R","M","?","M","M","R","B",null,"M","M","M","?","M","R","E","R","T","M","$","E","M","M","R","B",null,"M","M","?","?"],"character_chosen":"IRONCLAD","items_purchased":["Eternal Feather","Spot Weakness+1"],"campfire_rested":3,"item_purchase_floors":[28,28],"current_hp_per_floor":[68,62,55,49,49,49,17,39,39,39,22,22,22,22,44,35,65,39,16,12,75,72,72,55,55,55,49,49,33,25,24,61,17,61,32,25,7,0,0],"gold":219,"neow_bonus":"BOSS_RELIC","is_daily":false,"chose_seed":false,"campfire_upgraded":4,"win_rate":0.0,"timestamp":1612298879,"path_taken":["M","M","M","M","?","R","E","R","T","R","M","?","M","M","R","BOSS","M","M","M","?","M","R","E","R","T","M","$","E","M","M","R","BOSS","M","M","?","?"],"items_purchased_type":["Relic","Card"],"build_version":"2020-12-22","purchased_purges":0,"victory":false,"max_hp_per_floor":[75,75,75,75,75,75,75,75,75,75,75,75,75,75,75,75,75,75,75,75,75,75,75,75,75,75,75,75,75,75,75,75,75,75,75,75,75,75,75],"relic_stats":{"Nunchaku":[5],"counters":[22,95],"Gambling Chip":[0],"Snecko Eye":[198,165,159,177],"Prayer Wheel":5,"Eternal Feather":15,"Cursed Key":0,"obtain_stats":[{"keyreminder:keyreminder":9,"Nunchaku":26,"Gambling Chip":37,"Snecko Eye":0,"Oddly Smooth Stone":29,"Prayer Wheel":24,"Eternal Feather":28,"Toxic Egg 2":7,"Cursed Key":34,"Burning Blood":0,"Runic Cube":17},{"keyreminder:keyreminder":5,"Nunchaku":14,"Gambling Chip":22,"Snecko Eye":0,"Oddly Smooth Stone":16,"Prayer Wheel":14,"Eternal Feather":15,"Toxic Egg 2":5,"Cursed Key":19,"Burning Blood":0,"Runic Cube":9},{"keyreminder:keyreminder":18,"Nunchaku":56,"Gambling Chip":95,"Snecko Eye":0,"Oddly Smooth Stone":66,"Prayer Wheel":56,"Eternal Feather":61,"Toxic Egg 2":18,"Cursed Key":81,"Burning Blood":0,"Runic Cube":36}],"Runic Cube":[35]},"card_choices":[{"not_picked":["Warcry","Rage","Thunderclap"],"picked":"SKIP","floor":1.0},{"not_picked":["Combust","Clash"],"picked":"Headbutt","floor":2.0},{"not_picked":["Body Slam","Heavy Blade"],"picked":"Twin Strike","floor":3.0},{"not_picked":["Clash","Combust"],"picked":"Burning Pact","floor":4.0},{"not_picked":["True Grit+1","Evolve"],"picked":"Clothesline","floor":7.0},{"not_picked":["Carnage","Dropkick"],"picked":"Perfected Strike","floor":11.0},{"not_picked":["Rampage","True Grit+1"],"picked":"Shockwave+1","floor":13.0},{"not_picked":["Wild Strike","Searing Blow"],"picked":"Armaments+1","floor":14.0},{"not_picked":["Fiend Fire","Feed"],"picked":"Demon Form","floor":16.0},{"not_picked":["Body Slam","Pommel Strike"],"picked":"Armaments+1","floor":18.0},{"not_picked":["Clash","Burning Pact+1","Infernal Blade+1"],"picked":"SKIP","floor":19.0},{"not_picked":["Burning Pact+1","Combust"],"picked":"Flame Barrier+1","floor":20.0},{"not_picked":["Wild Strike","Heavy Blade+1"],"picked":"True Grit+1","floor":22.0},{"not_picked":["Flex+1","Cleave","Bloodletting+1"],"picked":"SKIP","floor":24.0},{"not_picked":["Burning Pact+1","Bloodletting+1"],"picked":"Flame Barrier+1","floor":27.0},{"not_picked":["Anger","Iron Wave","Flex+1"],"picked":"SKIP","floor":27.0},{"not_picked":["Armaments+1","Flex+1"],"picked":"Feel No Pain","floor":29.0},{"not_picked":["Searing Blow","Clothesline"],"picked":"Shrug It Off+1","floor":30},{"not_picked":["Wild Strike","Iron Wave+1"],"picked":"Shockwave+1","floor":30},{"not_picked":["Clothesline","Flex+1"],"picked":"Sentinel+1","floor":31},{"not_picked":["Burning Pact+1","Pommel Strike"],"picked":"Shrug It Off+1","floor":31},{"not_picked":["Corruption","Double Tap+1"],"picked":"Barricade","floor":33},{"not_picked":["Anger","Wild Strike+1","Shockwave+1"],"picked":"SKIP","floor":35},{"not_picked":["Iron Wave","Sever Soul","Seeing Red+1"],"picked":"SKIP","floor":35},{"not_picked":["Sword Boomerang","Wild Strike"],"picked":"Cleave","floor":36},{"not_picked":["Inflame","Wild Strike+1","Flex+1"],"picked":"SKIP","floor":36},{"not_picked":["Warcry+1","Sever Soul"],"picked":"Power Through+1","floor":37}],"player_experience":783261,"relics_obtained":[{"floor":7.0,"key":"Toxic Egg 2"},{"floor":24.0,"key":"Prayer Wheel"},{"floor":26.0,"key":"Nunchaku"},{"floor":29.0,"key":"Oddly Smooth Stone"},{"floor":37,"key":"Gambling Chip"}],"event_choices":[{"cards_removed":["Strike_R"],"damage_healed":0.0,"max_hp_gain":0.0,"max_hp_loss":0.0,"gold_gain":0.0,"event_name":"The Cleric","player_choice":"Card Removal","floor":5.0,"gold_loss":75.0,"damage_taken":0.0},{"damage_healed":0.0,"max_hp_gain":0.0,"max_hp_loss":0.0,"gold_gain":0.0,"cards_transformed":["Strike_R"],"event_name":"Living Wall","player_choice":"Change","floor":12.0,"gold_loss":0.0,"damage_taken":0.0,"cards_obtained":["Double Tap"]},{"cards_removed":["Burning Pact"],"damage_healed":63.0,"max_hp_gain":0.0,"max_hp_loss":0.0,"gold_gain":0.0,"event_name":"Bonfire Elementals","player_choice":"Offered Uncommon","floor":21.0,"gold_loss":0.0,"damage_taken":0.0},{"damage_healed":0,"gold_gain":0,"player_choice":"Fight","damage_taken":0,"max_hp_gain":0,"max_hp_loss":0,"event_name":"Mysterious Sphere","floor":37,"gold_loss":0},{"damage_healed":0,"gold_gain":0,"player_choice":"Damaged","damage_taken":11,"max_hp_gain":0,"max_hp_loss":0,"event_name":"Wheel of Change","floor":38,"gold_loss":0}],"is_beta":false,"boss_relics":[{"not_picked":["Runic Pyramid","Coffee Dripper"],"picked":"Runic Cube"},{"not_picked":["Runic Dome","Black Star"],"picked":"Cursed Key"}],"items_purged_floors":[],"is_endless":false,"potions_floor_spawned":[2,11,13,14,24,27,31,35,36],"ascension_level":20}}