{"host":"w01zow3jg16g8jdh","time":1612265809,"event":{"mods":["AchievementEnabler","BaseMod","DeckTracker","Keyboard Shortcuts","Minty Spire (QoL Compilation)","Permanent Neow","StSLib","SuperFastMode"],"gold_per_floor":[114,114,114,39,57,88,88,120,120,120,131,148,148,164,164,259,259,279,549,565,151,165,199,218,218,218,258,277,302,346,364,364,459,459,479,11,0,20,20,20,55,55,82,122,135,176,192,211,211,211,211,211,211,0,35,35],"floor_reached":57,"language":"KOR","playtime":1532,"items_purged":["Strike_G","Strike_G","Strike_G","Corpse Explosion+1"],"score":3403,"play_id":"7b904a7d-5802-4a00-aad2-5e052cd1533e","local_time":"20210202203649","is_ascension_mode":true,"campfire_choices":[{"data":"Cloak And Dagger","floor":7.0,"key":"SMITH"},{"data":"Accuracy","floor":10.0,"key":"SMITH"},{"data":"Corpse Explosion","floor":15.0,"key":"SMITH"},{"floor":25.0,"key":"REST"},{"data":"Cloak And Dagger","floor":32,"key":"SMITH"},{"data":"Venomology","floor":40,"key":"SMITH"},{"data":"Cloak And Dagger","floor":42,"key":"SMITH"},{"floor":49,"key":"RECALL"},{"data":"Tactician","floor":53,"key":"SMITH"}],"circlet_count":0,"master_deck":["AscendersBane","Strike_G","Strike_G","Defend_G","Defend_G","Defend_G+1","Defend_G+1","Survivor","Neutralize","Dagger Throw","Accuracy+1","Cloak And Dagger+1","Backflip","Tactician+1","After Image","Well Laid Plans+1","Blade Dance+1","Acrobatics+1","Envenom+1","Cloak And Dagger+1","Blade Dance+1","Venomology+1","Prepared+1","Cloak And Dagger+1","Accuracy+1","Footwork+1"],"relics":["Ring of the Snake","NeowsBlessing","Dream Catcher","Mercury Hourglass","Centennial Puzzle","Paper Crane","Golden Idol","Black Star","Incense Burner","The Specimen","CaptainsWheel","FossilizedHelix","War Paint","Frozen Egg 2","Lantern","Letter Opener","Runic Dome","Torii","Red Mask","Question Card","Calipers","Smiling Mask","Pen Nib","Pantograph","Ice Cream","Vajra","Anchor","Nunchaku","Lizard Tail"],"acts_visited":["Exordium","TheCity","TheBeyond","TheEnding"],"potions_floor_usage":[31,33,41,44,45,46,47,50,51,51,56,56,56],"damage_taken":[{"damage":0.0,"enemies":"Jaw Worm","floor":1.0,"turns":1.0},{"damage":0.0,"enemies":"Cultist","floor":5.0,"turns":1.0},{"damage":0.0,"enemies":"3 Sentries","floor":6.0,"turns":1.0},{"damage":13.0,"enemies":"Lagavulin","floor":8.0,"turns":8.0},{"damage":0.0,"enemies":"Small Slimes","floor":11.0,"turns":2.0},{"damage":0.0,"enemies":"2 Fungi Beasts","floor":12.0,"turns":2.0},{"damage":15.0,"enemies":"Gremlin Gang","floor":14.0,"turns":2.0},{"damage":0.0,"enemies":"Hexaghost","floor":16.0,"turns":9.0},{"damage":0.0,"enemies":"3 Byrds","floor":18.0,"turns":2.0},{"damage":8.0,"enemies":"Chosen","floor":20.0,"turns":6.0},{"damage":18.0,"enemies":"Snake Plant","floor":22.0,"turns":5.0},{"damage":36.0,"enemies":"Book of Stabbing","floor":23.0,"turns":6.0},{"damage":0.0,"enemies":"3 Cultists","floor":24.0,"turns":2.0},{"damage":21.0,"enemies":"Slavers","floor":27.0,"turns":2.0},{"damage":0.0,"enemies":"Centurion and Healer","floor":28.0,"turns":1.0},{"damage":0.0,"enemies":"Cultist and Chosen","floor":29.0,"turns":6.0},{"damage":0.0,"enemies":"Gremlin Leader","floor":30.0,"turns":7.0},{"damage":2,"enemies":"Snake Plant","floor":31,"turns":2},{"damage":0,"enemies":"Automaton","floor":33,"turns":7},{"damage":0,"enemies":"Orb Walker","floor":35,"turns":4},{"damage":0,"enemies":"3 Darklings","floor":38,"turns":2},{"damage":0,"enemies":"Giant Head","floor":41,"turns":6},{"damage":16,"enemies":"Reptomancer","floor":44,"turns":4},{"damage":0,"enemies":"4 Shapes","floor":45,"turns":4},{"damage":0,"enemies":"Giant Head","floor":46,"turns":5},{"damage":0,"enemies":"Writhing Mass","floor":47,"turns":4},{"damage":0,"enemies":"Spire Growth","floor":48,"turns":3},{"damage":40,"enemies":"Awakened One","floor":50,"turns":7},{"damage":10,"enemies":"Donu and Deca","floor":51,"turns":5},{"damage":0,"enemies":"Shield and Spear","floor":55,"turns":5},{"damage":35,"enemies":"The Heart","floor":56,"turns":7}],"seed_played":"8884518378864923084","potions_obtained":[{"floor":1.0,"key":"ColorlessPotion"},{"floor":6.0,"key":"GamblersBrew"},{"floor":12.0,"key":"Dexterity Potion"},{"floor":23.0,"key":"GamblersBrew"},{"floor":24.0,"key":"Poison Potion"},{"floor":28.0,"key":"LiquidMemories"},{"floor":31,"key":"Block Potion"},{"floor":45,"key":"Regen Potion"}],"is_trial":false,"path_per_floor":["M","?","T","$","M","E","R","E","T","R","M","M","?","M","R","B",null,"M","?","M","$","M","E","M","R","T","E","M","M","E","M","R","B",null,"M","$","?","M","T","R","E","R","T","E","M","E","M","M","R","B","B",null,"R","$","E","B",null],"character_chosen":"THE_SILENT","items_purchased":["Incense Burner","Torii","Anchor"],"campfire_rested":1,"item_purchase_floors":[21,36,54],"current_hp_per_floor":[59,59,59,59,59,59,59,46,46,46,46,46,46,31,31,31,53,53,26,18,18,48,12,12,30,30,9,9,9,9,7,7,7,47,47,47,47,47,47,47,47,47,47,31,31,45,45,45,45,20,35,54,54,54,54,25],"gold":35,"neow_bonus":"THREE_ENEMY_KILL","is_daily":false,"chose_seed":false,"campfire_upgraded":7,"win_rate":0.0,"timestamp":1612265809,"path_taken":["M","?","?","$","?","E","R","E","T","R","M","M","?","M","R","BOSS","M","?","?","$","M","E","?","R","T","E","M","M","E","M","R","BOSS","M","$","?","M","?","R","E","R","T","E","M","E","M","M","R","BOSS","BOSS","R","$","E","BOSS"],"items_purchased_type":["Relic","Relic","Relic"],"build_version":"2020-12-22","purchased_purges":4,"victory":true,"max_hp_per_floor":[66,66,66,66,66,66,66,66,66,66,66,66,60,60,60,60,60,60,60,60,60,60,60,60,60,60,60,60,60,60,60,60,60,60,60,60,60,60,60,60,60,60,60,60,60,60,60,60,60,60,60,60,60,60,60,60],"card_choices":[{"not_picked":["Acrobatics","Sucker Punch"],"picked":"Dagger Throw","floor":1.0},{"not_picked":["Deadly Poison","Bouncing Flask"],"picked":"Accuracy","floor":5.0},{"not_picked":["Sucker Punch","Flying Knee"],"picked":"Cloak And Dagger","floor":6.0},{"not_picked":["Blur","Leg Sweep"],"picked":"Corpse Explosion","floor":8.0},{"not_picked":["Deadly Poison","Outmaneuver"],"picked":"Backflip","floor":11.0},{"not_picked":["Eviscerate","Dash"],"picked":"Tactician","floor":12.0},{"not_picked":["Skewer","Deflect","Dagger Spray"],"picked":"SKIP","floor":14.0},{"not_picked":["Wraith Form v2","Tools of the Trade"],"picked":"After Image","floor":16.0},{"not_picked":["Deflect","Acrobatics"],"picked":"Well Laid Plans+1","floor":18.0},{"not_picked":["Dagger Spray","Prepared+1"],"picked":"Blade Dance+1","floor":20.0},{"not_picked":["Deflect","Predator","Flechettes"],"picked":"SKIP","floor":22.0},{"not_picked":["Slice","Caltrops","Heel Hook+1"],"picked":"SKIP","floor":23.0},{"not_picked":["Dodge and Roll+1","Blur","Underhanded Strike"],"picked":"SKIP","floor":24.0},{"not_picked":["Slice","Choke"],"picked":"Acrobatics+1","floor":25.0},{"not_picked":["Predator","Underhanded Strike","Setup"],"picked":"SKIP","floor":27.0},{"not_picked":["PiercingWail","Underhanded Strike"],"picked":"Envenom+1","floor":28.0},{"not_picked":["Dagger Throw","Prepared","Slice"],"picked":"SKIP","floor":29.0},{"not_picked":["Outmaneuver","PiercingWail"],"picked":"Cloak And Dagger","floor":30.0},{"not_picked":["Crippling Poison","Flechettes"],"picked":"Blade Dance+1","floor":31},{"not_picked":["Die Die Die","Phantasmal Killer"],"picked":"Venomology","floor":33},{"not_picked":["Bane","Endless Agony"],"picked":"Prepared+1","floor":35},{"not_picked":["Dagger Throw","Backflip","Blur"],"picked":"SKIP","floor":38},{"not_picked":["Outmaneuver","Dagger Throw"],"picked":"Cloak And Dagger","floor":41},{"not_picked":["Footwork+1","Unload","Distraction"],"picked":"Accuracy+1","floor":44},{"not_picked":["Calculated Gamble","Dagger Throw","Quick Slash","Terror"],"picked":"SKIP","floor":45},{"not_picked":["Predator","Blade Dance+1","Poisoned Stab","Flying Knee"],"picked":"SKIP","floor":46},{"not_picked":["Underhanded Strike+1","Acrobatics","Endless Agony","Masterful Stab"],"picked":"SKIP","floor":47},{"not_picked":["All Out Attack","Bane","Sucker Punch"],"picked":"Footwork+1","floor":48},{"not_picked":["Backflip","Crippling Poison","Eviscerate","Unload"],"picked":"SKIP","floor":55}],"player_experience":345321,"relics_obtained":[{"floor":3.0,"key":"Dream Catcher"},{"floor":6.0,"key":"Mercury Hourglass"},{"floor":8.0,"key":"Centennial Puzzle"},{"floor":9.0,"key":"Paper Crane"},{"floor":23.0,"key":"The Specimen"},{"floor":23.0,"key":"CaptainsWheel"},{"floor":26.0,"key":"FossilizedHelix"},{"floor":27.0,"key":"War Paint"},{"floor":27.0,"key":"Frozen Egg 2"},{"floor":30.0,"key":"Lantern"},{"floor":30.0,"key":"Letter Opener"},{"floor":41,"key":"Question Card"},{"floor":41,"key":"Calipers"},{"floor":43,"key":"Smiling Mask"},{"floor":44,"key":"Pen Nib"},{"floor":44,"key":"Pantograph"},{"floor":46,"key":"Ice Cream"},{"floor":46,"key":"Vajra"},{"floor":55,"key":"Nunchaku"},{"floor":55,"key":"Lizard Tail"}],"event_choices":[{"cards_removed":["Defend_G"],"damage_healed":0.0,"max_hp_gain":0.0,"max_hp_loss":0.0,"gold_gain":0.0,"event_name":"Living Wall","player_choice":"Forget","floor":2.0,"gold_loss":0.0,"damage_taken":0.0},{"damage_healed":0.0,"max_hp_gain":0.0,"max_hp_loss":6.0,"gold_gain":0.0,"event_name":"Golden Idol","player_choice":"Lose Max HP","floor":13.0,"gold_loss":0.0,"damage_taken":0.0,"relics_obtained":["Golden Idol"]},{"damage_healed":0.0,"max_hp_gain":0.0,"max_hp_loss":0.0,"gold_gain":270.0,"event_name":"Knowing Skull","player_choice":"GOLD GOLD GOLD ","floor":19.0,"potions_obtained":[],"gold_loss":0.0,"damage_taken":27.0,"cards_obtained":[]},{"damage_healed":0,"gold_gain":0,"player_choice":"Paid","damage_taken":0,"relics_obtained":["Red Mask"],"max_hp_gain":0,"max_hp_loss":0,"event_name":"Tomb of Lord Red Mask","floor":37,"gold_loss":11}],"is_beta":false,"boss_relics":[{"not_picked":["Ring of the Serpent","Busted Crown"],"picked":"Black Star"},{"not_picked":["SacredBark","Snecko Eye"],"picked":"Runic Dome"}],"items_purged_floors":[4,21,36,54],"is_endless":false,"potions_floor_spawned":[1,6,12,23,24,28,30,31,41,45,47],"ascension_level":20}}