{"host":"c3lc60y5x60jlt1y","time":1612297615,"event":{"mods":["AchievementEnabler","BaseMod","Bestiary","Colored Map","Minty Spire (QoL Compilation)","Quick Restart","StSLib","ojb\u0027s Info Mod"],"gold_per_floor":[119,44,15,31,31,31,66,66,91,126,141,173,45,95,95,171,171,181,81,81,81,81,81,81],"floor_reached":23,"language":"ENG","playtime":2205,"items_purged":["Strike_P","Strike_P"],"score":456,"play_id":"aef3172c-f5e2-4ae9-a412-36b08b36a903","local_time":"20210202222655","is_ascension_mode":true,"campfire_choices":[{"data":"BowlingBash","floor":6.0,"key":"SMITH"},{"data":"Eruption","floor":8.0,"key":"SMITH"},{"floor":15.0,"key":"REST"}],"circlet_count":0,"master_deck":["AscendersBane","Strike_P","Strike_P","Defend_P","Defend_P","Defend_P","Eruption+1","Vigilance","Meditate","BowlingBash+1","Ragnarok+1","Adaptation","Halt","MentalFortress","FlurryOfBlows","SpiritShield","Adaptation+1","Necronomicurse"],"relics":["PureWater","NeowsBlessing","Unceasing Top","HornCleat","Juzu Bracelet","Sundial","Anchor","Philosopher\u0027s Stone","Necronomicon"],"acts_visited":["Exordium","TheCity"],"potions_floor_usage":[23],"damage_taken":[{"damage":0.0,"enemies":"Small Slimes","floor":1.0,"turns":2.0},{"damage":0.0,"enemies":"Cultist","floor":4.0,"turns":1.0},{"damage":0.0,"enemies":"3 Sentries","floor":7.0,"turns":2.0},{"damage":22.0,"enemies":"Lagavulin","floor":10.0,"turns":5.0},{"damage":0.0,"enemies":"2 Louse","floor":11.0,"turns":3.0},{"damage":11.0,"enemies":"3 Sentries","floor":12.0,"turns":6.0},{"damage":27.0,"enemies":"Hexaghost","floor":16.0,"turns":8.0},{"damage":5.0,"enemies":"Chosen","floor":18.0,"turns":5.0},{"damage":29,"enemies":"Slavers","floor":23,"turns":3}],"seed_played":"2562196012916773472","potions_obtained":[{"floor":11.0,"key":"Block Potion"},{"floor":12.0,"key":"Explosive Potion"},{"floor":16.0,"key":"CultistPotion"}],"is_trial":false,"path_per_floor":["M","?","$","M","?","R","E","R","T","E","M","E","$","?","R","B",null,"M","$","?","?","?","E"],"character_chosen":"WATCHER","items_purchased":["BowlingBash","FlurryOfBlows"],"campfire_rested":1,"item_purchase_floors":[3,13],"current_hp_per_floor":[61,61,61,61,43,43,43,43,43,21,21,10,10,10,30,3,52,47,47,26,26,26,0,0],"gold":81,"neow_bonus":"THREE_ENEMY_KILL","is_daily":false,"chose_seed":false,"campfire_upgraded":2,"win_rate":0.0,"timestamp":1612297615,"path_taken":["M","?","$","M","?","R","E","R","T","E","M","E","$","?","R","BOSS","M","$","?","?","?","E"],"items_purchased_type":["Card","Card"],"build_version":"2020-12-22","purchased_purges":2,"victory":false,"max_hp_per_floor":[68,68,68,68,68,68,68,68,68,68,68,68,68,68,68,68,68,68,68,68,68,68,68,68],"card_choices":[{"not_picked":["FlurryOfBlows","Swivel"],"picked":"Meditate","floor":1.0},{"not_picked":["SashWhip","ClearTheMind","Prostrate"],"picked":"SKIP","floor":4.0},{"not_picked":["Protect","Halt"],"picked":"Ragnarok","floor":7.0},{"not_picked":["PathToVictory","BattleHymn"],"picked":"Adaptation","floor":10.0},{"not_picked":["Evaluate","Crescendo"],"picked":"Halt","floor":11.0},{"not_picked":["DeusExMachina","WaveOfTheHand"],"picked":"MentalFortress","floor":12.0},{"not_picked":["Scrawl","Alpha"],"picked":"SpiritShield","floor":16.0},{"not_picked":["EmptyFist","ClearTheMind"],"picked":"Adaptation+1","floor":18.0}],"player_experience":8928203,"relics_obtained":[{"floor":7.0,"key":"HornCleat"},{"floor":9.0,"key":"Juzu Bracelet"},{"floor":10.0,"key":"Sundial"},{"floor":12.0,"key":"Anchor"},{"floor":20.0,"key":"Necronomicon"}],"event_choices":[{"cards_removed":["Defend_P"],"damage_healed":0.0,"max_hp_gain":0.0,"max_hp_loss":0.0,"gold_gain":0.0,"event_name":"The Cleric","player_choice":"Card Removal","floor":2.0,"gold_loss":75.0,"damage_taken":0.0},{"damage_healed":0.0,"max_hp_gain":0.0,"max_hp_loss":0.0,"gold_gain":0.0,"event_name":"Scrap Ooze","player_choice":"Success","floor":5.0,"gold_loss":0.0,"damage_taken":18.0,"relics_obtained":["Unceasing Top"]},{"damage_healed":0.0,"max_hp_gain":0.0,"max_hp_loss":0.0,"gold_gain":50.0,"event_name":"Golden Shrine","player_choice":"Pray","floor":14.0,"gold_loss":0.0,"damage_taken":0.0},{"damage_healed":0.0,"max_hp_gain":0.0,"max_hp_loss":0.0,"gold_gain":0.0,"event_name":"Cursed Tome","player_choice":"Obtained Book","floor":20.0,"gold_loss":0.0,"damage_taken":21.0},{"damage_healed":0.0,"max_hp_gain":0.0,"max_hp_loss":0.0,"gold_gain":0.0,"event_name":"Vampires","player_choice":"Ignored","floor":21.0,"gold_loss":0.0,"damage_taken":0.0},{"damage_healed":0.0,"max_hp_gain":0.0,"max_hp_loss":0.0,"gold_gain":0.0,"event_name":"Accursed Blacksmith","player_choice":"Forge","floor":22.0,"gold_loss":0.0,"damage_taken":0.0,"cards_upgraded":["Ragnarok"]}],"is_beta":false,"boss_relics":[{"not_picked":["Busted Crown","Black Star"],"picked":"Philosopher\u0027s Stone"}],"items_purged_floors":[13,19],"is_endless":false,"potions_floor_spawned":[11,12,16],"killed_by":"Slavers","ascension_level":20}}