{"host":"6xsbn6ynqlzwllfm","time":1612286894,"event":{"mods":["2.2 Compatiblity","BaseMod","Bestiary","Colored Map","Colored Powertips","Curses Come First","Highlight Path","Keyboard Shortcuts","Minty Spire (QoL Compilation)","Relic Stats","Slay the Relics Exporter","StSLib","SuperFastMode"],"gold_per_floor":[119,119,132,132,147,147,185,209,209,209,233,233,277,297,297,393,393,411,411,429,453,4,44,44,44,44,44,64,64,64,64],"floor_reached":30,"language":"ENG","playtime":1134,"items_purged":["Strike_P"],"score":720,"play_id":"f65af278-dc5a-49ea-bddf-8d2c037ed958","local_time":"20210202122814","is_ascension_mode":true,"campfire_choices":[{"data":"LessonLearned","floor":6,"key":"SMITH"},{"data":"Wireheading","floor":10,"key":"SMITH"},{"data":"CutThroughFate","floor":12,"key":"SMITH"},{"data":"Blasphemy","floor":15,"key":"SMITH"},{"floor":24,"key":"REST"},{"data":"Conclude","floor":29,"key":"SMITH"}],"circlet_count":0,"master_deck":["AscendersBane","Strike_P+1","Strike_P","Strike_P+1","Defend_P+1","Defend_P","Defend_P+1","Defend_P+1","Eruption+1","Vigilance+1","ConjureBlade+1","Prostrate","BowlingBash+1","LessonLearned+1","CrushJoints+1","Perseverance","Wireheading+1","CutThroughFate+1","CarveReality+1","Blasphemy+1","Devotion+1","Conclude+1","Evaluate"],"relics":["PureWater","Golden Idol","Akabeko","Orichalcum","Gremlin Horn","Busted Crown","Singing Bowl","Medical Kit","Bronze Scales","Bag of Marbles","The Courier","Shuriken"],"acts_visited":["Exordium","TheCity"],"potions_floor_usage":[16],"damage_taken":[{"damage":0,"enemies":"2 Louse","floor":1,"turns":2},{"damage":0,"enemies":"Jaw Worm","floor":3,"turns":5},{"damage":14,"enemies":"Cultist","floor":5,"turns":6},{"damage":0,"enemies":"Lagavulin","floor":7,"turns":4},{"damage":9,"enemies":"Large Slime","floor":8,"turns":6},{"damage":4,"enemies":"Red Slaver","floor":11,"turns":6},{"damage":2,"enemies":"Gremlin Nob","floor":13,"turns":3},{"damage":1,"enemies":"Exordium Thugs","floor":14,"turns":5},{"damage":0,"enemies":"The Guardian","floor":16,"turns":6},{"damage":12,"enemies":"Chosen","floor":18,"turns":4},{"damage":15,"enemies":"Spheric Guardian","floor":20,"turns":5},{"damage":0,"enemies":"3 Cultists","floor":21,"turns":2},{"damage":0,"enemies":"Gremlin Leader","floor":23,"turns":4},{"damage":10,"enemies":"Snake Plant","floor":28,"turns":2},{"damage":47,"enemies":"Book of Stabbing","floor":30,"turns":4}],"seed_played":"3787956193569303406","potions_obtained":[{"floor":5,"key":"Swift Potion"},{"floor":7,"key":"Swift Potion"},{"floor":8,"key":"LiquidMemories"},{"floor":21,"key":"Dexterity Potion"},{"floor":23,"key":"LiquidBronze"}],"is_trial":false,"path_per_floor":["M","?","M","?","M","R","E","M","T","R","M","R","E","M","R","B",null,"M","?","M","M","$","E","R","T","T","$","M","R","E"],"character_chosen":"WATCHER","items_purchased":["Medical Kit","Bronze Scales","Conclude"],"campfire_rested":1,"item_purchase_floors":[22,22,22],"current_hp_per_floor":[61,61,61,61,47,47,47,38,38,38,34,34,32,31,31,31,54,42,42,29,31,31,31,50,50,50,50,42,42,0,0],"gold":64,"neow_bonus":"ONE_RANDOM_RARE_CARD","is_daily":false,"chose_seed":false,"campfire_upgraded":5,"win_rate":0.0,"timestamp":1612286894,"path_taken":["M","?","M","?","M","R","E","M","T","R","M","R","E","?","R","BOSS","M","?","M","?","?","E","R","?","T","$","M","R","E"],"items_purchased_type":["Relic","Relic","Card"],"build_version":"2020-12-22","purchased_purges":1,"victory":false,"max_hp_per_floor":[68,62,62,62,62,62,62,62,62,62,62,62,62,62,62,62,62,62,62,64,66,66,66,66,66,66,66,68,68,68,68],"relic_stats":{"Busted Crown":10,"Gremlin Horn":[5,5],"Singing Bowl":6,"counters":[15,64],"Golden Idol":81,"Shuriken":[1],"Bronze Scales":[45],"Orichalcum":[60],"Medical Kit":[0],"obtain_stats":[{"Busted Crown":17,"Gremlin Horn":13,"Singing Bowl":19,"Golden Idol":2,"Shuriken":26,"Bronze Scales":22,"The Courier":25,"Bag of Marbles":23,"PureWater":0,"Orichalcum":9,"Medical Kit":22,"Akabeko":7},{"Busted Crown":9,"Gremlin Horn":7,"Singing Bowl":10,"Golden Idol":1,"Shuriken":13,"Bronze Scales":12,"The Courier":13,"Bag of Marbles":13,"PureWater":0,"Orichalcum":5,"Medical Kit":12,"Akabeko":4},{"Busted Crown":43,"Gremlin Horn":32,"Singing Bowl":47,"Golden Idol":2,"Shuriken":58,"Bronze Scales":54,"The Courier":58,"Bag of Marbles":58,"PureWater":0,"Orichalcum":23,"Medical Kit":54,"Akabeko":17}]},"card_choices":[{"not_picked":["EmptyBody","WheelKick"],"picked":"Prostrate","floor":1},{"not_picked":["Protect","EmptyBody"],"picked":"BowlingBash","floor":3},{"not_picked":["Evaluate","CutThroughFate"],"picked":"CrushJoints","floor":5},{"not_picked":["DeceiveReality","Indignation"],"picked":"Perseverance","floor":7},{"not_picked":["CrushJoints","EmptyFist"],"picked":"Wireheading","floor":8},{"not_picked":["EmptyMind","JustLucky"],"picked":"CutThroughFate","floor":11},{"not_picked":["Protect","SignatureMove"],"picked":"CarveReality","floor":13},{"not_picked":["Study","SashWhip"],"picked":"Blasphemy","floor":14},{"not_picked":["SpiritShield","Ragnarok"],"picked":"Devotion","floor":16},{"not_picked":["WindmillStrike"],"picked":"Singing Bowl","floor":20},{"not_picked":["EmptyBody"],"picked":"Singing Bowl","floor":21},{"not_picked":[],"picked":"Evaluate","floor":23},{"not_picked":["FlurryOfBlows"],"picked":"Singing Bowl","floor":28}],"player_experience":1377782,"relics_obtained":[{"floor":7,"key":"Akabeko"},{"floor":9,"key":"Orichalcum"},{"floor":13,"key":"Gremlin Horn"},{"floor":23,"key":"Bag of Marbles"},{"floor":25,"key":"The Courier"},{"floor":26,"key":"Shuriken"}],"event_choices":[{"damage_healed":0,"gold_gain":0,"player_choice":"Lose Max HP","damage_taken":0,"relics_obtained":["Golden Idol"],"max_hp_gain":0,"max_hp_loss":6,"event_name":"Golden Idol","floor":2,"gold_loss":0},{"damage_healed":0,"gold_gain":0,"player_choice":"1 cards matched","damage_taken":0,"max_hp_gain":0,"max_hp_loss":0,"event_name":"Match and Keep!","floor":4,"gold_loss":0,"cards_obtained":["LessonLearned"]},{"damage_healed":0,"gold_gain":0,"player_choice":"Gave Potion","damage_taken":0,"relics_obtained":["Singing Bowl"],"max_hp_gain":0,"max_hp_loss":0,"event_name":"WeMeetAgain","floor":19,"gold_loss":0}],"is_beta":false,"boss_relics":[{"not_picked":["SacredBark","Tiny House"],"picked":"Busted Crown"}],"items_purged_floors":[22],"is_endless":false,"potions_floor_spawned":[5,7,8,21,23],"killed_by":"Book of Stabbing","ascension_level":20}}