{"host":"126yiuos2nq86se7","time":1612255510,"event":{"mods":["AchievementEnabler","Act Like it!","BaseMod","Colored Map","Colored Powertips","Friendly Minions","Highlight Path","Minty Spire (QoL Compilation)","Reimu??????","StSLib","SuperFastMode"],"gold_per_floor":[111,26,26,44,119,119,144,163,163,180,130,130,144,144,144,144,144],"floor_reached":16,"language":"ENG","playtime":468,"items_purged":[],"score":100,"play_id":"0994aac4-2fe1-4406-9104-61c69541dd63","local_time":"20210202194510","is_ascension_mode":false,"campfire_choices":[{"floor":6,"key":"REST"},{"floor":15,"key":"REST"}],"circlet_count":0,"master_deck":["Strike_P","Defend_P","Defend_P+1","Defend_P","Defend_P+1","Vigilance","MentalFortress","ReachHeaven","Evaluate","ReachHeaven","BattleHymn","Wireheading","ReachHeaven"],"relics":["PureWater","Matryoshka","Toy Ornithopter","Juzu Bracelet"],"acts_visited":["Exordium"],"potions_floor_usage":[7,16,16],"damage_taken":[{"damage":0,"enemies":"2 Louse","floor":1,"turns":4},{"damage":1,"enemies":"Jaw Worm","floor":4,"turns":10},{"damage":49,"enemies":"Lagavulin","floor":7,"turns":7},{"damage":0,"enemies":"Small Slimes","floor":8,"turns":3},{"damage":0,"enemies":"Exordium Wildlife","floor":10,"turns":6},{"damage":7,"enemies":"Gremlin Gang","floor":13,"turns":5},{"damage":32,"enemies":"Hexaghost","floor":16,"turns":14}],"seed_played":"6964953670922992497","potions_obtained":[{"floor":1,"key":"SteroidPotion"},{"floor":7,"key":"GrandPatriotsElixir:ReiMu"},{"floor":10,"key":"BottledMiracle"}],"is_trial":false,"path_per_floor":["M","$","?","M","?","R","E","M","T","M","?","?","M","?","R","B"],"character_chosen":"WATCHER","items_purchased":["ReachHeaven","Evaluate"],"campfire_rested":2,"item_purchase_floors":[2,2],"current_hp_per_floor":[65,65,52,51,40,59,10,10,10,10,10,10,3,3,22,0,0],"gold":144,"neow_bonus":"REMOVE_TWO","is_daily":false,"chose_seed":false,"campfire_upgraded":0,"win_rate":0.0,"timestamp":1612255510,"path_taken":["M","$","?","M","?","R","E","M","T","M","?","?","M","?","R","BOSS"],"items_purchased_type":["Card","Card"],"build_version":"2020-12-22","purchased_purges":0,"victory":false,"max_hp_per_floor":[65,65,65,65,65,65,65,65,65,65,65,65,65,65,65,65,65],"card_choices":[{"not_picked":["EmptyBody","Tantrum"],"picked":"MentalFortress","floor":1},{"not_picked":["Consecrate","Crescendo","TalkToTheHand"],"picked":"SKIP","floor":4},{"not_picked":["ConjureBlade","SashWhip"],"picked":"ReachHeaven","floor":7},{"not_picked":["Prostrate","FollowUp"],"picked":"BattleHymn","floor":8},{"not_picked":["Prostrate","Conclude"],"picked":"Wireheading","floor":10},{"not_picked":["SashWhip","FlurryOfBlows"],"picked":"ReachHeaven","floor":13}],"player_experience":1476809,"relics_obtained":[{"floor":7,"key":"Matryoshka"},{"floor":9,"key":"Toy Ornithopter"},{"floor":9,"key":"Juzu Bracelet"}],"event_choices":[{"damage_healed":0,"gold_gain":0,"player_choice":"Entered Light","damage_taken":13,"max_hp_gain":0,"max_hp_loss":0,"event_name":"Shining Light","floor":3,"gold_loss":0,"cards_upgraded":["Defend_P","Defend_P"]},{"damage_healed":0,"gold_gain":75,"player_choice":"Gather Gold","damage_taken":11,"max_hp_gain":0,"max_hp_loss":0,"event_name":"World of Goop","floor":5,"gold_loss":0},{"cards_removed":["Strike_P"],"damage_healed":0,"gold_gain":0,"player_choice":"Card Removal","damage_taken":0,"max_hp_gain":0,"max_hp_loss":0,"event_name":"The Cleric","floor":11,"gold_loss":50},{"cards_removed":["Strike_P"],"damage_healed":0,"gold_gain":0,"player_choice":"Forget","damage_taken":0,"max_hp_gain":0,"max_hp_loss":0,"event_name":"Living Wall","floor":12,"gold_loss":0},{"damage_healed":0,"gold_gain":0,"player_choice":"Searched \u00270\u0027 times","damage_taken":0,"max_hp_gain":0,"max_hp_loss":0,"event_name":"Dead Adventurer","floor":14,"gold_loss":0}],"is_beta":false,"boss_relics":[],"items_purged_floors":[],"is_endless":false,"potions_floor_spawned":[1,7,10],"killed_by":"Hexaghost","ascension_level":0}}