{"host":"nwd160me4iqdtr8u","time":1612290001,"event":{"mods":["AchievementEnabler","Act Like it!","BaseMod","Colored Map","DeckTracker","Keyboard Shortcuts","Minty Spire (QoL Compilation)","Quick Restart","Rare Cards Sparkle","Smile Girya","StSLib","SuperFastMode","everything is the same but u backflip on backflip"],"gold_per_floor":[116,26,26,45,45,71,90,90,90,102,132,158,95,118,130,214,226,252,264,236,248,278,290,336,348,360,372,399,40,40,58,58,58,58],"floor_reached":33,"language":"KOR","playtime":696,"items_purged":[],"score":584,"play_id":"4fa74836-0b6e-49e0-972e-e4b56be7e548","local_time":"20210203032001","is_ascension_mode":true,"campfire_choices":[{"data":"Blade Dance","floor":8.0,"key":"SMITH"},{"data":"Cloak And Dagger","floor":10.0,"key":"SMITH"},{"data":"Night Terror","floor":15.0,"key":"SMITH"},{"floor":23.0,"key":"REST"},{"floor":25.0,"key":"REST"},{"floor":27.0,"key":"REST"},{"floor":32.0,"key":"REST"}],"circlet_count":0,"master_deck":["AscendersBane","Strike_G","Defend_G","Defend_G","Defend_G","Defend_G","Defend_G","Survivor","Neutralize","Blade Dance+1","Accuracy","Crippling Poison","Cloak And Dagger+1","Calculated Gamble","Night Terror+1","Backflip","Malaise","Predator","Burst","Cloak And Dagger","Crippling Poison+1","Bouncing Flask"],"relics":["Ring of the Snake","NeowsBlessing","Pear","PreservedInsect","MawBank","Busted Crown","Orichalcum","Question Card"],"acts_visited":["Exordium","TheCity"],"potions_floor_usage":[],"damage_taken":[{"damage":0.0,"enemies":"Cultist","floor":1.0,"turns":1.0},{"damage":0.0,"enemies":"Jaw Worm","floor":4.0,"turns":1.0},{"damage":0.0,"enemies":"Lagavulin","floor":6.0,"turns":1.0},{"damage":0.0,"enemies":"2 Louse","floor":7.0,"turns":3.0},{"damage":1.0,"enemies":"2 Fungi Beasts","floor":11.0,"turns":2.0},{"damage":0.0,"enemies":"Looter","floor":12.0,"turns":3.0},{"damage":2.0,"enemies":"Blue Slaver","floor":14.0,"turns":5.0},{"damage":8.0,"enemies":"The Guardian","floor":16.0,"turns":6.0},{"damage":14.0,"enemies":"Chosen","floor":18.0,"turns":6.0},{"damage":21.0,"enemies":"2 Thieves","floor":20.0,"turns":5.0},{"damage":17.0,"enemies":"3 Cultists","floor":22.0,"turns":4.0},{"damage":34.0,"enemies":"Slavers","floor":24.0,"turns":5.0},{"damage":23.0,"enemies":"Shelled Parasite and Fungi","floor":28.0,"turns":4.0},{"damage":9.0,"enemies":"Snecko","floor":31.0,"turns":5.0},{"damage":0,"enemies":"Collector","floor":33,"turns":1}],"seed_played":"1595490755076141145","potions_obtained":[{"floor":5.0,"key":"Regen Potion"},{"floor":5.0,"key":"SmokeBomb"},{"floor":11.0,"key":"Block Potion"},{"floor":14.0,"key":"PowerPotion"},{"floor":16.0,"key":"Poison Potion"},{"floor":22.0,"key":"DuplicationPotion"},{"floor":24.0,"key":"GamblersBrew"}],"is_trial":false,"path_per_floor":["M","$","?","M","?","E","M","R","T","R","M","M","?","M","R","B",null,"M","?","M","?","M","R","E","R","T","R","M","$","?","M","R","B"],"character_chosen":"THE_SILENT","items_purchased":["Accuracy","Bouncing Flask","Question Card"],"campfire_rested":4,"item_purchase_floors":[2,29,29],"current_hp_per_floor":[59,59,43,43,43,43,43,43,43,43,42,42,42,40,40,32,65,51,51,30,30,13,35,1,23,23,45,22,22,22,13,35,35,35],"gold":58,"neow_bonus":"THREE_ENEMY_KILL","is_daily":false,"chose_seed":false,"campfire_upgraded":3,"win_rate":0.0,"timestamp":1612290001,"path_taken":["M","$","?","M","?","E","M","R","T","R","M","?","?","M","R","BOSS","M","?","M","?","M","R","E","R","T","R","M","$","?","?","R","BOSS"],"items_purchased_type":["Card","Card","Relic"],"build_version":"2020-12-22","purchased_purges":0,"victory":false,"max_hp_per_floor":[66,66,76,76,76,76,76,76,76,76,76,76,76,76,76,76,76,76,76,76,76,76,76,76,76,76,76,76,76,76,76,76,76,76],"card_choices":[{"not_picked":["Sucker Punch","Skewer"],"picked":"Blade Dance","floor":1.0},{"not_picked":["Slice","Flying Knee"],"picked":"Crippling Poison","floor":4.0},{"not_picked":["Poisoned Stab","Quick Slash"],"picked":"Cloak And Dagger","floor":6.0},{"not_picked":["Dagger Throw","Concentrate"],"picked":"Calculated Gamble","floor":7.0},{"not_picked":["Bane","Skewer","Slice"],"picked":"SKIP","floor":11.0},{"not_picked":["Outmaneuver","Quick Slash"],"picked":"Night Terror","floor":12.0},{"not_picked":["Caltrops","Quick Slash"],"picked":"Backflip","floor":14.0},{"not_picked":["Doppelganger","Unload"],"picked":"Malaise","floor":16.0},{"not_picked":["Flying Knee"],"picked":"SKIP","floor":18.0},{"not_picked":["Dodge and Roll"],"picked":"SKIP","floor":20.0},{"not_picked":[],"picked":"Cloak And Dagger","floor":22.0},{"not_picked":[],"picked":"Crippling Poison+1","floor":24.0},{"not_picked":["Riddle With Holes"],"picked":"SKIP","floor":28.0},{"not_picked":["Outmaneuver","Bouncing Flask"],"picked":"SKIP","floor":31.0}],"player_experience":380646,"relics_obtained":[{"floor":6.0,"key":"PreservedInsect"},{"floor":9.0,"key":"MawBank"},{"floor":24.0,"key":"Orichalcum"}],"event_choices":[{"damage_healed":0.0,"max_hp_gain":0.0,"max_hp_loss":0.0,"gold_gain":0.0,"event_name":"Scrap Ooze","player_choice":"Success","floor":3.0,"gold_loss":0.0,"damage_taken":26.0,"relics_obtained":["Pear"]},{"damage_healed":0.0,"max_hp_gain":0.0,"max_hp_loss":0.0,"gold_gain":0.0,"event_name":"Lab","player_choice":"Got Potions","floor":5.0,"gold_loss":0.0,"damage_taken":0.0},{"cards_removed":["Strike_G"],"damage_healed":0.0,"max_hp_gain":0.0,"max_hp_loss":0.0,"gold_gain":0.0,"event_name":"The Cleric","player_choice":"Card Removal","floor":13.0,"gold_loss":75.0,"damage_taken":0.0},{"damage_healed":0.0,"max_hp_gain":0.0,"max_hp_loss":0.0,"gold_gain":0.0,"event_name":"The Mausoleum","player_choice":"Ignored","floor":19.0,"gold_loss":0.0,"damage_taken":0.0},{"damage_healed":0.0,"max_hp_gain":0.0,"max_hp_loss":0.0,"gold_gain":0.0,"cards_transformed":["Strike_G","Strike_G"],"event_name":"Drug Dealer","player_choice":"Became Test Subject","floor":21.0,"gold_loss":0.0,"damage_taken":0.0,"cards_obtained":["Predator","Burst"]},{"cards_removed":["Strike_G"],"damage_healed":0.0,"max_hp_gain":0.0,"max_hp_loss":0.0,"gold_gain":0.0,"event_name":"Back to Basics","player_choice":"Elegance","floor":30.0,"gold_loss":0.0,"damage_taken":0.0}],"is_beta":false,"boss_relics":[{"not_picked":["Runic Dome","Sozu"],"picked":"Busted Crown"}],"items_purged_floors":[],"is_endless":false,"potions_floor_spawned":[11,12,14,16,22,24],"killed_by":"Collector","ascension_level":20}}