{"host":"tvs5yxzo65ue2qcy","time":1612267232,"event":{"mods":["BaseMod","DeckTracker","Highlight Path","Minty Spire (QoL Compilation)","Permanent Neow","Quick Restart","StSLib","SuperFastMode","everything is the same but u backflip on backflip"],"gold_per_floor":[112,112,112,128,128,128,56,56,106,106,106],"floor_reached":10,"language":"KOR","playtime":94,"items_purged":[],"score":57,"play_id":"34900cd1-1127-40a2-bca1-b195d0000a56","local_time":"20210202210032","is_ascension_mode":true,"campfire_choices":[{"data":"Survivor","floor":6,"key":"SMITH"},{"data":"Endless Agony","floor":8,"key":"SMITH"}],"circlet_count":0,"master_deck":["Strike_G","Strike_G","Strike_G","Strike_G","Strike_G+1","Defend_G","Defend_G","Defend_G","Defend_G","Defend_G","Survivor+1","Neutralize+1","Tactician+1","Dagger Spray","Endless Agony+1"],"relics":["Ring of the Snake","Ice Cream","Golden Idol","Juzu Bracelet"],"acts_visited":["Exordium"],"potions_floor_usage":[],"damage_taken":[{"damage":5,"enemies":"Small Slimes","floor":1,"turns":4},{"damage":2,"enemies":"Jaw Worm","floor":4,"turns":4},{"damage":0,"enemies":"Gremlin Nob","floor":10,"turns":1}],"seed_played":"-6707145810759536377","potions_obtained":[{"floor":1,"key":"Regen Potion"}],"is_trial":false,"path_per_floor":["M","?","?","M","?","R","$","R","T","E"],"character_chosen":"THE_SILENT","items_purchased":["Endless Agony"],"campfire_rested":0,"item_purchase_floors":[7],"current_hp_per_floor":[44,44,31,29,29,29,29,29,29,29,29],"gold":106,"neow_bonus":"ONE_RARE_RELIC","is_daily":false,"chose_seed":false,"campfire_upgraded":2,"win_rate":0.0,"timestamp":1612267232,"path_taken":["M","?","?","M","?","R","?","R","T","E"],"items_purchased_type":["Card"],"build_version":"2020-12-22","purchased_purges":0,"victory":false,"max_hp_per_floor":[70,65,65,65,65,65,65,65,65,65,65],"card_choices":[{"not_picked":["Quick Slash","Riddle With Holes"],"picked":"Tactician","floor":1},{"not_picked":["Outmaneuver","Flying Knee"],"picked":"Dagger Spray","floor":4}],"player_experience":235902,"relics_obtained":[{"floor":9,"key":"Juzu Bracelet"}],"event_choices":[{"damage_healed":0,"gold_gain":0,"player_choice":"Lose Max HP","damage_taken":0,"relics_obtained":["Golden Idol"],"max_hp_gain":0,"max_hp_loss":5,"event_name":"Golden Idol","floor":2,"gold_loss":0},{"damage_healed":0,"gold_gain":0,"player_choice":"Entered Light","damage_taken":13,"max_hp_gain":0,"max_hp_loss":0,"event_name":"Shining Light","floor":3,"gold_loss":0,"cards_upgraded":["Tactician","Strike_G"]},{"damage_healed":0,"gold_gain":0,"player_choice":"Grow","damage_taken":0,"max_hp_gain":0,"max_hp_loss":0,"event_name":"Living Wall","floor":5,"gold_loss":0,"cards_upgraded":["Neutralize"]}],"is_beta":false,"boss_relics":[],"items_purged_floors":[],"is_endless":false,"potions_floor_spawned":[1],"killed_by":"Gremlin Nob","ascension_level":1}}