{"host":"rqs2099buorjjoja","time":1612240936,"event":{"mods":["AchievementEnabler","Aspiration","BaseMod","Beaked The Cultist","Colored Powertips","Downfall","Hermit","Hubris","Infinite Spire","Jorbs\u0027s Wanderer Trilogy","Minty Spire (QoL Compilation)","Quick Restart","Rare Cards Sparkle","Replay The Spire","StSLib","The Bug Knight","The Construct","The Necromancer","The Servant 0.9.4"],"gold_per_floor":[115,115,128,144,144,144,219,219,219,230,230,207,284,303,303,303,303],"floor_reached":16,"language":"ENG","playtime":826,"items_purged":[],"score":90,"play_id":"da4b7a0b-0d21-456d-a063-30454ea9afb3","local_time":"20210201234216","is_ascension_mode":false,"campfire_choices":[{"data":"Ricochet","floor":6,"key":"SMITH"},{"floor":8,"key":"REST"},{"data":"SurpressingFire","floor":11,"key":"SMITH"},{"floor":15,"key":"DIG"}],"circlet_count":0,"master_deck":["Strike_S","Strike_S","Strike_S","Strike_S","Defend_S","Defend_S","Defend_S","Defend_S","Exchange","Ricochet+1","ReturningBlade+1","RealityMarble","FanOfKnives","SurpressingFire+1","TimeWarp","Rearm","TimeWarp","Advance"],"relics":["Uniform","NeowsBlessing","Juzu Bracelet","Pen Nib","infinitespire:Bottled Soul"],"acts_visited":["Exordium"],"potions_floor_usage":[16],"damage_taken":[{"damage":0,"enemies":"Jaw Worm","floor":1,"turns":1},{"damage":0,"enemies":"2 Louse","floor":3,"turns":2},{"damage":0,"enemies":"Cultist","floor":4,"turns":1},{"damage":10,"enemies":"Red Slaver","floor":10,"turns":4},{"damage":8,"enemies":"Blue Slaver","floor":14,"turns":4},{"damage":21,"enemies":"Hexaghost","floor":16,"turns":9}],"seed_played":"-4234376177699522471","potions_obtained":[{"floor":10,"key":"Weak Potion"}],"is_trial":false,"path_per_floor":["M","?","M","M","$","R","?","R","T","M","R","$","?","M","R","B"],"character_chosen":"THE_SERVANT","items_purchased":["TimeWarp"],"campfire_rested":1,"item_purchase_floors":[12],"current_hp_per_floor":[65,65,65,65,65,65,54,65,65,55,55,55,29,21,21,0,0],"gold":303,"neow_bonus":"THREE_ENEMY_KILL","is_daily":false,"chose_seed":false,"campfire_upgraded":2,"win_rate":0.0,"timestamp":1612240936,"path_taken":["M","?","M","M","$","R","?","R","T","M","R","$","?","M","R","BOSS"],"items_purchased_type":["Card"],"build_version":"2020-12-22","purchased_purges":0,"victory":false,"max_hp_per_floor":[65,65,65,65,65,65,65,65,65,65,65,65,65,65,65,65,65],"card_choices":[{"not_picked":["BottledTime","Alleviate"],"picked":"Ricochet","floor":1},{"not_picked":["TimeWarp","Unruled"],"picked":"RealityMarble","floor":3},{"not_picked":["BottledTime","SpecialFormula"],"picked":"FanOfKnives","floor":4},{"not_picked":["ShatteredReality","BottledTime"],"picked":"SurpressingFire","floor":10},{"not_picked":["ShatteredReality","SurpressingFire"],"picked":"Rearm","floor":13},{"not_picked":["Unruled","Replace"],"picked":"TimeWarp","floor":13},{"not_picked":["Spin","Rewind"],"picked":"Advance","floor":14}],"player_experience":196844,"relics_obtained":[{"floor":9,"key":"Juzu Bracelet"},{"floor":13,"key":"Pen Nib"},{"floor":15,"key":"infinitespire:Bottled Soul"}],"event_choices":[{"damage_healed":0,"gold_gain":75,"player_choice":"Gather Gold","damage_taken":11,"max_hp_gain":0,"max_hp_loss":0,"event_name":"World of Goop","floor":7,"gold_loss":0}],"is_beta":false,"boss_relics":[],"items_purged_floors":[],"is_endless":false,"potions_floor_spawned":[10],"killed_by":"Hexaghost","ascension_level":0}}