{"host":"ewe4oe702q4ujr6i","time":1612254163,"event":{"mods":["BaseMod","Colored Map","Colored Powertips","DeckTracker","Minty Spire (QoL Compilation)","SuperFastMode"],"gold_per_floor":[17,117,137,62,62,92,112,125,125,125,125,151,151,164,164,267,317,329,329,16,16,29,54,104,118,187,201,201,213,213,213],"floor_reached":30,"language":"KOR","playtime":1453,"items_purged":["Strike_G"],"score":285,"play_id":"ad8bbc2d-b1e3-4bd6-b064-e452ea8f56f0","local_time":"20210202172243","is_ascension_mode":false,"campfire_choices":[{"data":"Envenom","floor":10,"key":"SMITH"},{"floor":13,"key":"REST"},{"data":"Neutralize","floor":15,"key":"SMITH"},{"floor":28,"key":"REST"}],"circlet_count":0,"master_deck":["Strike_G","Strike_G+1","Strike_G+1","Defend_G","Defend_G","Defend_G","Defend_G","Defend_G","Survivor+1","Neutralize+1","Flying Knee","Envenom+1","Escape Plan","Leg Sweep","Backflip","Unload+1","Bouncing Flask","Necronomicurse","Choke+1","Escape Plan","Terror","Phantasmal Killer"],"relics":["Ring of the Snake","Shuriken","White Beast Statue","Molten Egg 2","Tiny House","Necronomicon","Bottled Tornado","Boot","Mummified Hand"],"acts_visited":["Exordium","TheCity"],"potions_floor_usage":[6,12,16,22,22,23,23,25,29,29,30],"damage_taken":[{"damage":1,"enemies":"2 Louse","floor":1,"turns":3},{"damage":0,"enemies":"Cultist","floor":3,"turns":4},{"damage":14,"enemies":"3 Sentries","floor":6,"turns":9},{"damage":0,"enemies":"Small Slimes","floor":7,"turns":3},{"damage":22,"enemies":"Exordium Thugs","floor":8,"turns":7},{"damage":32,"enemies":"Gremlin Nob","floor":12,"turns":5},{"damage":0,"enemies":"3 Louse","floor":14,"turns":5},{"damage":5,"enemies":"The Guardian","floor":16,"turns":16},{"damage":20,"enemies":"Spheric Guardian","floor":18,"turns":6},{"damage":5,"enemies":"3 Byrds","floor":22,"turns":7},{"damage":25,"enemies":"Gremlin Leader","floor":23,"turns":6},{"damage":6,"enemies":"Snecko","floor":25,"turns":3},{"damage":16,"enemies":"Shelled Parasite and Fungi","floor":27,"turns":4},{"damage":14,"enemies":"Sentry and Sphere","floor":29,"turns":4},{"damage":16,"enemies":"Slavers","floor":30,"turns":1}],"seed_played":"3283841233690527921","potions_obtained":[{"floor":3,"key":"PowerPotion"},{"floor":6,"key":"Regen Potion"},{"floor":12,"key":"Dexterity Potion"},{"floor":14,"key":"Swift Potion"},{"floor":16,"key":"PowerPotion"},{"floor":17,"key":"Fire Potion"},{"floor":22,"key":"DistilledChaos"},{"floor":23,"key":"Swift Potion"},{"floor":25,"key":"Explosive Potion"},{"floor":27,"key":"AttackPotion"},{"floor":29,"key":"Explosive Potion"}],"is_trial":false,"path_per_floor":["M","?","M","$","?","E","M","M","T","R","?","E","R","M","R","B",null,"M","?","$","?","M","E","?","M","T","M","R","M","E"],"character_chosen":"THE_SILENT","items_purchased":["Choke+1","Bottled Tornado"],"campfire_rested":2,"item_purchase_floors":[20,20],"current_hp_per_floor":[83,83,83,83,66,52,52,30,30,30,23,6,31,31,31,26,89,69,53,53,53,48,23,23,17,17,1,27,13,0,0],"gold":213,"neow_bonus":"TWENTY_PERCENT_HP_BONUS","is_daily":false,"chose_seed":false,"campfire_upgraded":2,"win_rate":0.0,"timestamp":1612254163,"path_taken":["M","?","M","?","?","E","M","M","T","R","?","E","R","M","R","BOSS","M","?","$","?","M","E","?","M","T","M","R","M","E"],"items_purchased_type":["Card","Relic"],"build_version":"2020-12-22","purchased_purges":1,"victory":false,"max_hp_per_floor":[84,84,84,84,84,84,84,84,84,84,84,84,84,84,84,84,89,89,89,89,89,89,89,89,89,89,89,89,89,89,89],"card_choices":[{"not_picked":["Slice","Dodge and Roll"],"picked":"Flying Knee","floor":1},{"not_picked":["Bane","Expertise","Dodge and Roll"],"picked":"SKIP","floor":3},{"not_picked":["Infinite Blades","Flechettes"],"picked":"Envenom","floor":6},{"not_picked":["Bane","Slice"],"picked":"Escape Plan","floor":7},{"not_picked":["Sucker Punch","Quick Slash","Calculated Gamble"],"picked":"SKIP","floor":8},{"not_picked":["All Out Attack+1","Dagger Spray+1"],"picked":"Leg Sweep","floor":12},{"not_picked":["Outmaneuver","Caltrops"],"picked":"Backflip","floor":14},{"not_picked":["Doppelganger","Bullet Time"],"picked":"Unload+1","floor":16},{"not_picked":["Slice+1","Cloak And Dagger"],"picked":"Bouncing Flask","floor":17},{"not_picked":["Deflect","Prepared","Sucker Punch+1"],"picked":"SKIP","floor":18},{"not_picked":["Dagger Spray+1","Outmaneuver"],"picked":"Escape Plan","floor":22},{"not_picked":["Noxious Fumes+1","Backstab+1"],"picked":"Terror","floor":23},{"not_picked":["Slice+1","Skewer+1","Outmaneuver"],"picked":"SKIP","floor":25},{"not_picked":["Prepared","Noxious Fumes+1"],"picked":"Phantasmal Killer","floor":27},{"not_picked":["Prepared+1","Masterful Stab+1","Deadly Poison"],"picked":"SKIP","floor":29}],"player_experience":190588,"relics_obtained":[{"floor":6,"key":"Shuriken"},{"floor":9,"key":"White Beast Statue"},{"floor":12,"key":"Molten Egg 2"},{"floor":19,"key":"Necronomicon"},{"floor":23,"key":"Boot"},{"floor":26,"key":"Mummified Hand"}],"event_choices":[{"damage_healed":0,"gold_gain":100,"player_choice":"Pray","damage_taken":0,"max_hp_gain":0,"max_hp_loss":0,"event_name":"Golden Shrine","floor":2,"gold_loss":0},{"damage_healed":0,"gold_gain":0,"player_choice":"Entered Light","damage_taken":17,"max_hp_gain":0,"max_hp_loss":0,"event_name":"Shining Light","floor":5,"gold_loss":0,"cards_upgraded":["Survivor","Strike_G"]},{"cards_removed":["Strike_G"],"damage_healed":0,"gold_gain":0,"player_choice":"Card Removal","damage_taken":7,"max_hp_gain":0,"max_hp_loss":0,"event_name":"Golden Wing","floor":11,"gold_loss":0},{"damage_healed":0,"gold_gain":0,"player_choice":"Obtained Book","damage_taken":16,"max_hp_gain":0,"max_hp_loss":0,"event_name":"Cursed Tome","floor":19,"gold_loss":0},{"damage_healed":0,"gold_gain":0,"player_choice":"Ignored","damage_taken":0,"max_hp_gain":0,"max_hp_loss":0,"event_name":"Ghosts","floor":21,"gold_loss":0},{"damage_healed":0,"gold_gain":100,"player_choice":"Bet on Murderer","damage_taken":0,"max_hp_gain":0,"max_hp_loss":0,"event_name":"The Joust","floor":24,"gold_loss":50}],"is_beta":false,"boss_relics":[{"not_picked":["Sozu","Ectoplasm"],"picked":"Tiny House"}],"items_purged_floors":[4],"is_endless":false,"potions_floor_spawned":[3,6,12,14,16,18,22,23,25,27,29],"killed_by":"Slavers","ascension_level":0}}