{"host":"q6r63elxu27obe7v","time":1612245271,"event":{"mods":["2.2 Compatiblity","AchievementEnabler","BaseMod","CapriCore","Colored Map","DeckTracker","Keyboard Shortcuts","Lobotomy","Minty Spire (QoL Compilation)","Permanent Neow","Quick Restart","Replay The Spire","StSLib","SuperFastMode","¡¼?Úª?ø«¡½REMEMod"],"gold_per_floor":[115,115,75,88,106,106,132,151,174,174,188,188,40,56,56,158,158,170,170,170,170],"floor_reached":20,"language":"KOR","playtime":1061,"items_purged":["Strike_R"],"score":225,"play_id":"3f0f5e92-0875-4e21-a3c5-04538b1eaee9","local_time":"20210202145431","is_ascension_mode":true,"campfire_choices":[{"data":"Armaments","floor":6,"key":"SMITH"},{"data":"Metallicize","floor":10,"key":"SMITH"},{"data":"Shrug It Off","floor":15,"key":"SMITH"}],"circlet_count":0,"master_deck":["Strike_R","Strike_R","Strike_R","Strike_R","Defend_R","Defend_R","Defend_R","Bash","Feed","Metallicize+1","True Grit","Armaments+1","Thunderclap","Armaments","Flex","Dropkick","Shrug It Off+1","Barricade","Exhume","Ghostly Armor"],"relics":["Burning Blood","REME_ComplimentaryCards","Blue Doll","Replay:Baseball","Black Star","Blue Candle"],"acts_visited":["Exordium","TheCity"],"potions_floor_usage":[7,8,16,16],"damage_taken":[{"damage":7,"enemies":"2 Louse","floor":1,"turns":3},{"damage":10,"enemies":"Jaw Worm","floor":4,"turns":5},{"damage":3,"enemies":"Cultist","floor":5,"turns":4},{"damage":42,"enemies":"Lagavulin","floor":7,"turns":12},{"damage":22,"enemies":"Gremlin Gang","floor":8,"turns":9},{"damage":3,"enemies":"2 Fungi Beasts","floor":11,"turns":6},{"damage":1,"enemies":"Blue Slaver","floor":14,"turns":6},{"damage":48,"enemies":"The Guardian","floor":16,"turns":21},{"damage":55,"enemies":"Chosen","floor":18,"turns":10},{"damage":55,"enemies":"3 Byrds","floor":20,"turns":5}],"seed_played":"-8981566220401567166","potions_obtained":[{"floor":3,"key":"LifebloodPotion"},{"floor":3,"key":"DistilledChaos"},{"floor":3,"key":"LiquidMemories"},{"floor":7,"key":"Elixir"},{"floor":8,"key":"Toxic Potion"}],"is_trial":false,"path_per_floor":["M","?","?","M","M","R","E","M","T","R","M","?","$","M","R","B",null,"M","T","M"],"character_chosen":"IRONCLAD","items_purchased":["Dropkick"],"campfire_rested":0,"item_purchase_floors":[13],"current_hp_per_floor":[82,87,87,83,89,89,53,41,41,41,48,48,48,56,56,14,102,53,53,0,0],"gold":170,"neow_bonus":"ONE_RANDOM_RARE_CARD","is_daily":false,"chose_seed":false,"campfire_upgraded":3,"win_rate":0.0,"timestamp":1612245271,"path_taken":["M","?","?","M","M","R","E","?","T","R","?","?","?","?","R","BOSS","M","?","M"],"items_purchased_type":["Card"],"build_version":"2020-12-22","purchased_purges":1,"victory":false,"max_hp_per_floor":[83,88,88,88,91,91,91,95,95,95,99,99,99,102,102,102,102,102,102,102,102],"card_choices":[{"not_picked":["Anger","Dual Wield"],"picked":"Metallicize","floor":1},{"not_picked":["Perfected Strike","Sword Boomerang"],"picked":"True Grit","floor":4},{"not_picked":["ReplayTheSpireMod:Limb From Limb","Metallicize"],"picked":"Armaments","floor":5},{"not_picked":["Demonic Infusion","Pommel Strike"],"picked":"Thunderclap","floor":7},{"not_picked":["Replay:Undeath\u0027s Touch","Carnage"],"picked":"Armaments","floor":8},{"not_picked":["Clash","Perfected Strike"],"picked":"Flex","floor":11},{"not_picked":["REME_Cut","Blood for Blood"],"picked":"Shrug It Off","floor":14},{"not_picked":["Immolate","Fiend Fire"],"picked":"Exhume","floor":16},{"not_picked":["Heavy Blade","Clothesline+1"],"picked":"Ghostly Armor","floor":18}],"player_experience":96804,"relics_obtained":[{"floor":7,"key":"Blue Doll"},{"floor":9,"key":"Replay:Baseball"},{"floor":19,"key":"Blue Candle"}],"event_choices":[{"damage_healed":0,"gold_gain":0,"player_choice":"Donut","damage_taken":0,"max_hp_gain":5,"max_hp_loss":0,"event_name":"Big Fish","floor":2,"gold_loss":0},{"damage_healed":0,"gold_gain":0,"player_choice":"Bought 3 Potions","damage_taken":0,"max_hp_gain":0,"max_hp_loss":0,"event_name":"The Woman in Blue","floor":3,"gold_loss":0}],"is_beta":false,"boss_relics":[{"not_picked":["Busted Crown","Kintsugi"],"picked":"Black Star"}],"items_purged_floors":[13],"is_endless":false,"potions_floor_spawned":[4,5,7,8],"killed_by":"3 Byrds","ascension_level":3}}