{"host":"nyffms3wv8okr3l3","time":1612308120,"event":{"mods":["Astrologer","Bard","BaseMod","Beaked The Cultist","Bestiary","BetterRewards","Colored Powertips","Downfall","Fiend Mod","Gremlin Mod","Hermit","Hubris","Hunter ??","Infinite Spire","Marisa????????","Minty Spire (QoL Compilation)","Replay The Spire","SOS???????","StSLib","Synergy Search","The Forsaken"],"gold_per_floor":[114,129,129,144,159,159,159,174,174,204,204,54,69,84,84,184,184,199,199,199,214,229,229,229],"floor_reached":23,"language":"ENG","playtime":979,"items_purged":[],"score":195,"play_id":"99f098b7-001e-4a6f-9e6e-5659a815996a","local_time":"20210202212200","daily_mods":["SealedDeck","Uncertain Future","Lethality"],"is_ascension_mode":false,"campfire_choices":[{"floor":6,"key":"REST"},{"floor":11,"key":"REST"},{"data":"Flex","floor":15,"key":"SMITH"}],"circlet_count":0,"master_deck":["Rupture","Seeing Red","Anger","Iron Wave","Bloodletting","Disarm","Rampage","Rage","Twin Strike","Flex+1","Perfected Strike","Clash","Clothesline","Sword Boomerang","Hemokinesis","Whirlwind","Uppercut","Thunderclap","Impervious","Cleave+1","Flame Barrier","Clash+1","Blood for Blood"],"relics":["Burning Blood","hubris:Icosahedron","Slimebound:PreparedRelic","Kunai","hubris:ChampionShield","Red Mask"],"acts_visited":["Exordium","TheCity"],"potions_floor_usage":[10,16,16],"damage_taken":[{"damage":0,"enemies":"infinitespire:Voidling","floor":1,"turns":3},{"damage":16,"enemies":"Small Slimes","floor":2,"turns":3},{"damage":0,"enemies":"2 Louse","floor":4,"turns":1},{"damage":19,"enemies":"Blue Slaver","floor":5,"turns":3},{"damage":12,"enemies":"Looter","floor":8,"turns":2},{"damage":22,"enemies":"Lagavulin","floor":10,"turns":3},{"damage":5,"enemies":"Exordium Thugs","floor":13,"turns":2},{"damage":12,"enemies":"Exordium Wildlife","floor":14,"turns":2},{"damage":28,"enemies":"Hexaghost","floor":16,"turns":5},{"damage":16,"enemies":"Shell Parasite","floor":18,"turns":3},{"damage":16,"enemies":"Masked Bandits","floor":20,"turns":3},{"damage":5,"enemies":"3 Byrds","floor":21,"turns":3},{"damage":26,"enemies":"Snecko","floor":22,"turns":5},{"damage":44,"enemies":"Nightmare","floor":23,"turns":5}],"seed_played":"-9070903199233054170","potions_obtained":[{"floor":1,"key":"Languid Potion"},{"floor":4,"key":"SneckoOil"},{"floor":8,"key":"DuplicationPotion"},{"floor":10,"key":"HeartOfIron"},{"floor":18,"key":"sneckomod:MuddlingPotion"},{"floor":22,"key":"Explosive Potion"}],"is_trial":false,"path_per_floor":["M","M","?","M","M","R","?","M","T","E","R","$","M","M","R","B",null,"M","?","?","M","M","NM"],"character_chosen":"IRONCLAD","items_purchased":["hubris:ChampionShield"],"campfire_rested":2,"item_purchase_floors":[12],"current_hp_per_floor":[80,70,70,76,63,80,80,74,74,58,80,80,80,74,74,52,80,70,70,60,61,41,0,0],"gold":229,"neow_bonus":"","is_daily":true,"chose_seed":false,"campfire_upgraded":1,"win_rate":0.0,"timestamp":1612308120,"path_taken":["M","?","?","M","M","R","?","M","T","E","R","$","M","M","R","BOSS","M","?","?","M","M","NM"],"items_purchased_type":["Relic"],"build_version":"2020-12-22","purchased_purges":0,"victory":false,"max_hp_per_floor":[80,80,80,80,80,80,80,80,80,80,80,80,80,80,80,80,80,80,80,80,80,80,80,80],"card_choices":[{"not_picked":["Replay:Undeath\u0027s Touch","Pommel Strike"],"picked":"Perfected Strike","floor":1},{"not_picked":["hubris:ReadiedAction","Flame Barrier"],"picked":"Clash","floor":2},{"not_picked":["Twin Strike","Corruption"],"picked":"Clothesline","floor":4},{"not_picked":["Body Slam","True Grit"],"picked":"Sword Boomerang","floor":5},{"not_picked":["hubris:ReadiedAction","hubris:SharpeningStone"],"picked":"Hemokinesis","floor":8},{"not_picked":["Fire Breathing","Anger"],"picked":"Whirlwind","floor":10},{"not_picked":["hubris:SharpeningStone","ReplayTheSpireMod:Corrosion Curse"],"picked":"Uppercut","floor":13},{"not_picked":["Fire Breathing","Run Through"],"picked":"Thunderclap","floor":14},{"not_picked":["Brutality","Hemogenesis"],"picked":"Impervious","floor":16},{"not_picked":["Headbutt","Perfected Strike+1"],"picked":"Cleave+1","floor":18},{"not_picked":["Combust","Seeing Red"],"picked":"Flame Barrier","floor":20},{"not_picked":["Sword Boomerang","ReplayTheSpireMod:Strike From Hell"],"picked":"Clash+1","floor":21},{"not_picked":["Clash+1","Bloodletting"],"picked":"Blood for Blood","floor":22}],"player_experience":66244,"relics_obtained":[{"floor":9,"key":"Slimebound:PreparedRelic"},{"floor":10,"key":"Kunai"},{"floor":20,"key":"Red Mask"}],"event_choices":[{"damage_healed":0,"gold_gain":0,"player_choice":"Ignored","damage_taken":0,"max_hp_gain":0,"max_hp_loss":0,"event_name":"Shining Light","floor":3,"gold_loss":0},{"damage_healed":0,"gold_gain":0,"player_choice":"Fought Bandits","damage_taken":0,"max_hp_gain":0,"max_hp_loss":0,"event_name":"Masked Bandits","floor":20,"gold_loss":0}],"is_beta":false,"boss_relics":[{"not_picked":["Runic Pyramid","Snecko Eye","hubris:GrandSneckoEye"]}],"items_purged_floors":[],"is_endless":false,"potions_floor_spawned":[1,4,8,10,14,18,22],"killed_by":"Nightmare","ascension_level":0}}