{"host":"og6lam4kt3nibbw0","time":1612289388,"event":{"mods":["AchievementEnabler","BaseMod","Colored Map","DeckTracker","Highlight Path","Keyboard Shortcuts","Minty Spire (QoL Compilation)","Permanent Neow","Quick Restart","StSLib","SuperFastMode"],"gold_per_floor":[113,126,126,145,45,76,76,95,119,152,152,152,167,180,180,180,180],"floor_reached":16,"language":"KOR","playtime":438,"items_purged":["Writhe"],"score":224,"play_id":"77611238-67e0-4d9e-8568-2096e1ff3418","local_time":"20210203030948","is_ascension_mode":true,"campfire_choices":[{"data":"Coolheaded","floor":7,"key":"SMITH"},{"floor":15,"key":"REST"}],"circlet_count":0,"master_deck":["AscendersBane","Strike_B","Strike_B","Strike_B","Defend_B","Defend_B","Defend_B","Defend_B","Zap","Dualcast","Panache","Streamline","Turbo","Coolheaded+1","Ball Lightning","BootSequence","Sweeping Beam","Reboot"],"relics":["Cracked Core","Toy Ornithopter","Dream Catcher","Strawberry"],"acts_visited":["Exordium"],"potions_floor_usage":[10,16],"damage_taken":[{"damage":4,"enemies":"2 Louse","floor":1,"turns":3},{"damage":2,"enemies":"Cultist","floor":2,"turns":4},{"damage":15,"enemies":"Small Slimes","floor":4,"turns":3},{"damage":25,"enemies":"Lagavulin","floor":6,"turns":5},{"damage":1,"enemies":"Looter","floor":8,"turns":2},{"damage":11,"enemies":"Gremlin Nob","floor":10,"turns":3},{"damage":2,"enemies":"Exordium Thugs","floor":13,"turns":3},{"damage":0,"enemies":"2 Fungi Beasts","floor":14,"turns":3},{"damage":62,"enemies":"Slime Boss","floor":16,"turns":8}],"seed_played":"-2279866551716075277","potions_obtained":[{"floor":2,"key":"DistilledChaos"},{"floor":3,"key":"Explosive Potion"},{"floor":8,"key":"Regen Potion"},{"floor":14,"key":"LiquidBronze"}],"is_trial":false,"path_per_floor":["M","M","?","M","$","E","R","M","T","E","?","?","M","M","R","B"],"character_chosen":"DEFECT","items_purchased":["Ball Lightning"],"campfire_rested":1,"item_purchase_floors":[5],"current_hp_per_floor":[60,58,58,43,43,18,18,17,17,18,18,18,16,16,39,0,0],"gold":180,"neow_bonus":"RANDOM_COLORLESS_2","is_daily":false,"chose_seed":false,"campfire_upgraded":1,"win_rate":0.0,"timestamp":1612289388,"path_taken":["M","M","?","?","$","E","R","M","T","E","?","?","M","M","R","BOSS"],"items_purchased_type":["Card"],"build_version":"2020-12-22","purchased_purges":1,"victory":false,"max_hp_per_floor":[71,71,71,71,71,71,71,71,71,78,78,78,78,78,78,78,78],"card_choices":[{"not_picked":["Metamorphosis","Violence"],"picked":"Panache","floor":0},{"not_picked":["Chaos","BootSequence"],"picked":"Streamline","floor":1},{"not_picked":["Cold Snap","Barrage"],"picked":"Turbo","floor":2},{"not_picked":["Cold Snap","Compile Driver"],"picked":"Coolheaded","floor":4},{"not_picked":["Stack","Ball Lightning"],"picked":"BootSequence","floor":6},{"not_picked":["Steam","Tempest"],"picked":"Sweeping Beam","floor":8},{"not_picked":["Lockon","Double Energy"],"picked":"Reboot","floor":10},{"not_picked":["Barrage","Redo","Loop"],"picked":"SKIP","floor":13},{"not_picked":["Beam Cell","Sweeping Beam","Cold Snap"],"picked":"SKIP","floor":14}],"player_experience":978780,"relics_obtained":[{"floor":6,"key":"Toy Ornithopter"},{"floor":9,"key":"Dream Catcher"},{"floor":10,"key":"Strawberry"}],"event_choices":[{"damage_healed":0,"gold_gain":0,"player_choice":"Got Potions","damage_taken":0,"max_hp_gain":0,"max_hp_loss":0,"event_name":"Lab","floor":3,"gold_loss":0},{"damage_healed":0,"gold_gain":0,"player_choice":"Fled","damage_taken":0,"max_hp_gain":0,"max_hp_loss":0,"event_name":"Scrap Ooze","floor":11,"gold_loss":0},{"cards_removed":["Strike_B"],"damage_healed":0,"gold_gain":0,"player_choice":"Purged","damage_taken":0,"max_hp_gain":0,"max_hp_loss":0,"event_name":"Purifier","floor":12,"gold_loss":0}],"is_beta":false,"boss_relics":[],"items_purged_floors":[5],"is_endless":false,"potions_floor_spawned":[2,8,14],"killed_by":"Slime Boss","ascension_level":20}}