{"host":"n8m0so6y44v0klfv","time":1612232647,"event":{"mods":["BaseMod","Colored Map","Downfall","Minty Spire (QoL Compilation)","StSLib"],"gold_per_floor":[99,118,136,136,150,53,53,53,38,69,69,97,97,112,127,127,127,127],"floor_reached":16,"language":"ENG","playtime":861,"items_purged":[],"score":135,"play_id":"9c8ef1bd-4885-4f85-bf46-c4f9023e9372","local_time":"20210201212407","is_ascension_mode":false,"campfire_choices":[{"data":"bronze:Replicate","floor":1,"key":"SMITH"},{"data":"bronze:ClassDefault","floor":8,"key":"SMITH"},{"data":"bronze:Boost","floor":13,"key":"SMITH"}],"circlet_count":0,"master_deck":["bronze:Strike","bronze:Strike","bronze:Strike","bronze:Strike","bronze:Defend","bronze:Defend","bronze:Defend","bronze:Defend","bronze:Replicate+1","bronze:Goto","bronze:Fortify","bronze:Flail","bronze:WhirlingStrike","bronze:Boost+1","bronze:ClassDefault+1","bronze:ForLoop","bronze:ThunderWave","bronze:Repair"],"relics":["bronze:BronzeCore","Mango","Centennial Puzzle"],"acts_visited":["Exordium"],"potions_floor_usage":[12,16],"damage_taken":[{"damage":2,"enemies":"Small Slimes","floor":2,"turns":4},{"damage":0,"enemies":"Cultist","floor":3,"turns":3},{"damage":7,"enemies":"2 Louse","floor":5,"turns":2},{"damage":0,"enemies":"downfall:FleeingMerchant","floor":6,"turns":4},{"damage":5,"enemies":"downfall:FleeingMerchant","floor":9,"turns":4},{"damage":19,"enemies":"Gremlin Nob","floor":10,"turns":4},{"damage":20,"enemies":"3 Sentries","floor":12,"turns":5},{"damage":7,"enemies":"Gremlin Gang","floor":14,"turns":2},{"damage":10,"enemies":"3 Louse","floor":15,"turns":3},{"damage":29,"enemies":"SI_SHIV_ARCHETYPE","floor":16,"turns":7}],"seed_played":"-3380670561414268885","potions_obtained":[{"floor":4,"key":"Fire Potion"},{"floor":4,"key":"Dexterity Potion"},{"floor":4,"key":"bronze:CleanCodePotion"},{"floor":10,"key":"champ:CounterPotion"},{"floor":12,"key":"PowerPotion"}],"is_trial":false,"path_per_floor":["R","M","M","?","M","$","T","R","$","E","?","E","R","M","M","B"],"character_chosen":"THE_AUTOMATON","items_purchased":["bronze:ClassDefault"],"campfire_rested":0,"item_purchase_floors":[6],"current_hp_per_floor":[77,75,75,75,68,68,68,68,63,58,58,38,38,31,21,0,0,0],"gold":127,"neow_bonus":"TEN_PERCENT_HP_BONUS","is_daily":false,"chose_seed":false,"campfire_upgraded":3,"win_rate":0.0,"timestamp":1612232647,"path_taken":["R","M","M","?","?","$","T","R","$","E","?","E","R","?","M","BOSS"],"items_purchased_type":["Card"],"build_version":"2020-12-22","purchased_purges":0,"victory":false,"max_hp_per_floor":[77,77,77,77,77,77,77,77,77,91,91,91,91,91,91,91,91,91],"card_choices":[{"not_picked":["bronze:Iterate","bronze:DelayedSlice"],"picked":"bronze:Fortify","floor":2},{"not_picked":["bronze:Turbo","bronze:CloningBeam"],"picked":"bronze:Flail","floor":3},{"not_picked":["bronze:Optimize","bronze:Turbo"],"picked":"bronze:WhirlingStrike","floor":5},{"not_picked":["bronze:CloningBeam","bronze:CutThrough"],"picked":"bronze:Boost","floor":6},{"not_picked":["bronze:Deprecate","bronze:DelayedGuard"],"picked":"bronze:ForLoop","floor":9},{"not_picked":["bronze:ClassDefault","bronze:BuggyMess"],"picked":"bronze:ThunderWave","floor":10},{"not_picked":["bronze:ForceShield","bronze:OilSpill","bronze:Frontload"],"picked":"SKIP","floor":12},{"not_picked":["bronze:Overheat","bronze:Invalidate","bronze:Branch"],"picked":"SKIP","floor":14},{"not_picked":["bronze:BuggyMess","bronze:Overheat"],"picked":"bronze:Repair","floor":15}],"player_experience":509619,"relics_obtained":[{"floor":10,"key":"Mango"},{"floor":12,"key":"Centennial Puzzle"}],"event_choices":[{"damage_healed":0,"gold_gain":0,"player_choice":"Got Potions","damage_taken":0,"max_hp_gain":0,"max_hp_loss":0,"event_name":"Lab","floor":4,"gold_loss":0},{"damage_healed":0,"gold_gain":0,"player_choice":"Ignored","damage_taken":0,"max_hp_gain":0,"max_hp_loss":0,"event_name":"NoteForYourself","floor":11,"gold_loss":0}],"is_beta":false,"boss_relics":[],"items_purged_floors":[],"is_endless":false,"potions_floor_spawned":[10,12,15],"killed_by":"SI_SHIV_ARCHETYPE","ascension_level":0}}