{"host":"0ocwgedykyfst4vb","time":1612239066,"event":{"mods":["AchievementEnabler","BaseMod","Colored Map","Colored Powertips","Downfall","Marisa£®ÏF”Í°°ƒß¿Ì…≥£©","Minty Spire (QoL Compilation)","Quick Restart","Reliquary","Remilia£®¿Ÿ√◊¿Ú—«£©","Replay The Spire","Shop Mod","StSLib","The Bug Knight","The Cursed","The Servant 0.9.4"],"gold_per_floor":[116,391,411,336,53,83,83,127,150,55,110,110,137,171,171,271,271,318,372,372,372,384,424,424,467,467,467,467,467,467,481,756,830,830,850,875,890,906,320,320,337,372,372,7,7,7,75,103,115,27],"floor_reached":51,"language":"ZHS","playtime":5581,"items_purged":["downfall:Bewildered","Regret"],"score":1604,"play_id":"2be534e2-3d94-4ad5-b9f3-6d6c478db57b","local_time":"20210202121106","is_ascension_mode":true,"campfire_choices":[{"floor":12.0,"key":"REST"},{"floor":15.0,"key":"REST"},{"floor":24.0,"key":"REST"},{"floor":27.0,"key":"REST"},{"data":"CollectingQuirk","floor":40.0,"key":"SMITH"},{"data":"EarthLightRay","floor":46.0,"key":"SMITH"},{"data":"Singularity","floor":49,"key":"SMITH"}],"circlet_count":0,"master_deck":["AscendersBane","Strike_MRS","Strike_MRS","Strike_MRS","Defend_MRS","Defend_MRS","Defend_MRS","MasterSpark","UpSweep","SporeBomb","UltimateShortwave","WitchOfGreed","StarlightTyphoon","StarlightTyphoon","Robbery","PowerUp","Discovery","UnstableBomb","WitchLeyline","GrandCross","MysteriousBeam","CollectingQuirk+1","DC+1","GalacticHalo","ChargingUp","EarthLightRay+1","Overencumbered","SatelliteIllusion+1","Occultation","TreasureHunter+1","SporeBomb","MagicChant","6A+1","Singularity+1","ShootTheMoon+1","GasGiant","StarlightTyphoon+1","Looming Evil","Decay","Doubt","Spreading Infection","EventHorizon+1","FairyDestructionRay+1"],"relics":["MiniHakkero","NeowsBlessing","Boot","ReplayTheSpireMod:Lightbulb","reliquary:PartyBalloon","Regal Pillow","Tiny Chest","Juzu Bracelet","reliquary:TuningFork","Black Star","Toy Ornithopter","Snack Pack","reliquary:NewFriend","Replay:Bottled Steam","Nloth\u0027s Gift","downfall:ExtraCursedKey","Lantern","ExperimentalFamiliar","MerchantsRug","ReplayTheSpireMod:TigerMarble","Bag of Marbles","Centennial Puzzle","Medical Kit","InkBottle","AntiCross","ReplayFunnel","MawBank"],"acts_visited":["Exordium","TheCity","TheBeyond"],"potions_floor_usage":[50,50],"damage_taken":[{"damage":0.0,"enemies":"Small Slimes","floor":1.0,"turns":1.0},{"damage":0.0,"enemies":"Cultist","floor":3.0,"turns":1.0},{"damage":0.0,"enemies":"3 Sentries","floor":6.0,"turns":1.0},{"damage":20.0,"enemies":"Lagavulin","floor":8.0,"turns":5.0},{"damage":30.0,"enemies":"3 Sentries","floor":11.0,"turns":4.0},{"damage":0.0,"enemies":"Gremlin Nob","floor":13.0,"turns":3.0},{"damage":60.0,"enemies":"Fading Forest","floor":16.0,"turns":11.0},{"damage":22.0,"enemies":"2 Thieves","floor":18.0,"turns":3.0},{"damage":0.0,"enemies":"Spheric Guardian","floor":22.0,"turns":2.0},{"damage":30.0,"enemies":"Gremlin Leader","floor":23.0,"turns":4.0},{"damage":46.0,"enemies":"Slavers","floor":25.0,"turns":4.0},{"damage":22.0,"enemies":"Centurion and Healer","floor":31.0,"turns":4.0},{"damage":40.0,"enemies":"Collector","floor":33.0,"turns":5.0},{"damage":6.0,"enemies":"Orb Walker","floor":35.0,"turns":2.0},{"damage":0.0,"enemies":"3 Shapes","floor":36.0,"turns":2.0},{"damage":0.0,"enemies":"Spire Growth","floor":37.0,"turns":2.0},{"damage":2.0,"enemies":"4 Shapes","floor":38.0,"turns":2.0},{"damage":25.0,"enemies":"3 Darklings","floor":41.0,"turns":4.0},{"damage":10.0,"enemies":"Jaw Worm Horde","floor":42.0,"turns":3.0},{"damage":3.0,"enemies":"Giant Head","floor":47.0,"turns":4.0},{"damage":1,"enemies":"Transient","floor":48,"turns":5},{"damage":41,"enemies":"Awakened One","floor":50,"turns":5}],"seed_played":"-522116762878127056","potions_obtained":[{"floor":3.0,"key":"Adrenaline Potion"},{"floor":6.0,"key":"FearPotion"},{"floor":8.0,"key":"Toxic Potion"},{"floor":8.0,"key":"Adrenaline Potion"},{"floor":11.0,"key":"LifebloodPotion"},{"floor":14.0,"key":"ShroomBrew"},{"floor":16.0,"key":"Fire Potion"},{"floor":16.0,"key":"SteroidPotion"},{"floor":25.0,"key":"FearPotion"},{"floor":31.0,"key":"bronze:BurnAndBuffPotion"},{"floor":35.0,"key":"SkillPotion"},{"floor":36.0,"key":"SkillPotion"},{"floor":38.0,"key":"SpeedPotion"},{"floor":41.0,"key":"Fire Potion"},{"floor":42.0,"key":"SkillPotion"},{"floor":47.0,"key":"Slimebound:ThreeZeroPotion"},{"floor":47.0,"key":"Reflective Coating"}],"is_trial":false,"path_per_floor":["M","?","M","?","$","E","?","E","T","$","E","R","E","?","R","B",null,"M","T","?","T","M","E","R","E","T","R","?","?","?","M","R_BF","B",null,"M","M","M","M","$","R","M","M","T","$","T","R","E","M","R","B",null],"character_chosen":"MARISA","items_purchased":["WitchOfGreed","Boot","StarlightTyphoon","Discovery","MerchantsRug","ShootTheMoon+1","Guide Book","ReplayTheSpireMod:TigerMarble","Centennial Puzzle","Medical Kit"],"campfire_rested":4,"item_purchase_floors":[5,5,5,10,39,39,39,39,44,44],"current_hp_per_floor":[63,63,63,63,63,63,63,43,43,43,13,49,49,21,57,5,54,32,32,32,42,42,12,51,9,9,48,48,48,48,35,35,14,64,60,62,76,80,80,80,61,59,59,59,59,59,65,79,79,53],"gold":39,"neow_bonus":"THREE_ENEMY_KILL","is_daily":false,"chose_seed":false,"campfire_upgraded":3,"win_rate":0.0,"timestamp":1612239066,"path_taken":["M","?","?","?","$","E","?","E","T","$","E","R","E","?","R","BOSS","M","?","?","?","M","E","R","E","T","R","?","?","?","M","R_BF","BOSS","M","M","M","M","$","R","M","M","T","$","?","R","E","M","R","BOSS"],"items_purchased_type":["Card","Relic","Card","Card","Relic","Card","Relic","Relic","Relic","Relic"],"build_version":"2020-12-22","purchased_purges":2,"victory":true,"max_hp_per_floor":[70,70,70,70,70,70,70,70,70,70,70,70,70,70,70,70,70,70,70,70,80,80,80,80,80,80,80,80,80,80,80,80,80,80,80,80,80,80,80,80,80,80,80,80,80,80,80,80,80,80],"card_choices":[{"not_picked":["GalacticHalo","OrrerysSun"],"picked":"SporeBomb","floor":1.0},{"not_picked":["SporeBomb","DarkSpark"],"picked":"UltimateShortwave","floor":3.0},{"not_picked":["OpenUniverse","LuminesStrike"],"picked":"Robbery","floor":6.0},{"not_picked":["MilkyWay","LuminesStrike"],"picked":"PowerUp","floor":8.0},{"not_picked":["GalacticHalo","EnergyFlow"],"picked":"UnstableBomb","floor":11.0},{"not_picked":["GrandCross","GasGiant"],"picked":"WitchLeyline","floor":13.0},{"not_picked":["LuminesStrike","Occultation"],"picked":"GrandCross","floor":14.0},{"not_picked":["NonDirectionalLaser","GalacticHalo"],"picked":"MysteriousBeam","floor":14.0},{"not_picked":["BigCrunch","CasketOfStar"],"picked":"CollectingQuirk","floor":16.0},{"not_picked":["GravityBeat","AlicesGift"],"picked":"DC+1","floor":18.0},{"not_picked":["MeteoricShower","StarBarrage"],"picked":"GalacticHalo","floor":22.0},{"not_picked":["ShootTheMoon","WitchOfGreed"],"picked":"ChargingUp","floor":23.0},{"not_picked":["LuminesStrike","DoubleSpark"],"picked":"EarthLightRay","floor":25.0},{"not_picked":["UltimateShortwave","GravityBeat"],"picked":"Occultation","floor":31.0},{"not_picked":["EscapeVelocity","BigCrunch"],"picked":"TreasureHunter","floor":33.0},{"not_picked":["MeteoricShower","AsteroidBelt"],"picked":"SporeBomb","floor":35.0},{"not_picked":["PulseMagic","LuminesStrike+1"],"picked":"MagicChant","floor":36.0},{"not_picked":["Acceleration","LuminesStrike"],"picked":"6A+1","floor":37.0},{"not_picked":["6A+1","LuminesStrike"],"picked":"Singularity","floor":38.0},{"not_picked":["Acceleration","StarlightTyphoon"],"picked":"GasGiant","floor":41.0},{"not_picked":["DC+1","AsteroidBelt+1"],"picked":"StarlightTyphoon+1","floor":42.0},{"not_picked":["UltimateShortwave","LuminesStrike"],"picked":"EventHorizon+1","floor":47.0},{"not_picked":["PowerUp","NonDirectionalLaser+1"],"picked":"FairyDestructionRay+1","floor":48}],"player_experience":218753,"relics_obtained":[{"floor":6.0,"key":"ReplayTheSpireMod:Lightbulb"},{"floor":8.0,"key":"reliquary:PartyBalloon"},{"floor":9.0,"key":"Regal Pillow"},{"floor":11.0,"key":"Tiny Chest"},{"floor":13.0,"key":"Juzu Bracelet"},{"floor":14.0,"key":"reliquary:TuningFork"},{"floor":19.0,"key":"Toy Ornithopter"},{"floor":21.0,"key":"Pear"},{"floor":23.0,"key":"Snack Pack"},{"floor":23.0,"key":"reliquary:NewFriend"},{"floor":25.0,"key":"ScarletDevilRocket"},{"floor":25.0,"key":"reliquary:PurpleTingedLeaf"},{"floor":26.0,"key":"Replay:Bottled Steam"},{"floor":43.0,"key":"Bag of Marbles"},{"floor":45.0,"key":"InkBottle"},{"floor":47.0,"key":"AntiCross"},{"floor":47.0,"key":"ReplayFunnel"},{"floor":47.0,"key":"MawBank"}],"event_choices":[{"damage_healed":0.0,"max_hp_gain":0.0,"max_hp_loss":0.0,"gold_gain":275.0,"event_name":"Golden Shrine","player_choice":"Desecrate","floor":2.0,"gold_loss":0.0,"damage_taken":0.0,"cards_obtained":["Regret"]},{"cards_removed":["Regret"],"damage_healed":0.0,"max_hp_gain":0.0,"max_hp_loss":0.0,"gold_gain":0.0,"event_name":"The Cleric","player_choice":"Card Removal","floor":4.0,"gold_loss":75.0,"damage_taken":0.0},{"cards_removed":["Defend_MRS"],"damage_healed":0.0,"max_hp_gain":0.0,"max_hp_loss":0.0,"gold_gain":0.0,"event_name":"Bonfire Elementals","player_choice":"Offered Basic","floor":7.0,"gold_loss":0.0,"damage_taken":0.0},{"cards_removed":["Strike_MRS"],"damage_healed":0.0,"max_hp_gain":0.0,"max_hp_loss":0.0,"gold_gain":0.0,"event_name":"Wheel of Change","player_choice":"Card Removal","floor":20.0,"gold_loss":0.0,"damage_taken":0.0},{"damage_healed":0.0,"max_hp_gain":0.0,"max_hp_loss":0.0,"gold_gain":0.0,"event_name":"N\u0027loth","player_choice":"Traded Relic","floor":28.0,"relics_lost":["reliquary:PurpleTingedLeaf"],"gold_loss":0.0,"damage_taken":0.0,"relics_obtained":["Nloth\u0027s Gift"]},{"damage_healed":0.0,"max_hp_gain":0.0,"max_hp_loss":0.0,"gold_gain":275.0,"event_name":"Golden Shrine","player_choice":"Desecrate","floor":32.0,"gold_loss":0.0,"damage_taken":0.0,"cards_obtained":["Regret"]}],"is_beta":false,"boss_relics":[{"not_picked":["Ectoplasm","ChewingGum"],"picked":"Black Star"},{"not_picked":["reliquary:Ember","ReplayTheSpireMod:DimensionalGlitch"],"picked":"ExperimentalFamiliar"}],"items_purged_floors":[39,44],"is_endless":false,"potions_floor_spawned":[3,6,8,16,25,31,35,38,41,47,48],"ascension_level":18}}