{"host":"xsuxkwaivmtd234a","time":1612280933,"event":{"mods":["BaseMod","Colored Map","Filter the Spire","Minty Spire (QoL Compilation)","Relic Stats","StSLib"],"gold_per_floor":[161,177,177,191,151,151,176,189,189,219,219,219,249,261,261,360,360,374,374,374,398,398,430,24,24,50,60,89,105,139,155,155,256,256,272,288,288,288,340,340,340,340],"floor_reached":41,"language":"ENG","playtime":1749,"items_purged":[],"score":646,"play_id":"fd105be0-c50e-49bf-8fc9-9b48794ae075","local_time":"20210202104853","is_ascension_mode":true,"campfire_choices":[{"data":"Double Energy","floor":6.0,"key":"SMITH"},{"data":"Electrodynamics","floor":11.0,"key":"SMITH"},{"data":"Zap","floor":15.0,"key":"SMITH"},{"floor":25.0,"key":"REST"},{"floor":32.0,"key":"REST"},{"floor":40.0,"key":"REST"}],"circlet_count":0,"master_deck":["Defend_B+1","Defend_B+1","Defend_B","Defend_B+1","Zap+1","Dualcast","Cold Snap","Lockon","Coolheaded","Ball Lightning","Double Energy+1","Electrodynamics+1","Self Repair","Melter","Electrodynamics","Loop+1","Core Surge+1","Glacier+1","FTL","Echo Form","Conserve Battery","Blizzard","Heatsinks","Amplify","Glacier","Creative AI","Consume","Echo Form","Stack+1","Hologram+1"],"relics":["Tiny House","Oddly Smooth Stone","Omamori","Gremlin Horn","White Beast Statue","Strawberry","Astrolabe","Unceasing Top","Pen Nib","Happy Flower","MealTicket","Smiling Mask","Regal Pillow","Bronze Scales","Calling Bell","War Paint","Shuriken","WingedGreaves","Thread and Needle"],"acts_visited":["Exordium","TheCity","TheBeyond"],"potions_floor_usage":[41],"damage_taken":[{"damage":4.0,"enemies":"Cultist","floor":1.0,"turns":3.0},{"damage":2.0,"enemies":"Small Slimes","floor":2.0,"turns":3.0},{"damage":7.0,"enemies":"Jaw Worm","floor":4.0,"turns":3.0},{"damage":18.0,"enemies":"Lagavulin","floor":7.0,"turns":6.0},{"damage":0.0,"enemies":"Exordium Wildlife","floor":8.0,"turns":2.0},{"damage":10.0,"enemies":"3 Sentries","floor":10.0,"turns":3.0},{"damage":1.0,"enemies":"Gremlin Nob","floor":13.0,"turns":3.0},{"damage":5.0,"enemies":"Blue Slaver","floor":14.0,"turns":3.0},{"damage":0.0,"enemies":"Slime Boss","floor":16.0,"turns":6.0},{"damage":24.0,"enemies":"2 Thieves","floor":18.0,"turns":3.0},{"damage":29.0,"enemies":"Slavers","floor":23.0,"turns":3.0},{"damage":0.0,"enemies":"3 Byrds","floor":27.0,"turns":2.0},{"damage":11.0,"enemies":"Gremlin Leader","floor":28.0,"turns":6.0},{"damage":0.0,"enemies":"Centurion and Healer","floor":29.0,"turns":5.0},{"damage":29.0,"enemies":"Slavers","floor":30.0,"turns":4.0},{"damage":28.0,"enemies":"Snake Plant","floor":31.0,"turns":4.0},{"damage":37.0,"enemies":"Collector","floor":33.0,"turns":9.0},{"damage":24.0,"enemies":"Orb Walker","floor":35.0,"turns":5.0},{"damage":20.0,"enemies":"3 Darklings","floor":36.0,"turns":4.0},{"damage":5.0,"enemies":"2 Orb Walkers","floor":39.0,"turns":3.0},{"damage":78,"enemies":"Giant Head","floor":41,"turns":10}],"seed_played":"2871623576614846809","potions_obtained":[{"floor":0.0,"key":"ColorlessPotion"},{"floor":2.0,"key":"GamblersBrew"},{"floor":7.0,"key":"SteroidPotion"},{"floor":8.0,"key":"SneckoOil"},{"floor":10.0,"key":"Explosive Potion"},{"floor":13.0,"key":"GamblersBrew"},{"floor":14.0,"key":"FearPotion"},{"floor":16.0,"key":"Strength Potion"},{"floor":23.0,"key":"LiquidBronze"},{"floor":27.0,"key":"LiquidMemories"},{"floor":28.0,"key":"PowerPotion"},{"floor":30.0,"key":"SpeedPotion"},{"floor":31.0,"key":"AttackPotion"},{"floor":33.0,"key":"Dexterity Potion"},{"floor":35.0,"key":"PowerPotion"},{"floor":36.0,"key":"DistilledChaos"},{"floor":39.0,"key":"SteroidPotion"}],"is_trial":false,"path_per_floor":["M","M","?","M","?","R","E","M","T","E","R","?","E","M","R","B",null,"M","?","?","T","?","E","$","R","T","M","E","M","E","M","R","B",null,"M","M","?","?","?","R","E"],"character_chosen":"DEFECT","items_purchased":["Happy Flower","MealTicket","Conserve Battery","Blizzard"],"campfire_rested":3,"item_purchase_floors":[24,24,24,24],"current_hp_per_floor":[76,74,74,67,67,67,49,49,49,46,46,46,59,61,61,68,82,65,65,48,48,48,26,26,53,53,53,49,56,41,13,55,25,75,58,38,38,38,33,74,0,0],"gold":340,"neow_bonus":"BOSS_RELIC","is_daily":false,"chose_seed":false,"campfire_upgraded":3,"win_rate":0.0,"timestamp":1612280933,"path_taken":["M","M","?","M","?","R","E","M","T","E","R","?","E","M","R","BOSS","M","?","?","?","?","E","$","R","T","M","E","?","E","M","R","BOSS","M","?","?","?","?","R","E"],"items_purchased_type":["Relic","Relic","Card","Card"],"build_version":"2020-12-22","purchased_purges":0,"victory":false,"max_hp_per_floor":[80,80,80,80,80,80,80,80,80,80,80,80,87,87,87,87,87,87,87,92,92,92,92,92,92,92,92,92,92,92,92,92,92,92,92,92,87,87,87,87,87,87],"relic_stats":{"Regal Pillow":30,"Gremlin Horn":[17,17],"Happy Flower":[17],"counters":[21,89],"Astrolabe":["Loop","Core Surge","Glacier"],"Pen Nib":[6],"War Paint":["Defend_B","Defend_B"],"Smiling Mask":0,"Shuriken":[1],"Bronze Scales":[90],"MealTicket":0,"obtain_stats":[{"Regal Pillow":28,"Tiny House":0,"Gremlin Horn":10,"Happy Flower":24,"Astrolabe":17,"Oddly Smooth Stone":7,"Thread and Needle":39,"Pen Nib":23,"Omamori":9,"War Paint":34,"Smiling Mask":26,"White Beast Statue":12,"Calling Bell":34,"Shuriken":34,"Strawberry":13,"Bronze Scales":30,"MealTicket":24,"WingedGreaves":34,"Cracked Core":0,"Unceasing Top":22},{"Regal Pillow":13,"Tiny House":0,"Gremlin Horn":6,"Happy Flower":11,"Astrolabe":9,"Oddly Smooth Stone":4,"Thread and Needle":20,"Pen Nib":11,"Omamori":5,"War Paint":17,"Smiling Mask":11,"White Beast Statue":6,"Calling Bell":17,"Shuriken":17,"Strawberry":7,"Bronze Scales":15,"MealTicket":11,"WingedGreaves":17,"Cracked Core":0,"Unceasing Top":10},{"Regal Pillow":46,"Tiny House":0,"Gremlin Horn":20,"Happy Flower":38,"Astrolabe":32,"Oddly Smooth Stone":15,"Thread and Needle":79,"Pen Nib":38,"Omamori":17,"War Paint":67,"Smiling Mask":38,"White Beast Statue":20,"Calling Bell":67,"Shuriken":67,"Strawberry":23,"Bronze Scales":55,"MealTicket":38,"WingedGreaves":67,"Cracked Core":0,"Unceasing Top":35}],"Unceasing Top":[13]},"card_choices":[{"not_picked":["Coolheaded","Chill"],"picked":"Cold Snap","floor":0.0},{"not_picked":["White Noise","Turbo"],"picked":"Lockon","floor":1.0},{"not_picked":["Seek","Hello World"],"picked":"Coolheaded","floor":2.0},{"not_picked":["Blizzard","Compile Driver"],"picked":"Double Energy","floor":4.0},{"not_picked":["Heatsinks","Hello World"],"picked":"Electrodynamics","floor":7.0},{"not_picked":["Double Energy","Static Discharge"],"picked":"Self Repair","floor":8.0},{"not_picked":["Scrape","Tempest","Beam Cell"],"picked":"SKIP","floor":10.0},{"not_picked":["Steam","Stack","Sweeping Beam"],"picked":"SKIP","floor":13.0},{"not_picked":["Rebound","Coolheaded"],"picked":"Melter","floor":14.0},{"not_picked":["Multi-Cast","Hyperbeam"],"picked":"Electrodynamics","floor":16.0},{"not_picked":["Lockon","Gash"],"picked":"FTL","floor":18.0},{"not_picked":["Stack+1","Capacitor"],"picked":"Echo Form","floor":23.0},{"not_picked":["Conserve Battery","Streamline"],"picked":"Heatsinks","floor":27.0},{"not_picked":["Genetic Algorithm","Recycle"],"picked":"Amplify","floor":28.0},{"not_picked":["Ball Lightning","Hologram"],"picked":"Glacier","floor":29.0},{"not_picked":["Storm+1","Rebound"],"picked":"Creative AI","floor":30.0},{"not_picked":["Force Field","Melter"],"picked":"Consume","floor":31.0},{"not_picked":["Reboot","Electrodynamics"],"picked":"Echo Form","floor":33.0},{"not_picked":["Reprogram","Barrage"],"picked":"Stack+1","floor":35.0},{"not_picked":["Coolheaded","Ball Lightning","Melter+1"],"picked":"SKIP","floor":36.0},{"not_picked":["Lockon","Redo"],"picked":"Hologram+1","floor":39.0}],"player_experience":1197734,"relics_obtained":[{"floor":7.0,"key":"Oddly Smooth Stone"},{"floor":9.0,"key":"Omamori"},{"floor":10.0,"key":"Gremlin Horn"},{"floor":13.0,"key":"Strawberry"},{"floor":23.0,"key":"Pen Nib"},{"floor":26.0,"key":"Smiling Mask"},{"floor":28.0,"key":"Regal Pillow"},{"floor":30.0,"key":"Bronze Scales"},{"floor":34.0,"key":"War Paint"},{"floor":34.0,"key":"Shuriken"},{"floor":34.0,"key":"WingedGreaves"},{"floor":39.0,"key":"Thread and Needle"}],"event_choices":[{"damage_healed":0.0,"max_hp_gain":0.0,"max_hp_loss":0.0,"gold_gain":0.0,"cards_transformed":["Strike_B"],"event_name":"Living Wall","player_choice":"Change","floor":3.0,"gold_loss":0.0,"damage_taken":0.0,"cards_obtained":["Ball Lightning"]},{"damage_healed":0.0,"max_hp_gain":0.0,"max_hp_loss":0.0,"gold_gain":0.0,"event_name":"World of Goop","player_choice":"Left Gold","floor":5.0,"gold_loss":40.0,"damage_taken":0.0},{"damage_healed":0.0,"max_hp_gain":0.0,"max_hp_loss":0.0,"gold_gain":0.0,"event_name":"Big Fish","player_choice":"Box","floor":12.0,"gold_loss":0.0,"damage_taken":0.0,"relics_obtained":["White Beast Statue"],"cards_obtained":["Regret"]},{"damage_healed":0.0,"max_hp_gain":0.0,"max_hp_loss":0.0,"gold_gain":0.0,"event_name":"Beggar","player_choice":"Ignored","floor":19.0,"gold_loss":0.0,"damage_taken":0.0},{"damage_healed":0.0,"max_hp_gain":5.0,"max_hp_loss":0.0,"gold_gain":0.0,"event_name":"Forgotten Altar","player_choice":"Shed Blood","floor":20.0,"gold_loss":0.0,"damage_taken":22.0},{"damage_healed":0.0,"max_hp_gain":0.0,"max_hp_loss":0.0,"gold_gain":0.0,"event_name":"The Mausoleum","player_choice":"Opened","floor":22.0,"gold_loss":0.0,"damage_taken":0.0,"relics_obtained":["Unceasing Top"]},{"damage_healed":0.0,"max_hp_gain":0.0,"max_hp_loss":5.0,"gold_gain":0.0,"event_name":"Winding Halls","player_choice":"Max HP","floor":37.0,"gold_loss":0.0,"damage_taken":0.0},{"damage_healed":0.0,"max_hp_gain":0.0,"max_hp_loss":0.0,"gold_gain":0.0,"event_name":"Tomb of Lord Red Mask","player_choice":"Ignored","floor":38.0,"gold_loss":0.0,"damage_taken":0.0},{"damage_healed":0.0,"max_hp_gain":0.0,"max_hp_loss":0.0,"gold_gain":0.0,"event_name":"Mysterious Sphere","player_choice":"Fight","floor":39.0,"gold_loss":0.0,"damage_taken":0.0}],"is_beta":false,"boss_relics":[{"not_picked":["Black Star","Coffee Dripper"],"picked":"Astrolabe"},{"not_picked":["Inserter","Runic Dome"],"picked":"Calling Bell"}],"items_purged_floors":[],"is_endless":false,"potions_floor_spawned":[2,7,8,10,13,14,16,18,23,27,28,29,30,31,33,35,36,39],"killed_by":"Giant Head","ascension_level":5}}