{"host":"pyelotildgrd5mks","time":1612275350,"event":{"mods":["BaseMod","Downfall","Minty Spire (QoL Compilation)","Quick Restart","StSLib"],"gold_per_floor":[99,111,261,261,273,173,173,193,222,222,64,64,74,104,117,218,218,18,38,138,152,37,47,74,74,74,108,121,121,137,337,351,450,450,450,460,560,580,580,611,611,626,654,654,664,679,679,698,716,716,716,750,605,605,605,605],"floor_reached":57,"language":"ZHS","playtime":3560,"items_purged":["downfall:Icky","Guardian:StasisField"],"score":2007,"play_id":"7605dc0f-5455-495b-b2a9-1a88d08a2a89","local_time":"20210202221550","is_ascension_mode":true,"campfire_choices":[{"floor":1.0,"key":"RECALL"},{"data":"Guardian:CurlUp","floor":6.0,"key":"SMITH"},{"data":"Guardian:CompilePackage","floor":12.0,"key":"SMITH"},{"data":"Guardian:ExploitGems","floor":18.0,"key":"SMITH"},{"data":"Guardian:TemporalShield","floor":26.0,"key":"SMITH"},{"data":"Guardian:StasisField","floor":29.0,"key":"SMITH"},{"data":"Guardian:SphericShield","floor":35.0,"key":"SMITH"},{"data":"Guardian:FierceBash","floor":44.0,"key":"SMITH"},{"data":"Guardian:SentryBeam","floor":47.0,"key":"SMITH"},{"floor":54,"key":"DIG"}],"circlet_count":0,"master_deck":["Guardian:CurlUp+1","Guardian:TwinSlam+1","Guardian:FuturePlans","Guardian:ChargeCore","Guardian:CompilePackage+1","Guardian:SentryBeam+1","Guardian:SphericShield+1","Guardian:ExploitGems+1","Guardian:TemporalShield+1","Guardian:TimeSifter","Guardian:StasisField+1","Guardian:ChargeUp+1","Guardian:FierceBash+1","Guardian:FastForward+1","Guardian:Emergency+1"],"relics":["SlaversCollar","downfall:HeartBlessingRed","InkBottle","HornCleat","Pandora\u0027s Box","downfall:HeartBlessingGreen","downfall:HeartBlessingBlue","Shovel","Toxic Egg 2","Toy Ornithopter","Du-Vu Doll","Tiny Chest","TungstenRod","Black Star","downfall:GremlinWheel","Meat on the Bone","Sundial","Bag of Preparation","hexamod:CandleOfCauterizing","Guardian:PocketSentry","Centennial Puzzle","Oddly Smooth Stone","Letter Opener","Orrery","Mummified Hand"],"acts_visited":["Exordium","TheCity","TheBeyond","TheEnding"],"potions_floor_usage":[56,56,56],"damage_taken":[{"damage":6.0,"enemies":"Jaw Worm","floor":2.0,"turns":6.0},{"damage":3.0,"enemies":"2 Louse","floor":5.0,"turns":4.0},{"damage":1.0,"enemies":"Cultist","floor":8.0,"turns":4.0},{"damage":10.0,"enemies":"Lagavulin","floor":9.0,"turns":7.0},{"damage":5.0,"enemies":"downfall:FleeingMerchant","floor":11.0,"turns":4.0},{"damage":8.0,"enemies":"Blue Slaver","floor":13.0,"turns":2.0},{"damage":16.0,"enemies":"Gremlin Nob","floor":14.0,"turns":4.0},{"damage":3.0,"enemies":"Exordium Wildlife","floor":15.0,"turns":2.0},{"damage":0.0,"enemies":"SI_SHIV_ARCHETYPE","floor":16.0,"turns":4.0},{"damage":0.0,"enemies":"Chosen","floor":19.0,"turns":4.0},{"damage":0.0,"enemies":"WA_ARCHETYPE_RETAIN","floor":20.0,"turns":4.0},{"damage":0.0,"enemies":"3 Byrds","floor":21.0,"turns":4.0},{"damage":0.0,"enemies":"downfall:FleeingMerchant","floor":22.0,"turns":4.0},{"damage":3.0,"enemies":"Snake Plant","floor":23.0,"turns":5.0},{"damage":0.0,"enemies":"Book of Stabbing","floor":27.0,"turns":4.0},{"damage":0.0,"enemies":"3 Cultists","floor":28.0,"turns":1.0},{"damage":0.0,"enemies":"downfall:FleeingMerchant","floor":30.0,"turns":4.0},{"damage":10.0,"enemies":"downfall:FleeingMerchant","floor":31.0,"turns":6.0},{"damage":13.0,"enemies":"Centurion and Healer","floor":32.0,"turns":5.0},{"damage":4.0,"enemies":"IC_MUSHROOM_ARCHETYPE","floor":33.0,"turns":5.0},{"damage":4.0,"enemies":"3 Shapes","floor":36.0,"turns":7.0},{"damage":0.0,"enemies":"3 Shapes","floor":37.0,"turns":2.0},{"damage":0.0,"enemies":"Orb Walker","floor":38.0,"turns":4.0},{"damage":0.0,"enemies":"Reptomancer","floor":40.0,"turns":5.0},{"damage":12.0,"enemies":"4 Shapes","floor":42.0,"turns":6.0},{"damage":0.0,"enemies":"Giant Head","floor":43.0,"turns":5.0},{"damage":12.0,"enemies":"Spire Growth","floor":45.0,"turns":3.0},{"damage":14.0,"enemies":"Jaw Worm Horde","floor":46.0,"turns":4.0},{"damage":0.0,"enemies":"4 Shapes","floor":48.0,"turns":3.0},{"damage":0.0,"enemies":"Maw","floor":49.0,"turns":5.0},{"damage":29.0,"enemies":"WA_ARCHETYPE_DIVINITY","floor":50.0,"turns":4.0},{"damage":0,"enemies":"downfall:CharBossMerchant","floor":52,"turns":6},{"damage":0,"enemies":"downfall:NeowBoss","floor":55,"turns":5},{"damage":42,"enemies":"downfall:NeowBossFinal","floor":56,"turns":7}],"seed_played":"-1549875625698011909","potions_obtained":[{"floor":2.0,"key":"Fruit Juice"},{"floor":9.0,"key":"Dexterity Potion"},{"floor":13.0,"key":"GamblersBrew"},{"floor":14.0,"key":"Fire Potion"},{"floor":15.0,"key":"Fire Potion"},{"floor":16.0,"key":"Guardian:BlockOnCardUsePotion"},{"floor":20.0,"key":"PowerPotion"}],"is_trial":false,"path_per_floor":["R","M","?","?","M","R","T","M","E","?","$","R","M","E","M","B",null,"R","M","?","M","$","M","T","?","R","E","M","R","$","?","M","B",null,"R","M","?","M","T","E","T","M","E","R","M","M","R","M","M","B",null,"E","$","R","B","B",null],"character_chosen":"GUARDIAN","items_purchased":["Guardian:SentryBeam","TungstenRod","Orrery"],"campfire_rested":0,"item_purchase_floors":[11,30,53],"current_hp_per_floor":[72,71,71,71,68,68,68,67,57,57,52,52,44,28,25,25,70,80,80,80,80,80,77,77,77,77,77,77,77,77,67,54,50,84,84,80,80,80,80,80,80,68,68,68,56,54,54,54,54,37,81,81,81,81,81,54],"gold":605,"neow_bonus":"BOSS_RELIC","is_daily":false,"chose_seed":false,"campfire_upgraded":8,"win_rate":0.0,"timestamp":1612275350,"path_taken":["R","M","?","?","?","R","T","M","E","?","$","R","M","E","M","BOSS","R","M","?","M","$","M","T","?","R","E","M","R","$","?","M","BOSS","R","M","?","?","?","E","T","M","E","R","M","M","R","M","M","BOSS","E","$","R","BOSS","BOSS"],"items_purchased_type":["Card","Relic","Relic"],"build_version":"2020-12-22","purchased_purges":2,"victory":true,"max_hp_per_floor":[80,85,85,85,85,85,85,85,85,85,85,85,85,85,85,85,85,95,95,95,95,95,95,95,95,95,95,95,95,95,95,95,95,95,95,95,95,95,95,95,95,95,95,95,95,95,95,95,95,95,95,95,95,95,95,95],"card_choices":[{"not_picked":["Guardian:TimeBomb","Guardian:ShieldSpikes"],"picked":"Guardian:FuturePlans","floor":2.0},{"not_picked":["Guardian:Suspension","Guardian:Gem_Cyan"],"picked":"Guardian:Gem_Fragmented","floor":5.0},{"not_picked":["Guardian:PrismaticBarrier","Guardian:TimeCapacitor"],"picked":"Guardian:ChargeCore","floor":8.0},{"not_picked":["Guardian:TemporalStrike","Guardian:Incinerate"],"picked":"Guardian:Gem_Crimson","floor":9.0},{"not_picked":["Guardian:Preprogram","Guardian:ArmoredProtocol"],"picked":"Guardian:CompilePackage","floor":11.0},{"not_picked":["Guardian:PiercingHide","Guardian:Gem_Red","Guardian:Gem_Lightblue"],"picked":"SKIP","floor":13.0},{"not_picked":["Guardian:BaubleBeam","Guardian:PiercingHide","Guardian:BronzeArmor"],"picked":"SKIP","floor":14.0},{"not_picked":["Guardian:Recover","Guardian:Gem_Crimson","Guardian:SpikerProtocol"],"picked":"SKIP","floor":15.0},{"not_picked":["Guardian:Gem_Synthetic","Guardian:BaubleBeam"],"picked":"Guardian:SphericShield","floor":16.0},{"not_picked":["Guardian:Incinerate","Guardian:Repulse","Guardian:PrimingBeam+1"],"picked":"SKIP","floor":19.0},{"not_picked":["Guardian:Incinerate","Guardian:Repulse","Guardian:PrimingBeam+1"],"picked":"SKIP","floor":19.0},{"not_picked":["Guardian:ShieldCharger+1","Guardian:TemporalStrike"],"picked":"Guardian:ChargeUp+1","floor":20.0},{"not_picked":["Guardian:Harden+1","Guardian:Incinerate+1","Guardian:TimeBomb+1"],"picked":"SKIP","floor":21.0},{"not_picked":["Guardian:SpikerProtocol","Guardian:Emergency+1"],"picked":"Guardian:Gem_Yellow","floor":22.0},{"not_picked":["Guardian:TemporalStrike","Guardian:TimeBomb+1","Guardian:TemporalShield+1"],"picked":"SKIP","floor":23.0},{"not_picked":["Guardian:PolyBeam","Guardian:RefractedBeam","Guardian:Repulse"],"picked":"SKIP","floor":27.0},{"not_picked":["Guardian:Gem_Yellow","Guardian:FloatingOrbs","Guardian:PrimingBeam+1"],"picked":"SKIP","floor":28.0},{"not_picked":["Guardian:EvasiveProtocol","Guardian:SpikerProtocol","Guardian:PrismaticBarrier+1"],"picked":"SKIP","floor":30.0},{"not_picked":["Guardian:Gem_Lightblue","Guardian:Gem_Green"],"picked":"Guardian:FierceBash","floor":32.0},{"not_picked":["Guardian:ConstructionForm","Guardian:GemFinder"],"picked":"Guardian:FastForward+1","floor":33.0},{"not_picked":["Guardian:Gem_Cyan","Guardian:RollAttack","Guardian:Gem_Green"],"picked":"SKIP","floor":36.0},{"not_picked":["Guardian:Clone+1","Guardian:TemporalShield+1","Guardian:ChargeCore"],"picked":"SKIP","floor":38.0},{"not_picked":["Guardian:PrismaticBeam+1","Guardian:Orbwalk","Guardian:EvasiveProtocol"],"picked":"SKIP","floor":40.0},{"not_picked":["Guardian:PrismaticBeam+1","Guardian:Orbwalk","Guardian:EvasiveProtocol"],"picked":"SKIP","floor":40.0},{"not_picked":["Guardian:PrismaticBeam+1","Guardian:Orbwalk","Guardian:EvasiveProtocol"],"picked":"SKIP","floor":40.0},{"not_picked":["Guardian:TemporalShield+1","Guardian:Suspension+1","Guardian:MultiBeam+1"],"picked":"SKIP","floor":42.0},{"not_picked":["Guardian:PolyBeam+1","Guardian:WalkerClaw+1"],"picked":"Guardian:Emergency+1","floor":43.0},{"not_picked":["Guardian:Suspension+1","Guardian:WalkerClaw","Guardian:TemporalShield+1"],"picked":"SKIP","floor":45.0},{"not_picked":["Guardian:Recover+1","Guardian:BronzeOrb","Guardian:MultiBeam+1"],"picked":"SKIP","floor":46.0},{"not_picked":["Guardian:WalkerClaw","Guardian:Incinerate","Guardian:ExploitGems+1"],"picked":"SKIP","floor":48.0},{"not_picked":["Guardian:SpikerProtocol+1","Guardian:PiercingHide+1","Guardian:RollAttack"],"picked":"SKIP","floor":49.0},{"not_picked":["Guardian:TemporalStrike+1","Guardian:Planning+1","Guardian:VentSteam+1"],"picked":"SKIP","floor":52}],"player_experience":693496,"relics_obtained":[{"floor":9.0,"key":"InkBottle"},{"floor":14.0,"key":"HornCleat"},{"floor":20.0,"key":"Shovel"},{"floor":20.0,"key":"Toxic Egg 2"},{"floor":24.0,"key":"Toy Ornithopter"},{"floor":27.0,"key":"Tiny Chest"},{"floor":37.0,"key":"downfall:GremlinWheel"},{"floor":39.0,"key":"Meat on the Bone"},{"floor":40.0,"key":"Sundial"},{"floor":40.0,"key":"Bag of Preparation"},{"floor":41.0,"key":"hexamod:CandleOfCauterizing"},{"floor":43.0,"key":"Guardian:PocketSentry"},{"floor":43.0,"key":"Centennial Puzzle"},{"floor":52,"key":"Oddly Smooth Stone"},{"floor":52,"key":"Letter Opener"},{"floor":54,"key":"Mummified Hand"}],"event_choices":[{"cards_removed":["Guardian:Strike_Guardian"],"damage_healed":0.0,"max_hp_gain":0.0,"max_hp_loss":0.0,"gold_gain":0.0,"event_name":"The Cleric","player_choice":"Card Removal","floor":10.0,"gold_loss":0.0,"damage_taken":0.0}],"is_beta":false,"boss_relics":[{"not_picked":["Calling Bell","bronze:MakeshiftBattery"],"picked":"Pandora\u0027s Box"},{"not_picked":["Runic Pyramid","Empty Cage"],"picked":"Black Star"}],"items_purged_floors":[11,22],"is_endless":false,"potions_floor_spawned":[2,9,13,14,15,16,20,21,23,31,33,40,43,46,52],"ascension_level":8}}