{"host":"aj7el8l5kufbk20z","time":1612232283,"event":{"mods":["AchievementEnabler","BaseMod","Colored Map","Colored Powertips","Curses Come First","Highlight Path","Minty Spire (QoL Compilation)","Permanent Neow","Poor People Problems","Quick Restart","Rare Cards Sparkle","Relic Stats","StSLib","SuperFastMode","Waifu the Spire"],"gold_per_floor":[110,110,129,404,666,693,703,703,703,732,746,762,334,357,357,469,496,522,465,481,510,530,567,591,627,627,654,672,666,766,776,776,881,881,893,666,689,689,727,770,770,795,795,813,895,895,895,924,924,924],"floor_reached":51,"language":"ZHS","playtime":3822,"items_purged":["Strike_B","Strike_B","Strike_B+1","Reprogram","Defend_B+1"],"score":1109,"play_id":"e91b91b1-0f7d-4416-8335-e0dfb8777cbc","local_time":"20210202101803","is_ascension_mode":true,"campfire_choices":[{"data":"Defragment","floor":8.0,"key":"SMITH"},{"data":"Defragment","floor":15.0,"key":"SMITH"},{"data":"Defragment","floor":32,"key":"SMITH"},{"data":"Loop","floor":41,"key":"SMITH"},{"data":"Buffer","floor":49,"key":"SMITH"}],"circlet_count":0,"master_deck":["Zap+1","Defragment+1","Defragment+1","Conserve Battery","Defragment+1","Self Repair","Static Discharge","Reinforced Body+1","Loop+1","Streamline+1","Creative AI","Genetic Algorithm+1","Glacier+1","Conserve Battery+1","Double Energy+1","Defragment+1","Melter+1","FTL+1","Stack","Buffer","Buffer+1","Echo Form","Electrodynamics+1","Defragment+1","Loop+1","Capacitor+1","Echo Form+1","Core Surge+1","Blizzard+1","Writhe","Defragment+1"],"relics":["Cracked Core","Omamori","ClockworkSouvenir","Boot","Blood Vial","Gremlin Horn","InkBottle","FossilizedHelix","Membership Card","CeramicFish","CaptainsWheel","Astrolabe","DollysMirror","Anchor","Blue Candle","Oddly Smooth Stone","DataDisk","The Courier","Chemical X","Darkstone Periapt","Molten Egg 2","Matryoshka","Bottled Tornado","Kunai","Bronze Scales","Mummified Hand","Ancient Tea Set","Vajra","Bottled Lightning","HornCleat","Lantern","Ornamental Fan","Pantograph","Orichalcum","Gambling Chip","Toy Ornithopter","War Paint","Whetstone","Symbiotic Virus","Question Card","Letter Opener","Calipers","Unceasing Top","Meat on the Bone","Toxic Egg 2","PreservedInsect","Cables","Nunchaku","Sundial","Pen Nib","Bag of Marbles","Akabeko","Happy Flower","Tiny Chest","Centennial Puzzle","Potion Belt","Ice Cream","White Beast Statue","Calling Bell","Regal Pillow","Mercury Hourglass","Shovel","Singing Bowl","Strawberry","MealTicket","Art of War","Emotion Chip","Juzu Bracelet","Mango","Frozen Egg 2","Pear","Prayer Wheel","Orrery","Shuriken","Du-Vu Doll","Girya","Torii","Thread and Needle","Bird Faced Urn"],"acts_visited":["Exordium","TheCity","TheBeyond"],"potions_floor_usage":[50,50,50,50,50,50,50],"damage_taken":[{"damage":1.0,"enemies":"Cultist","floor":1.0,"turns":3.0},{"damage":13.0,"enemies":"2 Louse","floor":3.0,"turns":3.0},{"damage":39.0,"enemies":"Gremlin Nob","floor":6.0,"turns":5.0},{"damage":11.0,"enemies":"Jaw Worm","floor":7.0,"turns":4.0},{"damage":12.0,"enemies":"Lagavulin","floor":10.0,"turns":6.0},{"damage":9.0,"enemies":"3 Louse","floor":11.0,"turns":3.0},{"damage":39.0,"enemies":"Exordium Wildlife","floor":12.0,"turns":4.0},{"damage":23.0,"enemies":"Gremlin Gang","floor":14.0,"turns":3.0},{"damage":13.0,"enemies":"Slime Boss","floor":16.0,"turns":7.0},{"damage":10.0,"enemies":"Chosen","floor":18.0,"turns":7.0},{"damage":0.0,"enemies":"Shell Parasite","floor":20.0,"turns":8.0},{"damage":0,"enemies":"Cultist and Chosen","floor":21,"turns":8},{"damage":8,"enemies":"Snake Plant","floor":22,"turns":5},{"damage":32,"enemies":"Slavers","floor":23,"turns":8},{"damage":0,"enemies":"Snecko","floor":24,"turns":7},{"damage":26,"enemies":"Gremlin Leader","floor":25,"turns":10},{"damage":0,"enemies":"Cultist and Chosen","floor":27,"turns":6},{"damage":0,"enemies":"Colosseum Slavers","floor":30,"turns":3},{"damage":0,"enemies":"Colosseum Nobs","floor":30,"turns":3},{"damage":8,"enemies":"Snake Plant","floor":31,"turns":2},{"damage":0,"enemies":"Champ","floor":33,"turns":7},{"damage":0,"enemies":"3 Darklings","floor":35,"turns":4},{"damage":0,"enemies":"Orb Walker","floor":37,"turns":3},{"damage":0,"enemies":"Spire Growth","floor":39,"turns":3},{"damage":20,"enemies":"Nemesis","floor":40,"turns":3},{"damage":0,"enemies":"Giant Head","floor":42,"turns":4},{"damage":0,"enemies":"4 Shapes","floor":48,"turns":3},{"damage":0,"enemies":"Donu and Deca","floor":50,"turns":4}],"seed_played":"-2889664309178640988","potions_obtained":[{"floor":1.0,"key":"ColorlessPotion"},{"floor":6.0,"key":"Swift Potion"},{"floor":7.0,"key":"PowerPotion"},{"floor":20.0,"key":"EntropicBrew"},{"floor":25,"key":"LiquidBronze"},{"floor":31,"key":"PotionOfCapacity"},{"floor":33,"key":"BlessingOfTheForge"},{"floor":37,"key":"PowerPotion"},{"floor":38,"key":"CultistPotion"}],"is_trial":false,"path_per_floor":["M","?","M","?","$","E","M","R","T","E","M","M","$","M","R","B",null,"M","$","M","M","M","E","M","E","T","M","?","$","?","M","R","B",null,"M","$","M","?","M","E","R","E","T","?","T","?","?","M","R","B",null],"character_chosen":"DEFECT","items_purchased":["ClockworkSouvenir","Boot","Blood Vial","Defragment","Membership Card","CeramicFish","CaptainsWheel","DollysMirror","Anchor","Blue Candle","Chemical X","Darkstone Periapt","Molten Egg 2","Matryoshka","Bottled Tornado","Kunai","Bronze Scales","Mummified Hand","Ancient Tea Set","Vajra","Bottled Lightning","HornCleat","Lantern","Ornamental Fan","Pantograph","Orichalcum","Gambling Chip","Toy Ornithopter","War Paint","Whetstone","Symbiotic Virus","Question Card","Letter Opener","Calipers","Unceasing Top","Meat on the Bone","Toxic Egg 2","PreservedInsect","Cables","Nunchaku","Sundial","Pen Nib","Bag of Marbles","Akabeko","Happy Flower","Tiny Chest","Centennial Puzzle","Potion Belt","Singing Bowl","Strawberry","MealTicket","Art of War","Emotion Chip","Juzu Bracelet","Mango","Frozen Egg 2","Pear","Prayer Wheel","Orrery"],"campfire_rested":0,"item_purchase_floors":[5,5,5,5,13,13,13,19,19,19,29,29,29,29,29,29,29,29,29,29,29,29,29,29,29,29,29,29,29,29,29,29,29,29,29,29,29,29,29,29,29,29,29,29,29,29,29,29,36,36,36,36,36,36,36,36,36,36,36],"current_hp_per_floor":[74,59,46,46,46,70,68,68,68,65,65,75,75,59,59,55,75,65,65,74,75,74,75,75,56,56,58,58,58,75,74,74,75,75,75,112,114,114,114,94,94,105,105,111,111,111,111,124,124,124],"gold":924,"neow_bonus":"RANDOM_COMMON_RELIC","is_daily":false,"chose_seed":false,"campfire_upgraded":5,"win_rate":0.0,"timestamp":1612232283,"path_taken":["M","?","M","?","$","E","M","R","T","E","M","M","$","M","R","BOSS","M","$","M","M","?","E","M","E","T","M","?","$","?","M","R","BOSS","M","$","M","?","M","E","R","E","T","?","?","?","?","M","R","BOSS"],"items_purchased_type":["Relic","Relic","Relic","Card","Relic","Relic","Relic","Relic","Relic","Relic","Relic","Relic","Relic","Relic","Relic","Relic","Relic","Relic","Relic","Relic","Relic","Relic","Relic","Relic","Relic","Relic","Relic","Relic","Relic","Relic","Relic","Relic","Relic","Relic","Relic","Relic","Relic","Relic","Relic","Relic","Relic","Relic","Relic","Relic","Relic","Relic","Relic","Relic","Relic","Relic","Relic","Relic","Relic","Relic","Relic","Relic","Relic","Relic","Relic"],"build_version":"2020-12-22","purchased_purges":5,"victory":true,"max_hp_per_floor":[75,75,75,75,75,75,75,75,75,75,75,75,75,75,75,75,75,75,75,75,75,75,75,75,75,75,75,75,75,75,75,75,75,75,75,112,114,114,114,114,114,116,116,122,122,122,122,124,124,124],"relic_stats":{"Darkstone Periapt":6,"Regal Pillow":0,"Gremlin Horn":[28,28],"Singing Bowl":12,"Torii":0,"CeramicFish":216,"Juzu Bracelet":1,"Whetstone":["Streamline"],"Boot":[6],"Blood Vial":26,"Nunchaku":[3],"Centennial Puzzle":[6],"Emotion Chip":[3,3,0,0,0],"Shovel":0,"Mummified Hand":[184],"Sundial":[4],"Pantograph":1,"Gambling Chip":[22],"Tiny Chest":1,"MealTicket":0,"Prayer Wheel":3,"Chemical X":[11],"Kunai":[3],"InkBottle":[51],"Happy Flower":[13],"counters":[28,131],"Astrolabe":["Genetic Algorithm","Glacier","Conserve Battery"],"Blue Candle":[0],"PreservedInsect":207,"Pen Nib":[3],"Letter Opener":[81],"Orichalcum":[6],"War Paint":["Reinforced Body","Zap"],"Question Card":18,"Cables":[31,26,1,4,0],"Mercury Hourglass":[98],"Ornamental Fan":[12],"Shuriken":[2],"Bronze Scales":[96],"Bird Faced Urn":[9],"Art of War":[7],"obtain_stats":[{"Ice Cream":30,"Calipers":29,"Gremlin Horn":6,"CeramicFish":13,"Vajra":29,"Whetstone":29,"Bottled Tornado":29,"Boot":5,"Blood Vial":5,"Centennial Puzzle":29,"HornCleat":29,"DollysMirror":19,"Sundial":29,"Strawberry":36,"MealTicket":36,"Prayer Wheel":36,"Kunai":29,"Toxic Egg 2":29,"Girya":43,"Pear":36,"Happy Flower":29,"Astrolabe":17,"Blue Candle":19,"Oddly Smooth Stone":23,"Pen Nib":29,"Letter Opener":29,"War Paint":29,"Question Card":29,"Akabeko":29,"Cables":29,"Du-Vu Doll":42,"Shuriken":40,"Bronze Scales":29,"Bird Faced Urn":45,"Molten Egg 2":29,"Symbiotic Virus":29,"Unceasing Top":29,"Meat on the Bone":29,"Darkstone Periapt":29,"Lantern":29,"Regal Pillow":34,"Singing Bowl":36,"Torii":43,"Mango":36,"Juzu Bracelet":36,"Ancient Tea Set":29,"ClockworkSouvenir":5,"Nunchaku":29,"Emotion Chip":36,"Matryoshka":29,"Shovel":34,"Mummified Hand":29,"Pantograph":29,"Gambling Chip":29,"Tiny Chest":29,"Chemical X":29,"Cracked Core":0,"InkBottle":9,"Potion Belt":29,"Thread and Needle":45,"The Courier":26,"PreservedInsect":29,"Omamori":0,"Orichalcum":29,"Frozen Egg 2":36,"White Beast Statue":30,"Mercury Hourglass":34,"Calling Bell":34,"CaptainsWheel":13,"Anchor":19,"DataDisk":25,"Ornamental Fan":29,"Orrery":36,"Bag of Marbles":29,"Art of War":36,"Membership Card":13,"Bottled Lightning":29,"FossilizedHelix":10,"Toy Ornithopter":29},{"Ice Cream":19,"Calipers":17,"Gremlin Horn":3,"CeramicFish":7,"Vajra":17,"Whetstone":17,"Bottled Tornado":17,"Boot":2,"Blood Vial":2,"Centennial Puzzle":17,"HornCleat":17,"DollysMirror":10,"Sundial":17,"Strawberry":22,"MealTicket":22,"Prayer Wheel":22,"Kunai":17,"Toxic Egg 2":17,"Girya":26,"Pear":22,"Happy Flower":17,"Astrolabe":9,"Blue Candle":10,"Oddly Smooth Stone":14,"Pen Nib":17,"Letter Opener":17,"War Paint":17,"Question Card":17,"Akabeko":17,"Cables":17,"Du-Vu Doll":26,"Shuriken":25,"Bronze Scales":17,"Bird Faced Urn":26,"Molten Egg 2":17,"Symbiotic Virus":17,"Unceasing Top":17,"Meat on the Bone":17,"Darkstone Periapt":17,"Lantern":17,"Regal Pillow":21,"Singing Bowl":22,"Torii":26,"Mango":22,"Juzu Bracelet":22,"Ancient Tea Set":17,"ClockworkSouvenir":2,"Nunchaku":17,"Emotion Chip":22,"Matryoshka":17,"Shovel":21,"Mummified Hand":17,"Pantograph":17,"Gambling Chip":17,"Tiny Chest":17,"Chemical X":17,"Cracked Core":0,"InkBottle":4,"Potion Belt":17,"Thread and Needle":26,"The Courier":16,"PreservedInsect":17,"Omamori":0,"Orichalcum":17,"Frozen Egg 2":22,"White Beast Statue":19,"Mercury Hourglass":21,"Calling Bell":21,"CaptainsWheel":7,"Anchor":10,"DataDisk":16,"Ornamental Fan":17,"Orrery":22,"Bag of Marbles":17,"Art of War":22,"Membership Card":7,"Bottled Lightning":17,"FossilizedHelix":5,"Toy Ornithopter":17},{"Ice Cream":102,"Calipers":96,"Gremlin Horn":11,"CeramicFish":28,"Vajra":96,"Whetstone":96,"Bottled Tornado":96,"Boot":6,"Blood Vial":6,"Centennial Puzzle":96,"HornCleat":96,"DollysMirror":45,"Sundial":96,"Strawberry":114,"MealTicket":114,"Prayer Wheel":114,"Kunai":96,"Toxic Egg 2":96,"Girya":125,"Pear":114,"Happy Flower":96,"Astrolabe":38,"Blue Candle":45,"Oddly Smooth Stone":73,"Pen Nib":96,"Letter Opener":96,"War Paint":96,"Question Card":96,"Akabeko":96,"Cables":96,"Du-Vu Doll":125,"Shuriken":121,"Bronze Scales":96,"Bird Faced Urn":125,"Molten Egg 2":96,"Symbiotic Virus":96,"Unceasing Top":96,"Meat on the Bone":96,"Darkstone Periapt":96,"Lantern":96,"Regal Pillow":111,"Singing Bowl":114,"Torii":125,"Mango":114,"Juzu Bracelet":114,"Ancient Tea Set":96,"ClockworkSouvenir":6,"Nunchaku":96,"Emotion Chip":114,"Matryoshka":96,"Shovel":111,"Mummified Hand":96,"Pantograph":96,"Gambling Chip":96,"Tiny Chest":96,"Chemical X":96,"Cracked Core":0,"InkBottle":15,"Potion Belt":96,"Thread and Needle":125,"The Courier":90,"PreservedInsect":96,"Omamori":0,"Orichalcum":96,"Frozen Egg 2":114,"White Beast Statue":102,"Mercury Hourglass":111,"Calling Bell":111,"CaptainsWheel":28,"Anchor":45,"DataDisk":90,"Ornamental Fan":96,"Orrery":114,"Bag of Marbles":96,"Art of War":114,"Membership Card":28,"Bottled Lightning":96,"FossilizedHelix":21,"Toy Ornithopter":96}],"Toy Ornithopter":0,"Unceasing Top":[40],"Meat on the Bone":0},"card_choices":[{"not_picked":["Reinforced Body","Coolheaded"],"picked":"Defragment","floor":1.0},{"not_picked":["Reinforced Body","Coolheaded"],"picked":"Defragment","floor":1.0},{"not_picked":["White Noise","Turbo"],"picked":"Conserve Battery","floor":3.0},{"not_picked":["Fusion","Steam Power"],"picked":"Self Repair","floor":6.0},{"not_picked":["Ball Lightning","Sweeping Beam"],"picked":"Static Discharge","floor":7.0},{"not_picked":["Scrape","Sweeping Beam"],"picked":"Reinforced Body","floor":10.0},{"not_picked":["White Noise","Turbo"],"picked":"Loop","floor":11.0},{"not_picked":["Steam","Aggregate","Redo"],"picked":"SKIP","floor":12.0},{"not_picked":["Multi-Cast","Redo"],"picked":"Streamline","floor":14.0},{"not_picked":["Hyperbeam","Reboot"],"picked":"Creative AI","floor":16.0},{"not_picked":["Cold Snap","Redo+1"],"picked":"Double Energy+1","floor":18.0},{"not_picked":["Rebound","Go for the Eyes","Ball Lightning"],"picked":"SKIP","floor":20.0},{"not_picked":["Hologram","Redo+1"],"picked":"Melter+1","floor":21},{"not_picked":["Creative AI","Redo+1","Go for the Eyes"],"picked":"SKIP","floor":22},{"not_picked":["Reprogram+1","Turbo"],"picked":"FTL+1","floor":23},{"not_picked":["Steam Power","Barrage+1"],"picked":"Stack","floor":24},{"not_picked":["Double Energy","White Noise+1"],"picked":"Stack","floor":25},{"not_picked":["Steam Power","Fusion"],"picked":"Buffer","floor":27},{"not_picked":["Reprogram+1","Sweeping Beam+1","Compile Driver+1","Leap+1"],"picked":"SKIP","floor":31},{"not_picked":["Fission+1","Seek+1","Multi-Cast+1"],"picked":"Echo Form","floor":33},{"not_picked":["Scrape+1","Steam+1","Leap+1","Hologram+1"],"picked":"SKIP","floor":35},{"not_picked":["Sweeping Beam+1","Sunder+1","Compile Driver+1","Chaos+1"],"picked":"Singing Bowl","floor":36},{"not_picked":["Heatsinks+1","Doom and Gloom+1","Machine Learning+1","Beam Cell+1"],"picked":"Singing Bowl","floor":36},{"not_picked":["Aggregate+1","Redo+1","Force Field+1"],"picked":"Electrodynamics+1","floor":36},{"not_picked":["Turbo+1","Coolheaded+1","Streamline+1","Conserve Battery+1"],"picked":"Singing Bowl","floor":36},{"not_picked":["Rebound+1","Auto Shields+1","Barrage+1"],"picked":"Defragment+1","floor":36},{"not_picked":["Sunder+1","Storm+1","Gash+1","Heatsinks+1"],"picked":"Singing Bowl","floor":37},{"not_picked":["Streamline+1","Hologram+1","Chaos+1"],"picked":"Loop+1","floor":37},{"not_picked":["Tempest+1","Cold Snap+1","Compile Driver+1"],"picked":"Capacitor+1","floor":39},{"not_picked":["Stack+1","Conserve Battery+1","Heatsinks+1"],"picked":"Echo Form+1","floor":39},{"not_picked":["Genetic Algorithm+1","Biased Cognition+1","Go for the Eyes+1"],"picked":"Core Surge+1","floor":40},{"not_picked":["Turbo+1","Reprogram+1","Beam Cell+1","Leap+1"],"picked":"Singing Bowl","floor":42},{"not_picked":["Hologram+1","Steam Power+1","Coolheaded+1"],"picked":"Defragment+1","floor":48},{"not_picked":["Sweeping Beam+1","Conserve Battery+1","Leap+1","Compile Driver+1"],"picked":"Singing Bowl","floor":48}],"player_experience":334809,"relics_obtained":[{"floor":6.0,"key":"Gremlin Horn"},{"floor":9.0,"key":"InkBottle"},{"floor":10.0,"key":"FossilizedHelix"},{"floor":23,"key":"Oddly Smooth Stone"},{"floor":25,"key":"DataDisk"},{"floor":26,"key":"The Courier"},{"floor":30,"key":"Ice Cream"},{"floor":30,"key":"White Beast Statue"},{"floor":34,"key":"Regal Pillow"},{"floor":34,"key":"Mercury Hourglass"},{"floor":34,"key":"Shovel"},{"floor":40,"key":"Shuriken"},{"floor":42,"key":"Du-Vu Doll"},{"floor":43,"key":"Girya"},{"floor":43,"key":"Torii"},{"floor":45,"key":"Thread and Needle"},{"floor":45,"key":"Bird Faced Urn"}],"event_choices":[{"damage_healed":0.0,"max_hp_gain":0.0,"max_hp_loss":0.0,"gold_gain":0.0,"event_name":"Shining Light","player_choice":"Entered Light","floor":2.0,"gold_loss":0.0,"damage_taken":15.0,"cards_upgraded":["Defend_B","Strike_B"]},{"damage_healed":0.0,"max_hp_gain":0.0,"max_hp_loss":0.0,"gold_gain":275.0,"event_name":"Golden Shrine","player_choice":"Desecrate","floor":4.0,"gold_loss":0.0,"damage_taken":0.0,"cards_obtained":["Regret"]},{"damage_healed":0,"gold_gain":0,"cards_transformed":["Defend_B","Dualcast"],"player_choice":"Became Test Subject","damage_taken":0,"max_hp_gain":0,"max_hp_loss":0,"event_name":"Drug Dealer","floor":28,"gold_loss":0,"cards_obtained":["Buffer","Reprogram"]},{"damage_healed":0,"gold_gain":0,"player_choice":"Fight","damage_taken":0,"max_hp_gain":0,"max_hp_loss":0,"event_name":"Colosseum","floor":30,"gold_loss":0},{"damage_healed":0,"gold_gain":0,"player_choice":"Fought Nobs","damage_taken":0,"max_hp_gain":0,"max_hp_loss":0,"event_name":"Colosseum","floor":30,"gold_loss":0},{"damage_healed":0,"gold_gain":0,"player_choice":"Got Potions","damage_taken":0,"max_hp_gain":0,"max_hp_loss":0,"event_name":"Lab","floor":38,"gold_loss":0},{"damage_healed":0,"gold_gain":0,"player_choice":"2 cards matched","damage_taken":0,"max_hp_gain":0,"max_hp_loss":0,"event_name":"Match and Keep!","floor":44,"gold_loss":0,"cards_obtained":["Blizzard","Writhe"]},{"cards_removed":["Stack"],"damage_healed":0,"gold_gain":0,"player_choice":"Removed Skill","damage_taken":0,"max_hp_gain":0,"max_hp_loss":0,"event_name":"Falling","floor":46,"gold_loss":0},{"damage_healed":0,"gold_gain":0,"player_choice":"Ignored","damage_taken":0,"max_hp_gain":0,"max_hp_loss":0,"event_name":"Tomb of Lord Red Mask","floor":47,"gold_loss":0}],"is_beta":false,"boss_relics":[{"not_picked":["Fusion Hammer","Pandora\u0027s Box"],"picked":"Astrolabe"},{"not_picked":["Runic Pyramid","Runic Dome"],"picked":"Calling Bell"}],"items_purged_floors":[5,13,19,29,36],"is_endless":false,"potions_floor_spawned":[1,6,7,14,20,24,25,30,31,33,35,37,39,40,42,48],"ascension_level":3}}