{"host":"ydh61a5ftgdajrbo","time":1612277511,"event":{"mods":["BaseMod","CapriCore","Colored Map","Downfall","Marisa¡]Ãú«B¡@Å]²z¨F¡^","Minty Spire (QoL Compilation)","Nova Terra(?«½¡P®õ©Ô)","Spire Arcade","StSLib","The Cursed","The Immortal","The Servant 0.9.4"],"gold_per_floor":[112,128,128,52,52,77,77,77,77,95,130,130,149,161,161,263,263,281,299,299,224,224,224,224],"floor_reached":22,"language":"ZHS","playtime":1091,"items_purged":["MokouMod:Strike"],"score":194,"play_id":"5307990e-f1ac-4fa0-8f0c-3fd370df37b1","local_time":"20210202225151","is_ascension_mode":false,"campfire_choices":[{"data":"MokouMod:Scorch","floor":7.0,"key":"SMITH"},{"floor":12.0,"key":"REST"},{"floor":15,"key":"REST"}],"circlet_count":0,"master_deck":["MokouMod:Strike","MokouMod:Strike","MokouMod:Strike","MokouMod:Strike","MokouMod:Defend","MokouMod:Defend","MokouMod:Defend","MokouMod:Defend","MokouMod:HeatSpark","MokouMod:Scorch+1","MokouMod:RetainTemperature","MokouMod:ScorchedEarth","MokouMod:HeartofFire","MokouMod:SacredFire","MokouMod:InfernalWave","MokouMod:BurningDraft","MokouMod:HouraiForge","MokouMod:UncontrollableSolarReaction+1"],"relics":["MokouMod:PhoenixFeather","Art of War","Slimebound:StickyStick","Dead Branch","PreservedInsect","Busted Crown"],"acts_visited":["Exordium","TheCity"],"potions_floor_usage":[13,16,16],"damage_taken":[{"damage":3.0,"enemies":"Small Slimes","floor":1.0,"turns":3.0},{"damage":0.0,"enemies":"Cultist","floor":2.0,"turns":3.0},{"damage":34.0,"enemies":"3 Sentries","floor":6.0,"turns":10.0},{"damage":11.0,"enemies":"Jaw Worm","floor":10.0,"turns":3.0},{"damage":22.0,"enemies":"Gremlin Nob","floor":11.0,"turns":4.0},{"damage":5,"enemies":"Looter","floor":13,"turns":2},{"damage":17,"enemies":"Exordium Thugs","floor":14,"turns":5},{"damage":23,"enemies":"Hexaghost","floor":16,"turns":8},{"damage":21,"enemies":"Shell Parasite","floor":18,"turns":6},{"damage":32,"enemies":"2 Thieves","floor":19,"turns":4},{"damage":0,"enemies":"Shelled Parasite and Fungi","floor":22,"turns":1}],"seed_played":"-6902366961065258331","potions_obtained":[{"floor":2.0,"key":"SkillPotion"},{"floor":3.0,"key":"EssenceOfSteel"},{"floor":3.0,"key":"SteroidPotion"},{"floor":13,"key":"Fire Potion"},{"floor":19,"key":"Block Potion"}],"is_trial":false,"path_per_floor":["M","M","?","$","?","E","R","$","T","M","E","R","M","M","R","B",null,"M","M","?","$","M"],"character_chosen":"MKU","items_purchased":["MokouMod:ScorchedEarth"],"campfire_rested":2,"item_purchase_floors":[4],"current_hp_per_floor":[79,79,79,79,76,42,42,42,42,31,9,33,28,11,35,12,82,61,29,29,29,29,29,29],"gold":224,"neow_bonus":"TEN_PERCENT_HP_BONUS","is_daily":false,"chose_seed":false,"campfire_upgraded":1,"win_rate":0.0,"timestamp":1612277511,"path_taken":["M","M","?","?","?","E","R","$","T","?","E","R","M","M","R","BOSS","M","M","?","?","?"],"items_purchased_type":["Card"],"build_version":"2020-12-22","purchased_purges":1,"victory":false,"max_hp_per_floor":[82,82,82,82,82,82,82,82,82,82,82,82,82,82,82,82,82,82,82,82,82,82,82,82],"card_choices":[{"not_picked":["MokouMod:TemporalFireSeal","MokouMod:ResoluteFlare"],"picked":"MokouMod:Scorch","floor":1.0},{"not_picked":["MokouMod:Singe","MokouMod:BlazingComet"],"picked":"MokouMod:RetainTemperature","floor":2.0},{"not_picked":["MokouMod:ScorchedEarth","MokouMod:RoaringFlare","MokouMod:AdaptivePyromancy"],"picked":"SKIP","floor":6.0},{"not_picked":["MokouMod:WarmUp","MokouMod:BurningDraft"],"picked":"MokouMod:HeartofFire","floor":10.0},{"not_picked":["MokouMod:RetainTemperature","MokouMod:ThermalPressure"],"picked":"MokouMod:SacredFire","floor":11.0},{"not_picked":["MokouMod:IllusoryBattlefield","MokouMod:ResoluteFlare"],"picked":"MokouMod:InfernalWave","floor":13},{"not_picked":["MokouMod:Ember","MokouMod:FujiyamaVolcano"],"picked":"MokouMod:BurningDraft","floor":14},{"not_picked":["MokouMod:ExplosiveFlame","MokouMod:RadiantBlade"],"picked":"MokouMod:HouraiForge","floor":16},{"not_picked":[],"picked":"MokouMod:UncontrollableSolarReaction+1","floor":18},{"not_picked":["MokouMod:WarmUp"],"picked":"SKIP","floor":19}],"player_experience":346630,"relics_obtained":[{"floor":6.0,"key":"Slimebound:StickyStick"},{"floor":9.0,"key":"Dead Branch"},{"floor":11.0,"key":"PreservedInsect"}],"event_choices":[{"damage_healed":0.0,"max_hp_gain":0.0,"max_hp_loss":0.0,"gold_gain":0.0,"event_name":"Lab","player_choice":"Got Potions","floor":3.0,"gold_loss":0.0,"damage_taken":0.0},{"damage_healed":0.0,"max_hp_gain":0.0,"max_hp_loss":0.0,"gold_gain":0.0,"event_name":"Scrap Ooze","player_choice":"Success","floor":5.0,"gold_loss":0.0,"damage_taken":3.0,"relics_obtained":["Art of War"]},{"damage_healed":0,"gold_gain":0,"player_choice":"Ignored","damage_taken":0,"max_hp_gain":0,"max_hp_loss":0,"event_name":"NoteForYourself","floor":20,"gold_loss":0}],"is_beta":false,"boss_relics":[{"not_picked":["Runic Dome","Fusion Hammer"],"picked":"Busted Crown"}],"items_purged_floors":[21],"is_endless":false,"potions_floor_spawned":[2,6,11,13,19],"killed_by":"Shelled Parasite and Fungi","ascension_level":0}}