{"host":"oehe2dxjvdgux73m","time":1612274888,"event":{"mods":["AchievementEnabler","BaseMod","Colored Map","Colored Powertips","DeckTracker","Keyboard Shortcuts","Minty Spire (QoL Compilation)","Permanent Neow","Quick Restart","StSLib","SuperFastMode"],"gold_per_floor":[119,0,17,92,55,55,66,66,92,17,36,50,50,60,60,137,137,156,167,183,183,183,198,198,198,269,269,269],"floor_reached":27,"language":"KOR","playtime":714,"items_purged":["Strike_G"],"score":410,"play_id":"57b4c110-6c28-4ef0-8fda-bc0eac44c784","local_time":"20210202230808","is_ascension_mode":true,"campfire_choices":[{"data":"Poisoned Stab","floor":6.0,"key":"SMITH"},{"data":"Deep Breath","floor":8.0,"key":"SMITH"},{"data":"Blade Dance","floor":15.0,"key":"SMITH"},{"floor":25.0,"key":"REST"}],"circlet_count":0,"master_deck":["AscendersBane","Strike_G","Strike_G","Defend_G","Defend_G","Defend_G","Defend_G","Defend_G","Survivor","Neutralize","Deep Breath+1","Calculated Gamble","Footwork","Poisoned Stab+1","Infinite Blades","PiercingWail","Bullet Time","Blade Dance+1","Die Die Die","Blur","Blade Dance"],"relics":["Ring of the Snake","Strawberry","SlaversCollar","MutagenicStrength","Singing Bowl"],"acts_visited":["Exordium","TheCity"],"potions_floor_usage":[27,27],"damage_taken":[{"damage":4.0,"enemies":"Cultist","floor":1.0,"turns":3.0},{"damage":1.0,"enemies":"2 Louse","floor":3.0,"turns":5.0},{"damage":7.0,"enemies":"Small Slimes","floor":7.0,"turns":5.0},{"damage":6.0,"enemies":"Red Slaver","floor":11.0,"turns":3.0},{"damage":4.0,"enemies":"Exordium Wildlife","floor":12.0,"turns":4.0},{"damage":6.0,"enemies":"2 Fungi Beasts","floor":14.0,"turns":4.0},{"damage":11.0,"enemies":"The Guardian","floor":16.0,"turns":10.0},{"damage":16.0,"enemies":"Shell Parasite","floor":18.0,"turns":5.0},{"damage":5.0,"enemies":"3 Byrds","floor":19.0,"turns":6.0},{"damage":24.0,"enemies":"Cultist and Chosen","floor":20.0,"turns":8.0},{"damage":11.0,"enemies":"3 Cultists","floor":23.0,"turns":6.0},{"damage":28,"enemies":"Snecko","floor":27,"turns":4}],"seed_played":"-1755767947892953797","potions_obtained":[{"floor":1.0,"key":"EntropicBrew"},{"floor":11.0,"key":"SteroidPotion"},{"floor":16.0,"key":"ColorlessPotion"},{"floor":19.0,"key":"CunningPotion"},{"floor":24.0,"key":"PowerPotion"},{"floor":24.0,"key":"GamblersBrew"}],"is_trial":false,"path_per_floor":["M","$","M","?","$","R","M","R","T","?","M","M","?","M","R","B",null,"M","M","M","?","?","M","?","R","T","M"],"character_chosen":"THE_SILENT","items_purchased":["Footwork","Infinite Blades"],"campfire_rested":1,"item_purchase_floors":[2,5],"current_hp_per_floor":[55,55,54,43,43,43,36,36,43,43,37,33,33,27,27,16,59,43,38,14,14,14,3,3,24,24,0,0],"gold":269,"neow_bonus":"RANDOM_COLORLESS","is_daily":false,"chose_seed":false,"campfire_upgraded":3,"win_rate":0.0,"timestamp":1612274888,"path_taken":["M","$","M","?","$","R","M","R","T","?","M","M","?","M","R","BOSS","M","M","M","?","?","M","?","R","T","M"],"items_purchased_type":["Card","Card"],"build_version":"2020-12-22","purchased_purges":1,"victory":false,"max_hp_per_floor":[66,66,66,66,66,66,66,66,73,73,73,73,73,73,73,73,73,73,73,73,73,73,73,73,73,73,73,73],"card_choices":[{"not_picked":["Swift Strike","Trip"],"picked":"Deep Breath","floor":0.0},{"not_picked":["Backflip","Poisoned Stab"],"picked":"Calculated Gamble","floor":1.0},{"not_picked":["Footwork","Accuracy"],"picked":"Poisoned Stab","floor":3.0},{"not_picked":["Deflect","Well Laid Plans"],"picked":"PiercingWail","floor":7.0},{"not_picked":["Quick Slash","Sucker Punch","Poisoned Stab"],"picked":"SKIP","floor":11.0},{"not_picked":["Choke","Reflex"],"picked":"Bullet Time","floor":12.0},{"not_picked":["Underhanded Strike","Flying Knee"],"picked":"Blade Dance","floor":14.0},{"not_picked":["Bullet Time","Glass Knife"],"picked":"Die Die Die","floor":16.0},{"not_picked":["Eviscerate","Riddle With Holes+1"],"picked":"Blur","floor":18.0},{"not_picked":["Endless Agony+1","Backstab"],"picked":"Blade Dance","floor":19.0},{"not_picked":["Expertise","Sucker Punch","Dagger Throw"],"picked":"SKIP","floor":20.0},{"not_picked":["Blade Dance","Cloak And Dagger","Dodge and Roll"],"picked":"SKIP","floor":23.0}],"player_experience":353416,"relics_obtained":[{"floor":9.0,"key":"Strawberry"},{"floor":26.0,"key":"Singing Bowl"}],"event_choices":[{"damage_healed":0.0,"max_hp_gain":0.0,"max_hp_loss":0.0,"gold_gain":75.0,"event_name":"World of Goop","player_choice":"Gather Gold","floor":4.0,"gold_loss":0.0,"damage_taken":11.0},{"cards_removed":["Strike_G"],"damage_healed":0.0,"max_hp_gain":0.0,"max_hp_loss":0.0,"gold_gain":0.0,"event_name":"The Cleric","player_choice":"Card Removal","floor":10.0,"gold_loss":75.0,"damage_taken":0.0},{"cards_removed":["Strike_G"],"damage_healed":0.0,"max_hp_gain":0.0,"max_hp_loss":0.0,"gold_gain":0.0,"event_name":"Purifier","player_choice":"Purged","floor":13.0,"gold_loss":0.0,"damage_taken":0.0},{"damage_healed":0.0,"max_hp_gain":0.0,"max_hp_loss":0.0,"gold_gain":0.0,"event_name":"Drug Dealer","player_choice":"Inject Mutagens","floor":21.0,"gold_loss":0.0,"damage_taken":0.0,"relics_obtained":["MutagenicStrength"]},{"damage_healed":0.0,"max_hp_gain":0.0,"max_hp_loss":0.0,"gold_gain":0.0,"event_name":"The Mausoleum","player_choice":"Ignored","floor":22.0,"gold_loss":0.0,"damage_taken":0.0},{"damage_healed":0.0,"max_hp_gain":0.0,"max_hp_loss":0.0,"gold_gain":0.0,"event_name":"Lab","player_choice":"Got Potions","floor":24.0,"gold_loss":0.0,"damage_taken":0.0}],"is_beta":false,"boss_relics":[{"not_picked":["Philosopher\u0027s Stone","Ring of the Serpent"],"picked":"SlaversCollar"}],"items_purged_floors":[2],"is_endless":false,"potions_floor_spawned":[1,11,16,19],"killed_by":"Snecko","ascension_level":20}}