{"host":"c3lc60y5x60jlt1y","time":1612278106,"event":{"mods":["AchievementEnabler","BaseMod","Bestiary","Colored Map","Minty Spire (QoL Compilation)","Quick Restart","StSLib","ojb\u0027s Info Mod"],"gold_per_floor":[109,109,109,65,30,69,144,475,530,192,215,256,256,156,156,245,245,264,280,61,76,50,50,50],"floor_reached":23,"language":"ENG","playtime":1504,"items_purged":["Strike_P","Defend_P","Defend_P"],"score":510,"play_id":"f27661b3-1be5-433b-943b-f087cbf64303","local_time":"20210202170146","is_ascension_mode":true,"campfire_choices":[{"floor":15.0,"key":"REST"}],"circlet_count":0,"master_deck":["AscendersBane","Strike_P","Strike_P","Strike_P","Defend_P","Eruption","Vigilance","Tantrum","MentalFortress","DevaForm","LikeWater","Enlightenment","WaveOfTheHand","Vault","Alpha","DeceiveReality","Discovery","CrushJoints","CutThroughFate"],"relics":["HolyWater","NeowsBlessing","Golden Idol","Bird Faced Urn","Old Coin","Boot","Anchor","StoneCalendar"],"acts_visited":["Exordium","TheCity"],"potions_floor_usage":[21],"damage_taken":[{"damage":0.0,"enemies":"Small Slimes","floor":1.0,"turns":1.0},{"damage":0.0,"enemies":"Gremlin Nob","floor":6.0,"turns":1.0},{"damage":0.0,"enemies":"Lagavulin","floor":8.0,"turns":1.0},{"damage":0.0,"enemies":"2 Louse","floor":11.0,"turns":2.0},{"damage":26.0,"enemies":"Gremlin Nob","floor":12.0,"turns":4.0},{"damage":24.0,"enemies":"Slime Boss","floor":16.0,"turns":7.0},{"damage":17.0,"enemies":"Spheric Guardian","floor":18.0,"turns":5.0},{"damage":31.0,"enemies":"Chosen","floor":19.0,"turns":7.0},{"damage":20,"enemies":"Shelled Parasite and Fungi","floor":21,"turns":7},{"damage":14,"enemies":"Book of Stabbing","floor":23,"turns":3}],"seed_played":"-145319935575515667","potions_obtained":[{"floor":8.0,"key":"BottledMiracle"},{"floor":11.0,"key":"Fire Potion"},{"floor":21,"key":"FearPotion"}],"is_trial":false,"path_per_floor":["M","?","?","$","?","E","?","E","T","$","M","E","?","$","R","B",null,"M","M","$","M","$","E"],"character_chosen":"WATCHER","items_purchased":["MentalFortress","Anchor","Enlightenment","Discovery","CutThroughFate"],"campfire_rested":1,"item_purchase_floors":[4,10,10,20,22],"current_hp_per_floor":[61,54,54,54,62,62,51,51,51,51,51,27,27,27,45,25,53,40,17,17,5,5,0,0],"gold":50,"neow_bonus":"THREE_ENEMY_KILL","is_daily":false,"chose_seed":false,"campfire_upgraded":0,"win_rate":0.0,"timestamp":1612278106,"path_taken":["M","?","?","?","?","E","?","E","T","$","M","E","?","?","R","BOSS","M","M","$","M","$","E"],"items_purchased_type":["Card","Relic","Card","Card","Card"],"build_version":"2020-12-22","purchased_purges":3,"victory":false,"max_hp_per_floor":[68,68,62,62,62,62,62,62,62,62,62,62,62,62,62,62,62,62,62,62,62,62,62,62],"card_choices":[{"not_picked":["CrushJoints","FollowUp"],"picked":"Tantrum","floor":1.0},{"not_picked":["SandsOfTime","Consecrate"],"picked":"DevaForm","floor":6.0},{"not_picked":["Wireheading","PathToVictory"],"picked":"LikeWater","floor":8.0},{"not_picked":["Crescendo","CutThroughFate"],"picked":"WaveOfTheHand","floor":11.0},{"not_picked":["CutThroughFate","Crescendo"],"picked":"Vault","floor":12.0},{"not_picked":["DeusExMachina","Brilliance"],"picked":"Alpha","floor":16.0},{"not_picked":["EmptyBody","LikeWater","Evaluate"],"picked":"SKIP","floor":18.0},{"not_picked":["Conclude","WreathOfFlame"],"picked":"DeceiveReality","floor":19.0},{"not_picked":["Consecrate","Crescendo"],"picked":"CrushJoints","floor":21}],"player_experience":8928203,"relics_obtained":[{"floor":6.0,"key":"Bird Faced Urn"},{"floor":8.0,"key":"Old Coin"},{"floor":9.0,"key":"Boot"},{"floor":12.0,"key":"StoneCalendar"}],"event_choices":[{"cards_removed":["Defend_P"],"damage_healed":0.0,"max_hp_gain":0.0,"max_hp_loss":0.0,"gold_gain":0.0,"event_name":"Golden Wing","player_choice":"Card Removal","floor":2.0,"gold_loss":0.0,"damage_taken":7.0},{"damage_healed":0.0,"max_hp_gain":0.0,"max_hp_loss":6.0,"gold_gain":0.0,"event_name":"Golden Idol","player_choice":"Lose Max HP","floor":3.0,"gold_loss":0.0,"damage_taken":0.0,"relics_obtained":["Golden Idol"]},{"damage_healed":15.0,"max_hp_gain":0.0,"max_hp_loss":0.0,"gold_gain":0.0,"event_name":"The Cleric","player_choice":"Healed","floor":5.0,"gold_loss":35.0,"damage_taken":0.0},{"damage_healed":0.0,"max_hp_gain":0.0,"max_hp_loss":0.0,"gold_gain":75.0,"event_name":"World of Goop","player_choice":"Gather Gold","floor":7.0,"gold_loss":0.0,"damage_taken":11.0},{"damage_healed":0.0,"max_hp_gain":0.0,"max_hp_loss":0.0,"gold_gain":0.0,"event_name":"Liars Game","player_choice":"Ignored","floor":13.0,"gold_loss":0.0,"damage_taken":0.0}],"is_beta":false,"boss_relics":[{"not_picked":["Philosopher\u0027s Stone","Calling Bell"],"picked":"HolyWater"}],"items_purged_floors":[10,14,20],"is_endless":false,"potions_floor_spawned":[8,11,21],"killed_by":"Book of Stabbing","ascension_level":20}}