{"host":"22tt21bn45sbv98g","time":1612283101,"event":{"mods":["Act Like it!","BaseMod","Downfall","Gensokyo","Minty Spire (QoL Compilation)","Remilia£®¿Ÿ√◊¿Ú—«£©","StSLib","The Blackbeard","The Servant 0.9.4","Youmu£®ªÍ∆«—˝√Œ£©"],"gold_per_floor":[115,132,146,146,47,47,72,87,87,121,296,327,345,405,405,501,551,561,573,573,95,95,130,130,149,149,179,203,215,261,289,301,412,424,456,468,480,492,504,528,566,578,642,688,718,730,742,767,779,791,803,815,38,73,73],"floor_reached":56,"language":"ZHS","playtime":3661,"items_purged":["Lust_TH"],"score":1542,"play_id":"be5eaa96-fbb4-4adb-b8c7-6bbacfb9644b","local_time":"20210203002501","is_ascension_mode":true,"campfire_choices":[{"data":"Stigmanizer","floor":6,"key":"SMITH"},{"data":"ScarletSymphony","floor":15,"key":"SMITH"},{"floor":24,"key":"RECALL"},{"data":"BloodAndWine","floor":29,"key":"SMITH"},{"data":"ChaoticDestiny","floor":32,"key":"SMITH"},{"data":"QueenOfMidnight","floor":47,"key":"SMITH"},{"floor":49,"key":"REST"},{"data":"BloodyMagicSquare","floor":52,"key":"SMITH"}],"circlet_count":0,"master_deck":["Strike_RM+1","Strike_RM","Strike_RM+1","Strike_RM","Defend_RM","Defend_RM","Defend_RM","RedMoon","ScarletShoot","MillenniumVampire","LeisurelyOfLord","Stigmanizer+1","DiffusionOfMisfortune","BloodHunter","AfternoonTea","BloodAndWine+1","StarOfDavid","Doubt","ScarletSymphony+1","VampirishNight","EternalNight+1","VampireKiss","BloodySeventeenLaser","NightDance","RedNightlessCastle+1","NightLord","EndlessAdversity","DevilSight","TwelveNightmare+1","HellCatastrophe","ReincarnationDial","ScarletImprint+1","StarOfDavid+1","ScarletDevil","VampireKiss","ChaoticDestiny+1","VampireSweep","ScarletSymphony","QueenOfMidnight+1","BloodyMagicSquare+1","ScarletDream+1","BombardNight+1","BlasphemousPunishment","BombardNight+1","VampirishNight+1","HunterOfTheNight+1","LeisurelyOfLord+1","ScarletDevilSign","ScarletSymphony+1","UnstableMagic+1","UnderTheZenith","RedRainbow","BatForm"],"relics":["ScarletHat","Lantern","Nunchaku","Eternal Feather","Meat on the Bone","Prayer Wheel","InkBottle","Tiny House","Enchiridion","ClockworkSouvenir","Blue Candle","Dream Catcher","MawBank","Smiling Mask","Philosopher\u0027s Stone","Bronze Scales","Boot","Anchor","Whetstone","Gungnir","HandDrill","Art of War","Sundial"],"acts_visited":["Exordium","TheCity","TheBeyond","TheEnding"],"potions_floor_usage":[7,10,16,18,25,33,33,41,50,55],"damage_taken":[{"damage":0,"enemies":"Cultist","floor":1,"turns":3},{"damage":2,"enemies":"2 Louse","floor":2,"turns":3},{"damage":0,"enemies":"Small Slimes","floor":3,"turns":5},{"damage":3,"enemies":"3 Sentries","floor":7,"turns":3},{"damage":0,"enemies":"3 Louse","floor":8,"turns":1},{"damage":11,"enemies":"Gremlin Nob","floor":10,"turns":5},{"damage":0,"enemies":"3 Sentries","floor":12,"turns":3},{"damage":0,"enemies":"Blue Slaver","floor":13,"turns":2},{"damage":13,"enemies":"3 Sentries","floor":14,"turns":4},{"damage":25,"enemies":"Hexaghost","floor":16,"turns":7},{"damage":0,"enemies":"3 Byrds","floor":18,"turns":5},{"damage":5,"enemies":"Spheric Guardian","floor":19,"turns":3},{"damage":24,"enemies":"Book of Stabbing","floor":23,"turns":2},{"damage":26,"enemies":"Snake Plant","floor":25,"turns":4},{"damage":21,"enemies":"Gremlin Leader","floor":27,"turns":4},{"damage":22,"enemies":"Shelled Parasite and Fungi","floor":28,"turns":3},{"damage":45,"enemies":"Book of Stabbing","floor":30,"turns":4},{"damage":13,"enemies":"Snecko","floor":31,"turns":4},{"damage":0,"enemies":"Collector","floor":33,"turns":3},{"damage":23,"enemies":"3 Shapes","floor":35,"turns":2},{"damage":12,"enemies":"3 Darklings","floor":40,"turns":3},{"damage":58,"enemies":"Nemesis","floor":41,"turns":3},{"damage":45,"enemies":"Giant Head","floor":44,"turns":6},{"damage":36,"enemies":"Spire Growth","floor":45,"turns":2},{"damage":78,"enemies":"4 Shapes","floor":48,"turns":2},{"damage":79,"enemies":"Time Eater","floor":50,"turns":4},{"damage":43,"enemies":"Shield and Spear","floor":54,"turns":2},{"damage":138,"enemies":"The Heart","floor":55,"turns":5}],"seed_played":"4504904981663979050","potions_obtained":[{"floor":1,"key":"Weak Potion"},{"floor":2,"key":"champ:CounterPotion"},{"floor":12,"key":"SpeedPotion"},{"floor":13,"key":"bronze:BurnAndBuffPotion"},{"floor":14,"key":"Guardian:BlockOnCardUsePotion"},{"floor":17,"key":"DistilledChaos"},{"floor":19,"key":"Swift Potion"},{"floor":23,"key":"SteroidPotion"},{"floor":28,"key":"LiquidBronze"},{"floor":30,"key":"DuplicationPotion"},{"floor":33,"key":"Fire Potion"},{"floor":35,"key":"BlessingOfTheForge"},{"floor":44,"key":"Weak Potion"},{"floor":48,"key":"FairyPotion"}],"is_trial":false,"path_per_floor":["M","M","M","?","$","R","E","M","T","E","?","E","M","?","R","B",null,"M","M","?","$","?","E","R","M","T","E","M","R","E","M","R","B",null,"M","?","?","$","T","M","E","$","T","E","M","$","R","M","R","B",null,"R","$","E","B",null],"character_chosen":"REMILIA","items_purchased":["DiffusionOfMisfortune","BloodHunter","ClockworkSouvenir","Blue Candle","TwelveNightmare","Gungnir","HandDrill","Art of War","UnderTheZenith","Swift Potion","RedRainbow"],"campfire_rested":1,"item_purchase_floors":[5,5,21,21,21,53,53,53,53,53,53],"current_hp_per_floor":[75,75,75,80,80,80,77,77,77,67,67,70,70,67,79,66,85,85,80,64,64,64,49,67,53,53,51,44,65,41,50,74,85,85,68,68,68,68,68,63,60,60,60,59,77,77,85,22,77,54,85,85,85,85,60],"gold":73,"neow_bonus":"RANDOM_COMMON_RELIC","is_daily":false,"chose_seed":false,"campfire_upgraded":6,"win_rate":0.0,"timestamp":1612283101,"path_taken":["M","M","?","?","$","R","E","M","T","E","?","E","M","?","R","BOSS","M","M","?","$","?","E","R","M","T","E","M","R","E","M","R","BOSS","M","?","?","?","?","M","E","?","T","E","?","$","R","M","R","BOSS","R","$","E","BOSS"],"items_purchased_type":["Card","Card","Relic","Relic","Card","Relic","Relic","Relic","Card","Potion","Card"],"build_version":"2020-12-22","purchased_purges":1,"victory":true,"max_hp_per_floor":[75,75,75,80,80,80,80,80,80,80,80,80,80,80,80,80,85,85,85,85,85,85,85,85,85,85,85,85,85,85,85,85,85,85,85,85,85,85,85,85,85,85,85,85,85,85,85,85,85,85,85,85,85,85,85],"card_choices":[{"not_picked":["Septette","BlasphemousPunishment"],"picked":"MillenniumVampire","floor":1},{"not_picked":["NightLord","ScarletGensokyo"],"picked":"LeisurelyOfLord","floor":2},{"not_picked":["EndlessAdversity","StarOfDavid"],"picked":"Stigmanizer","floor":3},{"not_picked":["RedNightlessCastle","RedRainbow"],"picked":"AfternoonTea","floor":7},{"not_picked":["BloodyTrap","DiffusionOfMisfortune"],"picked":"BloodAndWine","floor":8},{"not_picked":["UnderTheZenith","Stigmanizer"],"picked":"StarOfDavid","floor":10},{"not_picked":["EndlessAdversity","ScarletGensokyo"],"picked":"ScarletSymphony","floor":12},{"not_picked":["RedMagic","HunterOfTheNight"],"picked":"VampirishNight","floor":13},{"not_picked":["ScarletGensokyo","UnstableMagic"],"picked":"EternalNight","floor":13},{"not_picked":["BloodyTrap","CharismaGuard"],"picked":"VampireKiss","floor":14},{"not_picked":["TransientEternity","BloodyCatastrophe"],"picked":"BloodySeventeenLaser","floor":16},{"not_picked":["UnderTheZenith","StarOfDavid"],"picked":"NightDance","floor":17},{"not_picked":["CharismaGuard","ScarletDevilSign"],"picked":"RedNightlessCastle+1","floor":18},{"not_picked":["BloodHunter","LeisurelyOfLord"],"picked":"NightLord","floor":18},{"not_picked":["BlasphemousPunishment","MastersStateliness"],"picked":"EndlessAdversity","floor":19},{"not_picked":["RedRainbow","UnderTheZenith"],"picked":"DevilSight","floor":19},{"not_picked":["DiffusionOfMisfortune+1","Septette"],"picked":"HellCatastrophe","floor":23},{"not_picked":["CharismaGuard","DiffusionOfMisfortune"],"picked":"ReincarnationDial","floor":25},{"not_picked":["MastersStateliness","UnstableMagic"],"picked":"ScarletImprint","floor":25},{"not_picked":["NightDance","DevilSight"],"picked":"StarOfDavid+1","floor":27},{"not_picked":["BlasphemousPunishment+1","BombardNight"],"picked":"ScarletDevil","floor":28},{"not_picked":["AfternoonTea","BombardNight"],"picked":"VampireKiss","floor":28},{"not_picked":["UnderTheZenith","BloodHunter+1"],"picked":"ChaoticDestiny","floor":30},{"not_picked":["FitfulNightmare","BombardNight"],"picked":"VampireSweep","floor":31},{"not_picked":["RedNightlessCastle+1","StarOfDavid"],"picked":"ScarletSymphony","floor":31},{"not_picked":["TransientEternity","CurseOfVladTepes"],"picked":"QueenOfMidnight","floor":33},{"not_picked":["VampireKiss+1","DiffusionOfMisfortune"],"picked":"BloodyMagicSquare","floor":35},{"not_picked":["MiserableFate+1","BloodAndWine+1"],"picked":"ScarletDream+1","floor":35},{"not_picked":["FavorOfDestiny+1","KillingBlow"],"picked":"BombardNight+1","floor":40},{"not_picked":["ForbiddenFruit","CharismaGuard"],"picked":"BlasphemousPunishment","floor":40},{"not_picked":["AfternoonTea","EndlessAdversity"],"picked":"BombardNight+1","floor":41},{"not_picked":["Septette+1","CharismaGuard"],"picked":"VampirishNight+1","floor":44},{"not_picked":["UltimateOffering","BloodHunter+1"],"picked":"HunterOfTheNight+1","floor":45},{"not_picked":["BloodHunter","BloodyMagicSquare"],"picked":"LeisurelyOfLord+1","floor":45},{"not_picked":["UnstableMagic+1","DiffusionOfMisfortune"],"picked":"ScarletDevilSign","floor":48},{"not_picked":["FitfulNightmare","DiffusionOfMisfortune"],"picked":"ScarletSymphony+1","floor":48},{"not_picked":["UnderTheZenith","Maim+1"],"picked":"UnstableMagic+1","floor":49},{"not_picked":["ScarletDream","ScarletDevil"],"picked":"BatForm","floor":54}],"player_experience":308131,"relics_obtained":[{"floor":7,"key":"Nunchaku"},{"floor":9,"key":"Eternal Feather"},{"floor":10,"key":"Meat on the Bone"},{"floor":12,"key":"Prayer Wheel"},{"floor":20,"key":"Enchiridion"},{"floor":23,"key":"Dream Catcher"},{"floor":27,"key":"MawBank"},{"floor":30,"key":"Smiling Mask"},{"floor":39,"key":"Bronze Scales"},{"floor":41,"key":"Boot"},{"floor":43,"key":"Anchor"},{"floor":44,"key":"Whetstone"},{"floor":54,"key":"Sundial"}],"event_choices":[{"damage_healed":0,"gold_gain":0,"player_choice":"Donut","damage_taken":0,"max_hp_gain":5,"max_hp_loss":0,"event_name":"Big Fish","floor":4,"gold_loss":0},{"damage_healed":0,"gold_gain":175,"player_choice":"AGREE","damage_taken":0,"max_hp_gain":0,"max_hp_loss":0,"event_name":"Liars Game","floor":11,"gold_loss":0,"cards_obtained":["Doubt"]},{"damage_healed":0,"gold_gain":0,"player_choice":"Searched \u00273\u0027 times","damage_taken":0,"relics_obtained":["InkBottle"],"max_hp_gain":0,"max_hp_loss":0,"event_name":"Dead Adventurer","floor":14,"gold_loss":0},{"damage_healed":0,"gold_gain":0,"player_choice":"Obtained Book","damage_taken":16,"max_hp_gain":0,"max_hp_loss":0,"event_name":"Cursed Tome","floor":20,"gold_loss":0},{"cards_removed":["Defend_RM"],"damage_healed":0,"gold_gain":0,"player_choice":"Removed Skill","damage_taken":0,"max_hp_gain":0,"max_hp_loss":0,"event_name":"Falling","floor":36,"gold_loss":0},{"damage_healed":0,"gold_gain":0,"player_choice":"Ignored","damage_taken":0,"max_hp_gain":0,"max_hp_loss":0,"event_name":"Tomb of Lord Red Mask","floor":37,"gold_loss":0}],"is_beta":false,"boss_relics":[{"not_picked":["Astrolabe","Snecko Eye"],"picked":"Tiny House"},{"not_picked":["Pandora\u0027s Box","SlaversCollar"],"picked":"Philosopher\u0027s Stone"}],"items_purged_floors":[53],"is_endless":false,"potions_floor_spawned":[1,2,12,13,14,19,23,28,30,31,33,35,44,48,54],"ascension_level":3}}