{"host":"l8j2eaviddq1qvzn","time":1612279038,"event":{"mods":["BaseMod","Infinite Spire","Minty Spire (QoL Compilation)","Practice Mode","Replay The Spire","StSLib"],"gold_per_floor":[11,21,34,44,58,58,68,68,68,68,38,0,0,16,16,118,118,131,131,131,131,9,9,9,21,76,76,104,104,117,133,133,232,232,244,94,153,153,153,153,172,172,172,172,196,196,223,235,235,263,263,263,263],"floor_reached":52,"language":"ENG","playtime":5228,"items_purged":[],"score":520,"play_id":"f7a8fd28-71b6-4fd5-a6d7-12489b12b1c8","local_time":"20210202161718","is_ascension_mode":false,"campfire_choices":[{"data":"Shrug It Off","floor":6,"key":"SMITH"},{"data":"Carnage","floor":13,"key":"SMITH"},{"data":"Headbutt","floor":15,"key":"SMITH"},{"floor":23,"key":"REST"},{"data":"Double Tap","floor":27,"key":"SMITH"},{"floor":29,"key":"REST"},{"floor":32,"key":"REST"},{"floor":42,"key":"REST"},{"floor":44,"key":"REST"},{"data":"Metamorphosis","floor":46,"key":"SMITH"},{"floor":51,"key":"REST"}],"circlet_count":0,"master_deck":["Strike_R","Strike_R","Strike_R","Strike_R","Strike_R","Defend_R","Defend_R","Defend_R","Defend_R","Bash","Dual Wield","Headbutt+1","Anger","Shrug It Off+1","Warcry","Self Repair+1","Anger","Carnage+1","Double Tap+1","Headbutt+1","infinitespire:Starlight","infinitespire:Starlight","Metamorphosis+1","Chrysalis","Jack Of All Trades","Metallicize","Pommel Strike","Impervious","Shrug It Off","Writhe","Parasite","Burning Pact+1","Defy Death","Languid"],"relics":["infinitespire:CursedDice","Pondfish Scales","Red Skull","Iron Core","Philosopher\u0027s Stone","ReplayTheSpireMod:ShopPack","Sling","infinitespire:Beetle Shell","Counterbalance","ReplayTheSpireMod:DimensionalGlitch","Toolbox","OrangePellets","Replay:Wax Seal","Blood Vial","ReplayTheSpireMod:Ring of Exchange","Ring of Peace","InkBottle"],"acts_visited":["Exordium","TheCity","TheBeyond"],"potions_floor_usage":[11,33,33,41,41,50],"damage_taken":[{"damage":8,"enemies":"Cultist","floor":1,"turns":5},{"damage":7,"enemies":"Small Slimes","floor":2,"turns":4},{"damage":3,"enemies":"Jaw Worm","floor":3,"turns":6},{"damage":12,"enemies":"Looter","floor":4,"turns":4},{"damage":9,"enemies":"3 Louse","floor":5,"turns":4},{"damage":6,"enemies":"Gremlin Gang","floor":7,"turns":5},{"damage":0,"enemies":"Looter","floor":11,"turns":4},{"damage":7,"enemies":"Exordium Wildlife","floor":14,"turns":5},{"damage":50,"enemies":"Fading Forest","floor":16,"turns":11},{"damage":16,"enemies":"Shell Parasite","floor":18,"turns":4},{"damage":12,"enemies":"Chosen","floor":25,"turns":4},{"damage":58,"enemies":"Replay:Snechameleon","floor":28,"turns":6},{"damage":42,"enemies":"Centurion and Healer","floor":30,"turns":6},{"damage":9,"enemies":"Sentry and Sphere","floor":31,"turns":3},{"damage":82,"enemies":"Automaton","floor":33,"turns":11},{"damage":43,"enemies":"3 Darklings","floor":35,"turns":7},{"damage":53,"enemies":"3 Shapes","floor":37,"turns":7},{"damage":69,"enemies":"Writhing Mass","floor":41,"turns":6},{"damage":72,"enemies":"Nemesis","floor":47,"turns":9},{"damage":84,"enemies":"Maw","floor":48,"turns":10},{"damage":10,"enemies":"Reptomancer","floor":50,"turns":6},{"damage":58,"enemies":"Time Eater","floor":52,"turns":15}],"seed_played":"1030645232498643478","potions_obtained":[{"floor":4,"key":"Swift Potion"},{"floor":5,"key":"FairyPotion"},{"floor":7,"key":"SkillPotion"},{"floor":16,"key":"Milkshake"},{"floor":28,"key":"BlessingOfTheForge"},{"floor":33,"key":"Block Potion"},{"floor":37,"key":"Venom Potion"},{"floor":47,"key":"PowerPotion"}],"is_trial":false,"path_per_floor":["M","M","M","M","M","R","M","T","T","?","M","$","R","M","R","B",null,"M","?","?","?","$","R","AVR","M","T","R","E","R","M","M","R","B",null,"M","$","M","PTL","PTL","?","M","R","AVR","R","T","R","E","M","?","E","R","B"],"character_chosen":"IRONCLAD","items_purchased":["Carnage","ReplayTheSpireMod:ShopPack","Toolbox"],"campfire_rested":6,"item_purchase_floors":[12,22,36],"current_hp_per_floor":[78,77,80,74,71,71,71,71,71,71,80,80,80,80,80,40,80,74,54,54,54,54,78,78,80,80,80,41,65,43,44,68,18,80,52,52,14,14,14,34,22,46,46,70,70,70,13,13,13,19,43,0,0],"gold":263,"neow_bonus":"ONE_RARE_RELIC","is_daily":false,"chose_seed":false,"campfire_upgraded":5,"win_rate":0.0,"timestamp":1612279038,"path_taken":["M","M","M","M","M","R","?","?","T","?","M","?","R","M","R","BOSS","M","?","?","?","$","R","AVR","?","T","R","E","R","?","M","R","BOSS","M","$","M","PTL","PTL","?","M","R","AVR","R","T","R","E","M","?","E","R","BOSS"],"items_purchased_type":["Card","Relic","Relic"],"build_version":"2020-12-22","purchased_purges":0,"victory":false,"max_hp_per_floor":[80,80,80,80,80,80,80,80,80,80,80,80,80,80,80,80,80,80,80,80,80,80,80,80,80,80,80,80,80,80,80,80,80,80,80,80,80,80,80,80,80,80,80,80,80,80,80,80,80,80,80,80,80],"card_choices":[{"not_picked":["Armaments","Sword Boomerang"],"picked":"Dual Wield","floor":1},{"not_picked":["Anger","Rupture"],"picked":"Headbutt","floor":2},{"not_picked":["True Grit","Bloodletting"],"picked":"Anger","floor":3},{"not_picked":["Replay:Undeath\u0027s Touch","Wild Strike","True Grit"],"picked":"SKIP","floor":4},{"not_picked":["Dual Wield","Combust"],"picked":"Shrug It Off","floor":5},{"not_picked":["Evolve","Replay:Undeath\u0027s Touch"],"picked":"Warcry","floor":7},{"not_picked":["Clash","Intimidate"],"picked":"Anger","floor":11},{"not_picked":["Flame Barrier","Reckless Charge","Heavy Blade"],"picked":"SKIP","floor":14},{"not_picked":["Corruption","Eclipse"],"picked":"Double Tap","floor":16},{"not_picked":["Twin Strike","Sword Boomerang"],"picked":"Headbutt+1","floor":18},{"not_picked":["ReplayTheSpireMod:Black Plague","ReplayTheSpireMod:??????????????????????"],"picked":"infinitespire:Starlight","floor":19},{"not_picked":["ReplayTheSpireMod:Necrogeddon","Panache"],"picked":"Metamorphosis","floor":22},{"not_picked":["Replay:Dark Deal","Impatience"],"picked":"Chrysalis","floor":22},{"not_picked":["Chrysalis","Sadistic Nature"],"picked":"Jack Of All Trades","floor":22},{"not_picked":["True Grit","Run Through","Body Slam"],"picked":"SKIP","floor":25},{"not_picked":["Flame Barrier","Iron Wave+1"],"picked":"Metallicize","floor":28},{"not_picked":["Twin Strike","Heavy Blade","Run Through+1"],"picked":"SKIP","floor":30},{"not_picked":["Flex+1","Evolve"],"picked":"Pommel Strike","floor":31},{"not_picked":["Feed","Double Tap"],"picked":"Impervious","floor":33},{"not_picked":["Carnage","Thunderclap"],"picked":"Shrug It Off","floor":35},{"not_picked":["Headbutt+1","Body Slam+1","True Grit"],"picked":"SKIP","floor":37},{"not_picked":["ReplayTheSpireMod:Muscle Training+1","Run Through"],"picked":"Burning Pact+1","floor":41},{"not_picked":["Dropkick","Brutality"],"picked":"Defy Death","floor":47},{"not_picked":["Headbutt","Evolve","Replay:Undeath\u0027s Touch+1"],"picked":"SKIP","floor":48},{"not_picked":["Wild Strike+1","Heavy Blade","Perfected Strike"],"picked":"SKIP","floor":50}],"player_experience":48089,"relics_obtained":[{"floor":8,"key":"Pondfish Scales"},{"floor":9,"key":"Red Skull"},{"floor":26,"key":"infinitespire:Beetle Shell"},{"floor":28,"key":"Counterbalance"},{"floor":45,"key":"Replay:Wax Seal"},{"floor":47,"key":"Blood Vial"},{"floor":49,"key":"ReplayTheSpireMod:Ring of Exchange"},{"floor":49,"key":"Ring of Peace"},{"floor":50,"key":"InkBottle"}],"event_choices":[{"damage_healed":0,"gold_gain":0,"player_choice":"Ignored","damage_taken":0,"max_hp_gain":0,"max_hp_loss":0,"event_name":"Ghosts","floor":20,"gold_loss":0},{"damage_healed":0,"gold_gain":0,"player_choice":"Copied","damage_taken":0,"max_hp_gain":0,"max_hp_loss":0,"event_name":"Duplicator","floor":21,"gold_loss":0,"cards_obtained":["infinitespire:Starlight"]},{"damage_healed":20,"gold_gain":0,"player_choice":"Writhe","damage_taken":0,"max_hp_gain":0,"max_hp_loss":0,"event_name":"Winding Halls","floor":40,"gold_loss":0,"cards_obtained":["Writhe"]}],"is_beta":false,"boss_relics":[{"not_picked":["SlaversCollar","Snecko Eye"],"picked":"Philosopher\u0027s Stone"},{"not_picked":["Kintsugi","Cursed Key"],"picked":"ReplayTheSpireMod:DimensionalGlitch"}],"items_purged_floors":[],"is_endless":false,"potions_floor_spawned":[4,5,7,16,28,33,37,47],"killed_by":"Time Eater","ascension_level":0}}