{"host":"vumwfieg2b2mnrfl","time":1612304220,"event":{"mods":["AchievementEnabler","BaseMod","Minty Spire (QoL Compilation)","Rare Cards Sparkle","Relic Stats"],"gold_per_floor":[116,116,116,129,7,36,96,112,112,130,160,160,26,54,54,128,128,138,50,50,60,60,91,91,125,149,164,164,164,175,125,125,196,196,214,214,214,229,244,244,269,269,338,367,367,394,410,42,42,42],"floor_reached":51,"language":"ENG","playtime":1657,"items_purged":["Strike_R","Shame"],"score":1472,"play_id":"bfdeaac3-de2b-4cc7-95a6-531440942189","local_time":"20210202161700","is_ascension_mode":true,"campfire_choices":[{"floor":12.0,"key":"REST"},{"data":"Armaments","floor":15.0,"key":"SMITH"},{"floor":24.0,"key":"REST"},{"data":"Uppercut","floor":32,"key":"SMITH"},{"floor":40,"key":"REST"},{"data":"Demon Form","floor":42,"key":"SMITH"},{"floor":45,"key":"REST"},{"data":"Juggernaut","floor":49,"key":"SMITH"}],"circlet_count":0,"master_deck":["AscendersBane","Strike_R","Strike_R","Defend_R","Defend_R","Bash","Evolve","Heavy Blade","Clothesline","Flame Barrier","Spot Weakness","Battle Trance+1","Headbutt","Armaments+1","Fiend Fire","Demon Form+1","Uppercut+1","Flame Barrier","Heavy Blade","Juggernaut+1","Ghostly Armor+1","Infernal Blade+1","Second Wind+1","Dual Wield+1","Apotheosis"],"relics":["Burning Blood","NeowsBlessing","Matryoshka","Unceasing Top","Ancient Tea Set","Vajra","Regal Pillow","Red Skull","Snecko Eye","MutagenicStrength","Letter Opener","Smiling Mask","Bronze Scales","Akabeko","Art of War","Darkstone Periapt","Astrolabe","Lizard Tail","Mummified Hand","Omamori","Bag of Marbles","War Paint"],"acts_visited":["Exordium","TheCity","TheBeyond"],"potions_floor_usage":[25,44,50],"damage_taken":[{"damage":0.0,"enemies":"2 Louse","floor":1.0,"turns":1.0},{"damage":0.0,"enemies":"Jaw Worm","floor":4.0,"turns":1.0},{"damage":0.0,"enemies":"3 Sentries","floor":6.0,"turns":2.0},{"damage":33.0,"enemies":"3 Sentries","floor":7.0,"turns":11.0},{"damage":1.0,"enemies":"Cultist","floor":8.0,"turns":4.0},{"damage":17.0,"enemies":"3 Louse","floor":10.0,"turns":4.0},{"damage":36.0,"enemies":"Gremlin Nob","floor":11.0,"turns":4.0},{"damage":25.0,"enemies":"3 Sentries","floor":14.0,"turns":9.0},{"damage":32.0,"enemies":"Hexaghost","floor":16.0,"turns":9.0},{"damage":6.0,"enemies":"Spheric Guardian","floor":18.0,"turns":3.0},{"damage":14.0,"enemies":"Shell Parasite","floor":21.0,"turns":4.0},{"damage":38.0,"enemies":"Slavers","floor":23.0,"turns":5.0},{"damage":31,"enemies":"Book of Stabbing","floor":25,"turns":4},{"damage":8,"enemies":"Snake Plant","floor":27,"turns":2},{"damage":0,"enemies":"3 Cultists","floor":30,"turns":3},{"damage":11,"enemies":"Champ","floor":33,"turns":7},{"damage":9,"enemies":"3 Shapes","floor":35,"turns":3},{"damage":7,"enemies":"Orb Walker","floor":38,"turns":3},{"damage":37,"enemies":"Writhing Mass","floor":39,"turns":5},{"damage":11,"enemies":"Mind Bloom Boss Battle","floor":41,"turns":7},{"damage":43,"enemies":"Reptomancer","floor":44,"turns":5},{"damage":0,"enemies":"4 Shapes","floor":47,"turns":2},{"damage":60,"enemies":"Time Eater","floor":50,"turns":6}],"seed_played":"5048761498628481017","potions_obtained":[{"floor":1.0,"key":"Dexterity Potion"},{"floor":6.0,"key":"ElixirPotion"},{"floor":10.0,"key":"EntropicBrew"},{"floor":11.0,"key":"PowerPotion"},{"floor":21.0,"key":"SpeedPotion"},{"floor":27,"key":"DuplicationPotion"},{"floor":30,"key":"Energy Potion"},{"floor":35,"key":"Fire Potion"},{"floor":39,"key":"DuplicationPotion"}],"is_trial":false,"path_per_floor":["M","?","?","M","$","E","?","M","T","M","E","R","$","E","R","B",null,"M","$","?","M","?","E","R","E","T","M","?","T","M","$","R","B",null,"M","?","?","M","M","R","?","R","T","E","R","T","M","$","R","B",null],"character_chosen":"IRONCLAD","items_purchased":["Flame Barrier","Spot Weakness","Armaments","Uppercut","Apotheosis","War Paint"],"campfire_rested":4,"item_purchase_floors":[5,5,13,19,48,48],"current_hp_per_floor":[74,74,74,75,75,75,48,53,53,42,12,49,49,34,34,8,61,61,61,61,53,53,21,59,34,34,32,32,32,41,41,41,36,71,71,71,71,70,39,78,73,73,73,36,75,75,81,81,81,27],"gold":42,"neow_bonus":"THREE_ENEMY_KILL","is_daily":false,"chose_seed":false,"campfire_upgraded":4,"win_rate":0.0,"timestamp":1612304220,"path_taken":["M","?","?","M","$","E","?","M","T","M","E","R","?","E","R","BOSS","M","$","?","M","?","E","R","E","T","?","?","?","M","$","R","BOSS","M","?","?","M","M","R","?","R","T","E","R","?","?","$","R","BOSS"],"items_purchased_type":["Card","Card","Card","Card","Card","Relic"],"build_version":"2020-12-22","purchased_purges":2,"victory":true,"max_hp_per_floor":[75,75,75,75,75,75,75,75,75,75,75,75,75,79,79,79,79,79,79,79,79,79,79,79,79,79,79,79,79,82,82,82,82,82,85,81,81,81,81,81,81,81,81,81,81,81,81,81,81,81],"relic_stats":{"Darkstone Periapt":0,"Regal Pillow":60,"counters":[23,104],"Astrolabe":["Ghostly Armor","Infernal Blade","Second Wind"],"Letter Opener":[50],"War Paint":["Dual Wield","Battle Trance"],"Smiling Mask":50,"Burning Blood":127,"Lizard Tail":0,"Mummified Hand":[13],"Bronze Scales":[111],"Snecko Eye":[101,111,115,93],"Art of War":[8],"obtain_stats":[{"Darkstone Periapt":29,"Regal Pillow":11,"NeowsBlessing":0,"Astrolabe":34,"Vajra":9,"Omamori":44,"Letter Opener":23,"War Paint":48,"Ancient Tea Set":9,"Smiling Mask":25,"Burning Blood":0,"Akabeko":26,"Lizard Tail":41,"Matryoshka":6,"Mummified Hand":43,"MutagenicStrength":22,"Bronze Scales":26,"Snecko Eye":17,"Art of War":28,"Bag of Marbles":46,"Unceasing Top":7,"Red Skull":14},{"Darkstone Periapt":14,"Regal Pillow":7,"NeowsBlessing":0,"Astrolabe":16,"Vajra":5,"Omamori":21,"Letter Opener":12,"War Paint":22,"Ancient Tea Set":5,"Smiling Mask":13,"Burning Blood":0,"Akabeko":13,"Lizard Tail":20,"Matryoshka":3,"Mummified Hand":20,"MutagenicStrength":11,"Bronze Scales":13,"Snecko Eye":9,"Art of War":14,"Bag of Marbles":21,"Unceasing Top":4,"Red Skull":8},{"Darkstone Periapt":63,"Regal Pillow":27,"NeowsBlessing":0,"Astrolabe":73,"Vajra":19,"Omamori":96,"Letter Opener":57,"War Paint":98,"Ancient Tea Set":19,"Smiling Mask":61,"Burning Blood":0,"Akabeko":61,"Lizard Tail":91,"Matryoshka":4,"Mummified Hand":91,"MutagenicStrength":52,"Bronze Scales":61,"Snecko Eye":45,"Art of War":63,"Bag of Marbles":96,"Unceasing Top":15,"Red Skull":36}],"Unceasing Top":[6]},"card_choices":[{"not_picked":["Body Slam","Twin Strike"],"picked":"Evolve","floor":1.0},{"not_picked":["Thunderclap","Pommel Strike"],"picked":"Clothesline","floor":4.0},{"not_picked":["Heavy Blade","Shrug It Off"],"picked":"Battle Trance","floor":6.0},{"not_picked":["Uppercut","Hemokinesis"],"picked":"Headbutt","floor":7.0},{"not_picked":["Thunderclap","Flex","Pommel Strike"],"picked":"SKIP","floor":8.0},{"not_picked":["Infernal Blade","Cleave"],"picked":"Feed","floor":10.0},{"not_picked":["Warcry","Perfected Strike","Dropkick"],"picked":"SKIP","floor":11.0},{"not_picked":["Flex","Power Through"],"picked":"Fiend Fire","floor":14.0},{"not_picked":["Bludgeon","Immolate"],"picked":"Demon Form","floor":16.0},{"not_picked":["Sword Boomerang","Warcry","Intimidate+1"],"picked":"SKIP","floor":18.0},{"not_picked":["Cleave","Reckless Charge","Havoc"],"picked":"SKIP","floor":21.0},{"not_picked":["Rampage","Offering"],"picked":"Heavy Blade","floor":23.0},{"not_picked":["Dark Embrace","True Grit","Reckless Charge"],"picked":"SKIP","floor":25},{"not_picked":["Flex+1","Clash","Shrug It Off"],"picked":"SKIP","floor":27},{"not_picked":["Clothesline","Cleave","Seeing Red+1"],"picked":"SKIP","floor":30},{"not_picked":["Feed","Offering"],"picked":"Juggernaut","floor":33},{"not_picked":["Thunderclap+1","Wild Strike"],"picked":"Dual Wield","floor":35},{"not_picked":["Body Slam","Dark Embrace","Pommel Strike"],"picked":"SKIP","floor":38},{"not_picked":["Battle Trance","Clothesline+1","Cleave"],"picked":"SKIP","floor":39},{"not_picked":["Combust","Reckless Charge+1","Rupture"],"picked":"SKIP","floor":44},{"not_picked":["Headbutt","Pommel Strike","Shrug It Off"],"picked":"SKIP","floor":47}],"player_experience":514777,"relics_obtained":[{"floor":6.0,"key":"Matryoshka"},{"floor":7.0,"key":"Unceasing Top"},{"floor":9.0,"key":"Ancient Tea Set"},{"floor":9.0,"key":"Vajra"},{"floor":11.0,"key":"Regal Pillow"},{"floor":14.0,"key":"Red Skull"},{"floor":23.0,"key":"Letter Opener"},{"floor":25,"key":"Smiling Mask"},{"floor":26,"key":"Bronze Scales"},{"floor":26,"key":"Akabeko"},{"floor":29,"key":"Darkstone Periapt"},{"floor":41,"key":"Lizard Tail"},{"floor":43,"key":"Mummified Hand"},{"floor":44,"key":"Omamori"},{"floor":46,"key":"Bag of Marbles"}],"event_choices":[{"damage_healed":0.0,"max_hp_gain":0.0,"max_hp_loss":0.0,"gold_gain":0.0,"event_name":"The Cleric","player_choice":"Leave","floor":2.0,"gold_loss":0.0,"damage_taken":0.0},{"damage_healed":0.0,"max_hp_gain":0.0,"max_hp_loss":0.0,"gold_gain":0.0,"cards_transformed":["Strike_R"],"event_name":"Living Wall","player_choice":"Change","floor":3.0,"gold_loss":0.0,"damage_taken":0.0,"cards_obtained":["Heavy Blade"]},{"damage_healed":0.0,"max_hp_gain":0.0,"max_hp_loss":0.0,"gold_gain":0.0,"event_name":"Dead Adventurer","player_choice":"Searched \u00271\u0027 times","floor":7.0,"gold_loss":0.0,"damage_taken":0.0},{"damage_healed":0.0,"max_hp_gain":0.0,"max_hp_loss":0.0,"gold_gain":0.0,"event_name":"The Library","player_choice":"Read","floor":20.0,"gold_loss":0.0,"damage_taken":0.0,"cards_obtained":["Flame Barrier"]},{"damage_healed":0.0,"max_hp_gain":0.0,"max_hp_loss":0.0,"gold_gain":0.0,"event_name":"Drug Dealer","player_choice":"Inject Mutagens","floor":22.0,"gold_loss":0.0,"damage_taken":0.0,"relics_obtained":["MutagenicStrength"]},{"damage_healed":0,"gold_gain":0,"player_choice":"Stole Relic","damage_taken":0,"relics_obtained":["Art of War"],"max_hp_gain":0,"max_hp_loss":0,"event_name":"Addict","floor":28,"gold_loss":0,"cards_obtained":["Shame"]},{"damage_healed":0,"gold_gain":0,"player_choice":"Max HP","damage_taken":0,"max_hp_gain":0,"max_hp_loss":4,"event_name":"Winding Halls","floor":36,"gold_loss":0},{"cards_removed":["Feed"],"damage_healed":0,"gold_gain":0,"player_choice":"Removed Attack","damage_taken":0,"max_hp_gain":0,"max_hp_loss":0,"event_name":"Falling","floor":37,"gold_loss":0},{"damage_healed":0,"gold_gain":0,"player_choice":"Fight","damage_taken":0,"max_hp_gain":0,"max_hp_loss":0,"event_name":"MindBloom","floor":41,"gold_loss":0}],"is_beta":false,"boss_relics":[{"not_picked":["Coffee Dripper","Mark of Pain"],"picked":"Snecko Eye"},{"not_picked":["Black Blood","Black Star"],"picked":"Astrolabe"}],"items_purged_floors":[13,31],"is_endless":false,"potions_floor_spawned":[1,6,10,11,21,27,30,35,39,41],"ascension_level":19}}