{"host":"nnmmiiw4bez2c8ei","time":1612272631,"event":{"mods":["AchievementEnabler","BaseMod","Colored Map","Colored Powertips","Minty Spire (QoL Compilation)","Rare Cards Sparkle","StSLib"],"gold_per_floor":[111,123,54,54,129,154,167,167,167,13,24,76,93,103,103,205,205,222,233,264,264,264,296,310,310,310,310,310,136,136,164,164,269,269,281,300,317,227,243,91,18,44,92,17,17,50,64,75,75,75],"floor_reached":51,"language":"KOR","playtime":2438,"items_purged":["Strike_G","Strike_G"],"score":961,"play_id":"f798de0f-f48d-44a6-aef8-c0ff49975fda","local_time":"20210202223031","is_ascension_mode":true,"campfire_choices":[{"data":"Neutralize","floor":8.0,"key":"SMITH"},{"data":"Cloak And Dagger","floor":15.0,"key":"SMITH"},{"floor":25,"key":"REST"},{"floor":30,"key":"REST"},{"data":"Accuracy","floor":32,"key":"SMITH"},{"floor":45,"key":"REST"},{"data":"Blade Dance","floor":49,"key":"SMITH"}],"circlet_count":0,"master_deck":["Strike_G+1","Defend_G","Survivor","Neutralize+1","Finisher","Slice+1","Accuracy+1","Accuracy","Cloak And Dagger+1","Cloak And Dagger","Prepared","Blade Dance+1","Footwork","PiercingWail","Deflect","Leg Sweep+1","Blur","Caltrops+1","Envenom+1","Choke+1","Bullet Time+1","Bouncing Flask+1","Acrobatics+1","Infinite Blades+1","Accuracy+1","Terror+1"],"relics":["Ring of the Snake","NeowsBlessing","Pear","Pocketwatch","Bottled Flame","Pen Nib","Philosopher\u0027s Stone","Red Mask","Paper Crane","Nilry\u0027s Codex","Whetstone","Singing Bowl","Blue Candle","Frozen Egg 2","Astrolabe","Snake Skull","Regal Pillow","Bottled Lightning"],"acts_visited":["Exordium","TheCity","TheBeyond"],"potions_floor_usage":[29,33,37,42],"damage_taken":[{"damage":0.0,"enemies":"Jaw Worm","floor":1.0,"turns":1.0},{"damage":0.0,"enemies":"Cultist","floor":2.0,"turns":1.0},{"damage":0.0,"enemies":"3 Sentries","floor":6.0,"turns":1.0},{"damage":0.0,"enemies":"Small Slimes","floor":7.0,"turns":2.0},{"damage":5.0,"enemies":"Blue Slaver","floor":11.0,"turns":3.0},{"damage":3.0,"enemies":"2 Fungi Beasts","floor":13.0,"turns":4.0},{"damage":0.0,"enemies":"Looter","floor":14.0,"turns":3.0},{"damage":18.0,"enemies":"Hexaghost","floor":16.0,"turns":10.0},{"damage":9.0,"enemies":"Spheric Guardian","floor":18.0,"turns":4.0},{"damage":14.0,"enemies":"3 Byrds","floor":19.0,"turns":6.0},{"damage":37.0,"enemies":"Masked Bandits","floor":20.0,"turns":5.0},{"damage":0,"enemies":"Gremlin Leader","floor":23,"turns":5},{"damage":10,"enemies":"Snecko","floor":24,"turns":6},{"damage":3,"enemies":"Book of Stabbing","floor":31,"turns":6},{"damage":29,"enemies":"Automaton","floor":33,"turns":12},{"damage":3,"enemies":"Orb Walker","floor":35,"turns":2},{"damage":0,"enemies":"3 Darklings","floor":36,"turns":4},{"damage":10,"enemies":"Writhing Mass","floor":37,"turns":2},{"damage":12,"enemies":"Sphere and 2 Shapes","floor":39,"turns":5},{"damage":38,"enemies":"Reptomancer","floor":42,"turns":8},{"damage":0,"enemies":"Giant Head","floor":46,"turns":5},{"damage":6,"enemies":"Maw","floor":47,"turns":5},{"damage":5,"enemies":"Spire Growth","floor":48,"turns":2},{"damage":47,"enemies":"Awakened One","floor":50,"turns":8}],"seed_played":"5581285320240944393","potions_obtained":[{"floor":1.0,"key":"GamblersBrew"},{"floor":14.0,"key":"Regen Potion"},{"floor":16.0,"key":"Fire Potion"},{"floor":18.0,"key":"SkillPotion"},{"floor":19.0,"key":"FearPotion"},{"floor":24,"key":"Weak Potion"},{"floor":33,"key":"SkillPotion"},{"floor":37,"key":"FairyPotion"},{"floor":46,"key":"BlessingOfTheForge"}],"is_trial":false,"path_per_floor":["M","M","$","?","?","E","M","R","T","$","M","T","M","M","R","B",null,"M","M","?","?","?","E","M","R","T","T","?","$","R","E","R","B",null,"M","M","M","?","M","$","$","E","T","$","R","E","M","M","R","B",null],"character_chosen":"THE_SILENT","items_purchased":["Accuracy","Accuracy","Fruit Juice","Blur","Block Potion","Infinite Blades+1","DuplicationPotion"],"campfire_rested":3,"item_purchase_floors":[3,10,29,29,40,41,44],"current_hp_per_floor":[70,70,70,73,65,65,65,65,65,65,60,60,57,57,57,39,80,71,69,32,32,16,16,6,30,30,30,30,35,60,57,57,28,85,84,86,78,78,66,66,66,28,28,28,70,70,66,63,63,16],"gold":75,"neow_bonus":"THREE_ENEMY_KILL","is_daily":false,"chose_seed":false,"campfire_upgraded":4,"win_rate":0.0,"timestamp":1612272631,"path_taken":["M","M","$","?","?","E","M","R","T","$","?","?","?","M","R","BOSS","M","M","?","?","?","E","M","R","T","?","?","$","R","E","R","BOSS","M","M","M","?","?","?","$","E","T","$","R","E","M","M","R","BOSS"],"items_purchased_type":["Card","Card","Potion","Card","Potion","Card","Potion"],"build_version":"2020-12-22","purchased_purges":2,"victory":true,"max_hp_per_floor":[70,70,70,80,80,80,80,80,80,80,80,80,80,80,80,80,80,80,80,80,80,80,80,80,80,80,80,80,85,85,85,85,85,85,87,89,91,91,91,91,91,91,91,91,91,91,93,95,95,95],"card_choices":[{"not_picked":["Bouncing Flask","Dagger Throw"],"picked":"Finisher","floor":1.0},{"not_picked":["Outmaneuver","Flying Knee"],"picked":"Slice","floor":2.0},{"not_picked":["Bouncing Flask","Deflect","Skewer"],"picked":"SKIP","floor":6.0},{"not_picked":["Dagger Spray","Outmaneuver","Masterful Stab"],"picked":"SKIP","floor":7.0},{"not_picked":["Deflect","Tactician"],"picked":"Cloak And Dagger","floor":11.0},{"not_picked":["Dash","Prepared"],"picked":"Cloak And Dagger","floor":13.0},{"not_picked":["Sucker Punch","Flying Knee"],"picked":"Prepared","floor":14.0},{"not_picked":["Flying Knee","Catalyst","Dodge and Roll"],"picked":"SKIP","floor":18.0},{"not_picked":["Dagger Spray","Bane"],"picked":"Blade Dance","floor":19.0},{"not_picked":["Noxious Fumes","Crippling Poison"],"picked":"Footwork","floor":20.0},{"not_picked":["Choke","Poisoned Stab+1","Distraction+1"],"picked":"SKIP","floor":23},{"not_picked":["Slice","Dodge and Roll+1"],"picked":"PiercingWail","floor":24},{"not_picked":["Quick Slash","Malaise"],"picked":"Caltrops+1","floor":31},{"not_picked":["Adrenaline","Glass Knife"],"picked":"Envenom+1","floor":33},{"not_picked":["Noxious Fumes+1","Dodge and Roll+1","Backflip"],"picked":"Singing Bowl","floor":35},{"not_picked":["Underhanded Strike","Eviscerate+1","Dagger Spray"],"picked":"Singing Bowl","floor":36},{"not_picked":["PiercingWail","Slice+1","Dash"],"picked":"Singing Bowl","floor":37},{"not_picked":["Reflex","Bane"],"picked":"Acrobatics+1","floor":39},{"not_picked":["Well Laid Plans+1","After Image+1"],"picked":"Accuracy+1","floor":42},{"not_picked":["Masterful Stab","Distraction"],"picked":"Terror+1","floor":46},{"not_picked":["Deadly Poison","Blade Dance","Bane"],"picked":"Singing Bowl","floor":47},{"not_picked":["Acrobatics+1","Dodge and Roll","Leg Sweep"],"picked":"Singing Bowl","floor":48}],"player_experience":509779,"relics_obtained":[{"floor":6.0,"key":"Pocketwatch"},{"floor":9.0,"key":"Bottled Flame"},{"floor":12.0,"key":"Pen Nib"},{"floor":20.0,"key":"Red Mask"},{"floor":22.0,"key":"Nilry\u0027s Codex"},{"floor":23,"key":"Whetstone"},{"floor":26,"key":"Singing Bowl"},{"floor":27,"key":"Blue Candle"},{"floor":31,"key":"Frozen Egg 2"},{"floor":42,"key":"Snake Skull"},{"floor":43,"key":"Regal Pillow"},{"floor":46,"key":"Bottled Lightning"}],"event_choices":[{"damage_healed":0.0,"max_hp_gain":0.0,"max_hp_loss":0.0,"gold_gain":0.0,"event_name":"Scrap Ooze","player_choice":"Success","floor":4.0,"gold_loss":0.0,"damage_taken":7.0,"relics_obtained":["Pear"]},{"damage_healed":0.0,"max_hp_gain":0.0,"max_hp_loss":0.0,"gold_gain":75.0,"event_name":"FaceTrader","player_choice":"Touch","floor":5.0,"gold_loss":0.0,"damage_taken":8.0},{"damage_healed":0.0,"max_hp_gain":0.0,"max_hp_loss":0.0,"gold_gain":0.0,"event_name":"Masked Bandits","player_choice":"Fought Bandits","floor":20.0,"gold_loss":0.0,"damage_taken":0.0},{"damage_healed":0.0,"max_hp_gain":0.0,"max_hp_loss":0.0,"gold_gain":0.0,"event_name":"The Mausoleum","player_choice":"Opened","floor":21.0,"gold_loss":0.0,"damage_taken":0.0,"relics_obtained":["Paper Crane"]},{"damage_healed":0.0,"max_hp_gain":0.0,"max_hp_loss":0.0,"gold_gain":0.0,"event_name":"Cursed Tome","player_choice":"Obtained Book","floor":22.0,"gold_loss":0.0,"damage_taken":16.0},{"damage_healed":0,"gold_gain":0,"cards_transformed":["Strike_G","Defend_G"],"player_choice":"Became Test Subject","damage_taken":0,"max_hp_gain":0,"max_hp_loss":0,"event_name":"Drug Dealer","floor":28,"gold_loss":0,"cards_obtained":["Deflect","Leg Sweep"]},{"cards_removed":["Defend_G"],"damage_healed":0,"gold_gain":0,"player_choice":"Upgrade and Remove","damage_taken":0,"max_hp_gain":0,"max_hp_loss":0,"event_name":"Designer","floor":38,"gold_loss":90,"cards_upgraded":["Leg Sweep"]}],"is_beta":false,"boss_relics":[{"not_picked":["Snecko Eye","Runic Pyramid"],"picked":"Philosopher\u0027s Stone"},{"not_picked":["Tiny House","Ring of the Serpent"],"picked":"Astrolabe"}],"items_purged_floors":[10,40],"is_endless":false,"potions_floor_spawned":[1,14,16,18,19,24,33,37,46],"ascension_level":3}}