{"host":"szp1d6dso4pv7ddl","time":1612234229,"event":{"mods":["AchievementEnabler","Alarm Clock","BaseMod","Bestiary","Block Reminder","Colored Map","Colored Powertips","Curses Come First","Dark Map","Displayed Cursed Tome","Highlight Path","Minty Spire (QoL Compilation)","Permanent Neow","Quick Restart","Relic Sorter","Relic Stats","StSLib","Synergy Search"],"gold_per_floor":[117,117,134,149,160,160,160,160,160,190,28,44,44,63,63,140,140,155,155,169,94,110,110,142,142,142,142,142,142,142,157,157,157,157],"floor_reached":33,"language":"ENG","playtime":1248,"items_purged":["Strike_B"],"score":477,"play_id":"78ef1543-ec45-461c-9258-a97efcf86839","local_time":"20210201185029","is_ascension_mode":true,"campfire_choices":[{"data":"Dualcast","floor":6.0,"key":"SMITH"},{"floor":8.0,"key":"REST"},{"data":"Chaos","floor":13.0,"key":"SMITH"},{"data":"Strike_B","floor":15.0,"key":"PURGE"},{"floor":23,"key":"REST"},{"data":"Loop","floor":28,"key":"SMITH"},{"data":"Biased Cognition","floor":29,"key":"SMITH"},{"floor":32,"key":"REST"}],"circlet_count":0,"master_deck":["AscendersBane","Strike_B","Defend_B","Defend_B","Defend_B","Defend_B","Zap","Dualcast+1","Ball Lightning","Ball Lightning","Tempest","Electrodynamics+1","Core Surge","Chaos+1","Biased Cognition+1","Loop+1","Reinforced Body+1","Static Discharge","Fission"],"relics":["FrozenCore","Boot","Peace Pipe","WingedGreaves","FaceOfCleric","Meat on the Bone","DataDisk"],"acts_visited":["Exordium","TheCity"],"potions_floor_usage":[33],"damage_taken":[{"damage":2.0,"enemies":"Jaw Worm","floor":1.0,"turns":3.0},{"damage":1.0,"enemies":"Cultist","floor":3.0,"turns":3.0},{"damage":6.0,"enemies":"2 Louse","floor":4.0,"turns":2.0},{"damage":15.0,"enemies":"Gremlin Gang","floor":5.0,"turns":3.0},{"damage":16.0,"enemies":"Gremlin Nob","floor":10.0,"turns":3.0},{"damage":0.0,"enemies":"Large Slime","floor":12.0,"turns":3.0},{"damage":0.0,"enemies":"Blue Slaver","floor":14.0,"turns":2.0},{"damage":47.0,"enemies":"Hexaghost","floor":16.0,"turns":9.0},{"damage":25.0,"enemies":"Shell Parasite","floor":18.0,"turns":6.0},{"damage":5.0,"enemies":"Chosen","floor":20.0,"turns":4.0},{"damage":24,"enemies":"Snake Plant","floor":22,"turns":2},{"damage":1,"enemies":"Gremlin Leader","floor":24,"turns":6},{"damage":0,"enemies":"3 Cultists","floor":31,"turns":2},{"damage":68,"enemies":"Champ","floor":33,"turns":11}],"seed_played":"3882257852330867410","potions_obtained":[{"floor":1.0,"key":"Fire Potion"},{"floor":5.0,"key":"ColorlessPotion"},{"floor":10.0,"key":"CultistPotion"},{"floor":12.0,"key":"Regen Potion"},{"floor":18.0,"key":"LiquidMemories"}],"is_trial":false,"path_per_floor":["M","?","M","M","M","R","?","R","T","E","$","M","R","M","R","B",null,"M","?","M","$","M","R","E","?","T","?","R","R","?","M","R","B"],"character_chosen":"DEFECT","items_purchased":["Core Surge"],"campfire_rested":3,"item_purchase_floors":[11],"current_hp_per_floor":[62,62,61,55,40,40,40,61,61,45,45,45,45,45,45,13,57,32,32,28,28,5,26,26,26,26,41,41,41,41,42,64,0,0],"gold":157,"neow_bonus":"RANDOM_COMMON_RELIC","is_daily":false,"chose_seed":false,"campfire_upgraded":4,"win_rate":0.0,"timestamp":1612234229,"path_taken":["M","?","M","?","M","R","?","R","T","E","$","M","R","M","R","BOSS","M","?","M","$","?","R","E","?","T","?","R","R","?","M","R","BOSS"],"items_purchased_type":["Card"],"build_version":"2020-12-22","purchased_purges":1,"victory":false,"max_hp_per_floor":[71,71,71,71,71,71,71,71,71,71,71,71,71,71,71,71,71,71,71,72,72,73,73,74,74,74,74,74,74,74,75,75,75,75],"relic_stats":{"Peace Pipe":1,"FaceOfCleric":4,"counters":[14,59],"Boot":[6],"obtain_stats":[{"Peace Pipe":9,"DataDisk":26,"FaceOfCleric":19,"WingedGreaves":10,"Cracked Core":0,"Boot":0,"FrozenCore":17,"Meat on the Bone":24},{"Peace Pipe":4,"DataDisk":12,"FaceOfCleric":9,"WingedGreaves":5,"Cracked Core":0,"Boot":0,"FrozenCore":8,"Meat on the Bone":12},{"Peace Pipe":11,"DataDisk":46,"FaceOfCleric":34,"WingedGreaves":14,"Cracked Core":0,"Boot":0,"FrozenCore":28,"Meat on the Bone":46}],"FrozenCore":[8],"Meat on the Bone":0},"card_choices":[{"not_picked":["Force Field","Compile Driver"],"picked":"Ball Lightning","floor":1.0},{"not_picked":["Coolheaded","Leap"],"picked":"Tempest","floor":3.0},{"not_picked":["Turbo","Steam"],"picked":"Electrodynamics","floor":4.0},{"not_picked":["Beam Cell","Melter","Streamline"],"picked":"SKIP","floor":5.0},{"not_picked":["Ball Lightning","Barrage","Genetic Algorithm"],"picked":"SKIP","floor":10.0},{"not_picked":["Genetic Algorithm","Go for the Eyes"],"picked":"Chaos","floor":12.0},{"not_picked":["Double Energy","Consume","Melter"],"picked":"SKIP","floor":14.0},{"not_picked":["Meteor Strike","Seek"],"picked":"Biased Cognition","floor":16.0},{"not_picked":["Gash","Double Energy"],"picked":"Loop","floor":18.0},{"not_picked":["Redo","Stack"],"picked":"Reinforced Body+1","floor":20.0},{"not_picked":["Gash","Barrage","Hello World+1"],"picked":"SKIP","floor":22},{"not_picked":["Genetic Algorithm","Hello World"],"picked":"Static Discharge","floor":24},{"not_picked":["Hologram","Ball Lightning","Loop"],"picked":"SKIP","floor":31}],"player_experience":1348663,"relics_obtained":[{"floor":9.0,"key":"Peace Pipe"},{"floor":10.0,"key":"WingedGreaves"},{"floor":24,"key":"Meat on the Bone"},{"floor":26,"key":"DataDisk"}],"event_choices":[{"damage_healed":0.0,"max_hp_gain":0.0,"max_hp_loss":0.0,"gold_gain":0.0,"event_name":"Match and Keep!","player_choice":"1 cards matched","floor":2.0,"gold_loss":0.0,"damage_taken":0.0,"cards_obtained":["Ball Lightning"]},{"damage_healed":0.0,"max_hp_gain":0.0,"max_hp_loss":0.0,"gold_gain":0.0,"event_name":"Living Wall","player_choice":"Grow","floor":7.0,"gold_loss":0.0,"damage_taken":0.0,"cards_upgraded":["Electrodynamics"]},{"damage_healed":0.0,"max_hp_gain":0.0,"max_hp_loss":0.0,"gold_gain":0.0,"event_name":"FaceTrader","player_choice":"Trade","floor":19.0,"gold_loss":0.0,"damage_taken":0.0,"relics_obtained":["FaceOfCleric"]},{"damage_healed":0,"gold_gain":0,"player_choice":"Ignored","damage_taken":0,"max_hp_gain":0,"max_hp_loss":0,"event_name":"The Mausoleum","floor":25,"gold_loss":0},{"damage_healed":15,"gold_gain":0,"player_choice":"Heal","damage_taken":0,"max_hp_gain":0,"max_hp_loss":0,"event_name":"The Library","floor":27,"gold_loss":0},{"damage_healed":0,"gold_gain":0,"cards_transformed":["Strike_B"],"player_choice":"Transformed","damage_taken":0,"max_hp_gain":0,"max_hp_loss":0,"event_name":"Transmorgrifier","floor":30,"gold_loss":0,"cards_obtained":["Fission"]}],"is_beta":false,"boss_relics":[{"not_picked":["Philosopher\u0027s Stone","Empty Cage"],"picked":"FrozenCore"}],"items_purged_floors":[21],"is_endless":false,"potions_floor_spawned":[1,5,10,12,18,20,31],"killed_by":"Champ","ascension_level":16}}