{"host":"4qkvkh7pd9qr2mca","time":1612224094,"event":{"mods":["AchievementEnabler","Act Like it!","BaseMod","Colored Map","Colored Powertips","Highlight Path","Minty Spire (QoL Compilation)","Pale of the Ancients","Permanent Neow","Quick Restart","Relic Stats","StSLib","SuperFastMode"],"gold_per_floor":[112,128,140,155,172,172,206,206,206,206,217,248,13,33,33,107,107,127,42,42,62,82,82,112,112,157,157,177,17,47,65,65,142,142,157,175,46,46,66,96,116,145,145,145,156,188,188,188],"floor_reached":47,"language":"ENG","playtime":2131,"items_purged":["Strike_B"],"score":1388,"play_id":"67f22c3e-c645-401f-ae37-a0bacb9ac704","local_time":"20210202010134","is_ascension_mode":true,"campfire_choices":[{"data":"Sunder","floor":6.0,"key":"SMITH"},{"data":"Reboot","floor":8.0,"key":"SMITH"},{"data":"Defragment","floor":15.0,"key":"SMITH"},{"data":"Turbo","floor":23.0,"key":"SMITH"},{"data":"Zap","floor":25.0,"key":"SMITH"},{"data":"Coolheaded","floor":27.0,"key":"SMITH"},{"data":"White Noise","floor":32.0,"key":"SMITH"},{"data":"Self Repair","floor":44,"key":"SMITH"}],"circlet_count":0,"master_deck":["AscendersBane","Strike_B","Strike_B","Defend_B+1","Defend_B","Defend_B+1","Zap+1","Dualcast+1","All For One","Sunder+1","Gash","Turbo+1","Go for the Eyes","Defragment+1","Reboot+1","Scrape","Cold Snap","Core Surge","Biased Cognition","Coolheaded+1","FTL","Steam+1","White Noise+1","Double Energy","Gash","Reboot","Self Repair+1","Trip","Loop+1","Parasite","Glacier","Chill","Capacitor"],"relics":["Cracked Core","FossilizedHelix","StrikeDummy","Pear","DataDisk","Sozu","Singing Bowl","War Paint","Tiny Chest","Membership Card","Potion Belt","Coffee Dripper","Happy Flower","Strawberry","Shuriken","Ornamental Fan","Mercury Hourglass"],"acts_visited":["Exordium","TheCity","TheBeyond"],"potions_floor_usage":[39],"damage_taken":[{"damage":0.0,"enemies":"Small Slimes","floor":1.0,"turns":2.0},{"damage":0.0,"enemies":"Cultist","floor":2.0,"turns":2.0},{"damage":0.0,"enemies":"2 Louse","floor":3.0,"turns":2.0},{"damage":13.0,"enemies":"Large Slime","floor":4.0,"turns":6.0},{"damage":1.0,"enemies":"Exordium Wildlife","floor":5.0,"turns":3.0},{"damage":6.0,"enemies":"Gremlin Nob","floor":7.0,"turns":3.0},{"damage":0.0,"enemies":"Exordium Thugs","floor":11.0,"turns":2.0},{"damage":0.0,"enemies":"3 Sentries","floor":12.0,"turns":5.0},{"damage":0.0,"enemies":"Red Slaver","floor":14.0,"turns":2.0},{"damage":3.0,"enemies":"Slime Boss","floor":16.0,"turns":10.0},{"damage":2.0,"enemies":"Shell Parasite","floor":18.0,"turns":3.0},{"damage":0.0,"enemies":"Spheric Guardian","floor":21.0,"turns":4.0},{"damage":0.0,"enemies":"Snecko","floor":22.0,"turns":2.0},{"damage":0.0,"enemies":"Gremlin Leader","floor":24.0,"turns":5.0},{"damage":0.0,"enemies":"Chosen and Byrds","floor":28.0,"turns":5.0},{"damage":0.0,"enemies":"Slavers","floor":30.0,"turns":3.0},{"damage":0.0,"enemies":"Centurion and Healer","floor":31.0,"turns":5.0},{"damage":0.0,"enemies":"Automaton","floor":33.0,"turns":7.0},{"damage":0.0,"enemies":"3 Shapes","floor":35.0,"turns":3.0},{"damage":0.0,"enemies":"Orb Walker","floor":36.0,"turns":2.0},{"damage":0,"enemies":"Transient","floor":39,"turns":6},{"damage":30,"enemies":"Giant Head","floor":40,"turns":6},{"damage":37,"enemies":"Writhing Mass","floor":41,"turns":5},{"damage":24,"enemies":"Reptomancer","floor":42,"turns":6},{"damage":0,"enemies":"Spire Growth","floor":45,"turns":3},{"damage":7,"enemies":"Nemesis","floor":46,"turns":9},{"damage":20,"enemies":"4 Shapes","floor":47,"turns":1}],"seed_played":"4997979071735138204","potions_obtained":[{"floor":3.0,"key":"BlessingOfTheForge"},{"floor":7.0,"key":"Weak Potion"},{"floor":11.0,"key":"BlessingOfTheForge"},{"floor":12.0,"key":"Energy Potion"},{"floor":16.0,"key":"GamblersBrew"}],"is_trial":false,"path_per_floor":["M","M","M","M","M","R","E","R","T","?","M","E","$","M","R","B",null,"M","?","?","M","M","R","E","R","T","R","M","$","E","M","R","B",null,"M","M","$","?","M","E","M","E","T","R","M","E","M"],"character_chosen":"DEFECT","items_purchased":["DataDisk","Membership Card","Happy Flower","Trip"],"campfire_rested":0,"item_purchase_floors":[13,29,37,37],"current_hp_per_floor":[64,64,64,51,50,50,44,44,44,44,44,54,54,54,54,51,68,66,66,66,66,66,66,66,66,66,66,66,66,66,66,66,66,72,74,74,74,74,78,62,34,17,17,17,17,20,0,0],"gold":188,"neow_bonus":"TRANSFORM_TWO_CARDS","is_daily":false,"chose_seed":false,"campfire_upgraded":8,"win_rate":0.0,"timestamp":1612224094,"path_taken":["M","M","M","M","M","R","E","R","T","?","?","E","$","M","R","BOSS","M","?","?","M","M","R","E","R","T","R","M","?","E","M","R","BOSS","M","M","$","?","M","E","M","E","T","R","?","E","M"],"items_purchased_type":["Relic","Relic","Relic","Card"],"build_version":"2020-12-22","purchased_purges":1,"victory":false,"max_hp_per_floor":[64,64,64,64,64,64,64,64,64,64,64,74,74,74,74,74,74,74,74,74,74,74,74,74,74,74,74,74,74,74,74,74,74,74,76,76,76,76,78,85,87,87,87,87,87,87,87,87],"relic_stats":{"Sozu":7,"Singing Bowl":6,"Happy Flower":[12],"counters":[27,112],"Shuriken":[7],"Ornamental Fan":[28],"Tiny Chest":0,"War Paint":["Defend_B","Defend_B"],"obtain_stats":[{"Potion Belt":30,"Pear":12,"Singing Bowl":19,"Happy Flower":37,"War Paint":24,"Mercury Hourglass":46,"Sozu":17,"DataDisk":13,"Shuriken":42,"Ornamental Fan":43,"Strawberry":40,"Tiny Chest":26,"Coffee Dripper":34,"Membership Card":29,"Cracked Core":0,"StrikeDummy":9,"FossilizedHelix":7},{"Potion Belt":16,"Pear":8,"Singing Bowl":11,"Happy Flower":20,"War Paint":14,"Mercury Hourglass":26,"Sozu":10,"DataDisk":8,"Shuriken":24,"Ornamental Fan":24,"Strawberry":22,"Tiny Chest":14,"Coffee Dripper":18,"Membership Card":15,"Cracked Core":0,"StrikeDummy":6,"FossilizedHelix":6},{"Potion Belt":59,"Pear":25,"Singing Bowl":40,"Happy Flower":76,"War Paint":51,"Mercury Hourglass":111,"Sozu":37,"DataDisk":25,"Shuriken":99,"Ornamental Fan":99,"Strawberry":88,"Tiny Chest":51,"Coffee Dripper":71,"Membership Card":56,"Cracked Core":0,"StrikeDummy":18,"FossilizedHelix":18}],"Mercury Hourglass":[12]},"card_choices":[{"not_picked":["Heatsinks","Rebound"],"picked":"Gash","floor":1.0},{"not_picked":["Conserve Battery","Consume"],"picked":"Turbo","floor":2.0},{"not_picked":["Sweeping Beam","Tempest"],"picked":"Go for the Eyes","floor":3.0},{"not_picked":["Blizzard","Barrage","Consume"],"picked":"SKIP","floor":4.0},{"not_picked":["Stack","Auto Shields"],"picked":"Defragment","floor":5.0},{"not_picked":["White Noise","Conserve Battery"],"picked":"Reboot","floor":7.0},{"not_picked":["Storm","Compile Driver"],"picked":"Scrape","floor":11.0},{"not_picked":["Hello World","Turbo"],"picked":"Cold Snap","floor":12.0},{"not_picked":["Streamline","Chill"],"picked":"Core Surge","floor":14.0},{"not_picked":["Thunder Strike","Core Surge"],"picked":"Biased Cognition","floor":16.0},{"not_picked":["Stack","Rip and Tear","Go for the Eyes"],"picked":"SKIP","floor":18.0},{"not_picked":["Compile Driver","Tempest"],"picked":"Coolheaded","floor":21.0},{"not_picked":["Redo","Turbo"],"picked":"FTL","floor":22.0},{"not_picked":["Doom and Gloom","Lockon+1"],"picked":"Steam+1","floor":24.0},{"not_picked":["Lockon","BootSequence"],"picked":"White Noise","floor":28.0},{"not_picked":["Stack","Consume"],"picked":"Double Energy","floor":30.0},{"not_picked":["Leap","Beam Cell"],"picked":"Gash","floor":31.0},{"not_picked":["Multi-Cast","Rainbow"],"picked":"Reboot","floor":33.0},{"not_picked":["FTL+1","Sweeping Beam","Aggregate"],"picked":"Singing Bowl","floor":35.0},{"not_picked":["Compile Driver","Go for the Eyes"],"picked":"Self Repair","floor":36.0},{"not_picked":["Darkness","Go for the Eyes","Consume"],"picked":"Singing Bowl","floor":39},{"not_picked":["Scrape","Darkness+1"],"picked":"Loop+1","floor":40},{"not_picked":["Sweeping Beam","Scrape","Lockon"],"picked":"Singing Bowl","floor":41},{"not_picked":["Conserve Battery","Recycle"],"picked":"Glacier","floor":42},{"not_picked":["Reprogram+1","Go for the Eyes"],"picked":"Chill","floor":45},{"not_picked":["Recycle","Auto Shields"],"picked":"Capacitor","floor":46}],"player_experience":611238,"relics_obtained":[{"floor":7.0,"key":"FossilizedHelix"},{"floor":9.0,"key":"StrikeDummy"},{"floor":12.0,"key":"Pear"},{"floor":24.0,"key":"War Paint"},{"floor":26.0,"key":"Tiny Chest"},{"floor":30.0,"key":"Potion Belt"},{"floor":40,"key":"Strawberry"},{"floor":42,"key":"Shuriken"},{"floor":43,"key":"Ornamental Fan"},{"floor":46,"key":"Mercury Hourglass"}],"event_choices":[{"damage_healed":0.0,"max_hp_gain":0.0,"max_hp_loss":0.0,"gold_gain":0.0,"event_name":"Upgrade Shrine","player_choice":"Upgraded","floor":10.0,"gold_loss":0.0,"damage_taken":0.0,"cards_upgraded":["Dualcast"]},{"damage_healed":0.0,"max_hp_gain":0.0,"max_hp_loss":0.0,"gold_gain":0.0,"event_name":"Addict","player_choice":"Obtained Relic","floor":19.0,"gold_loss":85.0,"damage_taken":0.0,"relics_obtained":["Singing Bowl"]},{"damage_healed":0.0,"max_hp_gain":0.0,"max_hp_loss":0.0,"gold_gain":0.0,"event_name":"Vampires","player_choice":"Ignored","floor":20.0,"gold_loss":0.0,"damage_taken":0.0},{"damage_healed":0.0,"max_hp_gain":0.0,"max_hp_loss":0.0,"gold_gain":0.0,"event_name":"Match and Keep!","player_choice":"0 cards matched","floor":38.0,"gold_loss":0.0,"damage_taken":0.0,"cards_obtained":[]}],"is_beta":false,"boss_relics":[{"not_picked":["SacredBark","SlaversCollar"],"picked":"Sozu"},{"not_picked":["Runic Dome","Snecko Eye"],"picked":"Coffee Dripper"}],"items_purged_floors":[13],"is_endless":false,"potions_floor_spawned":[3,7,11,12,16,18,21,22,28,41,42,45,46],"killed_by":"4 Shapes","ascension_level":20}}