{"host":"lck2g1j0kcwr02ez","time":1612247812,"event":{"mods":["Act Like it!","BaseMod","CapriCore","Colored Powertips","Hallownest","Mari Mod (Legacy)","Mari\u0027s V1 Patch","Marisa£®ÏF”Í°°ƒß¿Ì…≥£©","Minty Spire (QoL Compilation)","Rare Cards Sparkle","StSLib","Td1madao Mod","The Bug Knight","The Hierophant"],"gold_per_floor":[112,128,6868,6868,6793,6793,6231,6231,6283,8888,8915,8915,8929,8406,8406,8505,8505,8519,8519,8429,7806,7135,7135,7135,6268,6319,6346,5463,5463,5489,5489,5489,5489,5489],"floor_reached":33,"language":"ZHS","playtime":6166,"items_purged":["Preloading","Rupture"],"score":428,"play_id":"2d3b1406-e402-44e5-80a3-40fda25b3b0b","local_time":"20210202143652","daily_mods":["SealedDeck","Heirloom","Flight"],"is_ascension_mode":false,"campfire_choices":[{"data":"Hallownest:skillGreenpathMap","floor":15.0,"key":"SMITH"},{"floor":23.0,"key":"RECALL"},{"data":"Retrieval Recycling","floor":29.0,"key":"SMITH"},{"data":"Black Contract","floor":32.0,"key":"SMITH"}],"circlet_count":0,"master_deck":["Provocative","Black Dance","Lunge+1","Floating Swing Kick","Fixing","Fixing","Defend System","Sub Weapons","Optimization+1","Optimization+1","Black Execution+1","Dramatic Entrance","Hallownest:skillGreenpathMap+1","Floating Swing Kick","Optimization","Provocative","Black Contract+1","Finesse","Retrieval Recycling+1","Black Hand","Perfect Defend","Flash of Steel","Optimization"],"relics":["Apod","Blue Mushroom","Centennial Puzzle","Pantograph","DollysMirror","Hallownest:DreamNailRelic","Regal Pillow","TheAbacus","Bottled Flame","Akabeko","Hallownest:BankAccountRelic","Omamori","HornCleat","Bag of Preparation","Medical Kit","SacredBark","Hallownest:StagBellRelic1","Blue Candle","Dead Branch","Boot","Potion Belt","Cauldron","Cut Hand","HandDrill","Bottled Tornado","Dream Catcher","Cola","Girya","Happy Flower"],"acts_visited":["Exordium","Hallownest:Greenpath"],"potions_floor_usage":[],"damage_taken":[{"damage":0.0,"enemies":"Hallownest:monsterHuskGuard","floor":1.0,"turns":2.0},{"damage":0.0,"enemies":"2_ Uuma","floor":2.0,"turns":2.0},{"damage":0.0,"enemies":"Hallownest:eliteCrystalGuardian","floor":11.0,"turns":3.0},{"damage":0.0,"enemies":"Hallownest:2_Baldur","floor":13.0,"turns":2.0},{"damage":0.0,"enemies":"Hallownest:BossBrokenVessel","floor":16.0,"turns":5.0},{"damage":0.0,"enemies":"Hallownest:3_Youths","floor":18.0,"turns":1.0},{"damage":0.0,"enemies":"Hallownest:eliteSoulWarrior","floor":30.0,"turns":3.0},{"damage":0,"enemies":"Hallownest:BossGrimm","floor":33,"turns":1}],"seed_played":"8506844639264456396","potions_obtained":[{"floor":22.0,"key":"Energy Potion"},{"floor":22.0,"key":"LiquidMemories"}],"is_trial":true,"path_per_floor":["M","M","$","?","?","?","$","?","T","?","E","?","M","$","R","B",null,"M","?","?","$","$","R","?","$","T","T","$","R","E","?","R","B"],"character_chosen":"TD1MADAO_CLASS","items_purchased":["FearPotion","SpeedPotion","LiquidMemories","Centennial Puzzle","Pantograph","Optimization","DollysMirror","Black Execution","Dramatic Entrance","Regal Pillow","TheAbacus","Bottled Flame","HornCleat","Bag of Preparation","Medical Kit","Blue Candle","Dead Branch","Provocative","Boot","Potion Belt","Cauldron","Black Contract","Finesse","Cut Hand","HandDrill","Retrieval Recycling","Bottled Tornado","Black Hand","Cola","Girya","Perfect Defend","Flash of Steel","DistilledChaos"],"campfire_rested":0,"item_purchase_floors":[3,3,3,3,3,3,3,3,3,7,7,7,14,14,14,21,21,21,22,22,22,22,22,25,25,25,25,25,28,28,28,28,28],"current_hp_per_floor":[70,70,70,70,70,70,70,70,70,70,70,60,60,60,60,70,70,70,70,70,70,70,70,70,70,70,70,70,70,70,70,70,70,70],"gold":5489,"neow_bonus":"","is_daily":false,"chose_seed":false,"campfire_upgraded":3,"win_rate":0.0,"timestamp":1612247812,"path_taken":["M","M","$","?","?","?","$","?","T","?","E","?","?","$","R","BOSS","M","?","?","$","$","R","?","$","T","?","?","R","E","?","R","BOSS"],"items_purchased_type":["Potion","Potion","Potion","Relic","Relic","Card","Relic","Card","Card","Relic","Relic","Relic","Relic","Relic","Relic","Relic","Relic","Card","Relic","Relic","Relic","Card","Card","Relic","Relic","Card","Relic","Card","Relic","Relic","Card","Card","Potion"],"build_version":"2020-12-22","purchased_purges":2,"victory":false,"max_hp_per_floor":[70,70,70,70,70,70,70,70,70,70,70,70,70,70,70,70,70,70,70,70,70,70,70,70,70,70,70,70,70,70,70,70,70,70],"card_choices":[{"not_picked":["Rupture","Light Attack"],"picked":"Sub Weapons","floor":1.0},{"not_picked":["Trader","Fire Blade","Load Balancing"],"picked":"SKIP","floor":2.0},{"not_picked":["Winding Magic","Provocative","Preloading"],"picked":"SKIP","floor":11.0},{"not_picked":["New Defend Magic","Oblique Hack"],"picked":"Floating Swing Kick","floor":13.0},{"not_picked":["Data Freezing","Moon Tear"],"picked":"Optimization","floor":16.0},{"not_picked":["Afterwards","Black Execution","Resistance"],"picked":"SKIP","floor":18.0},{"not_picked":["Recovery Mechanism","E MP"],"picked":"Optimization","floor":30.0}],"player_experience":364976,"relics_obtained":[{"floor":9.0,"key":"Akabeko"},{"floor":11.0,"key":"Omamori"},{"floor":27.0,"key":"Dream Catcher"},{"floor":30.0,"key":"Happy Flower"}],"event_choices":[],"is_beta":false,"boss_relics":[{"not_picked":["Runic Pyramid","Black Star"],"picked":"SacredBark"}],"items_purged_floors":[21,28],"is_endless":false,"potions_floor_spawned":[13,16,18,30],"killed_by":"Hallownest:BossGrimm","ascension_level":0}}