{"host":"m4qpn8a4h7jhbw2f","time":1612239888,"event":{"mods":["BaseMod","Colored Map","Colored Powertips","Highlight Path","Minty Spire (QoL Compilation)","Rare Cards Sparkle","Relic Stats"],"gold_per_floor":[209,18,33,33,52,52,67,98,125,125,137,37,52,67,67,170,170,185,60,78,78,78],"floor_reached":21,"language":"ENG","playtime":1740,"items_purged":["Strike_R","Strike_R","Strike_R+1"],"score":210,"play_id":"632ea5cd-101b-4358-ad3d-a688a51a72bd","local_time":"20210201232448","is_ascension_mode":true,"campfire_choices":[{"data":"Headbutt","floor":6,"key":"SMITH"},{"data":"Carnage","floor":10,"key":"SMITH"},{"data":"Evolve","floor":15,"key":"SMITH"}],"circlet_count":0,"master_deck":["Defend_R","Defend_R","Defend_R","Bash+1","Headbutt+1","Evolve+1","Cleave","Metallicize","Carnage+1","Flame Barrier","Battle Trance","Reaper","Immolate","Warcry+1","Sword Boomerang+1","Twin Strike+1","Rage"],"relics":["Burning Blood","Blood Vial","Whetstone","Astrolabe"],"acts_visited":["Exordium","TheCity"],"potions_floor_usage":[7,16,16,20],"damage_taken":[{"damage":1,"enemies":"Cultist","floor":1,"turns":3},{"damage":13,"enemies":"Jaw Worm","floor":3,"turns":4},{"damage":0,"enemies":"2 Louse","floor":5,"turns":3},{"damage":19,"enemies":"Exordium Thugs","floor":7,"turns":5},{"damage":17,"enemies":"3 Sentries","floor":8,"turns":6},{"damage":13,"enemies":"Blue Slaver","floor":11,"turns":2},{"damage":9,"enemies":"Exordium Wildlife","floor":13,"turns":3},{"damage":9,"enemies":"2 Fungi Beasts","floor":14,"turns":2},{"damage":31,"enemies":"Hexaghost","floor":16,"turns":8},{"damage":16,"enemies":"Spheric Guardian","floor":18,"turns":4},{"damage":52,"enemies":"2 Thieves","floor":20,"turns":4},{"damage":43,"enemies":"Shelled Parasite and Fungi","floor":21,"turns":3}],"seed_played":"-137593589268216295","potions_obtained":[{"floor":1,"key":"Swift Potion"},{"floor":5,"key":"LiquidBronze"},{"floor":8,"key":"FearPotion"},{"floor":13,"key":"AttackPotion"},{"floor":20,"key":"LiquidMemories"}],"is_trial":false,"path_per_floor":["M","$","M","$","M","R","M","E","T","R","M","$","M","M","R","B",null,"M","$","M","M"],"character_chosen":"IRONCLAD","items_purchased":["Evolve","Cleave"],"campfire_rested":0,"item_purchase_floors":[2,2],"current_hp_per_floor":[80,80,73,73,79,79,66,55,55,55,50,50,49,48,48,25,80,70,70,36,0,0],"gold":78,"neow_bonus":"HUNDRED_GOLD","is_daily":false,"chose_seed":false,"campfire_upgraded":3,"win_rate":0.0,"timestamp":1612239888,"path_taken":["M","$","M","?","M","R","M","E","T","R","M","$","M","M","R","BOSS","M","$","M","M"],"items_purchased_type":["Card","Card"],"build_version":"2020-12-22","purchased_purges":3,"victory":false,"max_hp_per_floor":[80,80,80,80,80,80,80,80,80,80,80,80,80,80,80,80,80,80,80,80,80,80],"relic_stats":{"Blood Vial":12,"counters":[12,47],"Astrolabe":["Warcry","Sword Boomerang","Twin Strike"],"Whetstone":["Strike_R","Bash"],"obtain_stats":[{"Blood Vial":8,"Astrolabe":17,"Whetstone":9,"Burning Blood":0},{"Blood Vial":5,"Astrolabe":9,"Whetstone":5,"Burning Blood":0},{"Blood Vial":21,"Astrolabe":36,"Whetstone":21,"Burning Blood":0}],"Burning Blood":61},"card_choices":[{"not_picked":["Carnage","Iron Wave"],"picked":"Headbutt","floor":1},{"not_picked":["Body Slam","Dark Embrace"],"picked":"Metallicize","floor":3},{"not_picked":["Pommel Strike","Heavy Blade"],"picked":"Carnage","floor":5},{"not_picked":["Body Slam","Combust"],"picked":"Flame Barrier","floor":7},{"not_picked":["Feel No Pain","Bloodletting","Body Slam"],"picked":"SKIP","floor":8},{"not_picked":["Thunderclap","Disarm"],"picked":"Battle Trance","floor":11},{"not_picked":["Pommel Strike","Spot Weakness"],"picked":"Reaper","floor":13},{"not_picked":["Second Wind","Cleave","Blood for Blood"],"picked":"SKIP","floor":14},{"not_picked":["Impervious","Demon Form"],"picked":"Immolate","floor":16},{"not_picked":["Second Wind","Body Slam+1"],"picked":"Rage","floor":18},{"not_picked":["Feel No Pain","Second Wind","Disarm"],"picked":"SKIP","floor":20}],"player_experience":227482,"relics_obtained":[{"floor":8,"key":"Blood Vial"},{"floor":9,"key":"Whetstone"}],"event_choices":[],"is_beta":false,"boss_relics":[{"not_picked":["Runic Cube","SacredBark"],"picked":"Astrolabe"}],"items_purged_floors":[2,12,19],"is_endless":false,"potions_floor_spawned":[1,5,8,13,20],"killed_by":"Shelled Parasite and Fungi","ascension_level":3}}