{"host":"n23juj4d9qam5hh1","time":1612300542,"event":{"mods":["BaseMod","Better Note","BetterRewards","Displayed Cursed Tome","Infinite Spire","Minty Spire (QoL Compilation)","Relic Stats","StSLib","Thieving Mod"],"gold_per_floor":[212,189,203,221,236,236,236,236,283,295,305,97,116,116,116,211,211,231,231,156,156,7,7,40,40,40,40,52,62,81,97,97,196,196,211,229,154,167,167,167,167,167,167,167,86,102,102,134,134,134],"floor_reached":51,"language":"ENG","playtime":5917,"items_purged":["Strike_R"],"score":764,"play_id":"52097128-ddd4-4f7f-af53-ae18babc36bf","local_time":"20210202161542","is_ascension_mode":true,"campfire_choices":[{"data":"infinitespire:OneForAll","floor":6.0,"key":"SMITH"},{"data":"Uppercut","floor":8.0,"key":"SMITH"},{"floor":15.0,"key":"REST"},{"data":"Spot Weakness","floor":23.0,"key":"SMITH"},{"floor":25.0,"key":"REST"},{"data":"Immolate","floor":32,"key":"SMITH"},{"floor":40,"key":"REST"},{"data":"infinitespire:Starlight","floor":44,"key":"SMITH"},{"data":"Heavy Blade","floor":49,"key":"SMITH"}],"circlet_count":0,"master_deck":["Strike_R+1","Strike_R","Strike_R","Defend_R","Defend_R","Defend_R","Defend_R","Bash+1","Battle Trance","Perfected Strike","infinitespire:OneForAll+1","Uppercut+1","Impervious","Spot Weakness+1","Immolate+1","Metallicize","Sword Boomerang","Feed","Metallicize","Necronomicurse","Dropkick+1","Shrug It Off","Dropkick+1","Anger+1","Reaper","Body Slam+1","infinitespire:Starlight+1","Jack Of All Trades","Feel No Pain","Heavy Blade+1","True Grit+1"],"relics":["Burning Blood","Ancient Tea Set","infinitespire:Cupcake","Necronomicon","MutagenicStrength","Vajra","Nunchaku","Blue Candle","SlaversCollar","TheAbacus","Incense Burner","Pantograph"],"acts_visited":["Exordium","TheCity","TheBeyond"],"potions_floor_usage":[35,46,48],"damage_taken":[{"damage":13.0,"enemies":"Jaw Worm","floor":1.0,"turns":5.0},{"damage":13.0,"enemies":"2 Louse","floor":3.0,"turns":3.0},{"damage":1.0,"enemies":"Cultist","floor":4.0,"turns":3.0},{"damage":21.0,"enemies":"Exordium Thugs","floor":5.0,"turns":6.0},{"damage":9.0,"enemies":"2 Fungi Beasts","floor":10.0,"turns":3.0},{"damage":15.0,"enemies":"Exordium Wildlife","floor":11.0,"turns":6.0},{"damage":6.0,"enemies":"Red Slaver","floor":13.0,"turns":4.0},{"damage":18.0,"enemies":"Hexaghost","floor":16.0,"turns":7.0},{"damage":3.0,"enemies":"Spheric Guardian","floor":18.0,"turns":3.0},{"damage":27.0,"enemies":"Gremlin Leader","floor":24.0,"turns":4.0},{"damage":0.0,"enemies":"Chosen","floor":28.0,"turns":1.0},{"damage":6,"enemies":"Shelled Parasite and Fungi","floor":29,"turns":2},{"damage":2,"enemies":"Snecko","floor":30,"turns":4},{"damage":0,"enemies":"Snake Plant","floor":31,"turns":1},{"damage":5,"enemies":"Champ","floor":33,"turns":6},{"damage":4,"enemies":"3 Darklings","floor":35,"turns":2},{"damage":11,"enemies":"Orb Walker","floor":36,"turns":2},{"damage":21,"enemies":"Maw","floor":38,"turns":4},{"damage":13,"enemies":"Spire Growth","floor":46,"turns":3},{"damage":22,"enemies":"Nemesis","floor":48,"turns":5},{"damage":25,"enemies":"Donu and Deca","floor":50,"turns":7}],"seed_played":"-6104775997735653316","potions_obtained":[{"floor":10.0,"key":"SpeedPotion"},{"floor":11.0,"key":"ElixirPotion"},{"floor":13.0,"key":"SkillPotion"},{"floor":16.0,"key":"DistilledChaos"},{"floor":30,"key":"Regen Potion"},{"floor":35,"key":"PowerPotion"}],"is_trial":false,"path_per_floor":["M","$","M","M","M","R","?","R","T","M","M","$","M","?","R","B",null,"M","?","?","?","$","R","E","R","T","?","M","M","M","M","R","B",null,"M","M","$","M","?","R","AVR","?","T","R","$","M","$","E","R","B",null],"character_chosen":"IRONCLAD","items_purchased":["Perfected Strike","Immolate","Metallicize","Vajra","Feel No Pain"],"campfire_rested":3,"item_purchase_floors":[2,12,12,22,45],"current_hp_per_floor":[73,73,66,71,56,56,40,40,40,37,28,28,28,28,52,40,80,80,64,64,64,64,64,43,67,67,80,83,83,83,83,83,83,83,83,78,78,63,43,67,67,67,67,67,67,65,65,78,78,79],"gold":134,"neow_bonus":"HUNDRED_GOLD","is_daily":false,"chose_seed":false,"campfire_upgraded":6,"win_rate":0.0,"timestamp":1612300542,"path_taken":["M","$","M","M","M","R","?","R","T","M","M","$","M","?","R","BOSS","M","?","?","?","$","R","E","R","T","?","M","?","M","M","R","BOSS","M","M","$","M","?","R","AVR","?","T","R","?","M","$","E","R","BOSS"],"items_purchased_type":["Card","Card","Card","Relic","Card"],"build_version":"2020-12-22","purchased_purges":1,"victory":true,"max_hp_per_floor":[80,80,80,80,80,80,80,80,80,80,80,80,80,80,80,80,80,80,80,80,80,80,80,80,80,80,80,83,83,83,83,83,83,83,83,83,83,83,83,83,83,83,83,83,83,83,83,83,83,83],"relic_stats":{"Nunchaku":[11],"TheAbacus":[6],"counters":[21,81],"Blue Candle":[0],"Pantograph":5,"Necronomicon":[29],"obtain_stats":[{"SlaversCollar":34,"Nunchaku":24,"TheAbacus":41,"MutagenicStrength":21,"Blue Candle":26,"Pantograph":48,"Vajra":22,"Necronomicon":19,"Incense Burner":43,"Ancient Tea Set":9,"Burning Blood":0,"infinitespire:Cupcake":17},{"SlaversCollar":15,"Nunchaku":10,"TheAbacus":18,"MutagenicStrength":9,"Blue Candle":10,"Pantograph":20,"Vajra":9,"Necronomicon":9,"Incense Burner":18,"Ancient Tea Set":4,"Burning Blood":0,"infinitespire:Cupcake":8},{"SlaversCollar":58,"Nunchaku":44,"TheAbacus":66,"MutagenicStrength":40,"Blue Candle":44,"Pantograph":74,"Vajra":40,"Necronomicon":40,"Incense Burner":66,"Ancient Tea Set":17,"Burning Blood":0,"infinitespire:Cupcake":37}],"Burning Blood":104},"card_choices":[{"not_picked":["Havoc","Pommel Strike"],"picked":"Battle Trance","floor":1.0},{"not_picked":["Dual Wield","Body Slam"],"picked":"infinitespire:OneForAll","floor":3.0},{"not_picked":["Clothesline","Clash"],"picked":"Uppercut","floor":4.0},{"not_picked":["True Grit","Hemokinesis","Rupture"],"picked":"SKIP","floor":5.0},{"not_picked":["Havoc","Perfected Strike"],"picked":"Impervious","floor":10.0},{"not_picked":["Armaments","Pommel Strike"],"picked":"Spot Weakness","floor":11.0},{"not_picked":["Twin Strike","Armaments"],"picked":"Sword Boomerang","floor":13.0},{"not_picked":["Impervious","Brutality"],"picked":"Feed","floor":16.0},{"not_picked":["Second Wind+1","Pummel"],"picked":"Metallicize","floor":18.0},{"not_picked":["Perfected Strike","Sever Soul"],"picked":"Dropkick+1","floor":24.0},{"not_picked":["Twin Strike","Flex"],"picked":"Shrug It Off","floor":28},{"not_picked":["Anger","Armaments","Warcry"],"picked":"SKIP","floor":29},{"not_picked":["True Grit","Berserk"],"picked":"Dropkick+1","floor":30},{"not_picked":["Clothesline","Evolve"],"picked":"Anger+1","floor":31},{"not_picked":["Berserk","Fiend Fire"],"picked":"Reaper","floor":33},{"not_picked":["Warcry","Sword Boomerang"],"picked":"Body Slam+1","floor":35},{"not_picked":["Armaments+1","Sentinel+1","Perfected Strike"],"picked":"SKIP","floor":36},{"not_picked":["Bloodletting+1","Evolve","Twin Strike"],"picked":"SKIP","floor":38},{"not_picked":["infinitespire:Oblivion","infinitespire:Execution"],"picked":"infinitespire:Starlight","floor":39},{"not_picked":["Mind Blast","Purity"],"picked":"Jack Of All Trades","floor":42},{"not_picked":["True Grit","Cleave+1"],"picked":"Heavy Blade","floor":46},{"not_picked":["Double Tap","Clash+1"],"picked":"True Grit+1","floor":48}],"player_experience":273246,"relics_obtained":[{"floor":9.0,"key":"Ancient Tea Set"},{"floor":24.0,"key":"Nunchaku"},{"floor":26.0,"key":"Blue Candle"},{"floor":43,"key":"Incense Burner"},{"floor":48,"key":"Pantograph"}],"event_choices":[{"damage_healed":0.0,"max_hp_gain":0.0,"max_hp_loss":0.0,"gold_gain":0.0,"event_name":"Shining Light","player_choice":"Entered Light","floor":7.0,"gold_loss":0.0,"damage_taken":16.0,"cards_upgraded":["Bash","Strike_R"]},{"damage_healed":0.0,"max_hp_gain":0.0,"max_hp_loss":0.0,"gold_gain":0.0,"event_name":"Cursed Tome","player_choice":"Obtained Book","floor":19.0,"gold_loss":0.0,"damage_taken":16.0},{"cards_removed":["Strike_R"],"damage_healed":0.0,"max_hp_gain":0.0,"max_hp_loss":0.0,"gold_gain":0.0,"event_name":"Beggar","player_choice":"Gave Gold","floor":20.0,"gold_loss":75.0,"damage_taken":0.0},{"damage_healed":0.0,"max_hp_gain":0.0,"max_hp_loss":0.0,"gold_gain":0.0,"event_name":"Drug Dealer","player_choice":"Inject Mutagens","floor":21.0,"gold_loss":0.0,"damage_taken":0.0,"relics_obtained":["MutagenicStrength"]},{"damage_healed":13.0,"max_hp_gain":0.0,"max_hp_loss":0.0,"gold_gain":0.0,"event_name":"Wheel of Change","player_choice":"Full Heal","floor":27.0,"gold_loss":0.0,"damage_taken":0.0},{"damage_healed":0,"gold_gain":0,"player_choice":"Memory 1","damage_taken":0,"max_hp_gain":0,"max_hp_loss":0,"event_name":"SensoryStone","floor":42,"gold_loss":0}],"is_beta":false,"boss_relics":[{"not_picked":["infinitespire:Burning Sword","Velvet Choker"],"picked":"infinitespire:Cupcake"},{"not_picked":["Philosopher\u0027s Stone","Fusion Hammer"],"picked":"SlaversCollar"}],"items_purged_floors":[37],"is_endless":false,"potions_floor_spawned":[10,11,13,16,30,31,35],"ascension_level":4}}