{"host":"xwgrz7y3g1a3iikb","time":1612237814,"event":{"mods":["BaseMod","Bestiary","Minty Spire (QoL Compilation)","Permanent Neow","Quick Restart","Relic Stats","StSLib","ojb\u0027s Info Mod"],"gold_per_floor":[112,112,112,129,148,176,176,176,176],"floor_reached":8,"language":"ENG","playtime":175,"items_purged":[],"score":112,"play_id":"f42278bf-f058-46e2-bed5-bb39a369efc5","local_time":"20210201195014","is_ascension_mode":true,"campfire_choices":[{"data":"Backflip","floor":7,"key":"SMITH"}],"circlet_count":0,"master_deck":["AscendersBane","Strike_G","Strike_G","Strike_G","Strike_G","Defend_G","Defend_G","Defend_G","Defend_G","Survivor","Neutralize","Footwork","Poisoned Stab","Backflip+1","Flying Knee"],"relics":["Velvet Choker","Pantograph"],"acts_visited":["Exordium"],"potions_floor_usage":[6,6],"damage_taken":[{"damage":0,"enemies":"2 Louse","floor":1,"turns":3},{"damage":5,"enemies":"Jaw Worm","floor":4,"turns":6},{"damage":7,"enemies":"Cultist","floor":5,"turns":4},{"damage":27,"enemies":"Gremlin Nob","floor":6,"turns":6},{"damage":20,"enemies":"3 Sentries","floor":8,"turns":2}],"seed_played":"-6717478061150373905","potions_obtained":[{"floor":1,"key":"Swift Potion"},{"floor":5,"key":"SkillPotion"},{"floor":6,"key":"DistilledChaos"}],"is_trial":false,"path_per_floor":["M","?","?","M","M","E","R","E"],"character_chosen":"THE_SILENT","items_purchased":[],"campfire_rested":0,"item_purchase_floors":[],"current_hp_per_floor":[59,52,52,47,40,13,13,0,0],"gold":176,"neow_bonus":"BOSS_RELIC","is_daily":false,"chose_seed":false,"campfire_upgraded":1,"win_rate":0.0,"timestamp":1612237814,"path_taken":["M","?","?","?","?","E","R","E"],"items_purchased_type":[],"build_version":"2020-12-22","purchased_purges":0,"victory":false,"max_hp_per_floor":[66,66,66,66,66,66,66,66,66],"relic_stats":{"counters":[5,21],"Pantograph":0,"obtain_stats":[{"Pantograph":6,"Velvet Choker":0,"Ring of the Snake":0},{"Pantograph":4,"Velvet Choker":0,"Ring of the Snake":0},{"Pantograph":19,"Velvet Choker":0,"Ring of the Snake":0}]},"card_choices":[{"not_picked":["Tactician","Escape Plan"],"picked":"Footwork","floor":1},{"not_picked":["Backflip","Slice"],"picked":"Poisoned Stab","floor":4},{"not_picked":["Dagger Throw","Quick Slash"],"picked":"Backflip","floor":5},{"not_picked":["Quick Slash","Leg Sweep"],"picked":"Flying Knee","floor":6}],"player_experience":312333,"relics_obtained":[{"floor":6,"key":"Pantograph"}],"event_choices":[{"cards_removed":["Strike_G"],"damage_healed":0,"gold_gain":0,"player_choice":"Card Removal","damage_taken":7,"max_hp_gain":0,"max_hp_loss":0,"event_name":"Golden Wing","floor":2,"gold_loss":0},{"cards_removed":["Defend_G"],"damage_healed":0,"gold_gain":0,"player_choice":"Purged","damage_taken":0,"max_hp_gain":0,"max_hp_loss":0,"event_name":"Purifier","floor":3,"gold_loss":0}],"is_beta":false,"boss_relics":[],"items_purged_floors":[],"is_endless":false,"potions_floor_spawned":[1,5,6],"killed_by":"3 Sentries","ascension_level":20}}