{"host":"tso4yzx53dp2gqpj","time":1612284601,"event":{"mods":["BaseMod","Colored Map","Downfall","Lobotomy","Minty Spire (QoL Compilation)","Replay The Spire","Shade Mod","StSLib"],"gold_per_floor":[117,137,154,154,169,169,182,182,182,192,192,192],"floor_reached":11,"language":"ZHS","playtime":1056,"items_purged":[],"score":70,"play_id":"6cbddea0-1f86-4ccf-895c-5792e26150c2","local_time":"20210203005001","is_ascension_mode":true,"campfire_choices":[{"data":"ReplayTheSpireMod:Strike From Hell","floor":6,"key":"SMITH"},{"data":"Anger","floor":8,"key":"SMITH"}],"circlet_count":0,"master_deck":["Strike_R","Strike_R","Strike_R","Strike_R","Strike_R","Defend_R","Defend_R","Defend_R","Defend_R","Clash","DespairKnight","Ghostly Armor","ReplayTheSpireMod:Strike From Hell+1","Survivor","Neutralize","Run Through","BlueStar","Anger+1","MHz","Flex","MeatLantern"],"relics":["Burning Blood","CogitoBucket","Dream Catcher","ChangeAnything"],"acts_visited":["Exordium"],"potions_floor_usage":[10],"damage_taken":[{"damage":15,"enemies":"Jaw Worm","floor":1,"turns":4},{"damage":0,"enemies":"2 Louse","floor":2,"turns":3},{"damage":8,"enemies":"Small Slimes","floor":3,"turns":3},{"damage":6,"enemies":"Gremlin Gang","floor":5,"turns":7},{"damage":11,"enemies":"3 Louse","floor":7,"turns":3},{"damage":22,"enemies":"Large Slime","floor":10,"turns":4},{"damage":71,"enemies":"3 Sentries","floor":11,"turns":3}],"seed_played":"-5576965067331809852","potions_obtained":[{"floor":2,"key":"Fruit Juice"},{"floor":7,"key":"ColorlessPotion"}],"is_trial":false,"path_per_floor":["M","M","M","?","M","R","M","R","T","M","E"],"character_chosen":"IRONCLAD","items_purchased":[],"campfire_rested":0,"item_purchase_floors":[],"current_hp_per_floor":[71,77,75,75,75,75,70,70,70,54,0,0],"gold":192,"neow_bonus":"","is_daily":false,"chose_seed":false,"campfire_upgraded":2,"win_rate":0.0,"timestamp":1612284601,"path_taken":["M","M","M","?","M","R","M","R","T","M","E"],"items_purchased_type":[],"build_version":"2020-12-22","purchased_purges":0,"victory":false,"max_hp_per_floor":[80,80,80,80,80,80,80,80,80,80,80,80],"card_choices":[{"not_picked":["True Grit","Reckless Charge"],"picked":"Clash","floor":1},{"not_picked":["Laetitia","GreedKing"],"picked":"DespairKnight","floor":1},{"not_picked":["Fiend Fire","ReplayTheSpireMod:LeadingStrike"],"picked":"Ghostly Armor","floor":2},{"not_picked":["Warcry","Pommel Strike"],"picked":"ReplayTheSpireMod:Strike From Hell","floor":3},{"not_picked":["Heavy Blade","Havoc"],"picked":"Run Through","floor":5},{"not_picked":["FairyFestival","SpiderBud"],"picked":"BlueStar","floor":5},{"not_picked":["True Grit","Power Through"],"picked":"Anger","floor":7},{"not_picked":["RedShoes","FairyFestival"],"picked":"MHz","floor":7},{"not_picked":["Body Slam","Anger"],"picked":"Flex","floor":10},{"not_picked":["OSAHOGD","BeautyBeast"],"picked":"MeatLantern","floor":10}],"player_experience":166014,"relics_obtained":[{"floor":9,"key":"Dream Catcher"}],"event_choices":[],"is_beta":false,"boss_relics":[],"items_purged_floors":[],"is_endless":false,"potions_floor_spawned":[2,7],"killed_by":"3 Sentries","ascension_level":1}}