{"host":"fuszjwm6fqgjjp4d","time":1612247271,"event":{"mods":["BaseMod","Bestiary","Colored Map","DeckTracker","Minty Spire (QoL Compilation)","Permanent Neow","Relic Sorter","Relic Stats","StSLib"],"gold_per_floor":[111,131,131,183,193,193,211,211,211,230,230,230,230,230,230,323,323,343,19,37,37,0,0,0,0],"floor_reached":24,"language":"ENG","playtime":598,"items_purged":["Strike_G"],"score":388,"play_id":"b40758d5-8754-4c1a-903d-e021c72105b3","local_time":"20210202002751","is_ascension_mode":true,"campfire_choices":[{"data":"Jack Of All Trades","floor":6.0,"key":"SMITH"},{"data":"Backstab","floor":8.0,"key":"SMITH"},{"data":"Flying Knee","floor":11.0,"key":"SMITH"},{"data":"Dodge and Roll","floor":13.0,"key":"SMITH"},{"data":"Neutralize","floor":15.0,"key":"SMITH"},{"data":"Adrenaline","floor":23,"key":"SMITH"}],"circlet_count":0,"master_deck":["AscendersBane","Strike_G","Strike_G","Strike_G","Strike_G","Defend_G","Defend_G+1","Defend_G","Defend_G+1","Defend_G","Survivor","Neutralize+1","Jack Of All Trades+1","Flying Knee+1","Dodge and Roll+1","Backstab+1","Adrenaline+1","Poisoned Stab","Noxious Fumes","PiercingWail","Shame"],"relics":["Ring of the Snake","Oddly Smooth Stone","Blue Candle","Golden Idol","Cursed Key","Strange Spoon","FossilizedHelix"],"acts_visited":["Exordium","TheCity"],"potions_floor_usage":[24],"damage_taken":[{"damage":5.0,"enemies":"Jaw Worm","floor":1.0,"turns":5.0},{"damage":0.0,"enemies":"Small Slimes","floor":2.0,"turns":3.0},{"damage":0.0,"enemies":"2 Louse","floor":5.0,"turns":2.0},{"damage":15.0,"enemies":"Large Slime","floor":7.0,"turns":6.0},{"damage":0.0,"enemies":"3 Louse","floor":10.0,"turns":3.0},{"damage":0.0,"enemies":"3 Sentries","floor":12.0,"turns":1.0},{"damage":4.0,"enemies":"Hexaghost","floor":16.0,"turns":9.0},{"damage":20.0,"enemies":"3 Byrds","floor":18.0,"turns":10.0},{"damage":5.0,"enemies":"Shell Parasite","floor":20.0,"turns":5.0},{"damage":26,"enemies":"Slavers","floor":24,"turns":4}],"seed_played":"8021102080714669490","potions_obtained":[{"floor":1.0,"key":"GamblersBrew"},{"floor":5.0,"key":"SmokeBomb"},{"floor":20.0,"key":"LiquidBronze"}],"is_trial":false,"path_per_floor":["M","M","?","T","M","R","M","R","T","M","R","E","R","?","R","B",null,"M","$","M","?","?","R","E"],"character_chosen":"THE_SILENT","items_purchased":["Noxious Fumes","Strange Spoon"],"campfire_rested":0,"item_purchase_floors":[19,19],"current_hp_per_floor":[54,54,34,34,34,34,19,19,19,19,19,19,19,19,19,15,49,29,29,24,24,24,24,0,0],"gold":0,"neow_bonus":"RANDOM_COLORLESS","is_daily":false,"chose_seed":false,"campfire_upgraded":6,"win_rate":0.0,"timestamp":1612247271,"path_taken":["M","M","?","?","M","R","M","R","T","M","R","E","R","?","R","BOSS","M","$","M","?","?","R","E"],"items_purchased_type":["Card","Relic"],"build_version":"2020-12-22","purchased_purges":1,"victory":false,"max_hp_per_floor":[66,66,66,66,66,66,66,66,66,66,66,66,66,60,60,60,60,60,60,60,60,60,60,60,60],"relic_stats":{"Strange Spoon":[4],"counters":[10,48],"Golden Idol":31,"Blue Candle":[1],"Cursed Key":0,"obtain_stats":[{"Strange Spoon":19,"Golden Idol":14,"Blue Candle":9,"Oddly Smooth Stone":4,"Cursed Key":17,"FossilizedHelix":21,"Ring of the Snake":0},{"Strange Spoon":8,"Golden Idol":6,"Blue Candle":4,"Oddly Smooth Stone":2,"Cursed Key":7,"FossilizedHelix":9,"Ring of the Snake":0},{"Strange Spoon":39,"Golden Idol":20,"Blue Candle":16,"Oddly Smooth Stone":8,"Cursed Key":29,"FossilizedHelix":44,"Ring of the Snake":0}],"Ring of the Snake":[20]},"card_choices":[{"not_picked":["Madness","Panacea"],"picked":"Jack Of All Trades","floor":0.0},{"not_picked":["Expertise","Dagger Throw","Setup"],"picked":"SKIP","floor":1.0},{"not_picked":["Outmaneuver","PiercingWail"],"picked":"Flying Knee","floor":2.0},{"not_picked":["Slice","Poisoned Stab"],"picked":"Dodge and Roll","floor":5.0},{"not_picked":["Quick Slash","Flying Knee"],"picked":"Backstab","floor":7.0},{"not_picked":["Flechettes","Sucker Punch","Choke"],"picked":"SKIP","floor":10.0},{"not_picked":["Venomology","After Image"],"picked":"Adrenaline","floor":16.0},{"not_picked":["All Out Attack","Dagger Throw+1"],"picked":"Poisoned Stab","floor":18.0},{"not_picked":["Poisoned Stab","Prepared"],"picked":"PiercingWail","floor":20.0}],"player_experience":1421152,"relics_obtained":[{"floor":4.0,"key":"Oddly Smooth Stone"},{"floor":9.0,"key":"Blue Candle"}],"event_choices":[{"damage_healed":0.0,"max_hp_gain":0.0,"max_hp_loss":0.0,"gold_gain":0.0,"event_name":"Shining Light","player_choice":"Entered Light","floor":3.0,"gold_loss":0.0,"damage_taken":20.0,"cards_upgraded":["Defend_G","Defend_G"]},{"damage_healed":0.0,"max_hp_gain":0.0,"max_hp_loss":6.0,"gold_gain":0.0,"event_name":"Golden Idol","player_choice":"Lose Max HP","floor":14.0,"gold_loss":0.0,"damage_taken":0.0,"relics_obtained":["Golden Idol"]},{"damage_healed":0.0,"max_hp_gain":0.0,"max_hp_loss":0.0,"gold_gain":0.0,"event_name":"Addict","player_choice":"Stole Relic","floor":21.0,"gold_loss":0.0,"damage_taken":0.0,"relics_obtained":["FossilizedHelix"],"cards_obtained":["Shame"]},{"damage_healed":0,"gold_gain":0,"player_choice":"Paid Fearfully","damage_taken":0,"max_hp_gain":0,"max_hp_loss":0,"event_name":"Masked Bandits","floor":22,"gold_loss":37}],"is_beta":false,"boss_relics":[{"not_picked":["Velvet Choker","SlaversCollar"],"picked":"Cursed Key"}],"items_purged_floors":[19],"is_endless":false,"potions_floor_spawned":[1,5,12,20],"killed_by":"Slavers","ascension_level":20}}