{"host":"399a0u4tx4rplxbm","time":1612247815,"event":{"mods":["2.2 Compatiblity","Astrologer","BaseMod","Bestiary","Colored Map","Colored Powertips","DeckTracker","Downfall","Googly Eyes","Hermit","Highlight Path","Minty Spire (QoL Compilation)","Quick Restart","Relic Stats","StSLib","Trackpad","everything is the same but u backflip on backflip"],"gold_per_floor":[199,211,67,67,52,63,63,82,82,182,182,220,290,319,345,452,461,461,280,302,16,37,187,187,222,242,320,347,397,297,321,346,448,448,448,464,514,535,562,612,612,512,554,604,604,82,232,298,309,309,309,309],"floor_reached":50,"language":"ENG","playtime":5807,"items_purged":["Guardian:Defend_Guardian","Guardian:Strike_Guardian","Guardian:Strike_Guardian","Parasite"],"score":621,"play_id":"e84e22f6-cd01-49f1-b3ed-fe11d6c8c376","local_time":"20210201223655","is_ascension_mode":true,"campfire_choices":[{"data":"Guardian:TwinSlam","floor":1.0,"key":"SMITH"},{"data":"Guardian:AncientConstruct","floor":9.0,"key":"SMITH"},{"data":"Guardian:Preprogram","floor":11.0,"key":"SMITH"},{"data":"Guardian:GatlingBeam","floor":18.0,"key":"SMITH"},{"floor":30,"key":"REST"},{"data":"Guardian:BodySlam","floor":35,"key":"SMITH"},{"data":"expansioncontent:Hexaburn","floor":42,"key":"SMITH"},{"floor":45,"key":"REST"}],"circlet_count":0,"master_deck":["Guardian:Strike_Guardian","Guardian:Strike_Guardian","Guardian:Defend_Guardian","Guardian:Defend_Guardian","Guardian:CurlUp","Guardian:TwinSlam+1","Guardian:PiercingHide","Guardian:PiercingHide","Guardian:RollAttack","Guardian:Preprogram+1","Guardian:AncientConstruct+1","Guardian:PolyBeam","Guardian:Orbwalk+1","Guardian:Suspension","Guardian:SpikerProtocol","Guardian:GatlingBeam+1","CurseOfTheBell","Guardian:EvasiveProtocol+1","expansioncontent:Hexaburn+1","The Bomb","Guardian:BodySlam+1","Guardian:SphericShield","Guardian:TemporalShield","Guardian:ChargeCore","Guardian:WalkerClaw","Guardian:TemporalShield+1","Guardian:Gem_White"],"relics":["Guardian:ModeShifter","Akabeko","downfall:CloakOfManyFaces","CultistMask","FaceOfCleric","NlothsMask","GremlinMask","SsserpentHead","CeramicFish","Calling Bell","Lantern","trackpad:BottledShadow","Lizard Tail","downfall:HeartBlessingGreen","Busted Crown","Pocketwatch","downfall:HeartBlessingBlue","Meat on the Bone","HandDrill","Mango","Girya","downfall:GremlinWheel"],"acts_visited":["Exordium","TheCity","TheBeyond"],"potions_floor_usage":[33,33,33,50],"damage_taken":[{"damage":6.0,"enemies":"Jaw Worm","floor":2.0,"turns":4.0},{"damage":0.0,"enemies":"downfall:FleeingMerchant","floor":3.0,"turns":4.0},{"damage":3.0,"enemies":"downfall:FleeingMerchant","floor":5.0,"turns":4.0},{"damage":0.0,"enemies":"Cultist","floor":6.0,"turns":4.0},{"damage":0.0,"enemies":"2 Louse","floor":8.0,"turns":2.0},{"damage":16.0,"enemies":"downfall:FaceTrader","floor":10.0,"turns":10.0},{"damage":14.0,"enemies":"Gremlin Nob","floor":12.0,"turns":5.0},{"damage":1.0,"enemies":"Red Slaver","floor":13.0,"turns":3.0},{"damage":0.0,"enemies":"Large Slime","floor":14.0,"turns":5.0},{"damage":12.0,"enemies":"Exordium Thugs","floor":15.0,"turns":3.0},{"damage":26.0,"enemies":"DF_ARCHETYPE_STREAMLINE","floor":16.0,"turns":12.0},{"damage":13.0,"enemies":"downfall:FleeingMerchant","floor":19.0,"turns":4.0},{"damage":5.0,"enemies":"Spheric Guardian","floor":20.0,"turns":4.0},{"damage":10.0,"enemies":"downfall:FleeingMerchant","floor":21.0,"turns":4.0},{"damage":15.0,"enemies":"Cultist and Chosen","floor":22.0,"turns":7.0},{"damage":22.0,"enemies":"Slavers","floor":25.0,"turns":5.0},{"damage":7,"enemies":"Centurion and Healer","floor":26,"turns":4},{"damage":8,"enemies":"Shelled Parasite and Fungi","floor":27,"turns":4},{"damage":8,"enemies":"Chosen and Byrds","floor":28,"turns":4},{"damage":0,"enemies":"Snake Plant","floor":31,"turns":4},{"damage":0,"enemies":"3 Cultists","floor":32,"turns":4},{"damage":49,"enemies":"SI_MIRROR_ARCHETYPE","floor":33,"turns":10},{"damage":0,"enemies":"3 Shapes","floor":36,"turns":3},{"damage":24,"enemies":"3 Darklings","floor":38,"turns":4},{"damage":2,"enemies":"Writhing Mass","floor":39,"turns":5},{"damage":28,"enemies":"Reptomancer","floor":43,"turns":8},{"damage":4,"enemies":"downfall:FleeingMerchant","floor":46,"turns":4},{"damage":0,"enemies":"downfall:FleeingMerchant","floor":47,"turns":4},{"damage":6,"enemies":"Maw","floor":48,"turns":7},{"damage":20,"enemies":"Sphere and 2 Shapes","floor":49,"turns":4},{"damage":82,"enemies":"IC_BLOCK_ARCHETYPE","floor":50,"turns":4}],"seed_played":"179936857165591781","potions_obtained":[{"floor":4.0,"key":"SpeedPotion"},{"floor":4.0,"key":"Dexterity Potion"},{"floor":4.0,"key":"DistilledChaos"},{"floor":6.0,"key":"SkillPotion"},{"floor":15.0,"key":"LiquidMemories"},{"floor":20.0,"key":"Explosive Potion"},{"floor":26,"key":"PowerPotion"},{"floor":31,"key":"ColorlessPotion"},{"floor":38,"key":"Swift Potion"},{"floor":39,"key":"ColorlessPotion"}],"is_trial":false,"path_per_floor":["R","M","$","?","$","M","T","M","R","?","R","E","M","M","M","B",null,"R","$","M","$","M","?","T","E","M","M","M","?","R","M","M","B",null,"R","M","T","M","M","?","T","R","E","?","R","$","?","M","M","B"],"character_chosen":"GUARDIAN","items_purchased":["Guardian:RollAttack","expansioncontent:Hexaburn","The Bomb","HandDrill","Mango","Girya","FearPotion"],"campfire_rested":2,"item_purchase_floors":[3,19,21,46,46,46,46],"current_hp_per_floor":[80,74,74,74,71,71,71,71,71,55,55,42,42,43,32,7,85,85,73,69,60,46,46,46,25,19,12,5,5,32,33,34,39,96,96,97,97,74,73,73,73,83,56,56,89,100,101,96,77,0,0,0],"gold":309,"neow_bonus":"HUNDRED_GOLD","is_daily":false,"chose_seed":false,"campfire_upgraded":6,"win_rate":0.0,"timestamp":1612247815,"path_taken":["R","M","$","?","?","M","T","M","R","?","R","E","?","M","M","BOSS","R","$","M","$","M","?","T","E","M","?","M","?","R","M","M","BOSS","R","M","?","M","M","?","T","R","E","?","R","?","?","?","M","BOSS"],"items_purchased_type":["Card","Card","Card","Relic","Relic","Relic","Potion"],"build_version":"2020-12-22","purchased_purges":4,"victory":false,"max_hp_per_floor":[80,80,80,80,80,80,80,80,80,80,80,81,82,83,84,85,85,85,86,87,88,89,89,89,90,91,92,93,93,93,94,95,96,96,96,97,97,98,99,99,99,109,110,110,110,122,123,124,125,125,125,125],"relic_stats":{"SsserpentHead":500,"Lizard Tail":47,"Busted Crown":14,"FaceOfCleric":24,"counters":[31,148],"CeramicFish":198,"HandDrill":[2],"obtain_stats":[{"Girya":46,"Lantern":17,"CeramicFish":12,"Guardian:ModeShifter":0,"GremlinMask":10,"downfall:HeartBlessingGreen":30,"Mango":46,"Akabeko":7,"Calling Bell":17,"SsserpentHead":10,"Lizard Tail":25,"Busted Crown":34,"downfall:GremlinWheel":47,"FaceOfCleric":10,"downfall:HeartBlessingBlue":42,"CultistMask":10,"trackpad:BottledShadow":17,"downfall:CloakOfManyFaces":10,"HandDrill":46,"NlothsMask":10,"Pocketwatch":41,"Meat on the Bone":43},{"Girya":27,"Lantern":11,"CeramicFish":7,"Guardian:ModeShifter":0,"GremlinMask":6,"downfall:HeartBlessingGreen":19,"Mango":27,"Akabeko":4,"Calling Bell":11,"SsserpentHead":6,"Lizard Tail":16,"Busted Crown":22,"downfall:GremlinWheel":28,"FaceOfCleric":6,"downfall:HeartBlessingBlue":25,"CultistMask":6,"trackpad:BottledShadow":11,"downfall:CloakOfManyFaces":6,"HandDrill":27,"NlothsMask":6,"Pocketwatch":25,"Meat on the Bone":26},{"Girya":130,"Lantern":56,"CeramicFish":33,"Guardian:ModeShifter":0,"GremlinMask":28,"downfall:HeartBlessingGreen":91,"Mango":130,"Akabeko":16,"Calling Bell":56,"SsserpentHead":28,"Lizard Tail":79,"Busted Crown":108,"downfall:GremlinWheel":133,"FaceOfCleric":28,"downfall:HeartBlessingBlue":120,"CultistMask":28,"trackpad:BottledShadow":56,"downfall:CloakOfManyFaces":28,"HandDrill":130,"NlothsMask":28,"Pocketwatch":120,"Meat on the Bone":127}],"Pocketwatch":[21],"Meat on the Bone":0},"card_choices":[{"not_picked":["Guardian:Gem_Cyan","Guardian:Gem_Purple"],"picked":"Guardian:PiercingHide","floor":2.0},{"not_picked":["Guardian:FierceBash","Guardian:Gem_Red"],"picked":"Guardian:PiercingHide","floor":3.0},{"not_picked":["Guardian:Gem_Red","Guardian:PiercingHide"],"picked":"Guardian:Preprogram","floor":5.0},{"not_picked":["Guardian:Repulse","Guardian:WalkerClaw"],"picked":"Guardian:AncientConstruct","floor":6.0},{"not_picked":["Guardian:Gem_Fragmented","Guardian:TimeCapacitor"],"picked":"Guardian:PolyBeam","floor":8.0},{"not_picked":["Guardian:ChargeCore","Guardian:Harden"],"picked":"Guardian:Gem_Crimson","floor":10.0},{"not_picked":["Guardian:PiercingHide","Guardian:Gem_Red"],"picked":"Guardian:Orbwalk","floor":12.0},{"not_picked":["Guardian:RollAttack","Guardian:Planning"],"picked":"Guardian:Suspension","floor":13.0},{"not_picked":["Guardian:ShieldCharger","Guardian:TemporalShield"],"picked":"Guardian:Gem_White","floor":14.0},{"not_picked":["Guardian:Preprogram","Guardian:Reroute"],"picked":"Guardian:SpikerProtocol","floor":15.0},{"not_picked":["Guardian:FierceBash","Guardian:StasisField"],"picked":"Guardian:GatlingBeam","floor":16.0},{"not_picked":["Guardian:VentSteam+1","Guardian:ShieldSpikes"],"picked":"Guardian:EvasiveProtocol+1","floor":19.0},{"not_picked":["Guardian:WalkerClaw+1","Guardian:PrismaticBeam+1"],"picked":"Guardian:Gem_Yellow","floor":20.0},{"not_picked":["Guardian:VentSteam","Guardian:PrismaticBarrier+1"],"picked":"Guardian:Gem_Blue","floor":21.0},{"not_picked":["Guardian:WalkerClaw","Guardian:ChargeCore"],"picked":"Guardian:BodySlam","floor":22.0},{"not_picked":["Guardian:Gem_Fragmented","Guardian:PrismaticBeam"],"picked":"Guardian:Gem_Cyan","floor":25.0},{"not_picked":["Guardian:TemporalShield","Guardian:WalkerClaw+1"],"picked":"Guardian:Gem_White","floor":26},{"not_picked":["Guardian:FloatingOrbs+1","Guardian:Planning"],"picked":"Guardian:SphericShield","floor":27},{"not_picked":["Guardian:SentryBeam+1","Guardian:BronzeArmor"],"picked":"Guardian:Gem_Red","floor":28},{"not_picked":["Guardian:PiercingHide+1","Guardian:BronzeOrb+1"],"picked":"Guardian:TemporalShield","floor":31},{"not_picked":["Guardian:Gem_Lightblue","Guardian:Gem_Cyan"],"picked":"Guardian:ChargeCore","floor":32},{"not_picked":["Guardian:PiercingHide"],"picked":"SKIP","floor":36},{"not_picked":[],"picked":"Guardian:WalkerClaw","floor":38},{"not_picked":["Guardian:Gem_Cyan"],"picked":"SKIP","floor":39},{"not_picked":[],"picked":"Guardian:TemporalShield+1","floor":43},{"not_picked":[],"picked":"Guardian:Gem_White","floor":46},{"not_picked":["Guardian:Gem_Yellow"],"picked":"SKIP","floor":48},{"not_picked":["Guardian:RefractedBeam+1"],"picked":"SKIP","floor":49}],"player_experience":658506,"relics_obtained":[{"floor":7.0,"key":"Akabeko"},{"floor":10.0,"key":"downfall:CloakOfManyFaces"},{"floor":12.0,"key":"CeramicFish"},{"floor":17.0,"key":"Lantern"},{"floor":17.0,"key":"trackpad:BottledShadow"},{"floor":25.0,"key":"Lizard Tail"},{"floor":41,"key":"Pocketwatch"},{"floor":43,"key":"Meat on the Bone"},{"floor":47,"key":"downfall:GremlinWheel"}],"event_choices":[{"damage_healed":0.0,"max_hp_gain":0.0,"max_hp_loss":0.0,"gold_gain":0.0,"event_name":"Lab","player_choice":"Got Potions","floor":4.0,"gold_loss":0.0,"damage_taken":0.0},{"cards_removed":["Guardian:Defend_Guardian"],"damage_healed":0,"gold_gain":0,"player_choice":"Card Removal","damage_taken":0,"max_hp_gain":0,"max_hp_loss":0,"event_name":"Wheel of Change","floor":29,"gold_loss":0}],"is_beta":false,"boss_relics":[{"not_picked":["Guardian:ModeShifterPlus","trackpad:Coffee"],"picked":"Calling Bell"},{"not_picked":["Black Star","Velvet Choker"],"picked":"Busted Crown"}],"items_purged_floors":[3,19,21,46],"is_endless":false,"potions_floor_spawned":[6,8,10,14,15,20,26,31,32,38,39,47,48],"killed_by":"IC_BLOCK_ARCHETYPE","ascension_level":1}}