{"host":"g1wmg2w41xhsnw8g","time":1612244489,"event":{"mods":["2.2 Compatiblity","Act Like it!","Aspiration","BaseMod","Better Altar","Better Match","Better Note","Better Sensory Stone","Better Skull","Better Third Choice","BetterRewards","Booster Modes","CapriCore","Colored Map","Colored Powertips","Defuse TimeMaze Blight","Displayed Cursed Tome","Fox Events","Friendly Minions","GifTheSpireLib","Good Game Mod","Googly Eyes","Hubris","Infinite Spire","Ironclad Rager","Jedi Mod","Minty Spire (QoL Compilation)","Monster B Gone","Red Circlet Mod","Relic Filter Mod","Relic Sorter","Reliquary","Replay The Spire","SCP261 Mod","Shop Mod","Small Relic Pack","Smile Girya","Spicy Shops","Spikes Relics","StSLib","Strawberry Spire","Stuff the Spire","The Runesmith","The Sage","Trackpad","Transform Curses","Wandering Minibosses","Weighted Paths","????"],"gold_per_floor":[116,116,129,142,205,239,301,301,301,39,39,49,68,110,4,106,106,126,146,156,156,156,156,224,274,274],"floor_reached":25,"language":"ENG","playtime":1473,"items_purged":["ReplayTheSpireMod:Splinters"],"score":217,"play_id":"d2fa2821-1eb5-4552-b821-41d16aa5f174","local_time":"20210202004129","is_ascension_mode":true,"campfire_choices":[{"data":"ReplayTheSpireMod:Fabricate Wheel","floor":8,"key":"SMITH"},{"floor":23,"key":"REST"}],"circlet_count":0,"master_deck":["Hemogenesis+3","Strike_B","Strike_B","Strike_B","Defend_B","Defend_B","Zap+1","Dualcast","hubris:Compulsion","jedi:strikingstrike","StuffTheSpire:Repulse","StuffTheSpire:MirrorStance","Choke","Streamline","Time Bomb","Self Repair","Double Energy","jedi:BurstLightning","Ball Lightning","Fusion","jedi:readyaimfire","jedi:darknesscall","Cold Snap","Conserve Battery","StuffTheSpire:Plugnplay+1","ReplayTheSpireMod:System Scan+1","jedi:hex+1","BasicCrystalCard+1","After Image+1","infinitespire:Starlight","StuffTheSpire:Coldhearted"],"relics":["Cracked Core","REME:ComplimentaryCards","relicPack:KazumaCape","Ginger","MerchantsRug","Lee\u0027s Waffle","Prayer Wheel","reliquary:RedPaperclip","aspiration:SneckoTail","SacredBark"],"acts_visited":["Exordium","TheCity"],"potions_floor_usage":[1,5,6,6,16,20,24],"damage_taken":[{"damage":0,"enemies":"Cultist","floor":1,"turns":2},{"damage":2,"enemies":"Small Slimes","floor":3,"turns":3},{"damage":0,"enemies":"2 Louse","floor":4,"turns":1},{"damage":8,"enemies":"2 Fungi Beasts","floor":5,"turns":3},{"damage":26,"enemies":"strawberrySpire:EnergyPylons","floor":6,"turns":4},{"damage":5,"enemies":"3 Louse","floor":7,"turns":3},{"damage":14,"enemies":"Exordium Wildlife","floor":12,"turns":4},{"damage":29,"enemies":"Gremlin Gang","floor":13,"turns":5},{"damage":4,"enemies":"Slime Boss","floor":16,"turns":7},{"damage":15,"enemies":"2 Thieves","floor":18,"turns":2},{"damage":59,"enemies":"Chosen","floor":19,"turns":8},{"damage":26,"enemies":"Snake Plant","floor":20,"turns":3},{"damage":22,"enemies":"Centurion and Healer","floor":24,"turns":4},{"damage":26,"enemies":"Gremlin Leader","floor":25,"turns":3}],"seed_played":"-1919279998928450344","potions_obtained":[{"floor":1,"key":"Elixir"},{"floor":3,"key":"Weak Potion"},{"floor":5,"key":"ColorlessPotion"},{"floor":6,"key":"SCP261:BarrettColaPotion"},{"floor":14,"key":"Cursed Concoction"},{"floor":14,"key":"SneckoOil"},{"floor":14,"key":"SteroidPotion"},{"floor":18,"key":"SteroidPotion"},{"floor":19,"key":"Reflective Coating"},{"floor":20,"key":"Elixir"}],"is_trial":false,"path_per_floor":["M","?","M","M","M","E","M","R","T","R","?","M","M","?","R","B",null,"M","M","M","?","AVR","R","M","E"],"character_chosen":"DEFECT","items_purchased":["MerchantsRug","hubris:BallOfYels","Lee\u0027s Waffle","Fusion"],"campfire_rested":1,"item_purchase_floors":[10,10,15,15],"current_hp_per_floor":[75,75,73,73,75,49,51,51,51,51,51,44,36,36,82,82,82,67,29,3,3,3,27,12,0,0],"gold":274,"neow_bonus":"CURSED_BOSS_RELIC","is_daily":false,"chose_seed":false,"campfire_upgraded":1,"win_rate":0.0,"timestamp":1612244489,"path_taken":["M","?","M","?","M","E","M","R","T","R","?","M","M","?","R","BOSS","M","M","M","?","AVR","R","M","E"],"items_purchased_type":["Relic","Relic","Relic","Card"],"build_version":"2020-12-22","purchased_purges":1,"victory":false,"max_hp_per_floor":[75,75,75,75,75,75,75,75,75,75,75,75,75,75,82,82,82,82,82,82,82,82,82,82,82,82],"card_choices":[{"not_picked":["Reprogram","Turbo","Reinforced Body"],"picked":"SKIP","floor":1},{"not_picked":["Beam Cell","ReplaySolidLightProjector"],"picked":"Streamline","floor":3},{"not_picked":["Compile Driver","Force Field"],"picked":"Time Bomb","floor":4},{"not_picked":["Turbo","Streamline","Beam Cell"],"picked":"SKIP","floor":5},{"not_picked":["Rip and Tear","Compile Driver"],"picked":"Self Repair","floor":6},{"not_picked":["StuffTheSpire:LoadUp","Ball Lightning"],"picked":"ReplayTheSpireMod:Fabricate Wheel","floor":7},{"not_picked":["Gash","Rebound"],"picked":"Double Energy","floor":12},{"not_picked":["Reinforced Body","Beam Cell"],"picked":"jedi:BurstLightning","floor":13},{"not_picked":["jedi:overflow","Capacitor"],"picked":"Ball Lightning","floor":14},{"not_picked":["All For One","StuffTheSpire:ForEach"],"picked":"jedi:darknesscall","floor":16},{"not_picked":["Conserve Battery","StuffTheSpire:Plugnplay"],"picked":"Cold Snap","floor":18},{"not_picked":["jedi:overflow","Ball Lightning"],"picked":"Conserve Battery","floor":18},{"not_picked":["Compile Driver","Turbo"],"picked":"StuffTheSpire:Plugnplay+1","floor":19},{"not_picked":["Chaos","StuffTheSpire:GlassShard"],"picked":"ReplayTheSpireMod:System Scan+1","floor":19},{"not_picked":["jedi:BurstFrost","Gash"],"picked":"jedi:hex+1","floor":20},{"not_picked":["Turbo","Leap"],"picked":"BasicCrystalCard+1","floor":20},{"not_picked":["RefreshScreen","StuffTheSpire:LoadUp"],"picked":"StuffTheSpire:Coldhearted","floor":24},{"not_picked":["Compile Driver","Beam Cell","StuffTheSpire:Plugnplay"],"picked":"SKIP","floor":24}],"player_experience":1008066,"relics_obtained":[{"floor":6,"key":"Ginger"},{"floor":9,"key":"reliquary:RosewoodLute"}],"event_choices":[{"damage_healed":0,"gold_gain":0,"player_choice":"Grow","damage_taken":0,"max_hp_gain":0,"max_hp_loss":0,"event_name":"Living Wall","floor":11,"gold_loss":0,"cards_upgraded":["Zap"]},{"cards_removed":["Hemogenesis"],"damage_healed":0,"gold_gain":0,"player_choice":"Take \u0026 Give","damage_taken":0,"max_hp_gain":0,"max_hp_loss":0,"event_name":"betterNote:BetterNote","floor":21,"gold_loss":0,"cards_obtained":["After Image"]}],"is_beta":false,"boss_relics":[{"not_picked":["Abe\u0027s Treasure","hubris:TerracottaHorce"],"picked":"reliquary:RedPaperclip"}],"items_purged_floors":[22],"is_endless":false,"potions_floor_spawned":[1,3,5,6,18,19,20],"killed_by":"Gremlin Leader","ascension_level":1}}