{"host":"jhywql2x2v3ppvhm","time":1612291112,"event":{"mods":["BaseMod","Colored Map","Colored Powertips","Downfall","Googly Eyes","Hermit","Marisa????????","Minty Spire (QoL Compilation)","Rare Cards Sparkle","Shop Mod","Slay the Relics Exporter","StSLib","The Animator","The Bug Knight","The Cursed","The Disciple","The Necromancer","The Runesmith","The Servant 0.9.4","slay the spire mod where everything is the same but ironclad has a cowboy hat"],"gold_per_floor":[349,362,362,8,8,24,24,24,44,57,69,69,86,86,106,203,203,203,218,218,218,232,142,142,42,55,55,69,103,3,31,48,145,145,145,162,174,206,206,206,233,244,278,290,290,290,12,26,42,42],"floor_reached":51,"language":"ENG","playtime":2104,"items_purged":["Slimebound:MassRepurpose+1","Slimebound:Strike_Slimebound","Slimebound:Darklings"],"score":786,"play_id":"0760ceb5-62bd-40d1-ad87-8d776633a810","local_time":"20210202133832","is_ascension_mode":false,"campfire_choices":[{"data":"Slimebound:Tackle","floor":1,"key":"SMITH"},{"data":"Slimebound:RollThrough","floor":12,"key":"SMITH"},{"floor":18,"key":"RECALL"},{"data":"Slimebound:GoopTackle","floor":25,"key":"SMITH"},{"data":"Slimebound:Chomp","floor":27,"key":"SMITH"},{"floor":30,"key":"REST"},{"data":"Slimebound:CheckThePlaybook","floor":35,"key":"SMITH"},{"data":"Slimebound:Prepare","floor":40,"key":"SMITH"}],"circlet_count":0,"master_deck":["Slimebound:Strike_Slimebound","Slimebound:Strike_Slimebound","Slimebound:Tackle+1","Slimebound:Defend_Slimebound","Slimebound:Defend_Slimebound+1","Slimebound:GoopTackle+1","Slimebound:ForwardTackle","Slimebound:HungryTackle+1","Slimebound:SplitMire","Slimebound:Prepare+1","Slimebound:SlimeTap+1","Slimebound:RollThrough+1","Slimebound:Chomp+1","Slimebound:FinishingTackle","Slimebound:FormOfPuddle+1","Slimebound:GoopTackle+1","Slimebound:RallyTheTroops+1","Slimebound:RollThrough+1","Slimebound:Prepare+1","Slimebound:GoopTackle","Slimebound:MegaLick+1","Slimebound:SplitLeeching+1","Slimebound:CheckThePlaybook+1","Slimebound:GoopTackle+1","Slimebound:Chomp+1","Slimebound:SamplingLick+1","Slimebound:SplitLeeching+1","Wraith","Slimebound:SplitBruiser+1","Slimebound:SamplingLick+1"],"relics":["Slimebound:AbsorbEndCombatUpgraded","Lee\u0027s Waffle","Blood Vial","Matryoshka","Astrolabe","Nloth\u0027s Gift","Slimebound:PreparedRelic","Bottled Flame","downfall:HeartBlessingRed","Calipers","downfall:HeartBlessingGreen","Pen Nib","Strawberry","War Paint","Oddly Smooth Stone","MealTicket","Slimebound:AggressiveSlimeRelic"],"acts_visited":["Exordium","TheCity","TheBeyond"],"potions_floor_usage":[11,29,33,33,43,50,50],"damage_taken":[{"damage":3,"enemies":"2 Louse","floor":2,"turns":2},{"damage":16,"enemies":"downfall:FleeingMerchant","floor":4,"turns":4},{"damage":0,"enemies":"Cultist","floor":6,"turns":2},{"damage":11,"enemies":"Small Slimes","floor":9,"turns":2},{"damage":2,"enemies":"Gremlin Gang","floor":10,"turns":2},{"damage":4,"enemies":"Lots of Slimes","floor":11,"turns":3},{"damage":0,"enemies":"2 Fungi Beasts","floor":13,"turns":2},{"damage":6,"enemies":"3 Louse","floor":15,"turns":2},{"damage":43,"enemies":"IC_STATUS_ARCHETYPE","floor":16,"turns":5},{"damage":11,"enemies":"Spheric Guardian","floor":19,"turns":3},{"damage":2,"enemies":"Chosen","floor":22,"turns":4},{"damage":18,"enemies":"downfall:FleeingMerchant","floor":23,"turns":4},{"damage":17,"enemies":"Snake Plant","floor":26,"turns":3},{"damage":3,"enemies":"Shelled Parasite and Fungi","floor":28,"turns":2},{"damage":39,"enemies":"Gremlin Leader","floor":29,"turns":4},{"damage":24,"enemies":"Book of Stabbing","floor":31,"turns":4},{"damage":0,"enemies":"Centurion and Healer","floor":32,"turns":3},{"damage":12,"enemies":"DF_ARCHETYPE_CLAW","floor":33,"turns":4},{"damage":11,"enemies":"3 Darklings","floor":36,"turns":3},{"damage":12,"enemies":"3 Shapes","floor":37,"turns":3},{"damage":15,"enemies":"downfall:FleeingMerchant","floor":38,"turns":4},{"damage":12,"enemies":"Maw","floor":42,"turns":5},{"damage":0,"enemies":"Reptomancer","floor":43,"turns":3},{"damage":33,"enemies":"Writhing Mass","floor":44,"turns":4},{"damage":22,"enemies":"Spire Growth","floor":48,"turns":3},{"damage":0,"enemies":"Transient","floor":49,"turns":5},{"damage":65,"enemies":"SI_POISON_ARCHETYPE","floor":50,"turns":5}],"seed_played":"-4116288486540773729","potions_obtained":[{"floor":6,"key":"Block Potion"},{"floor":10,"key":"Guardian:BlockOnCardUsePotion"},{"floor":11,"key":"SteroidPotion"},{"floor":13,"key":"SkillPotion"},{"floor":32,"key":"champ:CounterPotion"},{"floor":33,"key":"Explosive Potion"},{"floor":43,"key":"BlessingOfTheForge"},{"floor":44,"key":"FairyPotion"}],"is_trial":false,"path_per_floor":["R","M","?","$","?","M","T","?","M","M","M","R","M","?","M","B",null,"R","M","?","?","M","$","T","R","M","R","M","E","R","E","M","B",null,"R","M","M","$","?","R","T","M","E","M","?","?","$","M","M","B",null],"character_chosen":"SLIMEBOUND","items_purchased":["Slimebound:HungryTackle","Orrery","Lee\u0027s Waffle","Strawberry","Fire Potion","Slimebound:AggressiveSlimeRelic"],"campfire_rested":1,"item_purchase_floors":[4,4,4,38,38,47],"current_hp_per_floor":[47,46,46,72,72,72,72,72,61,65,63,63,65,65,61,24,72,72,61,61,61,61,51,51,51,36,36,41,12,33,17,27,23,72,72,61,51,54,54,54,54,56,73,48,48,48,63,49,66,18],"gold":42,"neow_bonus":"TWO_FIFTY_GOLD","is_daily":false,"chose_seed":false,"campfire_upgraded":6,"win_rate":0.0,"timestamp":1612291112,"path_taken":["R","M","?","?","?","?","T","?","?","M","M","R","M","?","M","BOSS","R","M","?","?","M","$","T","R","?","R","M","E","R","E","M","BOSS","R","M","M","$","?","R","T","M","E","M","?","?","?","M","M","BOSS"],"items_purchased_type":["Card","Relic","Relic","Relic","Potion","Relic"],"build_version":"2020-12-22","purchased_purges":3,"victory":true,"max_hp_per_floor":[65,65,65,72,72,72,72,72,72,72,72,72,72,72,72,72,72,72,72,72,72,72,72,72,72,72,72,72,72,72,72,72,72,72,72,72,72,79,79,79,79,79,79,79,79,79,79,79,79,79],"card_choices":[{"not_picked":["Slimebound:Schlurp","Slimebound:RollThrough"],"picked":"Slimebound:GoopTackle","floor":2},{"not_picked":["Slimebound:RainOfGoop","Slimebound:LivingWall"],"picked":"Slimebound:ForwardTackle","floor":4},{"not_picked":["Slimebound:SplitSpecialist","Slimebound:HauntingLick"],"picked":"Slimebound:SplitMire","floor":4},{"not_picked":["Slimebound:Repurpose","Slimebound:LeechingTouch"],"picked":"Slimebound:Prepare","floor":4},{"not_picked":["Slimebound:MinionMaster","Slimebound:FormOfPuddle"],"picked":"Slimebound:SlimeTap","floor":4},{"not_picked":["Slimebound:ItLooksTasty","Slimebound:GoopSpray"],"picked":"Slimebound:RollThrough","floor":4},{"not_picked":["Slimebound:LeechingTouch","Slimebound:Darklings"],"picked":"Slimebound:Chomp","floor":4},{"not_picked":["Slimebound:Prepare","Slimebound:LeechEnergy","Slimebound:ItLooksTasty"],"picked":"SKIP","floor":6},{"not_picked":["Slimebound:SplitBruiser","Slimebound:LeechingTouch"],"picked":"Slimebound:FinishingTackle","floor":9},{"not_picked":["Slimebound:PressTheAttack","Slimebound:SplitLeeching"],"picked":"Slimebound:FormOfPuddle","floor":10},{"not_picked":["Slimebound:LevelUp","Slimebound:TongueLash","Slimebound:RallyTheTroops"],"picked":"SKIP","floor":11},{"not_picked":["Slimebound:ItLooksTasty","Slimebound:SplitLeeching","Slimebound:Repurpose"],"picked":"SKIP","floor":13},{"not_picked":["Slimebound:SplitMire","Slimebound:ComboTackle"],"picked":"Slimebound:GoopTackle","floor":15},{"not_picked":["Slimebound:SelfFormingGoo","Slimebound:MassFeed"],"picked":"Slimebound:Darklings","floor":16},{"not_picked":["Slimebound:FinishingTackle","Slimebound:ItLooksTasty+1"],"picked":"Slimebound:Prepare+1","floor":19},{"not_picked":["Slimebound:SplitLeeching+1","Slimebound:SlimeTap"],"picked":"Slimebound:GoopTackle","floor":22},{"not_picked":["Slimebound:Replication+1","Slimebound:Prepare+1","Slimebound:DivideAndConquer"],"picked":"SKIP","floor":23},{"not_picked":["Slimebound:GoopTackle+1","Slimebound:RollThrough"],"picked":"Slimebound:MegaLick+1","floor":26},{"not_picked":["Slimebound:SlimeSpikes+1","Slimebound:Schlurp"],"picked":"Slimebound:SplitLeeching+1","floor":28},{"not_picked":["Slimebound:Teamwork","Slimebound:LeadByExample"],"picked":"Slimebound:CheckThePlaybook","floor":29},{"not_picked":["Slimebound:Repurpose","Slimebound:WasteNot","Slimebound:Teamwork"],"picked":"SKIP","floor":31},{"not_picked":["Slimebound:SlimeBrawl","Slimebound:AcidTongue","Slimebound:LeechEnergy"],"picked":"SKIP","floor":32},{"not_picked":["Slimebound:ComboTackle","Slimebound:Schlurp"],"picked":"Slimebound:GoopTackle+1","floor":36},{"not_picked":["Slimebound:ViciousTackle","Slimebound:ItLooksTasty"],"picked":"Slimebound:Chomp+1","floor":37},{"not_picked":["Slimebound:FinishingTackle+1","Slimebound:Chomp+1","Slimebound:RallyTheTroops"],"picked":"SKIP","floor":38},{"not_picked":["Slimebound:DivideAndConquer","Slimebound:ComboTackle"],"picked":"Slimebound:SamplingLick+1","floor":42},{"not_picked":["Slimebound:SplitBruiser+1","Slimebound:RainOfGoop+1"],"picked":"Slimebound:SplitLeeching+1","floor":43},{"not_picked":["Slimebound:FlameTackle","Slimebound:HungryTackle","Slimebound:LeechingTouch+1"],"picked":"SKIP","floor":44},{"not_picked":["Slimebound:LivingWall","Slimebound:GoopSpray+1"],"picked":"Slimebound:SplitBruiser+1","floor":48},{"not_picked":["Slimebound:PressTheAttack","Slimebound:Repurpose"],"picked":"Slimebound:SamplingLick+1","floor":49}],"player_experience":208276,"relics_obtained":[{"floor":5,"key":"Blood Vial"},{"floor":7,"key":"Matryoshka"},{"floor":24,"key":"Slimebound:PreparedRelic"},{"floor":24,"key":"Bottled Flame"},{"floor":29,"key":"Calipers"},{"floor":31,"key":"Pen Nib"},{"floor":41,"key":"War Paint"},{"floor":41,"key":"Oddly Smooth Stone"},{"floor":43,"key":"MealTicket"}],"event_choices":[{"damage_healed":0,"gold_gain":0,"player_choice":"Forge","damage_taken":0,"max_hp_gain":0,"max_hp_loss":0,"event_name":"Accursed Blacksmith","floor":3,"gold_loss":0,"cards_upgraded":["Slimebound:GoopTackle"]},{"damage_healed":0,"gold_gain":0,"player_choice":"Relic","damage_taken":0,"max_hp_gain":0,"max_hp_loss":0,"event_name":"Wheel of Change","floor":5,"gold_loss":0},{"damage_healed":0,"gold_gain":0,"player_choice":"Ignored","damage_taken":0,"max_hp_gain":0,"max_hp_loss":0,"event_name":"Mysterious Sphere","floor":39,"gold_loss":0},{"damage_healed":0,"gold_gain":0,"player_choice":"Ignored","damage_taken":0,"max_hp_gain":0,"max_hp_loss":0,"event_name":"OrinTheCat","floor":46,"gold_loss":0}],"is_beta":false,"boss_relics":[{"not_picked":["Coffee Dripper","Runesmith:UraniumAnvil"],"picked":"Astrolabe"},{"not_picked":["Fusion Hammer","Busted Crown"],"picked":"Slimebound:AbsorbEndCombatUpgraded"}],"items_purged_floors":[23,38,47],"is_endless":false,"potions_floor_spawned":[6,10,11,13,28,32,33,42,43,44,48,49],"ascension_level":0}}