{"host":"bf5upntvbdompq33","time":1612224575,"event":{"mods":["BaseMod","Colored Map","Colored Powertips","Curses Come First","Minty Spire (QoL Compilation)","StSLib"],"gold_per_floor":[13,29,29,46,46,46,46,46,46,69,93,93,113,154,154,253,253,272,272,126,126,146,186,186,202,202,240,240,240,240],"floor_reached":29,"language":"ENG","playtime":5489,"items_purged":[],"score":447,"play_id":"6876e380-edaa-4c8f-aacb-9fbdc09aaf92","local_time":"20210201170935","is_ascension_mode":true,"campfire_choices":[{"data":"Armaments","floor":6,"key":"SMITH"},{"data":"Perfected Strike","floor":12,"key":"SMITH"},{"data":"Berserk","floor":15,"key":"SMITH"},{"data":"Immolate","floor":24,"key":"SMITH"},{"data":"Power Through","floor":28,"key":"SMITH"}],"circlet_count":0,"master_deck":["AscendersBane","Strike_R","Strike_R","Strike_R","Strike_R","Strike_R","Defend_R","Defend_R","Bash","Perfected Strike+1","Armaments+1","Clothesline","Pommel Strike","Twin Strike","Berserk+1","Immolate+1","Shrug It Off+1","Uppercut","Power Through+1","Burning Pact","Twin Strike","Wild Strike","Wild Strike","Doubt"],"relics":["Burning Blood","Golden Idol","TungstenRod","Self Forming Clay","Cursed Key","Toy Ornithopter","Mummified Hand","Letter Opener"],"acts_visited":["Exordium","TheCity"],"potions_floor_usage":[14,23,23,29],"damage_taken":[{"damage":1,"enemies":"2 Louse","floor":1,"turns":3},{"damage":0,"enemies":"Cultist","floor":2,"turns":2},{"damage":10,"enemies":"Small Slimes","floor":4,"turns":3},{"damage":14,"enemies":"Blue Slaver","floor":10,"turns":4},{"damage":9,"enemies":"Looter","floor":11,"turns":3},{"damage":23,"enemies":"Lots of Slimes","floor":13,"turns":5},{"damage":48,"enemies":"3 Sentries","floor":14,"turns":8},{"damage":20,"enemies":"The Guardian","floor":16,"turns":8},{"damage":4,"enemies":"3 Byrds","floor":18,"turns":5},{"damage":0,"enemies":"Chosen","floor":22,"turns":4},{"damage":36,"enemies":"Slavers","floor":23,"turns":3},{"damage":6,"enemies":"3 Cultists","floor":25,"turns":4},{"damage":27,"enemies":"Book of Stabbing","floor":27,"turns":5},{"damage":60,"enemies":"Slavers","floor":29,"turns":5}],"seed_played":"842527695143334731","potions_obtained":[{"floor":2,"key":"FairyPotion"},{"floor":11,"key":"Ancient Potion"},{"floor":14,"key":"Fruit Juice"},{"floor":16,"key":"BloodPotion"},{"floor":18,"key":"SteroidPotion"},{"floor":27,"key":"DuplicationPotion"}],"is_trial":false,"path_per_floor":["M","M","?","M","$","R","?","$","T","M","M","R","M","E","R","B",null,"M","?","$","?","M","E","R","M","T","E","R","E"],"character_chosen":"IRONCLAD","items_purchased":["Uppercut","Power Through"],"campfire_rested":0,"item_purchase_floors":[20,20],"current_hp_per_floor":[87,89,89,85,85,85,82,82,82,74,71,71,54,17,17,32,73,75,75,75,75,81,68,68,68,68,47,47,0,0],"gold":240,"neow_bonus":"TWENTY_PERCENT_HP_BONUS","is_daily":false,"chose_seed":false,"campfire_upgraded":5,"win_rate":0.0,"timestamp":1612224575,"path_taken":["M","M","?","M","?","R","?","?","T","M","M","R","?","E","R","BOSS","M","?","$","?","?","E","R","M","T","E","R","E"],"items_purchased_type":["Card","Card"],"build_version":"2020-12-22","purchased_purges":0,"victory":false,"max_hp_per_floor":[89,89,89,89,89,89,82,82,82,82,82,82,82,87,87,87,87,87,87,87,87,87,87,87,87,87,87,87,87,87],"card_choices":[{"not_picked":["Thunderclap","Heavy Blade"],"picked":"Perfected Strike","floor":1},{"not_picked":["Body Slam","Infernal Blade"],"picked":"Armaments","floor":2},{"not_picked":["Warcry","Clash"],"picked":"Clothesline","floor":4},{"not_picked":["Thunderclap","Sword Boomerang"],"picked":"Pommel Strike","floor":10},{"not_picked":["Warcry","Armaments"],"picked":"Twin Strike","floor":11},{"not_picked":["Heavy Blade","Inflame","Rage"],"picked":"SKIP","floor":13},{"not_picked":["Sentinel","Searing Blow"],"picked":"Berserk","floor":14},{"not_picked":["Demon Form","Bludgeon"],"picked":"Immolate","floor":16},{"not_picked":["Clash","Dual Wield"],"picked":"Shrug It Off+1","floor":18},{"not_picked":["Heavy Blade","Inflame"],"picked":"Twin Strike","floor":22},{"not_picked":["Intimidate","Clash"],"picked":"Wild Strike","floor":23},{"not_picked":["Burning Pact+1","Dropkick"],"picked":"Wild Strike","floor":25},{"not_picked":["Heavy Blade+1","Combust","Warcry"],"picked":"SKIP","floor":27}],"player_experience":1309802,"relics_obtained":[{"floor":9,"key":"TungstenRod"},{"floor":14,"key":"Self Forming Clay"},{"floor":23,"key":"Toy Ornithopter"},{"floor":26,"key":"Mummified Hand"},{"floor":27,"key":"Letter Opener"}],"event_choices":[{"cards_removed":["Defend_R"],"damage_healed":0,"gold_gain":0,"player_choice":"Offered Basic","damage_taken":0,"max_hp_gain":0,"max_hp_loss":0,"event_name":"Bonfire Elementals","floor":3,"gold_loss":0},{"damage_healed":0,"gold_gain":0,"player_choice":"Lose Max HP","damage_taken":0,"relics_obtained":["Golden Idol"],"max_hp_gain":0,"max_hp_loss":7,"event_name":"Golden Idol","floor":7,"gold_loss":0},{"damage_healed":0,"gold_gain":0,"player_choice":"Ignored","damage_taken":0,"max_hp_gain":0,"max_hp_loss":0,"event_name":"Ghosts","floor":19,"gold_loss":0},{"damage_healed":0,"gold_gain":0,"cards_transformed":["Defend_R"],"player_choice":"Transformed","damage_taken":0,"max_hp_gain":0,"max_hp_loss":0,"event_name":"Transmorgrifier","floor":21,"gold_loss":0,"cards_obtained":["Burning Pact"]}],"is_beta":false,"boss_relics":[{"not_picked":["Sozu","Runic Dome"],"picked":"Cursed Key"}],"items_purged_floors":[],"is_endless":false,"potions_floor_spawned":[2,11,14,16,18,22,27],"killed_by":"Slavers","ascension_level":14}}