{"host":"gop1q6bv59twswbp","time":1612273960,"event":{"mods":["AlwaysNeverKeys","BaseMod","Downfall","Hermit","Minty Spire (QoL Compilation)","Permanent Neow","Rare Cards Sparkle","StSLib","The Cursed"],"gold_per_floor":[0,10,23,35,135,135,135,162,172,72,86,105,5,21,39,134,134,34,48,61,61,46,46,46,80,93,93,124,124,156,73,85,181,181,181,197,199,217,236,236,236,236,236,236,236,202,219,250,270,270,270,299,43,43,43,43],"floor_reached":57,"language":"ENG","playtime":6064,"items_purged":["Guardian:Strike_Guardian"],"score":1269,"play_id":"534669ee-f665-4145-9dca-f5cfd9fb690a","local_time":"20210202085240","is_ascension_mode":false,"campfire_choices":[{"data":"Guardian:CurlUp","floor":1.0,"key":"SMITH"},{"data":"Guardian:TwinSlam","floor":10.0,"key":"SMITH"},{"data":"Guardian:Suspension","floor":13.0,"key":"SMITH"},{"data":"Guardian:PrismaticBarrier","floor":18.0,"key":"SMITH"},{"data":"Guardian:ShieldCharger","floor":27.0,"key":"SMITH"},{"data":"Guardian:FuturePlans","floor":35,"key":"SMITH"},{"data":"Guardian:ExploitGems","floor":40,"key":"SMITH"},{"data":"Guardian:Planning","floor":45,"key":"SMITH"},{"data":"Guardian:DecasProtection","floor":54,"key":"SMITH"}],"circlet_count":0,"master_deck":["Guardian:Strike_Guardian","Guardian:Defend_Guardian","Guardian:Defend_Guardian","Guardian:CurlUp+1","Guardian:TwinSlam+1","Guardian:VentSteam","Guardian:MultiBeam","Guardian:Suspension+1","Guardian:DecasProtection+1","Guardian:PrismaticBarrier+1","Guardian:Recover","Guardian:ExploitGems+1","Guardian:Orbwalk","Guardian:CrystalBeam","Guardian:Planning+1","Guardian:ShieldCharger+1","Guardian:BodySlam+1","Guardian:FuturePlans+1","Guardian:RevengeProtocol","Guardian:CrystalBeam+1","Guardian:TimeCapacitor","Guardian:PiercingHide","Guardian:FloatingOrbs","Guardian:PrimingBeam+1"],"relics":["Guardian:ModeShifter","Guardian:SackOfGems","Ice Cream","MealTicket","downfall:HeartBlessingBlue","downfall:HeartBlessingGreen","Empty Cage","downfall:HeartBlessingRed","Mummified Hand","Du-Vu Doll","bronze:DecasWashers","Kunai","Philosopher\u0027s Stone","Orrery","Bottled Lightning","Molten Egg 2","The Courier","Eternal Feather","Toolbox"],"acts_visited":["Exordium","TheCity","TheBeyond","TheEnding"],"potions_floor_usage":[37,38,52,56,56],"damage_taken":[{"damage":0.0,"enemies":"Small Slimes","floor":2.0,"turns":4.0},{"damage":1.0,"enemies":"Jaw Worm","floor":3.0,"turns":5.0},{"damage":4.0,"enemies":"Cultist","floor":4.0,"turns":5.0},{"damage":18.0,"enemies":"Gremlin Nob","floor":8.0,"turns":5.0},{"damage":1.0,"enemies":"3 Louse","floor":9.0,"turns":3.0},{"damage":10.0,"enemies":"Exordium Thugs","floor":11.0,"turns":4.0},{"damage":10.0,"enemies":"Lots of Slimes","floor":12.0,"turns":2.0},{"damage":10.0,"enemies":"Exordium Thugs","floor":14.0,"turns":3.0},{"damage":5.0,"enemies":"Large Slime","floor":15.0,"turns":6.0},{"damage":28.0,"enemies":"WA_ARCHETYPE_RETAIN","floor":16.0,"turns":10.0},{"damage":0.0,"enemies":"Chosen","floor":19.0,"turns":5.0},{"damage":3.0,"enemies":"Shelled Parasite and Fungi","floor":20.0,"turns":5.0},{"damage":0.0,"enemies":"downfall:FleeingMerchant","floor":22.0,"turns":4.0},{"damage":16.0,"enemies":"Slavers","floor":25.0,"turns":5.0},{"damage":15.0,"enemies":"3 Cultists","floor":26.0,"turns":5.0},{"damage":0.0,"enemies":"Gremlin Leader","floor":28.0,"turns":4.0},{"damage":17.0,"enemies":"Slavers","floor":30.0,"turns":7.0},{"damage":3,"enemies":"downfall:FleeingMerchant","floor":31,"turns":4},{"damage":0,"enemies":"Chosen and Byrds","floor":32,"turns":6},{"damage":10,"enemies":"DF_ARCHETYPE_CLAW","floor":33,"turns":8},{"damage":0,"enemies":"Orb Walker","floor":36,"turns":5},{"damage":0,"enemies":"downfall:FleeingMerchant","floor":37,"turns":4},{"damage":8,"enemies":"3 Darklings","floor":38,"turns":5},{"damage":11,"enemies":"Sphere and 2 Shapes","floor":39,"turns":4},{"damage":17,"enemies":"Spire Growth","floor":47,"turns":4},{"damage":0,"enemies":"Nemesis","floor":48,"turns":4},{"damage":0,"enemies":"Transient","floor":49,"turns":5},{"damage":42,"enemies":"IC_BLOCK_ARCHETYPE","floor":50,"turns":9},{"damage":55,"enemies":"downfall:CharBossMerchant","floor":52,"turns":7},{"damage":22,"enemies":"downfall:NeowBoss","floor":55,"turns":12},{"damage":32,"enemies":"downfall:NeowBossFinal","floor":56,"turns":10}],"seed_played":"-8782007536913196079","potions_obtained":[{"floor":3.0,"key":"LiquidMemories"},{"floor":6.0,"key":"DuplicationPotion"},{"floor":6.0,"key":"EntropicBrew"},{"floor":12.0,"key":"Slimebound:ThreeZeroPotion"},{"floor":14.0,"key":"ColorlessPotion"},{"floor":16.0,"key":"DuplicationPotion"},{"floor":19.0,"key":"DistilledChaos"},{"floor":26.0,"key":"Regen Potion"},{"floor":29.0,"key":"CultistPotion"},{"floor":30.0,"key":"Block Potion"},{"floor":32,"key":"ColorlessPotion"},{"floor":38,"key":"Guardian:AcceleratePotion"},{"floor":48,"key":"AttackPotion"}],"is_trial":false,"path_per_floor":["R","M","M","M","?","?","T","E","M","R","M","M","R","M","M","B",null,"R","M","M","?","$","?","T","E","M","R","E","?","E","$","M","B",null,"R","M","$","M","M","R","T","?","?","?","R","$","M","E","M","B",null,"E","$","R","B","B",null],"character_chosen":"GUARDIAN","items_purchased":["Guardian:FuturePlans","DuplicationPotion","Guardian:Gem_Lightblue","Forethought","Orrery","Guardian:TimeCapacitor","Guardian:FloatingOrbs","Toolbox","Guardian:PrimingBeam+1"],"campfire_rested":0,"item_purchase_floors":[31,37,37,37,37,46,53,53,53],"current_hp_per_floor":[80,80,79,75,75,75,75,57,56,66,56,46,46,36,31,8,90,90,90,87,74,89,89,89,73,58,58,58,58,56,68,68,58,90,90,90,90,82,71,71,71,71,71,71,71,86,69,69,69,27,90,35,50,65,43,11],"gold":43,"neow_bonus":"ONE_RARE_RELIC","is_daily":false,"chose_seed":false,"campfire_upgraded":9,"win_rate":0.0,"timestamp":1612273960,"path_taken":["R","M","M","M","?","?","T","E","M","R","M","?","R","M","M","BOSS","R","M","M","?","$","?","T","E","?","R","E","?","E","?","M","BOSS","R","M","$","M","M","R","T","?","?","?","R","?","M","E","M","BOSS","E","$","R","BOSS","BOSS"],"items_purchased_type":["Card","Potion","Card","Card","Relic","Card","Card","Relic","Card"],"build_version":"2020-12-22","purchased_purges":1,"victory":true,"max_hp_per_floor":[80,80,80,80,80,80,80,80,80,90,90,90,90,90,90,90,90,90,90,90,90,90,90,90,90,90,90,90,90,90,90,90,90,90,90,90,90,90,90,90,90,90,90,90,90,90,90,90,90,90,90,90,90,90,90,90],"card_choices":[{"not_picked":["Guardian:Gem_Cyan","Guardian:Incinerate"],"picked":"Guardian:Gem_Red","floor":2.0},{"not_picked":["Guardian:RollAttack","Guardian:TimeBomb"],"picked":"Guardian:VentSteam","floor":3.0},{"not_picked":["Guardian:VentSteam","Guardian:RollAttack"],"picked":"Guardian:MultiBeam","floor":4.0},{"not_picked":["Guardian:Gem_Blue","Guardian:Gem_Cyan"],"picked":"Guardian:Gem_White","floor":8.0},{"not_picked":["Guardian:WalkerClaw","Guardian:GuardianWhirl"],"picked":"Guardian:Suspension","floor":9.0},{"not_picked":["Guardian:Preprogram","Guardian:FastForward"],"picked":"Guardian:DecasProtection","floor":11.0},{"not_picked":["Guardian:Gem_Lightblue","Guardian:Gem_Green"],"picked":"Guardian:Gem_Purple","floor":12.0},{"not_picked":["Guardian:WalkerClaw","Guardian:Gem_Green"],"picked":"Guardian:PrismaticBarrier","floor":14.0},{"not_picked":["Guardian:BronzeOrb","Guardian:ShieldSpikes"],"picked":"Guardian:Recover","floor":15.0},{"not_picked":["Guardian:HyperBeam_Guardian","Guardian:RevengeProtocol"],"picked":"Guardian:ExploitGems","floor":16.0},{"not_picked":["Guardian:Emergency","Guardian:Gem_Crimson"],"picked":"Guardian:Orbwalk","floor":19.0},{"not_picked":["Guardian:Gem_Green","Guardian:Orbwalk"],"picked":"Guardian:CrystalBeam","floor":20.0},{"not_picked":["Guardian:RollAttack+1","Guardian:DonusPower+1","Guardian:GatlingBeam"],"picked":"SKIP","floor":22.0},{"not_picked":["Guardian:WalkerClaw","Guardian:Gem_Lightblue"],"picked":"Guardian:Planning","floor":25.0},{"not_picked":["Guardian:Planning","Guardian:Gem_Fragmented"],"picked":"Guardian:ShieldCharger","floor":26.0},{"not_picked":["Guardian:WalkerClaw","Guardian:BronzeOrb","Guardian:Suspension+1"],"picked":"SKIP","floor":28.0},{"not_picked":["Guardian:DecasProtection","Guardian:CrystalBeam+1","Guardian:Clone"],"picked":"SKIP","floor":30.0},{"not_picked":["Guardian:Preprogram","Guardian:CrystalBeam"],"picked":"Guardian:BodySlam+1","floor":31},{"not_picked":["Guardian:PrismaticBarrier","Guardian:DecasProtection","Guardian:ShieldCharger"],"picked":"SKIP","floor":32},{"not_picked":["Guardian:AncientConstruct","Guardian:StasisField"],"picked":"Guardian:RevengeProtocol","floor":33},{"not_picked":["Guardian:Gem_Crimson","Guardian:PrismaticBarrier"],"picked":"Guardian:Gem_White","floor":36},{"not_picked":["Guardian:ChargeCore+1","Guardian:WalkerClaw","Guardian:StasisEngine"],"picked":"SKIP","floor":37},{"not_picked":["Guardian:Gem_Orange","Guardian:TemporalStrike+1"],"picked":"Guardian:Gem_Cyan","floor":37},{"not_picked":["Guardian:Gem_Yellow","Guardian:ExploitGems"],"picked":"Guardian:CrystalBeam+1","floor":37},{"not_picked":["Guardian:PrismaticBeam","Guardian:WalkerClaw+1"],"picked":"Guardian:Gem_Red","floor":37},{"not_picked":["Guardian:Gem_Red","Guardian:PiercingHide+1","Guardian:ChargeCore+1"],"picked":"SKIP","floor":38},{"not_picked":["Guardian:GatlingBeam","Guardian:ChargeCore"],"picked":"Guardian:Gem_Green","floor":39},{"not_picked":["Guardian:Gem_Purple","Guardian:WalkerClaw+1"],"picked":"Guardian:PiercingHide","floor":47},{"not_picked":["Guardian:Emergency+1","Guardian:RefractedBeam+1","Guardian:FuturePlans"],"picked":"SKIP","floor":48},{"not_picked":["Guardian:TemporalShield","Guardian:TemporalStrike+1"],"picked":"Guardian:Gem_White","floor":49},{"not_picked":["Guardian:WalkerClaw+1","Guardian:TemporalStrike+1","Guardian:TimeBomb"],"picked":"SKIP","floor":52}],"player_experience":865657,"relics_obtained":[{"floor":7.0,"key":"Ice Cream"},{"floor":8.0,"key":"MealTicket"},{"floor":24.0,"key":"Mummified Hand"},{"floor":25.0,"key":"Du-Vu Doll"},{"floor":28.0,"key":"bronze:DecasWashers"},{"floor":30.0,"key":"Kunai"},{"floor":41,"key":"Bottled Lightning"},{"floor":42,"key":"Molten Egg 2"},{"floor":48,"key":"The Courier"},{"floor":52,"key":"Eternal Feather"}],"event_choices":[{"damage_healed":0.0,"max_hp_gain":0.0,"max_hp_loss":0.0,"gold_gain":0.0,"event_name":"Lab","player_choice":"Got Potions","floor":6.0,"gold_loss":0.0,"damage_taken":0.0},{"cards_removed":["Guardian:Strike_Guardian"],"damage_healed":0.0,"max_hp_gain":0.0,"max_hp_loss":0.0,"gold_gain":0.0,"event_name":"Bonfire Elementals","player_choice":"Offered Basic","floor":23.0,"gold_loss":0.0,"damage_taken":0.0},{"cards_removed":["Forethought"],"damage_healed":0,"gold_gain":0,"player_choice":"Removed Skill","damage_taken":0,"max_hp_gain":0,"max_hp_loss":0,"event_name":"Falling","floor":43,"gold_loss":0}],"is_beta":false,"boss_relics":[{"not_picked":["Runic Pyramid","expansioncontent:StudyCardRelic"],"picked":"Empty Cage"},{"not_picked":["Black Star","SacredBark"],"picked":"Philosopher\u0027s Stone"}],"items_purged_floors":[53],"is_endless":false,"potions_floor_spawned":[3,12,14,16,19,26,30,32,33,38,39,48],"ascension_level":0}}