{"host":"bf5upntvbdompq33","time":1612286891,"event":{"mods":["BaseMod","Colored Map","Colored Powertips","Curses Come First","Minty Spire (QoL Compilation)","StSLib","The Hierophant","The Mystic"],"gold_per_floor":[114,289,358,358,358,358,369,386,386,135,135,169,95,109,109,206,206,224,224,224],"floor_reached":19,"language":"ENG","playtime":1086,"items_purged":["Doubt"],"score":248,"play_id":"0673285a-b87a-4647-b5fb-6ed715f7519d","local_time":"20210202102811","is_ascension_mode":true,"campfire_choices":[{"floor":6,"key":"REST"},{"data":"Zap","floor":11,"key":"SMITH"},{"floor":15,"key":"REST"}],"circlet_count":0,"master_deck":["AscendersBane","Strike_B","Strike_B","Defend_B","Defend_B","Defend_B","Defend_B","Zap+1","Dualcast","Meteor Strike","Capacitor","Static Discharge","Sunder","Coolheaded","Chaos+1","Coolheaded+1","Doom and Gloom","Seek+1","Conserve Battery+1","Cold Snap","Reboot+1","Chaos+1"],"relics":["Cracked Core","Lantern","Kunai","Toxic Egg 2","Girya","Cursed Key"],"acts_visited":["Exordium","TheCity"],"potions_floor_usage":[12],"damage_taken":[{"damage":0,"enemies":"2 Louse","floor":1,"turns":1},{"damage":4,"enemies":"Jaw Worm","floor":7,"turns":5},{"damage":12,"enemies":"Small Slimes","floor":8,"turns":3},{"damage":10,"enemies":"3 Sentries","floor":12,"turns":7},{"damage":9,"enemies":"Looter","floor":14,"turns":2},{"damage":34,"enemies":"The Guardian","floor":16,"turns":12},{"damage":14,"enemies":"3 Byrds","floor":18,"turns":4},{"damage":51,"enemies":"Masked Bandits","floor":19,"turns":3}],"seed_played":"1237055572482858791","potions_obtained":[{"floor":1,"key":"Strength Potion"},{"floor":8,"key":"ColorlessPotion"},{"floor":14,"key":"SpeedPotion"}],"is_trial":false,"path_per_floor":["M","?","?","?","T","R","M","M","T","$","R","E","$","M","R","B",null,"M","?"],"character_chosen":"DEFECT","items_purchased":["Chaos+1","Coolheaded+1","Doom and Gloom","Conserve Battery+1","Cold Snap"],"campfire_rested":2,"item_purchase_floors":[10,10,10,13,13],"current_hp_per_floor":[50,50,50,43,43,65,61,49,49,49,49,39,39,30,52,18,61,47,0,0],"gold":224,"neow_bonus":"TRANSFORM_TWO_CARDS","is_daily":false,"chose_seed":false,"campfire_upgraded":1,"win_rate":0.0,"timestamp":1612286891,"path_taken":["M","?","?","?","?","R","M","?","T","$","R","E","$","M","R","BOSS","M","?"],"items_purchased_type":["Card","Card","Card","Card","Card"],"build_version":"2020-12-22","purchased_purges":1,"victory":false,"max_hp_per_floor":[75,75,75,75,75,75,75,75,75,75,75,75,75,75,75,75,75,75,75,75],"card_choices":[{"not_picked":["Steam","Stack"],"picked":"Static Discharge","floor":1},{"not_picked":["Go for the Eyes","Recycle"],"picked":"Sunder","floor":7},{"not_picked":["Steam","Stack"],"picked":"Coolheaded","floor":8},{"not_picked":["Gash","Cold Snap"],"picked":"Seek+1","floor":12},{"not_picked":["Barrage","Go for the Eyes","Heatsinks"],"picked":"SKIP","floor":14},{"not_picked":["Biased Cognition","Meteor Strike"],"picked":"Reboot+1","floor":16},{"not_picked":["Go for the Eyes","Rebound"],"picked":"Chaos+1","floor":18}],"player_experience":1338414,"relics_obtained":[{"floor":5,"key":"Kunai"},{"floor":9,"key":"Toxic Egg 2"},{"floor":12,"key":"Girya"}],"event_choices":[{"damage_healed":0,"gold_gain":175,"player_choice":"AGREE","damage_taken":0,"max_hp_gain":0,"max_hp_loss":0,"event_name":"Liars Game","floor":2,"gold_loss":0,"cards_obtained":["Doubt"]},{"damage_healed":0,"gold_gain":69,"player_choice":"Gained Gold","damage_taken":0,"max_hp_gain":0,"max_hp_loss":0,"event_name":"Golden Wing","floor":3,"gold_loss":0},{"damage_healed":0,"gold_gain":0,"player_choice":"Success","damage_taken":7,"relics_obtained":["Lantern"],"max_hp_gain":0,"max_hp_loss":0,"event_name":"Scrap Ooze","floor":4,"gold_loss":0},{"damage_healed":0,"gold_gain":0,"player_choice":"Fought Bandits","damage_taken":0,"max_hp_gain":0,"max_hp_loss":0,"event_name":"Masked Bandits","floor":19,"gold_loss":0}],"is_beta":false,"boss_relics":[{"not_picked":["Snecko Eye","Velvet Choker"],"picked":"Cursed Key"}],"items_purged_floors":[10],"is_endless":false,"potions_floor_spawned":[1,8,14],"killed_by":"Masked Bandits","ascension_level":10}}