{"host":"x6165drukuu8ns9f","time":1612271160,"event":{"mods":["100% Spire Juice","2.2 Compatiblity","Act Like it!","Aspiration","BaseMod","CapriCore","Colored Map","Colored Powertips","Conspire","Dark Map","GifTheSpireLib","HololiveMod","Hubris","Infinite Spire","Minty Spire (QoL Compilation)","Pale of the Ancients","Replay The Spire","Spicy Shops","Spire Birthday Party","StSLib","SuperFastMode","The Blue Laboratory","The Dragon Tamer","The Forsaken","TheFirefly","TheSurvivalist","??????REMEMod"],"gold_per_floor":[132,180,29,74,131,131,233,233,257,257,257,47,47,128,128,128,128],"floor_reached":16,"language":"ENG","playtime":412,"items_purged":[],"score":108,"play_id":"b2a3855b-700d-40dd-99b3-bae7af4872a3","local_time":"20210202140600","daily_mods":["Vintage","Flight","Midas"],"is_ascension_mode":false,"campfire_choices":[{"floor":6,"key":"REST"},{"floor":8,"key":"REST"},{"floor":13,"key":"REST"},{"floor":15,"key":"REST"}],"circlet_count":0,"master_deck":["theForsaken:TheForsaken_Strike","theForsaken:TheForsaken_Strike","theForsaken:TheForsaken_Strike","theForsaken:TheForsaken_Strike","theForsaken:TheForsaken_Defend","theForsaken:TheForsaken_Defend","theForsaken:TheForsaken_Defend","theForsaken:TheForsaken_Defend","theForsaken:Smite","theForsaken:Penitence","Conclude+1","theForsaken:BindingThorns","Regret","theForsaken:ScorchingSunlight","theForsaken:ShieldCharge"],"relics":["theForsaken:JudgementScales","REME_ComplimentaryCards","White Beast Statue","Mirror","REME_PuzzleBoxRelic","infinitespire:FocusingShard","Garlic","Gremlin Horn","Replay:Mystery Machine","hubris:DisguiseKit","Juzu Bracelet","Prayer Wheel"],"acts_visited":["Exordium"],"potions_floor_usage":[7,7,16,16,16],"damage_taken":[{"damage":5,"enemies":"2 Louse","floor":1,"turns":2},{"damage":8,"enemies":"Small Slimes","floor":2,"turns":3},{"damage":21,"enemies":"Jaw Worm","floor":4,"turns":4},{"damage":22,"enemies":"Exordium Thugs","floor":5,"turns":3},{"damage":27,"enemies":"Gremlin Nob","floor":7,"turns":5},{"damage":29,"enemies":"3 Sentries","floor":14,"turns":6},{"damage":48,"enemies":"The Guardian","floor":16,"turns":6}],"seed_played":"2909929108604267077","potions_obtained":[{"floor":2,"key":"blueLaboratory:BottleOfVodka"},{"floor":4,"key":"blueLaboratory:HorrorPotion"},{"floor":5,"key":"theForsaken:FearPotion"},{"floor":7,"key":"LiquidMemories"},{"floor":14,"key":"DuplicationPotion"}],"is_trial":true,"path_per_floor":["M","M","$","M","M","R","E","R","T","?","?","$","R","E","R","B"],"character_chosen":"THE_FORSAKEN","items_purchased":["REME_PuzzleBoxRelic","Juzu Bracelet","theForsaken:ScorchingSunlight"],"campfire_rested":4,"item_purchase_floors":[3,12,12],"current_hp_per_floor":[60,54,54,36,17,36,14,33,33,33,33,33,52,26,45,0,0],"gold":128,"neow_bonus":"","is_daily":false,"chose_seed":false,"campfire_upgraded":0,"win_rate":0.0,"timestamp":1612271160,"path_taken":["M","M","$","M","M","R","E","R","T","?","?","$","R","E","R","BOSS"],"items_purchased_type":["Relic","Relic","Card"],"build_version":"2020-12-22","purchased_purges":0,"victory":false,"max_hp_per_floor":[65,65,65,65,65,65,65,65,65,65,65,65,65,65,65,65,65],"card_choices":[{"not_picked":["theForsaken:HymnOfPatience","theForsaken:CreepingInfection"],"picked":"theForsaken:BindingThorns","floor":7},{"not_picked":["theForsaken:Parry","theForsaken:Preservation","survmod:AimForTheLiver"],"picked":"theForsaken:ShieldCharge","floor":14}],"player_experience":92516,"relics_obtained":[{"floor":1,"key":"White Beast Statue"},{"floor":2,"key":"Mirror"},{"floor":4,"key":"infinitespire:FocusingShard"},{"floor":5,"key":"Garlic"},{"floor":7,"key":"Gremlin Horn"},{"floor":9,"key":"Replay:Mystery Machine"},{"floor":14,"key":"Prayer Wheel"}],"event_choices":[],"is_beta":false,"boss_relics":[],"items_purged_floors":[],"is_endless":false,"potions_floor_spawned":[2,4,5,7,14],"killed_by":"The Guardian","ascension_level":0}}