{"host":"121m0oxswv9tg9hk","time":1612281060,"event":{"mods":["AchievementEnabler","BaseMod","Better Third Choice","Downfall","Minty Spire (QoL Compilation)","StSLib"],"gold_per_floor":[99,114,125,275,275,300,327,327,327,140,40,40,69,83,94,197,197,97,7,20,20,20,20,20,20,20,30,30,50,50,35,54,54,54],"floor_reached":33,"language":"ENG","playtime":2333,"items_purged":["sneckomod:Strike"],"score":326,"play_id":"984f5694-0716-414c-9529-26a3d0adeab7","local_time":"20210202165100","is_ascension_mode":true,"campfire_choices":[{"data":"sneckomod:TailWhip","floor":1,"key":"SMITH"},{"floor":9,"key":"RECALL"},{"data":"sneckomod:TrashToTreasure","floor":18,"key":"SMITH"},{"data":"sneckomod:UnknownRarePower","floor":26,"key":"SMITH"},{"data":"Deadly Poison","floor":28,"key":"SMITH"},{"floor":30,"key":"REST"}],"circlet_count":0,"master_deck":["sneckomod:Strike+1","sneckomod:Strike+1","sneckomod:Defend+1","sneckomod:Defend+1","sneckomod:Defend+1","sneckomod:TailWhip+1","sneckomod:SnekBite","sneckomod:Unknown","sneckomod:Unknown","sneckomod:UnknownRareSkill","sneckomod:UnknownDraw","sneckomod:UnknownBoss","sneckomod:IronFang","Deadly Poison+1","sneckomod:ImprovisedAttack","sneckomod:RainOfDice","sneckomod:TrashToTreasure+1","sneckomod:UnknownRarePower+1","sneckomod:SoulDraw+1","sneckomod:DefensiveFlair+1","RitualDagger+1","Escape Plan","sneckomod:DiceCrush","sneckomod:RainOfDice","sneckomod:UnknownBlock","sneckomod:UnknownStrength"],"relics":["sneckomod:SneckoSoul","TungstenRod","sneckomod:LoadedDie","downfall:HeartBlessingRed","Bag of Marbles","bronze:MakeshiftBattery","downfall:HeartBlessingGreen","Matryoshka","downfall:RedIOU"],"acts_visited":["Exordium","TheCity"],"potions_floor_usage":[13,14,16,16,32],"damage_taken":[{"damage":0,"enemies":"Cultist","floor":2,"turns":2},{"damage":0,"enemies":"2 Louse","floor":3,"turns":2},{"damage":19,"enemies":"Lagavulin","floor":6,"turns":6},{"damage":0,"enemies":"downfall:FleeingMerchant","floor":10,"turns":4},{"damage":8,"enemies":"3 Sentries","floor":13,"turns":6},{"damage":2,"enemies":"Small Slimes","floor":14,"turns":2},{"damage":5,"enemies":"3 Louse","floor":15,"turns":3},{"damage":11,"enemies":"SI_SHIV_ARCHETYPE","floor":16,"turns":5},{"damage":16,"enemies":"downfall:FleeingMerchant","floor":19,"turns":4},{"damage":11,"enemies":"Shell Parasite","floor":20,"turns":3},{"damage":0,"enemies":"Centurion and Healer","floor":27,"turns":2},{"damage":35,"enemies":"Snake Plant","floor":29,"turns":3},{"damage":3,"enemies":"downfall:FleeingMerchant","floor":31,"turns":4},{"damage":0,"enemies":"Cultist and Chosen","floor":32,"turns":5},{"damage":72,"enemies":"DF_ARCHETYPE_CLAW","floor":33,"turns":9}],"seed_played":"3955600938851459760","potions_obtained":[{"floor":2,"key":"Guardian:BlockOnCardUsePotion"},{"floor":3,"key":"ColorlessPotion"},{"floor":6,"key":"FearPotion"},{"floor":15,"key":"Block Potion"},{"floor":21,"key":"CultistPotion"},{"floor":29,"key":"Weak Potion"},{"floor":32,"key":"champ:CounterPotion"}],"is_trial":false,"path_per_floor":["R","M","M","?","?","E","T","?","R","$","R","?","E","M","M","B",null,"R","$","M","?","?","R","T","?","R","M","R","M","R","$","M","B"],"character_chosen":"THE_SNECKO","items_purchased":["sneckomod:LoadedDie","sneckomod:IronFang"],"campfire_rested":1,"item_purchase_floors":[10,10],"current_hp_per_floor":[81,81,81,81,81,62,62,62,62,62,62,62,54,52,47,36,77,77,76,65,65,65,65,65,65,65,65,65,45,72,69,69,0,0],"gold":54,"neow_bonus":"ONE_RANDOM_RARE_CARD","is_daily":false,"chose_seed":false,"campfire_upgraded":4,"win_rate":0.0,"timestamp":1612281060,"path_taken":["R","M","M","?","?","E","T","?","R","$","R","?","E","M","M","BOSS","R","$","M","?","?","R","T","?","R","?","R","M","R","$","M","BOSS"],"items_purchased_type":["Relic","Card"],"build_version":"2020-12-22","purchased_purges":1,"victory":false,"max_hp_per_floor":[90,90,90,90,90,90,90,90,90,90,90,90,90,90,90,90,90,90,90,90,90,90,90,90,90,90,90,90,90,90,90,90,90,90],"card_choices":[{"not_picked":["sneckomod:UnknownDexterity","sneckomod:DiceBoulder"],"picked":"sneckomod:UnknownBlock","floor":2},{"not_picked":["sneckomod:SerpentIdol","sneckomod:QuickMove"],"picked":"sneckomod:UnknownDraw","floor":3},{"not_picked":["sneckomod:Unknown2Cost","sneckomod:UnknownCommonAttack"],"picked":"sneckomod:UnknownCommonSkill","floor":6},{"not_picked":["sneckomod:UnknownCommonSkill","sneckomod:SoulDraw"],"picked":"sneckomod:UnknownBoss","floor":10},{"not_picked":["sneckomod:UnknownCommonSkill","sneckomod:SoulDraw"],"picked":"sneckomod:ImprovisedAttack","floor":13},{"not_picked":["sneckomod:UnknownDexterity","sneckomod:ImprovisedAttack"],"picked":"sneckomod:RainOfDice","floor":14},{"not_picked":["sneckomod:UnknownDraw","sneckomod:SoulCleanse"],"picked":"sneckomod:TrashToTreasure","floor":15},{"not_picked":["sneckomod:Cheat","sneckomod:UnknownBoss"],"picked":"sneckomod:UnknownRarePower","floor":16},{"not_picked":["sneckomod:ImprovisedAttack","sneckomod:UnknownWeak"],"picked":"sneckomod:SoulDraw+1","floor":19},{"not_picked":["sneckomod:UnknownCommonAttack","sneckomod:SoulDraw"],"picked":"sneckomod:DefensiveFlair+1","floor":20},{"not_picked":["sneckomod:UnknownDraw+1","sneckomod:IronFang"],"picked":"sneckomod:DiceCrush","floor":27},{"not_picked":["sneckomod:UnknownCommonAttack","sneckomod:WideSting"],"picked":"sneckomod:RainOfDice","floor":29},{"not_picked":["sneckomod:Nope","sneckomod:SnakeSap"],"picked":"sneckomod:UnknownBlock","floor":31},{"not_picked":["sneckomod:DiceBoulder","sneckomod:ImprovisedAttack"],"picked":"sneckomod:UnknownStrength","floor":32}],"player_experience":2590325,"relics_obtained":[{"floor":6,"key":"TungstenRod"},{"floor":7,"key":"Boot"},{"floor":13,"key":"Bag of Marbles"},{"floor":24,"key":"Matryoshka"}],"event_choices":[{"cards_removed":["downfall:Icky"],"damage_healed":0,"gold_gain":0,"player_choice":"Card Removal","damage_taken":0,"max_hp_gain":0,"max_hp_loss":0,"event_name":"The Cleric","floor":8,"gold_loss":0}],"is_beta":false,"boss_relics":[{"not_picked":["Tiny House","Astrolabe"],"picked":"bronze:MakeshiftBattery"}],"items_purged_floors":[19],"is_endless":false,"potions_floor_spawned":[2,3,6,15,29,32],"killed_by":"DF_ARCHETYPE_CLAW","ascension_level":6}}