{"host":"Oniwa","time":1612273968,"event":{"mods":["BaseMod","Colored Map","Colored Powertips","Minty Spire (QoL Compilation)","Relic Stats","Slay the Relics Exporter","SpireBot","StSLib","ojb\u0027s Better Paths Mod","ojb\u0027s Info Mod"],"gold_per_floor":[119,130,140,159,179,179,22,52,77,110,127,157,157,177,177,250,250,263,263,263,283,318,349,349,383,409,409,426,158,158,174,174,248,248,265,265,280,296,196,225,236,236,236,266,280,307,307,318,318,318,318,318,318,68,96,96],"floor_reached":57,"language":"JPN","playtime":5430,"items_purged":["Strike_B","Strike_B","Strike_B"],"score":3033,"play_id":"57ea397e-e33c-4303-bea1-3ce8a5a3891f","local_time":"20210202225248","is_ascension_mode":true,"campfire_choices":[{"data":"Tempest","floor":6,"key":"SMITH"},{"data":"Consume","floor":13,"key":"SMITH"},{"data":"Coolheaded","floor":15,"key":"SMITH"},{"floor":24,"key":"REST"},{"data":"Hologram","floor":30,"key":"SMITH"},{"data":"Ghostly","floor":32,"key":"SMITH"},{"data":"Fission","floor":42,"key":"SMITH"},{"floor":47,"key":"RECALL"},{"data":"Capacitor","floor":49,"key":"SMITH"},{"data":"Ghostly","floor":53,"key":"SMITH"}],"circlet_count":0,"master_deck":["AscendersBane","Defend_B","Defend_B","Defend_B+1","Zap","Dualcast","Tempest+1","Core Surge","Ball Lightning","Skim+1","Self Repair","Coolheaded+1","FTL","Consume+1","Beam Cell","Genetic Algorithm","Double Energy","Coolheaded","All For One","Hologram+1","Ghostly+1","Ghostly+1","Ghostly","Undo","Go for the Eyes","Reinforced Body","Echo Form","Aggregate","Barrage","BootSequence+1","Fission+1","Coolheaded+1","Echo Form","Compile Driver+1","Double Energy","Capacitor+1","Undo","Stack+1","Compile Driver+1","Compile Driver","Aggregate"],"relics":["Cracked Core","Sling","MealTicket","War Paint","Pen Nib","Ancient Tea Set","Sozu","Red Mask","Symbiotic Virus","Gambling Chip","Runic Capacitor","Coffee Dripper","Bronze Scales","Du-Vu Doll","Strawberry","Art of War","Membership Card","Toy Ornithopter"],"acts_visited":["Exordium","TheCity","TheBeyond","TheEnding"],"potions_floor_usage":[8,11,12,16,23,56],"damage_taken":[{"damage":0,"enemies":"Cultist","floor":1,"turns":3},{"damage":0,"enemies":"Jaw Worm","floor":2,"turns":3},{"damage":0,"enemies":"Small Slimes","floor":3,"turns":2},{"damage":12,"enemies":"Looter","floor":4,"turns":3},{"damage":7,"enemies":"3 Louse","floor":5,"turns":4},{"damage":5,"enemies":"3 Sentries","floor":8,"turns":7},{"damage":16,"enemies":"Lagavulin","floor":10,"turns":5},{"damage":6,"enemies":"Blue Slaver","floor":11,"turns":3},{"damage":17,"enemies":"3 Sentries","floor":12,"turns":6},{"damage":9,"enemies":"Exordium Thugs","floor":14,"turns":4},{"damage":4,"enemies":"The Guardian","floor":16,"turns":12},{"damage":0,"enemies":"Chosen","floor":18,"turns":3},{"damage":1,"enemies":"Shell Parasite","floor":21,"turns":5},{"damage":20,"enemies":"Masked Bandits","floor":22,"turns":6},{"damage":15,"enemies":"Gremlin Leader","floor":23,"turns":7},{"damage":1,"enemies":"Book of Stabbing","floor":25,"turns":7},{"damage":0,"enemies":"Centurion and Healer","floor":28,"turns":10},{"damage":0,"enemies":"Sentry and Sphere","floor":31,"turns":8},{"damage":0,"enemies":"Collector","floor":33,"turns":13},{"damage":0,"enemies":"Orb Walker","floor":35,"turns":4},{"damage":0,"enemies":"3 Darklings","floor":37,"turns":5},{"damage":0,"enemies":"Maw","floor":38,"turns":7},{"damage":0,"enemies":"Giant Head","floor":40,"turns":7},{"damage":3,"enemies":"4 Shapes","floor":41,"turns":7},{"damage":4,"enemies":"Reptomancer","floor":44,"turns":7},{"damage":0,"enemies":"Sphere and 2 Shapes","floor":45,"turns":6},{"damage":0,"enemies":"Nemesis","floor":46,"turns":3},{"damage":0,"enemies":"3 Darklings","floor":48,"turns":5},{"damage":9,"enemies":"Time Eater","floor":50,"turns":21},{"damage":30,"enemies":"Donu and Deca","floor":51,"turns":11},{"damage":0,"enemies":"Shield and Spear","floor":55,"turns":8},{"damage":40,"enemies":"The Heart","floor":56,"turns":11}],"seed_played":"-4793173460507768854","potions_obtained":[{"floor":2,"key":"Swift Potion"},{"floor":3,"key":"Dexterity Potion"},{"floor":10,"key":"AttackPotion"},{"floor":11,"key":"Fire Potion"},{"floor":12,"key":"Dexterity Potion"},{"floor":16,"key":"DuplicationPotion"}],"is_trial":false,"path_per_floor":["M","M","M","M","M","R","$","E","T","E","M","E","R","M","R","B",null,"M","?","?","M","?","E","R","E","T","?","M","$","R","M","R","B",null,"M","?","M","M","$","E","M","R","T","E","M","E","R","M","R","B","B",null,"R","$","E","B",null],"character_chosen":"DEFECT","items_purchased":["Sling","Runic Capacitor","Barrage","Membership Card","Compile Driver"],"campfire_rested":1,"item_purchase_floors":[7,29,29,54,54],"current_hp_per_floor":[46,46,46,41,41,41,41,43,43,34,35,25,25,23,23,26,60,60,35,35,35,22,7,17,23,23,16,23,38,38,40,40,40,40,40,40,40,40,40,40,40,40,40,47,47,47,47,47,47,47,31,43,43,47,47,19],"gold":96,"neow_bonus":"TRANSFORM_TWO_CARDS","is_daily":false,"chose_seed":false,"campfire_upgraded":8,"win_rate":0.0,"timestamp":1612273968,"path_taken":["M","M","?","M","M","R","$","E","T","E","M","E","R","M","R","BOSS","M","?","?","M","?","E","R","E","T","?","?","$","R","M","R","BOSS","M","?","M","?","$","E","M","R","T","E","M","E","R","M","R","BOSS","BOSS","R","$","E","BOSS"],"items_purchased_type":["Relic","Relic","Card","Relic","Card"],"build_version":"2020-12-18","purchased_purges":3,"victory":true,"max_hp_per_floor":[71,71,71,71,71,71,71,71,71,71,71,71,71,71,71,71,71,71,35,35,35,35,35,35,35,35,40,40,40,40,40,40,40,40,40,40,40,40,40,40,40,40,40,47,47,47,47,47,47,47,47,47,47,47,47,47],"relic_stats":{"Sozu":6,"counters":[32,213],"Gambling Chip":[40],"Bronze Scales":[376],"MealTicket":19,"Pen Nib":[34],"Art of War":[27],"War Paint":["Skim","Defend_B"],"obtain_stats":[{"Pen Nib":10,"Runic Capacitor":29,"War Paint":9,"Sling":7,"Ancient Tea Set":12,"Sozu":17,"Du-Vu Doll":43,"Gambling Chip":25,"Bronze Scales":40,"Strawberry":44,"MealTicket":8,"Red Mask":22,"Coffee Dripper":34,"Art of War":46,"Membership Card":54,"Cracked Core":0,"Symbiotic Virus":23,"Toy Ornithopter":55},{"Pen Nib":7,"Runic Capacitor":17,"War Paint":6,"Sling":5,"Ancient Tea Set":9,"Sozu":11,"Du-Vu Doll":24,"Gambling Chip":16,"Bronze Scales":23,"Strawberry":25,"MealTicket":6,"Red Mask":14,"Coffee Dripper":19,"Art of War":27,"Membership Card":30,"Cracked Core":0,"Symbiotic Virus":15,"Toy Ornithopter":31},{"Pen Nib":27,"Runic Capacitor":90,"War Paint":22,"Sling":15,"Ancient Tea Set":36,"Sozu":52,"Du-Vu Doll":141,"Gambling Chip":80,"Bronze Scales":134,"Strawberry":148,"MealTicket":22,"Red Mask":66,"Coffee Dripper":111,"Art of War":157,"Membership Card":194,"Cracked Core":0,"Symbiotic Virus":73,"Toy Ornithopter":202}],"Toy Ornithopter":5},"card_choices":[{"not_picked":["Stack","Sunder"],"picked":"Ball Lightning","floor":1},{"not_picked":["Streamline","Reprogram"],"picked":"Skim","floor":2},{"not_picked":["Creative AI","White Noise"],"picked":"Self Repair","floor":3},{"not_picked":["Sweeping Beam","Streamline"],"picked":"Coolheaded","floor":4},{"not_picked":["Beam Cell","Double Energy"],"picked":"FTL","floor":5},{"not_picked":["Hologram","Leap"],"picked":"Consume","floor":8},{"not_picked":["Rebound","Rip and Tear"],"picked":"Beam Cell","floor":10},{"not_picked":["Conserve Battery","Compile Driver"],"picked":"Genetic Algorithm","floor":11},{"not_picked":["Gash","Streamline"],"picked":"Double Energy","floor":12},{"not_picked":["Barrage","Fission"],"picked":"Coolheaded","floor":14},{"not_picked":["Core Surge","Creative AI"],"picked":"All For One","floor":16},{"not_picked":["Consume","Self Repair"],"picked":"Hologram","floor":18},{"not_picked":["Redo","Coolheaded"],"picked":"Undo","floor":21},{"not_picked":["Rebound","Steam"],"picked":"Go for the Eyes","floor":22},{"not_picked":["Streamline","FTL"],"picked":"Reinforced Body","floor":23},{"not_picked":["Redo","Streamline"],"picked":"Echo Form","floor":25},{"not_picked":["Undo+1","Steam"],"picked":"Aggregate","floor":28},{"not_picked":["Hologram","Beam Cell"],"picked":"BootSequence+1","floor":31},{"not_picked":["Thunder Strike","Meteor Strike"],"picked":"Fission","floor":33},{"not_picked":["Gash","Ball Lightning+1"],"picked":"Coolheaded+1","floor":35},{"not_picked":["Lockon","Chaos"],"picked":"Compile Driver+1","floor":37},{"not_picked":["Fusion","Steam"],"picked":"Double Energy","floor":38},{"not_picked":["Melter+1","Cold Snap"],"picked":"Capacitor","floor":40},{"not_picked":["Double Energy","Genetic Algorithm","Ball Lightning+1"],"picked":"SKIP","floor":41},{"not_picked":["Thunder Strike","Capacitor"],"picked":"Undo","floor":44},{"not_picked":["Conserve Battery","Chill"],"picked":"Stack+1","floor":45},{"not_picked":["Beam Cell+1","Scrape+1"],"picked":"Compile Driver+1","floor":46},{"not_picked":["Go for the Eyes","Conserve Battery","Barrage"],"picked":"SKIP","floor":48},{"not_picked":["Gash","Hologram"],"picked":"Aggregate","floor":55}],"player_experience":2647646,"relics_obtained":[{"floor":8,"key":"MealTicket"},{"floor":9,"key":"War Paint"},{"floor":10,"key":"Pen Nib"},{"floor":12,"key":"Ancient Tea Set"},{"floor":22,"key":"Red Mask"},{"floor":23,"key":"Symbiotic Virus"},{"floor":25,"key":"Gambling Chip"},{"floor":40,"key":"Bronze Scales"},{"floor":43,"key":"Du-Vu Doll"},{"floor":44,"key":"Strawberry"},{"floor":46,"key":"Art of War"},{"floor":55,"key":"Toy Ornithopter"}],"event_choices":[{"damage_healed":0,"gold_gain":0,"player_choice":"Became a Ghost","damage_taken":0,"max_hp_gain":0,"max_hp_loss":36,"event_name":"Ghosts","floor":19,"gold_loss":0,"cards_obtained":["Ghostly","Ghostly","Ghostly"]},{"damage_healed":0,"gold_gain":0,"player_choice":"Ignored","damage_taken":0,"max_hp_gain":0,"max_hp_loss":0,"event_name":"Vampires","floor":20,"gold_loss":0},{"damage_healed":0,"gold_gain":0,"player_choice":"Fought Bandits","damage_taken":0,"max_hp_gain":0,"max_hp_loss":0,"event_name":"Masked Bandits","floor":22,"gold_loss":0},{"damage_healed":0,"gold_gain":0,"player_choice":"Shed Blood","damage_taken":12,"max_hp_gain":5,"max_hp_loss":0,"event_name":"Forgotten Altar","floor":27,"gold_loss":0},{"damage_healed":0,"gold_gain":0,"player_choice":"Copied","damage_taken":0,"max_hp_gain":0,"max_hp_loss":0,"event_name":"Duplicator","floor":36,"gold_loss":0,"cards_obtained":["Echo Form"]}],"is_beta":true,"boss_relics":[{"not_picked":["Astrolabe","SlaversCollar"],"picked":"Sozu"},{"not_picked":["FrozenCore","Nuclear Battery"],"picked":"Coffee Dripper"}],"items_purged_floors":[29,39,54],"is_endless":false,"potions_floor_spawned":[2,3,10,11,12,14,16,21,22,31,35,38,44,46],"ascension_level":20}}