{"host":"Qube","time":1612228209,"event":{"mods":["AchievementEnabler","BaseMod","Colored Map","Colored Powertips","Highlight Path","Minty Spire (QoL Compilation)","Permanent Neow","Quick Restart","Random Character Button","StSLib"],"gold_per_floor":[114,127,141,141,152,152,152,152,226,226,253,36,65,83,83,159,159,172,191,208,219,253,253,253,253],"floor_reached":24,"language":"ENG","playtime":967,"items_purged":[],"score":466,"play_id":"52300cfc-d912-49ce-a870-f132175a8676","local_time":"20210201171009","is_ascension_mode":true,"campfire_choices":[{"data":"Searing Blow+1","floor":6.0,"key":"SMITH"},{"data":"Searing Blow+2","floor":8.0,"key":"SMITH"},{"data":"Searing Blow+3","floor":10.0,"key":"SMITH"},{"data":"Searing Blow+4","floor":15.0,"key":"SMITH"},{"data":"Searing Blow+5","floor":23,"key":"SMITH"}],"circlet_count":0,"master_deck":["AscendersBane","Strike_R","Strike_R","Strike_R","Strike_R","Strike_R","Defend_R","Defend_R+1","Defend_R+1","Defend_R","Bash","Sword Boomerang","Anger","Searing Blow+6","Second Wind","Disarm","Searing Blow+4","Shrug It Off","Immolate","Shrug It Off","True Grit","Armaments"],"relics":["SlaversCollar","Paper Frog","War Paint","DollysMirror","Centennial Puzzle","Mark of Pain","Red Mask"],"acts_visited":["Exordium","TheCity"],"potions_floor_usage":[19,22],"damage_taken":[{"damage":6.0,"enemies":"Jaw Worm","floor":1.0,"turns":5.0},{"damage":2.0,"enemies":"2 Louse","floor":2.0,"turns":4.0},{"damage":7.0,"enemies":"Small Slimes","floor":3.0,"turns":4.0},{"damage":18.0,"enemies":"3 Louse","floor":5.0,"turns":3.0},{"damage":0.0,"enemies":"Gremlin Nob","floor":11.0,"turns":2.0},{"damage":2.0,"enemies":"3 Sentries","floor":13.0,"turns":5.0},{"damage":0.0,"enemies":"Blue Slaver","floor":14.0,"turns":2.0},{"damage":10.0,"enemies":"The Guardian","floor":16.0,"turns":8.0},{"damage":0,"enemies":"Chosen","floor":18,"turns":3},{"damage":1,"enemies":"2 Thieves","floor":19,"turns":3},{"damage":20,"enemies":"Snake Plant","floor":20,"turns":4},{"damage":6,"enemies":"3 Cultists","floor":21,"turns":5},{"damage":12,"enemies":"Masked Bandits","floor":22,"turns":5},{"damage":23,"enemies":"Cultist and Chosen","floor":24,"turns":5}],"seed_played":"-8749342014988946465","potions_obtained":[{"floor":5.0,"key":"SneckoOil"},{"floor":13.0,"key":"Swift Potion"},{"floor":16.0,"key":"LiquidMemories"},{"floor":20,"key":"Dexterity Potion"}],"is_trial":false,"path_per_floor":["M","M","M","?","M","R","?","R","T","R","E","$","E","M","R","B",null,"M","M","M","M","?","R","M"],"character_chosen":"IRONCLAD","items_purchased":["DollysMirror","Shrug It Off"],"campfire_rested":0,"item_purchase_floors":[12,12],"current_hp_per_floor":[62,60,53,53,35,35,35,35,35,35,35,35,33,33,33,23,62,62,61,41,35,23,23,0,0],"gold":253,"neow_bonus":"BOSS_RELIC","is_daily":false,"chose_seed":false,"campfire_upgraded":5,"win_rate":0.0,"timestamp":1612228209,"path_taken":["M","M","M","?","M","R","?","R","T","R","E","$","E","M","R","BOSS","M","M","M","M","?","R","M"],"items_purchased_type":["Relic","Card"],"build_version":"2020-12-18","purchased_purges":0,"victory":false,"max_hp_per_floor":[75,75,75,75,75,75,75,75,75,75,75,75,75,75,75,75,75,75,75,75,75,75,75,75,75],"card_choices":[{"not_picked":["Clash","Metallicize"],"picked":"Sword Boomerang","floor":1.0},{"not_picked":["Twin Strike","Entrench"],"picked":"Anger","floor":2.0},{"not_picked":["Pummel","Pommel Strike"],"picked":"Searing Blow","floor":3.0},{"not_picked":["Pommel Strike","Spot Weakness"],"picked":"Second Wind","floor":5.0},{"not_picked":["Dropkick","Warcry"],"picked":"Disarm","floor":11.0},{"not_picked":["Sever Soul","Wild Strike","Sword Boomerang"],"picked":"SKIP","floor":13.0},{"not_picked":["Cleave","Clothesline","Twin Strike"],"picked":"SKIP","floor":14.0},{"not_picked":["Limit Break","Demon Form"],"picked":"Immolate","floor":16.0},{"not_picked":["Wild Strike","Clothesline"],"picked":"Shrug It Off","floor":18},{"not_picked":["Bloodletting","Ghostly Armor"],"picked":"True Grit","floor":19},{"not_picked":["Evolve","Twin Strike"],"picked":"Armaments","floor":20},{"not_picked":["Body Slam","Hemokinesis","Havoc"],"picked":"SKIP","floor":21}],"player_experience":1039330,"relics_obtained":[{"floor":9.0,"key":"Paper Frog"},{"floor":11.0,"key":"War Paint"},{"floor":13.0,"key":"Centennial Puzzle"},{"floor":22,"key":"Red Mask"}],"event_choices":[{"damage_healed":0.0,"max_hp_gain":0.0,"max_hp_loss":0.0,"gold_gain":0.0,"event_name":"Living Wall","player_choice":"Grow","floor":4.0,"gold_loss":0.0,"damage_taken":0.0,"cards_upgraded":["Searing Blow"]},{"damage_healed":0.0,"max_hp_gain":0.0,"max_hp_loss":0.0,"gold_gain":0.0,"event_name":"Scrap Ooze","player_choice":"Fled","floor":7.0,"gold_loss":0.0,"damage_taken":0.0},{"damage_healed":0,"gold_gain":0,"player_choice":"Fought Bandits","damage_taken":0,"max_hp_gain":0,"max_hp_loss":0,"event_name":"Masked Bandits","floor":22,"gold_loss":0}],"is_beta":true,"boss_relics":[{"not_picked":["Runic Cube","Runic Pyramid"],"picked":"Mark of Pain"}],"items_purged_floors":[],"is_endless":false,"potions_floor_spawned":[5,13,16,20],"killed_by":"Cultist and Chosen","ascension_level":20}}