{"host":"jhywql2x2v3ppvhm","time":1612232891,"event":{"mods":["BaseMod","Colored Map","Colored Powertips","Downfall","Googly Eyes","Hermit","Marisa????????","Minty Spire (QoL Compilation)","Rare Cards Sparkle","Shop Mod","Slay the Relics Exporter","StSLib","The Animator","The Bug Knight","The Cursed","The Disciple","The Necromancer","The Runesmith","The Servant 0.9.4","slay the spire mod where everything is the same but ironclad has a cowboy hat"],"gold_per_floor":[0,18,18,94,106,118,142,172,54,88,88,88,188,218,231,326,326,26,26,11,22,32,307,307,319,336,350,350,558,558,558,569,665,665,665,684,185,198,211,211,211,261,261,286,310,310,0,17,29,29,29,57,10,10,10,10,10,10],"floor_reached":56,"language":"ENG","playtime":3521,"items_purged":["Slimebound:Defend_Slimebound","Regret","Slimebound:CorrosiveSpit"],"score":810,"play_id":"bd0bb1b0-128d-4550-b319-a92ce7163ab4","local_time":"20210201212811","is_ascension_mode":false,"campfire_choices":[{"data":"Slimebound:SplitAcid","floor":1.0,"key":"SMITH"},{"floor":11.0,"key":"RECALL"},{"data":"Slimebound:OneTwoCombo","floor":18.0,"key":"SMITH"},{"data":"Slimebound:DivideAndConquer","floor":28.0,"key":"SMITH"},{"data":"Slimebound:Split","floor":35.0,"key":"SMITH"},{"data":"Slimebound:LivingWall","floor":40.0,"key":"SMITH"},{"floor":46.0,"key":"DIG"},{"floor":54.0,"key":"DIG"}],"circlet_count":0,"master_deck":["Slimebound:Strike_Slimebound","Slimebound:Strike_Slimebound","Slimebound:Tackle","Slimebound:Defend_Slimebound","Slimebound:Defend_Slimebound","Slimebound:Split+1","Slimebound:SplitAcid+1","Slimebound:LivingWall+1","Slimebound:SplitBruiser+1","Slimebound:SamplingLick+1","Slimebound:SplitAcid+1","Slimebound:SplitBruiser+1","Slimebound:Teamwork+1","Slimebound:FormOfPuddle+1","Slimebound:GoopSpray+1","Slimebound:OneTwoCombo+1","Slimebound:SamplingLick+1","Slimebound:HauntingLick+1","Slimebound:SplitBruiser+1","Slimebound:Recollect+1","Slimebound:DivideAndConquer+1","Slimebound:Repurpose+1","Slimebound:FormOfPuddle+1","Slimebound:SamplingLick+1","Slimebound:SlimeTap+1","Slimebound:SlimeBarrage","Slimebound:TongueLash","Slimebound:SplitAcid+1"],"relics":["Slimebound:AbsorbEndCombat","Slimebound:MaxSlimesRelic","Toxic Egg 2","Smiling Mask","Vajra","Pen Nib","Philosopher\u0027s Stone","downfall:HeartBlessingRed","downfall:HeartBlessingGreen","downfall:HeartBlessingBlue","HollowMod:PaleOreRelic","Blue Candle","Coffee Dripper","Lantern","StoneCalendar","HornCleat","Shovel","Omamori","Blood Vial","Orichalcum","Lizard Tail","HollowMod:LifeEnderRelic","InkBottle"],"acts_visited":["Exordium","TheCity","TheBeyond","TheEnding"],"potions_floor_usage":[56,56],"damage_taken":[{"damage":1.0,"enemies":"Cultist","floor":2.0,"turns":4.0},{"damage":0.0,"enemies":"Small Slimes","floor":5.0,"turns":4.0},{"damage":0.0,"enemies":"Jaw Worm","floor":6.0,"turns":2.0},{"damage":0.0,"enemies":"downfall:FleeingMerchant","floor":9.0,"turns":4.0},{"damage":9.0,"enemies":"3 Sentries","floor":10.0,"turns":3.0},{"damage":0.0,"enemies":"Lagavulin","floor":14.0,"turns":4.0},{"damage":3.0,"enemies":"3 Louse","floor":15.0,"turns":2.0},{"damage":3.0,"enemies":"SI_SHIV_ARCHETYPE","floor":16.0,"turns":7.0},{"damage":3.0,"enemies":"downfall:FleeingMerchant","floor":20.0,"turns":4.0},{"damage":0.0,"enemies":"3 Byrds","floor":21.0,"turns":2.0},{"damage":0.0,"enemies":"Centurion and Healer","floor":22.0,"turns":3.0},{"damage":3.0,"enemies":"3 Cultists","floor":25.0,"turns":3.0},{"damage":3.0,"enemies":"Sentry and Sphere","floor":26.0,"turns":3.0},{"damage":5.0,"enemies":"Shelled Parasite and Fungi","floor":27.0,"turns":3.0},{"damage":0.0,"enemies":"downfall:FleeingMerchant","floor":29.0,"turns":2.0},{"damage":0.0,"enemies":"Cultist and Chosen","floor":32.0,"turns":3.0},{"damage":12.0,"enemies":"WA_ARCHETYPE_CALM","floor":33.0,"turns":5.0},{"damage":0.0,"enemies":"3 Darklings","floor":36.0,"turns":3.0},{"damage":0.0,"enemies":"Orb Walker","floor":38.0,"turns":1.0},{"damage":0.0,"enemies":"Maw","floor":39.0,"turns":4.0},{"damage":0.0,"enemies":"Maw","floor":42.0,"turns":2.0},{"damage":9.0,"enemies":"Maw","floor":43.0,"turns":2.0},{"damage":0.0,"enemies":"Reptomancer","floor":44.0,"turns":4.0},{"damage":0.0,"enemies":"Sphere and 2 Shapes","floor":48.0,"turns":3.0},{"damage":2.0,"enemies":"3 Darklings","floor":49.0,"turns":3.0},{"damage":33.0,"enemies":"DF_ARCHETYPE_ORBS","floor":50.0,"turns":9.0},{"damage":52.0,"enemies":"downfall:CharBossMerchant","floor":52.0,"turns":9.0},{"damage":56,"enemies":"downfall:NeowBoss","floor":55,"turns":19},{"damage":76,"enemies":"downfall:NeowBossFinal","floor":56,"turns":5}],"seed_played":"2782399518475211884","potions_obtained":[{"floor":2.0,"key":"CultistPotion"},{"floor":6.0,"key":"Fire Potion"},{"floor":10.0,"key":"FairyPotion"},{"floor":15.0,"key":"SteroidPotion"},{"floor":30.0,"key":"CultistPotion"},{"floor":33.0,"key":"EssenceOfSteel"},{"floor":42.0,"key":"champ:CounterPotion"},{"floor":52.0,"key":"PowerPotion"}],"is_trial":false,"path_per_floor":["R","M","?","T","M","M","T","?","$","E","R","T","?","E","M","B",null,"R","?","$","M","M","?","T","M","M","M","R","$","?","?","M","B",null,"R","M","$","M","M","R","T","?","?","E","?","R","$","M","M","B",null,"E","$","R","B","B"],"character_chosen":"SLIMEBOUND","items_purchased":["Slimebound:SplitBruiser+1","Slimebound:Repurpose+1","Lantern","StoneCalendar","Lizard Tail","Slimebound:SplitAcid+1"],"campfire_rested":0,"item_purchase_floors":[9,29,37,37,47,53],"current_hp_per_floor":[65,65,62,62,65,65,65,65,65,56,56,56,56,58,55,58,65,75,75,74,74,75,75,75,74,71,68,68,72,72,67,69,63,75,75,75,75,75,75,75,75,75,68,72,72,72,72,74,75,42,75,29,29,29,6,0,0,0],"gold":10,"neow_bonus":"TRANSFORM_TWO_CARDS","is_daily":false,"chose_seed":false,"campfire_upgraded":5,"win_rate":0.0,"timestamp":1612232891,"path_taken":["R","?","?","?","M","M","T","?","$","E","R","?","?","E","M","BOSS","R","?","$","M","M","?","T","?","M","?","R","$","?","?","M","BOSS","R","M","$","M","M","R","T","?","?","E","?","R","$","M","M","BOSS","E","$","R","BOSS","BOSS"],"items_purchased_type":["Card","Card","Relic","Relic","Relic","Card"],"build_version":"2020-12-22","purchased_purges":3,"victory":false,"max_hp_per_floor":[65,65,65,65,65,65,65,65,65,65,65,65,65,65,65,65,65,75,75,75,75,75,75,75,75,75,75,75,75,75,75,75,75,75,75,75,75,75,75,75,75,75,75,75,75,75,75,75,75,75,75,75,75,75,75,75,75,75],"card_choices":[{"not_picked":["Slimebound:AcidTongue","Slimebound:FinishingTackle","Slimebound:BestDefense"],"picked":"SKIP","floor":2.0},{"not_picked":["Slimebound:ComboTackle","Slimebound:ProtectTheBoss"],"picked":"Slimebound:SplitBruiser+1","floor":5.0},{"not_picked":["Slimebound:DivideAndConquer","Slimebound:FinishingTackle"],"picked":"Slimebound:SamplingLick+1","floor":6.0},{"not_picked":["Slimebound:HungryTackle","Slimebound:RollThrough"],"picked":"Slimebound:SplitAcid+1","floor":9.0},{"not_picked":["Slimebound:SlimeSpikes+1","Slimebound:ItLooksTasty"],"picked":"Slimebound:Teamwork+1","floor":10.0},{"not_picked":["Slimebound:GoopTackle","Slimebound:Schlurp+1"],"picked":"Slimebound:FormOfPuddle+1","floor":14.0},{"not_picked":["Slimebound:LeechEnergy","Slimebound:LivingWall+1"],"picked":"Slimebound:GoopSpray+1","floor":15.0},{"not_picked":["Slimebound:SlimeSlap","Slimebound:TagTeam"],"picked":"Slimebound:OneTwoCombo","floor":16.0},{"not_picked":["Slimebound:ItLooksTasty","Slimebound:ViciousTackle"],"picked":"Slimebound:SamplingLick+1","floor":20.0},{"not_picked":["Slimebound:RollThrough","Slimebound:Prepare+1"],"picked":"Slimebound:HauntingLick+1","floor":21.0},{"not_picked":["Slimebound:SplitAcid+1","Slimebound:SlimeSpikes+1","Slimebound:LivingWall+1"],"picked":"SKIP","floor":22.0},{"not_picked":["Slimebound:SplitAcid+1","Slimebound:Replication+1"],"picked":"Slimebound:SplitBruiser+1","floor":25.0},{"not_picked":["Slimebound:SplitBruiser+1","Slimebound:GoopSpray+1"],"picked":"Slimebound:Recollect+1","floor":26.0},{"not_picked":["Slimebound:Nibble","Slimebound:Replication+1"],"picked":"Slimebound:DivideAndConquer","floor":27.0},{"not_picked":["Slimebound:RollThrough","Slimebound:LivingWall+1","Slimebound:ComboTackle"],"picked":"SKIP","floor":29.0},{"not_picked":["Slimebound:SplitAcid+1","Slimebound:Teamwork+1"],"picked":"Slimebound:FormOfPuddle+1","floor":32.0},{"not_picked":["Slimebound:Gluttony","Slimebound:LeechEnergy+1","Slimebound:PressTheAttack+1"],"picked":"SKIP","floor":36.0},{"not_picked":["Slimebound:SplitBruiser+1","Slimebound:DivideAndConquer+1","Slimebound:GoopTackle+1"],"picked":"SKIP","floor":38.0},{"not_picked":["Slimebound:LeadByExample+1","Slimebound:ViciousTackle+1"],"picked":"Slimebound:SamplingLick+1","floor":39.0},{"not_picked":["Slimebound:LeechEnergy+1","Slimebound:SplitLeeching+1"],"picked":"Slimebound:SlimeTap+1","floor":42.0},{"not_picked":["Slimebound:LeechingTouch+1","Slimebound:DisruptingSlam+1","Slimebound:SlimeSpikes+1"],"picked":"SKIP","floor":44.0},{"not_picked":["Slimebound:Overexert","Slimebound:LeechingTouch"],"picked":"Slimebound:SlimeBarrage","floor":48.0},{"not_picked":["Slimebound:SlimeSpikes+1","Slimebound:ServeAndProtect+1","Slimebound:Schlurp+1"],"picked":"SKIP","floor":49.0},{"not_picked":["Slimebound:RollThrough+1","Slimebound:CheckThePlaybook+1"],"picked":"Slimebound:TongueLash","floor":52.0}],"player_experience":191251,"relics_obtained":[{"floor":4.0,"key":"Toxic Egg 2"},{"floor":7.0,"key":"Smiling Mask"},{"floor":10.0,"key":"Vajra"},{"floor":14.0,"key":"Pen Nib"},{"floor":24.0,"key":"HollowMod:PaleOreRelic"},{"floor":41.0,"key":"HornCleat"},{"floor":42.0,"key":"Shovel"},{"floor":44.0,"key":"Omamori"},{"floor":45.0,"key":"Blood Vial"},{"floor":46.0,"key":"Orichalcum"},{"floor":52.0,"key":"HollowMod:LifeEnderRelic"},{"floor":54.0,"key":"InkBottle"}],"event_choices":[{"damage_healed":0.0,"max_hp_gain":0.0,"max_hp_loss":0.0,"gold_gain":0.0,"event_name":"Scrap Ooze","player_choice":"Success","floor":3.0,"gold_loss":0.0,"damage_taken":3.0,"relics_obtained":["Slimebound:MaxSlimesRelic"]}],"is_beta":false,"boss_relics":[{"not_picked":["Slimebound:TarBlob","Black Star"],"picked":"Philosopher\u0027s Stone"},{"not_picked":["Calling Bell","Pandora\u0027s Box"],"picked":"Coffee Dripper"}],"items_purged_floors":[9,29,37],"is_endless":false,"potions_floor_spawned":[2,6,10,15,25,32,33,36,42,43,48,52],"killed_by":"downfall:NeowBossFinal","ascension_level":0}}