{"host":"a3oe3gstxz77c7qu","time":1612307203,"event":{"mods":["2.2 Compatiblity","Act Like it!","Astrologer","BaseMod","Bestiary","Better Altar","Better Match","Better Note","Better Skull","Better Third Choice","Block Reminder","Curses Come First","Custom Start","Dark Map","Downfall","Friendly Minions","GifTheSpireLib","Hallownest","Hermit","Jorbs\u0027s Wanderer Trilogy","Lobotomy","LobotomyExtend","Marisa????????","Minty Spire (QoL Compilation)","Morshu Shopkeeper - ENHANCED","Permanent Neow","Quick Restart","Relic Filter Mod","Relic Stats","Reliquary","Replay The Spire","Smile Girya","Spire Arcade","StSLib","The Bug Knight","The Cursed","The Disciple","The Jungle","Uncapped","Unknown Chances","Wandering Minibosses","Wide Potions"],"gold_per_floor":[112,112,27,37,61,61,80,114,138,164,164,89,115,135,135,135,135],"floor_reached":16,"language":"ENG","playtime":879,"items_purged":["Dazed"],"score":200,"play_id":"4c8affda-3811-4da5-8eae-5d1d29a77f78","local_time":"20210202230643","is_ascension_mode":true,"campfire_choices":[{"data":"HollowMod:CloakDash","floor":6,"key":"SMITH"},{"floor":15,"key":"DIG"}],"circlet_count":0,"master_deck":["HollowMod:NailStrikeStart","HollowMod:NailStrikeStart","HollowMod:NailStrikeStart","HollowMod:NailStrikeStart","HollowMod:QuickDashStart","HollowMod:QuickDashStart","HollowMod:QuickDashStart","HollowMod:QuickDashStart","HollowMod:FocusHealStart","HollowMod:PogoStrike","HollowMod:CloakDash+1","BigBadWolf","Forethought","Scorched","HollowMod:CloakDash","SingingMachine","Mercenary","HollowMod:CrystalDash"],"relics":["HollowMod:VesselMask","CogitoBucket","RabbitCall","LetterFromLob","Eternal Feather","Potion Belt","Shovel","ReplayTheSpireMod:TigerMarble","Bronze Scales","Gaze_r","Replay:Mystery Machine","ChangeAnything","Thread and Needle"],"acts_visited":["Exordium"],"potions_floor_usage":[16],"damage_taken":[{"damage":0,"enemies":"2 Louse","floor":1,"turns":3},{"damage":6,"enemies":"Jaw Worm","floor":4,"turns":5},{"damage":0,"enemies":"Small Slimes","floor":7,"turns":3},{"damage":5,"enemies":"Gremlin Nob","floor":8,"turns":3},{"damage":30,"enemies":"Lagavulin","floor":10,"turns":6},{"damage":43,"enemies":"Blue Slaver","floor":11,"turns":4},{"damage":1,"enemies":"Gremlin Nob","floor":13,"turns":2},{"damage":0,"enemies":"Blue Slaver","floor":14,"turns":2},{"damage":44,"enemies":"HollowMod:FalseKnight","floor":16,"turns":5}],"seed_played":"-2574007731110434751","potions_obtained":[{"floor":4,"key":"Energy Potion"},{"floor":8,"key":"DistilledChaos"},{"floor":14,"key":"SmokeBomb"}],"is_trial":false,"path_per_floor":["M","?","$","M","T","R","M","E","T","E","M","$","E","M","R","B"],"character_chosen":"THE_BUGKNIGHT","items_purchased":["Forethought"],"campfire_rested":0,"item_purchase_floors":[3],"current_hp_per_floor":[74,56,56,60,60,66,72,67,67,49,21,21,20,20,29,0,0],"gold":135,"neow_bonus":"","is_daily":false,"chose_seed":false,"campfire_upgraded":1,"win_rate":0.0,"timestamp":1612307203,"path_taken":["M","?","$","M","?","R","M","E","T","E","M","$","E","M","R","BOSS"],"items_purchased_type":["Card"],"build_version":"2020-12-22","purchased_purges":1,"victory":false,"max_hp_per_floor":[75,75,75,75,75,75,75,75,75,72,69,69,69,69,69,66,66],"relic_stats":{"Shovel":1,"counters":[10,34],"Bronze Scales":[27],"Eternal Feather":15,"obtain_stats":[{"Potion Belt":5,"RabbitCall":0,"HollowMod:VesselMask":0,"Eternal Feather":2,"Thread and Needle":15,"Replay:Mystery Machine":13,"Gaze_r":11,"CogitoBucket":0,"Shovel":8,"Bronze Scales":10,"LetterFromLob":1,"ReplayTheSpireMod:TigerMarble":9,"ChangeAnything":14},{"Potion Belt":2,"RabbitCall":0,"HollowMod:VesselMask":0,"Eternal Feather":1,"Thread and Needle":9,"Replay:Mystery Machine":7,"Gaze_r":6,"CogitoBucket":0,"Shovel":4,"Bronze Scales":5,"LetterFromLob":1,"ReplayTheSpireMod:TigerMarble":4,"ChangeAnything":9},{"Potion Belt":8,"RabbitCall":0,"HollowMod:VesselMask":0,"Eternal Feather":3,"Thread and Needle":29,"Replay:Mystery Machine":26,"Gaze_r":24,"CogitoBucket":0,"Shovel":14,"Bronze Scales":20,"LetterFromLob":3,"ReplayTheSpireMod:TigerMarble":14,"ChangeAnything":29}]},"card_choices":[{"not_picked":["HollowMod:MawleksShell","HollowMod:CornifersMapStart"],"picked":"HollowMod:CloakDash","floor":1},{"not_picked":["Scorched","ShyLook"],"picked":"BigBadWolf","floor":1},{"not_picked":["Rudolta","CherryBlossoms","PunishingBird"],"picked":"Singing Bowl","floor":4},{"not_picked":["Freischutz","VoidDream"],"picked":"Scorched","floor":4},{"not_picked":["HollowMod:ChannelNail","HollowMod:TaintedHusks","HollowMod:CycloneSlash"],"picked":"SKIP","floor":4},{"not_picked":["HollowMod:ChannelNail","HollowMod:ShadowDash"],"picked":"HollowMod:CloakDash","floor":7},{"not_picked":["FairyFestival","Scarecrow"],"picked":"SingingMachine","floor":7},{"not_picked":["HollowMod:LifebloodCocoon","HollowMod:CornifersMapStart"],"picked":"HollowMod:AwokenDreamNail","floor":8},{"not_picked":["NakedNest","PunishingBird"],"picked":"Mercenary","floor":8},{"not_picked":["HollowMod:BrokenVessel","HollowMod:ShadowDash"],"picked":"HollowMod:CrystalDash","floor":10},{"not_picked":["Laetitia","MeatLantern","UniverseFragment"],"picked":"Singing Bowl","floor":10},{"not_picked":["FairyFestival","QueenOfHatred","QueenBee"],"picked":"Singing Bowl","floor":13},{"not_picked":["HollowMod:FallenFury","HollowMod:SoulEater","HollowMod:WraithStrike"],"picked":"SKIP","floor":13},{"not_picked":["WhitesApple","Bloodbath","MHz"],"picked":"Singing Bowl","floor":14},{"not_picked":["HollowMod:SoulShaman","HollowMod:QuirrelsAssistance","HollowMod:DashSlash"],"picked":"SKIP","floor":14}],"player_experience":1136214,"relics_obtained":[{"floor":1,"key":"LetterFromLob"},{"floor":5,"key":"Potion Belt"},{"floor":8,"key":"Shovel"},{"floor":9,"key":"ReplayTheSpireMod:TigerMarble"},{"floor":10,"key":"Bronze Scales"},{"floor":13,"key":"Replay:Mystery Machine"},{"floor":15,"key":"Thread and Needle"}],"event_choices":[{"damage_healed":0,"gold_gain":0,"player_choice":"Relic ","damage_taken":18,"max_hp_gain":0,"max_hp_loss":0,"event_name":"betterThird:BetterScrap","floor":2,"gold_loss":0,"cards_obtained":["Corpse Explosion"]}],"is_beta":false,"boss_relics":[],"items_purged_floors":[12],"is_endless":false,"potions_floor_spawned":[4,8,11,14],"killed_by":"HollowMod:FalseKnight","ascension_level":8}}