{"host":"u7y9frlpoazak2mn","time":1612229988,"event":{"mods":["AchievementEnabler","Act Like it!","Alarm Clock","Aspiration","Astrologer","BaseMod","Beaked The Cultist","Better Altar","Better Match","Better Note","Better Sensory Stone","Better Skull","Better Third Choice","CCEM2","Chen","Colored Map","Colored Powertips","Conspire","Curses Come First","Dark Map","Displayed Cursed Tome","Energized Spire","Friendly Minions","Gensokyo","GifTheSpireLib","Glutton Mod","Halation","Hallownest","Hermit","Hubris","Infinite Spire","Jedi Mod","Koishi","Marisa????????","Marked Mod","Mimic Mod","Minty Spire (QoL Compilation)","Pale of the Ancients","Prisma Mod","Quick Restart","Random Character Button","Rare Cards Sparkle","Relic Stats","Reliquary","Remilia??????","Replay The Spire","Retaliation","Spicy Shops","Spikes Relics","StS++","StSLib","Stuff the Spire","The Administrix","The Blue Laboratory","The Bug Knight","The Construct","The Cursed","The Druid","The Forsaken","The Juggle","The Jungle","The Marked","The Servant 0.9.4","Waifu the Spire","Wandering Minibosses","Wide Potions","Yuri Mod"],"gold_per_floor":[116,126,126,145,157,157,175,190,214,214,214],"floor_reached":10,"language":"ENG","playtime":362,"items_purged":[],"score":62,"play_id":"6d41458f-0d3c-4cf4-8179-d0a03660c4dd","local_time":"20210201203948","is_ascension_mode":false,"campfire_choices":[{"floor":6,"key":"REST"}],"circlet_count":0,"master_deck":["Strike_P","Strike_P","Strike_P","Strike_P","Defend_P","Defend_P","Defend_P","Defend_P","Eruption","Vigilance","EmptyFist+1","LikeWater","ForeignInfluence","ConjureBlade","Pot Of Greed","Pot Of Greed"],"relics":["PureWater","NeowsBlessing","Grinning Jar"],"acts_visited":["Exordium"],"potions_floor_usage":[],"damage_taken":[{"damage":0,"enemies":"2 Louse","floor":1,"turns":1},{"damage":0,"enemies":"Cultist","floor":2,"turns":1},{"damage":0,"enemies":"Small Slimes","floor":4,"turns":2},{"damage":13,"enemies":"Exordium Thugs","floor":5,"turns":4},{"damage":24,"enemies":"Blue Slaver","floor":7,"turns":2},{"damage":14,"enemies":"3 Louse","floor":8,"turns":5},{"damage":39,"enemies":"3 Sentries","floor":10,"turns":4}],"seed_played":"-2107515445486073763","potions_obtained":[{"floor":2,"key":"blueLaboratory:AbyssPotion"},{"floor":4,"key":"blueLaboratory:AbyssPotion"},{"floor":8,"key":"SpeedPotion"}],"is_trial":false,"path_per_floor":["M","M","?","M","M","R","M","M","T","E"],"character_chosen":"WATCHER","items_purchased":[],"campfire_rested":1,"item_purchase_floors":[],"current_hp_per_floor":[72,72,72,72,59,72,48,34,34,0,0],"gold":214,"neow_bonus":"THREE_ENEMY_KILL","is_daily":false,"chose_seed":false,"campfire_upgraded":0,"win_rate":0.0,"timestamp":1612229988,"path_taken":["M","M","?","M","M","R","M","?","T","E"],"items_purchased_type":[],"build_version":"2020-12-22","purchased_purges":0,"victory":false,"max_hp_per_floor":[72,72,72,72,72,72,72,72,72,72,72],"relic_stats":{"counters":[7,19],"obtain_stats":[{"NeowsBlessing":0,"PureWater":0,"Grinning Jar":9},{"NeowsBlessing":0,"PureWater":0,"Grinning Jar":6},{"NeowsBlessing":0,"PureWater":0,"Grinning Jar":15}]},"card_choices":[{"not_picked":["Consecrate","CrushJoints"],"picked":"EmptyFist","floor":1},{"not_picked":["Evaluate","DeceiveReality","Replay:Cycle"],"picked":"SKIP","floor":2},{"not_picked":["Replay:AtTheReady","CarveReality","ThirdEye"],"picked":"SKIP","floor":4},{"not_picked":["Replay:AtTheReady","Vengeance"],"picked":"LikeWater","floor":5},{"not_picked":["StSpp:LatentStrike","Replay:AtTheReady"],"picked":"ForeignInfluence","floor":7},{"not_picked":["Indignation","TalkToTheHand"],"picked":"ConjureBlade","floor":8}],"player_experience":371434,"relics_obtained":[{"floor":9,"key":"Grinning Jar"}],"event_choices":[{"damage_healed":0,"gold_gain":0,"player_choice":"Upgraded","damage_taken":0,"max_hp_gain":0,"max_hp_loss":0,"event_name":"Upgrade Shrine","floor":3,"gold_loss":0,"cards_upgraded":["EmptyFist"]}],"is_beta":false,"boss_relics":[],"items_purged_floors":[],"is_endless":false,"potions_floor_spawned":[2,4,8],"killed_by":"3 Sentries","ascension_level":0}}