{"host":"6r3ioyv75hs1gp74","time":1612243235,"event":{"mods":["AchievementEnabler","Act Like it!","BaseMod","Better Sensory Stone","Better Third Choice","Block Reminder","Colored Map","Colored Powertips","Curses Come First","Minty Spire (QoL Compilation)","StSLib"],"gold_per_floor":[118,193,193,45,58,86,86,97,97,114,140,140,22,22,22,127,127,145,162,162,180,193,193,223,6,33,46,64,64,74,107,107,211,211,231,251,251,4,22,22,37,37,62,92,109,124,158,175,175,175,175,175,5,33,33,33],"floor_reached":55,"language":"ENG","playtime":4226,"items_purged":["Normality","Defend_P"],"score":949,"play_id":"72a3b188-a9d0-4921-b64a-f9a74a581e3c","local_time":"20210202052035","is_ascension_mode":true,"campfire_choices":[{"floor":7,"key":"REST"},{"data":"Devotion","floor":12,"key":"SMITH"},{"floor":15,"key":"REST"},{"floor":23,"key":"REST"},{"floor":32,"key":"RECALL"},{"floor":40,"key":"REST"},{"floor":42,"key":"REST"},{"floor":49,"key":"REST"},{"floor":52,"key":"REST"}],"circlet_count":0,"master_deck":["Strike_P","Strike_P","Defend_P","Eruption","Vigilance","Violence","Conclude","Devotion+1","BattleHymn","Evaluate","Prostrate","Perseverance","Pray","Study","Swift Strike","Devotion","Consecrate+1","CutThroughFate","Ghostly","Ghostly","Ghostly","Ghostly","Ghostly","Fasting2+1","Evaluate+1","Perseverance","Judgement","Consecrate","FlurryOfBlows","ReachHeaven","ReachHeaven+1","Collect","Scrawl","Alpha+1","EmptyBody+1","ThirdEye+1","Prostrate","Consecrate+1","ThirdEye+1","Parasite","ForeignInfluence+1","MentalFortress","Wallop+1"],"relics":["PureWater","Matryoshka","Pen Nib","Toy Ornithopter","Damaru","Fusion Hammer","Anchor","The Courier","Oddly Smooth Stone","Bag of Marbles","Astrolabe","Strawberry","Lantern","Juzu Bracelet","TungstenRod","Art of War"],"acts_visited":["Exordium","TheCity","TheBeyond","TheEnding"],"potions_floor_usage":[11,11,16,24,24,24,28,33,39,39,47,50,54,55,55,55,55,55],"damage_taken":[{"damage":9,"enemies":"Small Slimes","floor":1,"turns":6},{"damage":11,"enemies":"Jaw Worm","floor":5,"turns":4},{"damage":26,"enemies":"Gremlin Nob","floor":6,"turns":3},{"damage":0,"enemies":"Cultist","floor":8,"turns":2},{"damage":3,"enemies":"Blue Slaver","floor":10,"turns":4},{"damage":21,"enemies":"Lagavulin","floor":11,"turns":4},{"damage":0,"enemies":"Slime Boss","floor":16,"turns":6},{"damage":5,"enemies":"Chosen","floor":18,"turns":3},{"damage":1,"enemies":"Spheric Guardian","floor":19,"turns":3},{"damage":0,"enemies":"3 Cultists","floor":21,"turns":3},{"damage":22,"enemies":"Snake Plant","floor":22,"turns":4},{"damage":18,"enemies":"Slavers","floor":24,"turns":6},{"damage":1,"enemies":"Centurion and Healer","floor":27,"turns":4},{"damage":2,"enemies":"Cultist and Chosen","floor":28,"turns":6},{"damage":0,"enemies":"Snake Plant","floor":30,"turns":2},{"damage":1,"enemies":"Gremlin Leader","floor":31,"turns":5},{"damage":1,"enemies":"Automaton","floor":33,"turns":6},{"damage":10,"enemies":"3 Darklings","floor":35,"turns":4},{"damage":7,"enemies":"3 Shapes","floor":36,"turns":5},{"damage":21,"enemies":"Sphere and 2 Shapes","floor":39,"turns":6},{"damage":0,"enemies":"Maw","floor":41,"turns":7},{"damage":0,"enemies":"Reptomancer","floor":44,"turns":5},{"damage":1,"enemies":"Writhing Mass","floor":45,"turns":6},{"damage":2,"enemies":"Spire Growth","floor":46,"turns":6},{"damage":8,"enemies":"Nemesis","floor":47,"turns":7},{"damage":0,"enemies":"Transient","floor":48,"turns":5},{"damage":25,"enemies":"Donu and Deca","floor":50,"turns":6},{"damage":0,"enemies":"Shield and Spear","floor":54,"turns":6},{"damage":67,"enemies":"The Heart","floor":55,"turns":8}],"seed_played":"-8463128062698747196","potions_obtained":[{"floor":6,"key":"PowerPotion"},{"floor":8,"key":"DistilledChaos"},{"floor":10,"key":"Regen Potion"},{"floor":19,"key":"Strength Potion"},{"floor":21,"key":"Strength Potion"},{"floor":24,"key":"AttackPotion"},{"floor":28,"key":"Fruit Juice"},{"floor":31,"key":"BottledMiracle"},{"floor":35,"key":"Weak Potion"},{"floor":44,"key":"FearPotion"},{"floor":47,"key":"DuplicationPotion"},{"floor":54,"key":"Block Potion"}],"is_trial":false,"path_per_floor":["M","?","?","$","M","E","R","M","T","M","E","R","$","?","R","B",null,"M","M","?","M","M","R","E","$","T","M","M","?","M","E","R","B",null,"M","M","?","$","M","R","M","R","T","E","M","M","E","M","R","B",null,"R","$","E","B"],"character_chosen":"WATCHER","items_purchased":["Devotion","Study","ColorlessPotion","Judgement","Consecrate","Strawberry","Lantern","EntropicBrew","MentalFortress","LiquidMemories"],"campfire_rested":7,"item_purchase_floors":[4,13,13,25,25,38,38,53,53,53],"current_hp_per_floor":[63,52,57,57,46,20,43,43,43,40,29,29,29,29,52,57,77,72,71,38,38,16,27,36,36,36,35,43,43,43,42,42,42,43,33,26,26,33,22,37,37,50,50,50,49,47,42,42,50,25,50,50,50,50,0,0],"gold":33,"neow_bonus":"RANDOM_COLORLESS_2","is_daily":false,"chose_seed":false,"campfire_upgraded":1,"win_rate":0.0,"timestamp":1612243235,"path_taken":["M","?","?","$","M","E","R","M","T","?","E","R","?","?","R","BOSS","M","?","?","M","M","R","E","$","T","M","M","?","M","E","R","BOSS","M","M","?","$","M","R","M","R","T","E","M","M","E","M","R","BOSS","R","$","E","BOSS"],"items_purchased_type":["Card","Card","Potion","Card","Card","Relic","Relic","Potion","Card","Potion"],"build_version":"2020-12-22","purchased_purges":2,"victory":false,"max_hp_per_floor":[72,72,77,77,77,77,77,77,77,77,77,77,77,77,77,77,77,77,77,38,38,38,38,38,38,38,38,43,43,43,43,43,43,43,43,43,43,50,50,50,50,50,50,50,50,50,50,50,50,50,50,50,50,50,50,50],"card_choices":[{"not_picked":["Secret Weapon","Secret Technique"],"picked":"Violence","floor":0},{"not_picked":["TalkToTheHand","Consecrate"],"picked":"Conclude","floor":1},{"not_picked":["ReachHeaven","ThirdEye"],"picked":"BattleHymn","floor":5},{"not_picked":["PathToVictory","EmptyBody"],"picked":"Evaluate","floor":6},{"not_picked":["Crescendo","ThirdEye"],"picked":"Prostrate","floor":8},{"not_picked":["CutThroughFate","InnerPeace"],"picked":"Perseverance","floor":10},{"not_picked":["Establishment","FearNoEvil"],"picked":"Pray","floor":11},{"not_picked":["Good Instincts","Violence"],"picked":"Swift Strike","floor":14},{"not_picked":["DevaForm","DeusExMachina"],"picked":"Devotion","floor":16},{"not_picked":["DeceiveReality","Protect"],"picked":"Consecrate+1","floor":18},{"not_picked":["PathToVictory","EmptyBody"],"picked":"CutThroughFate","floor":19},{"not_picked":["FearNoEvil","InnerPeace"],"picked":"Fasting2+1","floor":21},{"not_picked":["Fasting2","FearNoEvil+1"],"picked":"Evaluate+1","floor":22},{"not_picked":["SashWhip","ThirdEye+1"],"picked":"Perseverance","floor":24},{"not_picked":["Crescendo","JustLucky","CrushJoints"],"picked":"SKIP","floor":27},{"not_picked":["SashWhip","ThirdEye+1"],"picked":"FlurryOfBlows","floor":28},{"not_picked":["EmptyFist+1","Adaptation"],"picked":"ReachHeaven+1","floor":30},{"not_picked":["Halt","MasterReality"],"picked":"Collect","floor":31},{"not_picked":["MasterReality","ConjureBlade"],"picked":"Scrawl","floor":33},{"not_picked":["WreathOfFlame+1","Weave","MentalFortress"],"picked":"SKIP","floor":35},{"not_picked":["EmptyFist+1","Study+1","Protect"],"picked":"SKIP","floor":36},{"not_picked":["Study","CrushJoints+1"],"picked":"Prostrate","floor":39},{"not_picked":["Conclude+1","Adaptation+1"],"picked":"Consecrate+1","floor":41},{"not_picked":["Tantrum","InnerPeace+1"],"picked":"ThirdEye+1","floor":44},{"not_picked":["Perseverance+1","Swivel","Halt"],"picked":"SKIP","floor":45},{"not_picked":["Consecrate","TalkToTheHand+1","CrushJoints+1"],"picked":"SKIP","floor":46},{"not_picked":["CrushJoints+1","EmptyBody","FlyingSleeves"],"picked":"SKIP","floor":47},{"not_picked":["Tantrum","Swivel"],"picked":"ForeignInfluence+1","floor":48},{"not_picked":["FearNoEvil","FlyingSleeves"],"picked":"Wallop+1","floor":54}],"player_experience":136523,"relics_obtained":[{"floor":6,"key":"Matryoshka"},{"floor":9,"key":"Pen Nib"},{"floor":9,"key":"Toy Ornithopter"},{"floor":11,"key":"Damaru"},{"floor":24,"key":"Anchor"},{"floor":26,"key":"The Courier"},{"floor":26,"key":"Oddly Smooth Stone"},{"floor":31,"key":"Bag of Marbles"},{"floor":44,"key":"Juzu Bracelet"},{"floor":47,"key":"TungstenRod"},{"floor":54,"key":"Art of War"}],"event_choices":[{"damage_healed":0,"gold_gain":75,"player_choice":"Gold","damage_taken":11,"max_hp_gain":0,"max_hp_loss":0,"event_name":"betterThird:BetterGoop","floor":2,"gold_loss":0},{"damage_healed":0,"gold_gain":0,"player_choice":"Donut","damage_taken":0,"max_hp_gain":5,"max_hp_loss":0,"event_name":"Big Fish","floor":3,"gold_loss":0},{"damage_healed":0,"gold_gain":1,"player_choice":"1","damage_taken":0,"max_hp_gain":0,"max_hp_loss":0,"event_name":"betterStone:BetterStone","floor":14,"gold_loss":0},{"damage_healed":0,"gold_gain":0,"player_choice":"Became a Ghost","damage_taken":0,"max_hp_gain":0,"max_hp_loss":39,"event_name":"Ghosts","floor":20,"gold_loss":0,"cards_obtained":["Ghostly","Ghostly","Ghostly","Ghostly","Ghostly"]},{"damage_healed":0,"gold_gain":0,"player_choice":"Read","damage_taken":0,"max_hp_gain":0,"max_hp_loss":0,"event_name":"The Library","floor":29,"gold_loss":0,"cards_obtained":["ReachHeaven"]},{"cards_removed":["Strike_P"],"damage_healed":0,"gold_gain":0,"player_choice":"Card Removal","damage_taken":0,"max_hp_gain":0,"max_hp_loss":0,"event_name":"Wheel of Change","floor":37,"gold_loss":0}],"is_beta":false,"boss_relics":[{"not_picked":["SacredBark","Runic Dome"],"picked":"Fusion Hammer"},{"not_picked":["Busted Crown","Runic Pyramid"],"picked":"Astrolabe"}],"items_purged_floors":[4,25],"is_endless":false,"potions_floor_spawned":[6,8,10,19,21,24,28,31,35,44,47,54],"killed_by":"The Heart","ascension_level":1}}