{"host":"48q4ubqoivfdigeq","time":1612242401,"event":{"mods":["2.2 Compatiblity","AchievementEnabler","BaseMod","Colored Map","Colored Powertips","DeckTracker","Highlight Path","Minty Spire (QoL Compilation)","Permanent Neow","Quick Restart","Rare Cards Sparkle","StSLib","Swap Starting Deck Mod","The Cursed"],"gold_per_floor":[218,218,237,312,180,210,175,200,223,223,223,24,24,24],"floor_reached":13,"language":"ENG","playtime":509,"items_purged":[],"score":98,"play_id":"58787acb-0af5-4e0b-8216-24dde81b583d","local_time":"20210201230641","is_ascension_mode":true,"campfire_choices":[{"floor":10,"key":"REST"}],"circlet_count":0,"master_deck":["Strike_B","Strike_B+1","Strike_B","Strike_B","Defend_B","Defend_B","Defend_B","Defend_B+1","Zap","Dualcast","Genetic Algorithm","Cold Snap","Defragment","Hologram","Self Repair","Hologram"],"relics":["Cracked Core","PreservedInsect","Dead Branch","Happy Flower"],"acts_visited":["Exordium"],"potions_floor_usage":[8,13,13],"damage_taken":[{"damage":1.0,"enemies":"Cultist","floor":1.0,"turns":3.0},{"damage":2.0,"enemies":"Jaw Worm","floor":3.0,"turns":3.0},{"damage":64.0,"enemies":"Gremlin Nob","floor":6.0,"turns":5.0},{"damage":17,"enemies":"Lagavulin","floor":8,"turns":6},{"damage":13,"enemies":"Gremlin Nob","floor":13,"turns":3}],"seed_played":"-2569158179017725629","potions_obtained":[{"floor":6.0,"key":"DuplicationPotion"}],"is_trial":false,"path_per_floor":["M","$","M","?","$","E","?","E","T","R","?","$","E"],"character_chosen":"DEFECT","items_purchased":["Defragment","Fruit Juice","Self Repair","Hologram","Energy Potion","Swift Potion"],"campfire_rested":1,"item_purchase_floors":[5,5,12,12,12,12],"current_hp_per_floor":[74,74,72,61,66,2,22,5,5,29,13,13,0,0],"gold":24,"neow_bonus":"HUNDRED_GOLD","is_daily":false,"chose_seed":false,"campfire_upgraded":0,"win_rate":0.0,"timestamp":1612242401,"path_taken":["M","?","?","?","$","E","?","E","T","R","?","$","E"],"items_purchased_type":["Card","Potion","Card","Card","Potion","Potion"],"build_version":"2020-12-22","purchased_purges":0,"victory":false,"max_hp_per_floor":[75,75,75,75,80,80,80,80,80,80,80,80,80,80],"card_choices":[{"not_picked":["Leap","Undo"],"picked":"Genetic Algorithm","floor":1.0},{"not_picked":["Reprogram","Genetic Algorithm"],"picked":"Cold Snap","floor":3.0},{"not_picked":["Redo","Compile Driver","Consume"],"picked":"SKIP","floor":6.0},{"not_picked":["Cold Snap","Steam Power"],"picked":"Hologram","floor":8}],"player_experience":367993,"relics_obtained":[{"floor":6.0,"key":"PreservedInsect"},{"floor":8,"key":"Dead Branch"},{"floor":9,"key":"Happy Flower"}],"event_choices":[{"damage_healed":0.0,"max_hp_gain":0.0,"max_hp_loss":0.0,"gold_gain":75.0,"event_name":"World of Goop","player_choice":"Gather Gold","floor":4.0,"gold_loss":0.0,"damage_taken":11.0},{"damage_healed":20.0,"max_hp_gain":0.0,"max_hp_loss":0.0,"gold_gain":0.0,"event_name":"The Cleric","player_choice":"Healed","floor":7.0,"gold_loss":35.0,"damage_taken":0.0},{"damage_healed":0,"gold_gain":0,"player_choice":"Entered Light","damage_taken":16,"max_hp_gain":0,"max_hp_loss":0,"event_name":"Shining Light","floor":11,"gold_loss":0,"cards_upgraded":["Defend_B","Strike_B"]}],"is_beta":false,"boss_relics":[],"items_purged_floors":[],"is_endless":false,"potions_floor_spawned":[6],"killed_by":"Gremlin Nob","ascension_level":2}}