{"host":"2x189hkb4impm2gi","time":1612231810,"event":{"mods":["BaseMod","Colored Map","Colored Powertips","Minty Spire (QoL Compilation)"],"gold_per_floor":[109,9,27,44,44,88,109,109,183,226,249,249,263,278,278,408,408,426,72,72,66,66,66,66],"floor_reached":23,"language":"ENG","playtime":1677,"items_purged":["Strike_G"],"score":203,"play_id":"878459f6-e8f2-4749-aa07-567bef7a5c9c","local_time":"20210201211010","is_ascension_mode":false,"campfire_choices":[{"data":"Poisoned Stab","floor":8,"key":"SMITH"},{"floor":12,"key":"RECALL"},{"floor":15,"key":"REST"}],"circlet_count":0,"master_deck":["Strike_G","Strike_G","Strike_G","Strike_G","Defend_G","Defend_G","Defend_G","Defend_G","Defend_G","Survivor","Neutralize","Poisoned Stab+1","Bane","Catalyst","Outmaneuver","Backflip","Flying Knee","Dodge and Roll","Poisoned Stab","Calculated Gamble","Crippling Poison","Backstab","Burst","Quick Slash","Heel Hook","Deflect","Prepared","Catalyst"],"relics":["Ring of the Snake","Golden Idol","Du-Vu Doll","Bottled Flame","Bag of Preparation","Black Star","Nunchaku"],"acts_visited":["Exordium","TheCity"],"potions_floor_usage":[6,10,16,16,23,23],"damage_taken":[{"damage":2,"enemies":"Cultist","floor":1,"turns":4},{"damage":0,"enemies":"2 Louse","floor":3,"turns":3},{"damage":3,"enemies":"Jaw Worm","floor":4,"turns":2},{"damage":22,"enemies":"3 Sentries","floor":6,"turns":7},{"damage":7,"enemies":"Looter","floor":7,"turns":2},{"damage":9,"enemies":"Gremlin Nob","floor":10,"turns":4},{"damage":0,"enemies":"Exordium Wildlife","floor":11,"turns":3},{"damage":6,"enemies":"Lots of Slimes","floor":13,"turns":4},{"damage":1,"enemies":"Blue Slaver","floor":14,"turns":3},{"damage":15,"enemies":"The Guardian","floor":16,"turns":8},{"damage":6,"enemies":"Spheric Guardian","floor":18,"turns":3},{"damage":12,"enemies":"2 Thieves","floor":21,"turns":4},{"damage":61,"enemies":"Book of Stabbing","floor":23,"turns":6}],"seed_played":"-7725011548217514999","potions_obtained":[{"floor":4,"key":"AttackPotion"},{"floor":6,"key":"GhostInAJar"},{"floor":11,"key":"LiquidBronze"},{"floor":13,"key":"CultistPotion"},{"floor":16,"key":"SteroidPotion"},{"floor":21,"key":"GamblersBrew"}],"is_trial":false,"path_per_floor":["M","$","M","M","?","E","M","R","T","E","M","R","M","M","R","B",null,"M","$","?","M","?","E"],"character_chosen":"THE_SILENT","items_purchased":["Bane","Catalyst","Nunchaku","Heel Hook","Deflect"],"campfire_rested":1,"item_purchase_floors":[2,2,19,19,19],"current_hp_per_floor":[75,75,75,72,53,31,24,24,24,15,15,15,9,8,31,16,77,71,71,71,59,59,0,0],"gold":66,"neow_bonus":"TEN_PERCENT_HP_BONUS","is_daily":false,"chose_seed":false,"campfire_upgraded":1,"win_rate":0.0,"timestamp":1612231810,"path_taken":["M","$","M","M","?","E","M","R","T","E","M","R","M","M","R","BOSS","M","$","?","M","?","E"],"items_purchased_type":["Card","Card","Relic","Card","Card"],"build_version":"2020-12-22","purchased_purges":1,"victory":false,"max_hp_per_floor":[77,77,77,77,77,77,77,77,77,77,77,77,77,77,77,77,77,77,77,77,77,77,77,77],"card_choices":[{"not_picked":["Blade Dance","Backflip"],"picked":"Poisoned Stab","floor":1},{"not_picked":["Dagger Spray","PiercingWail"],"picked":"Outmaneuver","floor":3},{"not_picked":["Bane","Sucker Punch"],"picked":"Backflip","floor":4},{"not_picked":["Doppelganger","Underhanded Strike"],"picked":"Flying Knee","floor":6},{"not_picked":["Well Laid Plans","Outmaneuver"],"picked":"Dodge and Roll","floor":7},{"not_picked":["Blur","Backstab"],"picked":"Poisoned Stab","floor":10},{"not_picked":["Tools of the Trade","Eviscerate"],"picked":"Calculated Gamble","floor":11},{"not_picked":["Backflip","Blade Dance"],"picked":"Crippling Poison","floor":13},{"not_picked":["Dagger Throw","Dodge and Roll"],"picked":"Backstab","floor":14},{"not_picked":["Venomology","Unload"],"picked":"Burst","floor":16},{"not_picked":["Slice","Flying Knee"],"picked":"Quick Slash","floor":18},{"not_picked":["Underhanded Strike","Flying Knee"],"picked":"Prepared","floor":21}],"player_experience":48133,"relics_obtained":[{"floor":6,"key":"Du-Vu Doll"},{"floor":9,"key":"Bottled Flame"},{"floor":10,"key":"Bag of Preparation"}],"event_choices":[{"damage_healed":0,"gold_gain":0,"player_choice":"Take Damage","damage_taken":19,"relics_obtained":["Golden Idol"],"max_hp_gain":0,"max_hp_loss":0,"event_name":"Golden Idol","floor":5,"gold_loss":0},{"damage_healed":0,"gold_gain":0,"player_choice":"Ignored","damage_taken":0,"max_hp_gain":0,"max_hp_loss":0,"event_name":"Vampires","floor":20,"gold_loss":0},{"damage_healed":0,"gold_gain":0,"player_choice":"Read","damage_taken":0,"max_hp_gain":0,"max_hp_loss":0,"event_name":"The Library","floor":22,"gold_loss":0,"cards_obtained":["Catalyst"]}],"is_beta":false,"boss_relics":[{"not_picked":["Tiny House","Fusion Hammer"],"picked":"Black Star"}],"items_purged_floors":[19],"is_endless":false,"potions_floor_spawned":[4,6,11,13,16,21],"killed_by":"Book of Stabbing","ascension_level":0}}