{"host":"qy1e0kd24tpj3i2m","time":1612260776,"event":{"mods":["Act Like it!","Alarm Clock","BaseMod","Better Skull","Better Vampires","Colored Map","Colored Powertips","Custom Start","Faster Ascension Climbing","Friendly Minions","GifTheSpireLib","Gremlin Skip","Highlight Path","Minty Spire (QoL Compilation)","Permanent Neow","Poor People Problems","Quick Restart","Red Circlet Mod","Relic Filter Mod","Relic Sorter","Reorder Act Four","SacredBarkPlus","Shop Mod","StSLib","SuperFastMode","Transform Curses","没有小屋子和绿帽子啦"],"gold_per_floor":[109,184,184,198,37,62,91,138,150,177,203,215,255,35,35,109,109,121,121,138,148,65,65,65,65,65,65,397,397,397],"floor_reached":29,"language":"ZHS","playtime":812,"items_purged":[],"score":572,"play_id":"27f78a6f-638b-4d24-9c3d-ba558cbfe6b1","local_time":"20210202191256","is_ascension_mode":true,"campfire_choices":[{"data":"Feed","floor":12.0,"key":"SMITH"},{"data":"Uppercut","floor":15.0,"key":"SMITH"},{"data":"Dark Embrace","floor":23.0,"key":"SMITH"},{"data":"Ghostly","floor":25.0,"key":"SMITH"}],"circlet_count":0,"master_deck":["AscendersBane","Strike_R","Strike_R","Strike_R","Strike_R","Strike_R","Defend_R","Defend_R","Defend_R","Defend_R","Iron Wave","Dark Embrace+1","Iron Wave","Uppercut+1","Feed+1","Fire Breathing","Panacea","Juggernaut","Iron Wave+1","Feel No Pain","Ghostly+1","Ghostly","Ghostly","Power Through"],"relics":["Burning Blood","NeowsBlessing","Bronze Scales","Lizard Tail","Question Card","Lantern","MerchantsRug","Busted Crown","MutagenicStrength","Mercury Hourglass","Old Coin"],"acts_visited":["Exordium","TheCity"],"potions_floor_usage":[29],"damage_taken":[{"damage":0.0,"enemies":"Jaw Worm","floor":1.0,"turns":1.0},{"damage":0.0,"enemies":"2 Louse","floor":4.0,"turns":1.0},{"damage":0.0,"enemies":"Gremlin Nob","floor":6.0,"turns":1.0},{"damage":8.0,"enemies":"Cultist","floor":7.0,"turns":5.0},{"damage":15.0,"enemies":"Lagavulin","floor":8.0,"turns":4.0},{"damage":20.0,"enemies":"Exordium Thugs","floor":10.0,"turns":4.0},{"damage":23.0,"enemies":"Exordium Wildlife","floor":11.0,"turns":7.0},{"damage":6.0,"enemies":"Gremlin Nob","floor":13.0,"turns":3.0},{"damage":54.0,"enemies":"The Guardian","floor":16.0,"turns":16.0},{"damage":16.0,"enemies":"3 Byrds","floor":18.0,"turns":3.0},{"damage":29.0,"enemies":"2 Thieves","floor":20.0,"turns":4.0},{"damage":25.0,"enemies":"Centurion and Healer","floor":21.0,"turns":7.0},{"damage":22.0,"enemies":"Gremlin Leader","floor":28.0,"turns":9.0},{"damage":16,"enemies":"Shelled Parasite and Fungi","floor":29,"turns":4}],"seed_played":"2981835681956158315","potions_obtained":[{"floor":1.0,"key":"BlessingOfTheForge"},{"floor":7.0,"key":"LiquidMemories"},{"floor":8.0,"key":"ColorlessPotion"},{"floor":13.0,"key":"EssenceOfSteel"},{"floor":16.0,"key":"LiquidBronze"},{"floor":21.0,"key":"Energy Potion"},{"floor":28.0,"key":"SpeedPotion"}],"is_trial":false,"path_per_floor":["M","?","?","M","$","E","M","E","T","M","M","R","E","$","R","B",null,"M","?","M","M","$","R","?","R","T","$","E","M"],"character_chosen":"IRONCLAD","items_purchased":["Bronze Scales","MerchantsRug","Panacea","Feel No Pain"],"campfire_rested":0,"item_purchase_floors":[5,14,14,22],"current_hp_per_floor":[74,63,63,69,69,75,73,64,64,53,39,39,43,43,43,39,74,68,68,45,30,30,30,30,30,30,30,14,0,0],"gold":397,"neow_bonus":"THREE_ENEMY_KILL","is_daily":false,"chose_seed":false,"campfire_upgraded":4,"win_rate":0.0,"timestamp":1612260776,"path_taken":["M","?","?","?","$","E","M","E","T","M","M","R","E","$","R","BOSS","M","?","M","M","$","R","?","R","T","?","E","M"],"items_purchased_type":["Relic","Relic","Card","Card"],"build_version":"2020-12-22","purchased_purges":0,"victory":false,"max_hp_per_floor":[75,75,75,75,75,75,75,75,75,78,81,81,85,85,85,85,85,89,89,89,93,93,93,46,46,46,46,46,46,46],"card_choices":[{"not_picked":["Clash","Anger"],"picked":"Iron Wave","floor":1.0},{"not_picked":["Warcry","Body Slam"],"picked":"Dark Embrace","floor":4.0},{"not_picked":["Anger","Rupture"],"picked":"Iron Wave","floor":6.0},{"not_picked":["Metallicize","Rampage"],"picked":"Uppercut","floor":7.0},{"not_picked":["Burning Pact","Shockwave"],"picked":"Feed","floor":8.0},{"not_picked":["Clash","Perfected Strike","Anger"],"picked":"Fire Breathing","floor":10.0},{"not_picked":["Spot Weakness","Flex","Shockwave","Heavy Blade"],"picked":"SKIP","floor":11.0},{"not_picked":["Twin Strike","Searing Blow","Combust","Sever Soul"],"picked":"SKIP","floor":13.0},{"not_picked":["Corruption","Berserk","Feed"],"picked":"Juggernaut","floor":16.0},{"not_picked":["Wild Strike","Thunderclap"],"picked":"SKIP","floor":18.0},{"not_picked":["Cleave+1","Armaments"],"picked":"SKIP","floor":20.0},{"not_picked":["Searing Blow"],"picked":"Iron Wave+1","floor":21.0},{"not_picked":["Clothesline"],"picked":"Power Through","floor":28.0}],"player_experience":984318,"relics_obtained":[{"floor":6.0,"key":"MawBank"},{"floor":8.0,"key":"Lizard Tail"},{"floor":9.0,"key":"Question Card"},{"floor":13.0,"key":"Lantern"},{"floor":26.0,"key":"Mercury Hourglass"},{"floor":28.0,"key":"Old Coin"}],"event_choices":[{"damage_healed":0.0,"max_hp_gain":0.0,"max_hp_loss":0.0,"gold_gain":75.0,"event_name":"World of Goop","player_choice":"Gather Gold","floor":2.0,"gold_loss":0.0,"damage_taken":11.0},{"cards_removed":["Bash"],"damage_healed":0.0,"max_hp_gain":0.0,"max_hp_loss":0.0,"gold_gain":0.0,"event_name":"Bonfire Elementals","player_choice":"Offered Basic","floor":3.0,"gold_loss":0.0,"damage_taken":0.0},{"damage_healed":0.0,"max_hp_gain":0.0,"max_hp_loss":0.0,"gold_gain":0.0,"event_name":"Drug Dealer","player_choice":"Inject Mutagens","floor":19.0,"gold_loss":0.0,"damage_taken":0.0,"relics_obtained":["MutagenicStrength"]},{"damage_healed":0.0,"max_hp_gain":0.0,"max_hp_loss":47.0,"gold_gain":0.0,"event_name":"Ghosts","player_choice":"Became a Ghost","floor":24.0,"gold_loss":0.0,"damage_taken":0.0,"cards_obtained":["Ghostly","Ghostly","Ghostly"]}],"is_beta":false,"boss_relics":[{"not_picked":["Cursed Key","Pandora\u0027s Box"],"picked":"Busted Crown"}],"items_purged_floors":[],"is_endless":false,"potions_floor_spawned":[1,7,8,13,16,21,28],"killed_by":"Shelled Parasite and Fungi","ascension_level":20}}