{"host":"3y2rtlgteqp2nuo3","time":1612267126,"event":{"mods":["2.2 Compatiblity","AchievementEnabler","BaseMod","Colored Map","DeckTracker","Highlight Path","Keyboard Shortcuts","Minty Spire (QoL Compilation)","Permanent Neow","Quick Restart","StSLib","SuperFastMode","everything is the same but u backflip on backflip"],"gold_per_floor":[118,133,146,166,181,181,201,212,212,212,225,244,244,262,262,262,262],"floor_reached":16,"language":"KOR","playtime":337,"items_purged":[],"score":200,"play_id":"b343c8f3-d5e2-4bb2-970b-fd519e4f6b43","local_time":"20210202205846","is_ascension_mode":true,"campfire_choices":[{"data":"Eruption","floor":6,"key":"SMITH"},{"floor":10,"key":"REST"},{"data":"Judgement","floor":13,"key":"SMITH"},{"floor":15,"key":"REST"}],"circlet_count":0,"master_deck":["AscendersBane","Strike_P","Strike_P","Strike_P","Defend_P","Defend_P","Defend_P","Defend_P","Eruption+1","Vigilance","Judgement+1","PathToVictory","FearNoEvil","PathToVictory"],"relics":["PureWater","Omamori"],"acts_visited":["Exordium"],"potions_floor_usage":[16],"damage_taken":[{"damage":0.0,"enemies":"Cultist","floor":1.0,"turns":3.0},{"damage":1.0,"enemies":"Small Slimes","floor":2.0,"turns":3.0},{"damage":0.0,"enemies":"2 Louse","floor":3.0,"turns":2.0},{"damage":0.0,"enemies":"Large Slime","floor":4.0,"turns":4.0},{"damage":8.0,"enemies":"Blue Slaver","floor":5.0,"turns":3.0},{"damage":8,"enemies":"Lots of Slimes","floor":7,"turns":5},{"damage":25,"enemies":"Gremlin Gang","floor":8,"turns":4},{"damage":0,"enemies":"Exordium Wildlife","floor":11,"turns":2},{"damage":12,"enemies":"3 Louse","floor":12,"turns":3},{"damage":0,"enemies":"Large Slime","floor":14,"turns":3},{"damage":49,"enemies":"Slime Boss","floor":16,"turns":6}],"seed_played":"2448395753162878923","potions_obtained":[{"floor":4.0,"key":"Energy Potion"},{"floor":5,"key":"DuplicationPotion"}],"is_trial":false,"path_per_floor":["M","M","M","M","M","R","M","M","T","R","M","M","R","M","R","B"],"character_chosen":"WATCHER","items_purchased":[],"campfire_rested":2,"item_purchase_floors":[],"current_hp_per_floor":[61,60,60,60,52,52,44,19,19,39,39,27,27,27,47,0,0],"gold":262,"neow_bonus":"TRANSFORM_CARD","is_daily":false,"chose_seed":false,"campfire_upgraded":2,"win_rate":0.0,"timestamp":1612267126,"path_taken":["M","M","M","M","M","R","M","M","T","R","M","M","R","M","R","BOSS"],"items_purchased_type":[],"build_version":"2020-12-22","purchased_purges":0,"victory":false,"max_hp_per_floor":[68,68,68,68,68,68,68,68,68,68,68,68,68,68,68,68,68],"card_choices":[{"not_picked":["Halt","ForeignInfluence"],"picked":"PathToVictory","floor":1.0},{"not_picked":["Consecrate","SashWhip","Conclude"],"picked":"SKIP","floor":2.0},{"not_picked":["FlyingSleeves","ClearTheMind","BattleHymn"],"picked":"SKIP","floor":3.0},{"not_picked":["Swivel","ClearTheMind","CarveReality"],"picked":"SKIP","floor":4.0},{"not_picked":["Perseverance","FlurryOfBlows","Conclude"],"picked":"SKIP","floor":5},{"not_picked":["SashWhip","Perseverance","FlyingSleeves"],"picked":"SKIP","floor":7},{"not_picked":["SignatureMove","Prostrate","Vengeance"],"picked":"SKIP","floor":8},{"not_picked":["Prostrate","FlurryOfBlows"],"picked":"FearNoEvil","floor":11},{"not_picked":["Evaluate","Brilliance"],"picked":"PathToVictory","floor":12},{"not_picked":["Vengeance","Perseverance","Indignation"],"picked":"SKIP","floor":14}],"player_experience":746959,"relics_obtained":[{"floor":9,"key":"Omamori"}],"event_choices":[],"is_beta":false,"boss_relics":[],"items_purged_floors":[],"is_endless":false,"potions_floor_spawned":[4,5,7,11,12],"killed_by":"Slime Boss","ascension_level":20}}