{"host":"2qstd83ou5jzlfqv","time":1612236806,"event":{"mods":["BaseMod","Colored Powertips","Minty Spire (QoL Compilation)","Relic Stats"],"gold_per_floor":[215,228,4,79,90,120,120,149,176,191,191,206,238,39,39,138,138,157,172,184,184,59,59,85,85,108,138,155,174,185,214,214,310,310,322,347,76,76,76,76,103,114,114,164,190,190,219,235,235,235],"floor_reached":51,"language":"ENG","playtime":2998,"items_purged":["Strike_P","Strike_P","Decay"],"score":1326,"play_id":"69c69f38-8c93-4dd9-8a19-4733d2a32bb7","local_time":"20210201193326","is_ascension_mode":true,"campfire_choices":[{"floor":7,"key":"REST"},{"floor":15,"key":"REST"},{"data":"Fasting2","floor":23,"key":"SMITH"},{"data":"SpiritShield","floor":25,"key":"SMITH"},{"floor":32,"key":"REST"},{"data":"TalkToTheHand","floor":40,"key":"SMITH"},{"floor":46,"key":"REST"},{"data":"MentalFortress","floor":49,"key":"SMITH"}],"circlet_count":0,"master_deck":["Strike_P","Strike_P","Defend_P","Defend_P","Defend_P","Defend_P","Eruption","Vigilance","BowlingBash","Tantrum","MentalFortress+1","CutThroughFate","SpiritShield+1","EmptyBody","Wallop","TalkToTheHand+1","CrushJoints","Sanctity","Prostrate","Scrawl","DeusExMachina","CutThroughFate","Tantrum","Fasting2+1","Prostrate","ReachHeaven+1","Perseverance+1","FlurryOfBlows+1","Prostrate","Vault","Halt+1","Doubt","Writhe","ThirdEye+1","Protect+1"],"relics":["PureWater","OrangePellets","Toy Ornithopter","Bronze Scales","Damaru","WingedGreaves","Cursed Key","InkBottle","Lantern","Matryoshka","Singing Bowl","Runic Pyramid","Darkstone Periapt","Orichalcum","Anchor","Eternal Feather","Gremlin Horn","Bottled Tornado","Prayer Wheel","Regal Pillow","Boot"],"acts_visited":["Exordium","TheCity","TheBeyond"],"potions_floor_usage":[6,6,13,16,19,20,24,29,30,31,41,41,45,50],"damage_taken":[{"damage":1,"enemies":"Small Slimes","floor":1,"turns":4},{"damage":0,"enemies":"Cultist","floor":2,"turns":3},{"damage":0,"enemies":"Jaw Worm","floor":5,"turns":3},{"damage":30,"enemies":"Lagavulin","floor":6,"turns":3},{"damage":17,"enemies":"3 Sentries","floor":8,"turns":4},{"damage":5,"enemies":"Red Slaver","floor":10,"turns":4},{"damage":0,"enemies":"Looter","floor":12,"turns":3},{"damage":16,"enemies":"Lagavulin","floor":13,"turns":10},{"damage":0,"enemies":"Slime Boss","floor":16,"turns":5},{"damage":17,"enemies":"2 Thieves","floor":18,"turns":5},{"damage":0,"enemies":"Shell Parasite","floor":19,"turns":2},{"damage":10,"enemies":"Centurion and Healer","floor":20,"turns":3},{"damage":0,"enemies":"Book of Stabbing","floor":24,"turns":4},{"damage":11,"enemies":"Slavers","floor":27,"turns":4},{"damage":12,"enemies":"Shelled Parasite and Fungi","floor":28,"turns":5},{"damage":18,"enemies":"Sentry and Sphere","floor":29,"turns":6},{"damage":26,"enemies":"Centurion and Healer","floor":30,"turns":5},{"damage":1,"enemies":"Book of Stabbing","floor":31,"turns":4},{"damage":2,"enemies":"Champ","floor":33,"turns":8},{"damage":0,"enemies":"Orb Walker","floor":35,"turns":4},{"damage":33,"enemies":"Giant Head","floor":41,"turns":6},{"damage":11,"enemies":"3 Darklings","floor":42,"turns":5},{"damage":3,"enemies":"Mind Bloom Boss Battle","floor":44,"turns":5},{"damage":16,"enemies":"Reptomancer","floor":45,"turns":4},{"damage":0,"enemies":"Nemesis","floor":47,"turns":6},{"damage":0,"enemies":"Sphere and 2 Shapes","floor":48,"turns":4},{"damage":38,"enemies":"Time Eater","floor":50,"turns":7}],"seed_played":"-121951489783654750","potions_obtained":[{"floor":1,"key":"ColorlessPotion"},{"floor":2,"key":"Energy Potion"},{"floor":10,"key":"Weak Potion"},{"floor":13,"key":"FearPotion"},{"floor":19,"key":"BottledMiracle"},{"floor":20,"key":"AttackPotion"},{"floor":24,"key":"Regen Potion"},{"floor":27,"key":"StancePotion"},{"floor":30,"key":"PowerPotion"},{"floor":31,"key":"Strength Potion"},{"floor":35,"key":"EssenceOfSteel"},{"floor":42,"key":"SpeedPotion"},{"floor":47,"key":"DistilledChaos"}],"is_trial":false,"path_per_floor":["M","M","$","?","M","E","R","E","T","M","?","M","E","$","R","B",null,"M","M","M","?","$","R","E","R","T","E","M","M","M","E","R","B",null,"M","T","$","?","?","R","E","M","T","?","E","R","E","M","R","B",null],"character_chosen":"WATCHER","items_purchased":["OrangePellets","MentalFortress","Scrawl","BlessingOfTheForge","Prostrate","Anchor"],"campfire_rested":4,"item_purchase_floors":[3,3,14,14,22,37],"current_hp_per_floor":[64,64,64,53,53,23,44,27,27,22,22,22,11,11,32,37,63,46,51,46,46,46,46,51,51,51,40,28,27,6,12,34,32,64,64,64,64,64,64,64,40,31,37,36,27,84,86,86,86,53],"gold":235,"neow_bonus":"HUNDRED_GOLD","is_daily":false,"chose_seed":false,"campfire_upgraded":4,"win_rate":0.0,"timestamp":1612236806,"path_taken":["M","M","$","?","M","E","R","E","T","M","?","M","E","$","R","BOSS","M","M","?","?","?","R","E","R","T","E","M","M","M","E","R","BOSS","M","?","$","?","?","R","E","?","T","?","E","R","E","M","R","BOSS"],"items_purchased_type":["Relic","Card","Card","Potion","Card","Relic"],"build_version":"2020-12-22","purchased_purges":3,"victory":true,"max_hp_per_floor":[72,72,72,72,72,72,72,72,72,72,72,72,72,72,72,72,72,72,72,72,72,72,72,72,72,72,72,72,72,72,74,74,74,74,74,74,74,70,70,70,72,74,80,82,84,84,86,86,86,86],"relic_stats":{"Darkstone Periapt":6,"Regal Pillow":14,"Singing Bowl":12,"Gremlin Horn":[6,6],"counters":[27,126],"Eternal Feather":18,"Orichalcum":[6],"Cursed Key":3,"Boot":[0],"OrangePellets":[24],"Bronze Scales":[278],"Prayer Wheel":1,"obtain_stats":[{"Darkstone Periapt":36,"Lantern":26,"Regal Pillow":45,"Singing Bowl":31,"Gremlin Horn":43,"Damaru":9,"Eternal Feather":41,"Orichalcum":36,"Bottled Tornado":43,"Cursed Key":17,"Boot":47,"OrangePellets":3,"Anchor":37,"Matryoshka":27,"Bronze Scales":8,"Prayer Wheel":44,"WingedGreaves":13,"PureWater":0,"Toy Ornithopter":6,"InkBottle":24,"Runic Pyramid":34},{"Darkstone Periapt":20,"Lantern":13,"Regal Pillow":24,"Singing Bowl":18,"Gremlin Horn":22,"Damaru":5,"Eternal Feather":21,"Orichalcum":20,"Bottled Tornado":22,"Cursed Key":9,"Boot":25,"OrangePellets":2,"Anchor":20,"Matryoshka":14,"Bronze Scales":5,"Prayer Wheel":23,"WingedGreaves":8,"PureWater":0,"Toy Ornithopter":4,"InkBottle":13,"Runic Pyramid":19},{"Darkstone Periapt":89,"Lantern":53,"Regal Pillow":109,"Singing Bowl":77,"Gremlin Horn":100,"Damaru":17,"Eternal Feather":95,"Orichalcum":89,"Bottled Tornado":100,"Cursed Key":39,"Boot":115,"OrangePellets":7,"Anchor":89,"Matryoshka":57,"Bronze Scales":17,"Prayer Wheel":105,"WingedGreaves":34,"PureWater":0,"Toy Ornithopter":13,"InkBottle":53,"Runic Pyramid":85}],"Toy Ornithopter":57,"InkBottle":[32]},"card_choices":[{"not_picked":["Collect","JustLucky"],"picked":"BowlingBash","floor":1},{"not_picked":["ClearTheMind","Protect"],"picked":"Tantrum","floor":2},{"not_picked":["Crescendo","Prostrate"],"picked":"CutThroughFate","floor":5},{"not_picked":["MentalFortress","CutThroughFate"],"picked":"SpiritShield","floor":6},{"not_picked":["Worship","Prostrate"],"picked":"EmptyBody","floor":8},{"not_picked":["MentalFortress","Perseverance"],"picked":"Wallop","floor":10},{"not_picked":["Protect","ForeignInfluence"],"picked":"Sanctity","floor":12},{"not_picked":["WreathOfFlame","SignatureMove"],"picked":"Prostrate","floor":13},{"not_picked":["SpiritShield","Ragnarok"],"picked":"DeusExMachina","floor":16},{"not_picked":["Crescendo","WreathOfFlame"],"picked":"CutThroughFate","floor":18},{"not_picked":["PathToVictory","WreathOfFlame+1","FollowUp"],"picked":"SKIP","floor":19},{"not_picked":["EmptyFist+1","Prostrate"],"picked":"Tantrum","floor":20},{"not_picked":["FollowUp","ClearTheMind","Crescendo+1"],"picked":"SKIP","floor":24},{"not_picked":["Wireheading+1","FlurryOfBlows"],"picked":"ReachHeaven+1","floor":27},{"not_picked":["BowlingBash+1","DeusExMachina"],"picked":"Perseverance+1","floor":28},{"not_picked":["Halt","SashWhip"],"picked":"FlurryOfBlows+1","floor":29},{"not_picked":["Meditate","Conclude"],"picked":"Prostrate","floor":30},{"not_picked":["Scrawl","InnerPeace","SignatureMove"],"picked":"Singing Bowl","floor":31},{"not_picked":["Blasphemy","Omniscience"],"picked":"Vault","floor":33},{"not_picked":["EmptyMind+1","ThirdEye"],"picked":"Halt+1","floor":35},{"not_picked":["ClearTheMind","JustLucky","CrushJoints+1"],"picked":"Singing Bowl","floor":41},{"not_picked":["CutThroughFate+1","EmptyFist","Prostrate"],"picked":"Singing Bowl","floor":42},{"not_picked":["CarveReality","Adaptation","Evaluate+1"],"picked":"Singing Bowl","floor":44},{"not_picked":["CarveReality","Evaluate","Prostrate"],"picked":"Singing Bowl","floor":45},{"not_picked":["ThirdEye","ForeignInfluence","Tantrum+1"],"picked":"Singing Bowl","floor":47},{"not_picked":["Tantrum","DeceiveReality+1"],"picked":"ThirdEye+1","floor":48},{"not_picked":["Crescendo+1","DeceiveReality"],"picked":"Protect+1","floor":48}],"player_experience":411718,"relics_obtained":[{"floor":6,"key":"Toy Ornithopter"},{"floor":8,"key":"Bronze Scales"},{"floor":9,"key":"Damaru"},{"floor":13,"key":"WingedGreaves"},{"floor":24,"key":"InkBottle"},{"floor":26,"key":"Lantern"},{"floor":27,"key":"Matryoshka"},{"floor":31,"key":"Singing Bowl"},{"floor":36,"key":"Darkstone Periapt"},{"floor":36,"key":"Orichalcum"},{"floor":41,"key":"Eternal Feather"},{"floor":43,"key":"Gremlin Horn"},{"floor":43,"key":"Bottled Tornado"},{"floor":44,"key":"Prayer Wheel"},{"floor":45,"key":"Regal Pillow"},{"floor":47,"key":"Boot"}],"event_choices":[{"damage_healed":0,"gold_gain":75,"player_choice":"Gather Gold","damage_taken":11,"max_hp_gain":0,"max_hp_loss":0,"event_name":"World of Goop","floor":4,"gold_loss":0},{"damage_healed":0,"gold_gain":0,"player_choice":"2 cards matched","damage_taken":0,"max_hp_gain":0,"max_hp_loss":0,"event_name":"Match and Keep!","floor":11,"gold_loss":0,"cards_obtained":["TalkToTheHand","CrushJoints"]},{"damage_healed":0,"gold_gain":0,"player_choice":"2 cards matched","damage_taken":0,"max_hp_gain":0,"max_hp_loss":0,"event_name":"Match and Keep!","floor":11,"gold_loss":0,"cards_obtained":["TalkToTheHand","CrushJoints"]},{"damage_healed":0,"gold_gain":0,"player_choice":"Read","damage_taken":0,"max_hp_gain":0,"max_hp_loss":0,"event_name":"The Library","floor":21,"gold_loss":0,"cards_obtained":["Fasting2"]},{"damage_healed":0,"gold_gain":0,"player_choice":"Max HP","damage_taken":0,"max_hp_gain":0,"max_hp_loss":4,"event_name":"Winding Halls","floor":38,"gold_loss":0},{"damage_healed":0,"gold_gain":0,"player_choice":"Ignored","damage_taken":0,"max_hp_gain":0,"max_hp_loss":0,"event_name":"SecretPortal","floor":39,"gold_loss":0},{"damage_healed":0,"gold_gain":0,"player_choice":"Fight","damage_taken":0,"max_hp_gain":0,"max_hp_loss":0,"event_name":"MindBloom","floor":44,"gold_loss":0}],"is_beta":false,"boss_relics":[{"not_picked":["Pandora\u0027s Box","Coffee Dripper"],"picked":"Cursed Key"},{"not_picked":["Tiny House","Velvet Choker"],"picked":"Runic Pyramid"}],"items_purged_floors":[14,22,37],"is_endless":false,"potions_floor_spawned":[1,2,10,13,19,20,24,27,30,31,35,42,47],"ascension_level":9}}