{"host":"0k696jvpnlqjk4gh","time":1612276436,"event":{"mods":["AchievementEnabler","BaseMod","Colored Map","Colored Powertips","Minty Spire (QoL Compilation)","Quick Restart"],"gold_per_floor":[114,114,130,147,79,79,45,79,102,102,102,27,27,47,47,178,178,202,216,216,236,261,261,261,261],"floor_reached":24,"language":"ENG","playtime":701,"items_purged":["Injury"],"score":206,"play_id":"5eff0e14-5b65-4e45-9eed-1e1f487078d2","local_time":"20210202143356","is_ascension_mode":true,"campfire_choices":[{"data":"Searing Blow","floor":6,"key":"SMITH"},{"floor":15,"key":"REST"},{"floor":23,"key":"REST"}],"circlet_count":0,"master_deck":["Strike_R","Strike_R","Strike_R","Defend_R+1","Defend_R","Defend_R","Bash","Carnage+1","Metallicize+1","Twin Strike","Cleave+1","Searing Blow+1","Rupture","Limit Break","Anger","Double Tap","CurseOfTheBell","Armaments","Carnage+1"],"relics":["Astrolabe","Regal Pillow","Dream Catcher","Golden Idol","Calling Bell","Happy Flower","Letter Opener","FossilizedHelix"],"acts_visited":["Exordium","TheCity"],"potions_floor_usage":[13,16,16,16,18,24],"damage_taken":[{"damage":7,"enemies":"2 Louse","floor":1,"turns":3},{"damage":0,"enemies":"Cultist","floor":3,"turns":3},{"damage":0,"enemies":"Small Slimes","floor":4,"turns":2},{"damage":23,"enemies":"Lagavulin","floor":8,"turns":5},{"damage":5,"enemies":"3 Louse","floor":14,"turns":2},{"damage":34,"enemies":"Hexaghost","floor":16,"turns":8},{"damage":0,"enemies":"Spheric Guardian","floor":18,"turns":1},{"damage":11,"enemies":"Chosen","floor":19,"turns":4},{"damage":9,"enemies":"Centurion and Healer","floor":21,"turns":4},{"damage":13,"enemies":"3 Cultists","floor":22,"turns":5},{"damage":70,"enemies":"Slavers","floor":24,"turns":6}],"seed_played":"-1325342678411103647","potions_obtained":[{"floor":1,"key":"Fire Potion"},{"floor":3,"key":"Block Potion"},{"floor":13,"key":"Fruit Juice"},{"floor":13,"key":"FearPotion"},{"floor":16,"key":"AttackPotion"},{"floor":18,"key":"Swift Potion"},{"floor":19,"key":"FearPotion"}],"is_trial":false,"path_per_floor":["M","?","M","M","$","R","$","E","T","?","?","$","?","M","R","B",null,"M","M","?","M","M","R","E"],"character_chosen":"IRONCLAD","items_purchased":["Searing Blow","Rupture"],"campfire_rested":2,"item_purchase_floors":[5,7],"current_hp_per_floor":[73,78,78,78,78,78,78,55,55,55,39,39,44,39,79,45,85,85,74,74,65,52,85,15,15],"gold":261,"neow_bonus":"BOSS_RELIC","is_daily":false,"chose_seed":false,"campfire_upgraded":1,"win_rate":0.0,"timestamp":1612276436,"path_taken":["M","?","M","?","$","R","$","E","T","?","?","?","?","M","R","BOSS","M","?","?","?","?","R","E"],"items_purchased_type":["Card","Card"],"build_version":"2020-12-22","purchased_purges":1,"victory":false,"max_hp_per_floor":[80,80,80,80,80,80,80,80,80,80,80,80,85,85,85,85,85,85,85,85,85,85,85,85,85],"card_choices":[{"not_picked":["Battle Trance","Havoc","Second Wind"],"picked":"SKIP","floor":1},{"not_picked":["Power Through","Pommel Strike"],"picked":"Twin Strike","floor":3},{"not_picked":["Armaments","Havoc"],"picked":"Cleave","floor":4},{"not_picked":["Feel No Pain","Power Through"],"picked":"Limit Break","floor":8},{"not_picked":["Shockwave","Cleave"],"picked":"Anger","floor":14},{"not_picked":["Berserk","Bludgeon"],"picked":"Double Tap","floor":16},{"not_picked":["Havoc+1","Clash+1"],"picked":"Armaments","floor":18},{"not_picked":["Sentinel","Blood for Blood","Clash"],"picked":"SKIP","floor":19},{"not_picked":["Combust","Power Through","Heavy Blade+1"],"picked":"SKIP","floor":21},{"not_picked":["Headbutt","Dark Embrace+1","Warcry"],"picked":"SKIP","floor":22}],"player_experience":100193,"relics_obtained":[{"floor":8,"key":"Regal Pillow"},{"floor":9,"key":"Dream Catcher"},{"floor":17,"key":"Happy Flower"},{"floor":17,"key":"Letter Opener"},{"floor":17,"key":"FossilizedHelix"}],"event_choices":[{"cards_removed":["True Grit"],"damage_healed":5,"gold_gain":0,"player_choice":"Offered Common","damage_taken":0,"max_hp_gain":0,"max_hp_loss":0,"event_name":"Bonfire Elementals","floor":2,"gold_loss":0},{"cards_removed":["True Grit"],"damage_healed":5,"gold_gain":0,"player_choice":"Offered Special","damage_taken":0,"max_hp_gain":0,"max_hp_loss":0,"event_name":"Bonfire Elementals","floor":2,"gold_loss":0},{"damage_healed":0,"gold_gain":0,"player_choice":"Take Wound","damage_taken":0,"relics_obtained":["Golden Idol"],"max_hp_gain":0,"max_hp_loss":0,"event_name":"Golden Idol","floor":10,"gold_loss":0,"cards_obtained":["Injury"]},{"damage_healed":0,"gold_gain":0,"player_choice":"Entered Light","damage_taken":16,"max_hp_gain":0,"max_hp_loss":0,"event_name":"Shining Light","floor":11,"gold_loss":0,"cards_upgraded":["Defend_R","Cleave"]},{"damage_healed":0,"gold_gain":0,"player_choice":"Got Potions","damage_taken":0,"max_hp_gain":0,"max_hp_loss":0,"event_name":"Lab","floor":13,"gold_loss":0},{"damage_healed":0,"gold_gain":0,"player_choice":"Copied","damage_taken":0,"max_hp_gain":0,"max_hp_loss":0,"event_name":"Duplicator","floor":20,"gold_loss":0,"cards_obtained":["Carnage"]}],"is_beta":false,"boss_relics":[{"not_picked":["Snecko Eye","Ectoplasm"],"picked":"Calling Bell"}],"items_purged_floors":[12],"is_endless":false,"potions_floor_spawned":[1,3,16,18,19],"killed_by":"Slavers","ascension_level":1}}