{"host":"8a72fthmlk1o8pdb","time":1612309667,"event":{"mods":["AchievementEnabler","Aspiration","Astrologer","Bard","BaseMod","Beaked The Cultist","Better Sensory Stone","Better Skull","Better Third Choice","ChefMod","Colored Map","Colored Powertips","Dark Map","Downfall","Evolution","Friendly Minions","GifTheSpireLib","Googly Eyes","Gremlin Mod","Hermit","JesterMod","Jorbs\u0027s Wanderer Trilogy","Marisa????????","Minty Spire (QoL Compilation)","Permanent Neow","Random Character Button","Rare Cards Sparkle","Relic Stats","Reliquary","Robot Space Explorer","Shade Mod","Shop Mod","Somnambulant","StSLib","The Alterego","The Animator","The Blue Laboratory","The Construct","The Cursed","The Disciple","The Hayseed","The Hierophant","The Marked","The Necromancer","The Poker Player","The Problem Sleuth","The Runesmith","thorton"],"gold_per_floor":[119,176,176,186,200,200,18,53,53,73,89,89,119,138,138,234,234,251,251,267,29,48,48,60,60,60,94,94,104,115,147,147,249,249,261,274,46,46,46],"floor_reached":38,"language":"ENG","playtime":1753,"items_purged":["hermit:Strike_Hermit"],"score":554,"play_id":"a237e585-b47d-4704-a50f-759d0470a816","local_time":"20210202154747","is_ascension_mode":true,"campfire_choices":[{"data":"1","floor":6,"key":"LIFT"},{"data":"2","floor":12,"key":"LIFT"},{"data":"3","floor":15,"key":"LIFT"},{"floor":23,"key":"RECALL"},{"data":"hermit:CalledShot","floor":25,"key":"SMITH"},{"data":"hermit:Manifest","floor":28,"key":"SMITH"},{"floor":32,"key":"REST"}],"circlet_count":0,"master_deck":["hermit:Headshot","hermit:TrackingShot","hermit:Defend_Hermit","hermit:Defend_Hermit","hermit:Defend_Hermit","hermit:Defend_Hermit","hermit:Snapshot","hermit:Covet","hermit:FlashPowder","CurseOfTheBell","CurseOfTheBell","hermit:WideOpen","hermit:Spite","hermit:Quickdraw","hermit:FlashPowder","animator:Curse_Nutcracker","hermit:WideOpen","hermit:ShadowCloak+1","hermit:Reprieve","hermit:Gambit","hermit:Glare+1","hermit:Vantage","hermit:Manifest+1","hermit:HoleUp","hermit:CalledShot+1","stsjorbsmod:Amnesia","hermit:Deadeye","hermit:EyeOfTheStorm","hermit:Misfire+1","hermit:Quickdraw+1"],"relics":["EVO:Axolotl","Cursed Key","downfall:ExtraCursedBell","Dream Catcher","reliquary:Firecrackers","Girya","Sling","Shuriken","Frozen Egg 2","Bag of Marbles","Philosopher\u0027s Stone","Pantograph","Blood Vial","TungstenRod","thethorton:BottledFunds","PreservedInsect"],"acts_visited":["Exordium","TheCity","TheBeyond"],"potions_floor_usage":[16,16,20,30,30,31,31],"damage_taken":[{"damage":6,"enemies":"Jaw Worm","floor":1,"turns":2},{"damage":0,"enemies":"2 Louse","floor":4,"turns":2},{"damage":0,"enemies":"Cultist","floor":5,"turns":2},{"damage":0,"enemies":"Gremlin Nob","floor":8,"turns":2},{"damage":0,"enemies":"2 Fungi Beasts","floor":10,"turns":3},{"damage":0,"enemies":"Large Slime","floor":11,"turns":2},{"damage":2,"enemies":"3 Sentries","floor":13,"turns":4},{"damage":0,"enemies":"Exordium Thugs","floor":14,"turns":2},{"damage":0,"enemies":"Hexaghost","floor":16,"turns":7},{"damage":6,"enemies":"2 Thieves","floor":18,"turns":2},{"damage":0,"enemies":"Shell Parasite","floor":20,"turns":3},{"damage":0,"enemies":"Snecko","floor":22,"turns":4},{"damage":9,"enemies":"Centurion and Healer","floor":24,"turns":2},{"damage":0,"enemies":"Gremlin Leader","floor":27,"turns":3},{"damage":8,"enemies":"Shelled Parasite and Fungi","floor":29,"turns":4},{"damage":14,"enemies":"Snake Plant","floor":30,"turns":4},{"damage":9,"enemies":"Slavers","floor":31,"turns":4},{"damage":63,"enemies":"Automaton","floor":33,"turns":9},{"damage":46,"enemies":"3 Darklings","floor":35,"turns":8},{"damage":2,"enemies":"3 Shapes","floor":36,"turns":2},{"damage":39,"enemies":"Sphere and 2 Shapes","floor":38,"turns":5}],"seed_played":"-3093976141396909657","potions_obtained":[{"floor":1,"key":"bronze:BurnAndBuffPotion"},{"floor":13,"key":"DuplicationPotion"},{"floor":14,"key":"SkillPotion"},{"floor":16,"key":"blueLaboratory:StoneskinPotion"},{"floor":18,"key":"AttackPotion"},{"floor":27,"key":"blueLaboratory:PyrophylliteBrew"},{"floor":30,"key":"hermit:Tonic"},{"floor":36,"key":"CultistPotion"}],"is_trial":false,"path_per_floor":["M","?","?","M","M","R","$","E","T","M","M","R","E","M","R","B",null,"M","?","M","$","M","R","M","R","T","E","R","M","M","E","R","B",null,"M","M","$","M"],"character_chosen":"HERMIT","items_purchased":["Sling","hermit:Quickdraw","Pantograph","PreservedInsect"],"campfire_rested":1,"item_purchase_floors":[7,7,21,37],"current_hp_per_floor":[69,69,69,69,69,69,69,69,69,69,69,69,67,67,67,67,75,69,69,73,73,73,73,64,64,64,64,64,62,50,43,65,12,75,29,29,29,0,0],"gold":46,"neow_bonus":"BOSS_RELIC","is_daily":false,"chose_seed":false,"campfire_upgraded":2,"win_rate":0.0,"timestamp":1612309667,"path_taken":["M","?","?","M","M","R","$","E","T","M","M","R","E","M","R","BOSS","M","?","M","$","M","R","M","R","T","E","R","M","M","E","R","BOSS","M","?","$","M"],"items_purchased_type":["Relic","Card","Relic","Relic"],"build_version":"2020-12-22","purchased_purges":1,"victory":false,"max_hp_per_floor":[75,75,75,75,75,75,75,75,75,75,75,75,75,75,75,75,75,75,75,75,75,75,75,75,75,75,75,75,75,75,75,75,75,75,75,75,75,75,75],"relic_stats":{"Blood Vial":12,"Dream Catcher":1,"counters":[21,76],"Shuriken":[32],"Pantograph":8,"PreservedInsect":0,"Cursed Key":2,"obtain_stats":[{"Girya":3,"thethorton:BottledFunds":34,"reliquary:Firecrackers":3,"PreservedInsect":37,"EVO:Axolotl":0,"Frozen Egg 2":9,"Cursed Key":0,"Sling":7,"Blood Vial":27,"Dream Catcher":3,"Shuriken":8,"Pantograph":21,"Philosopher\u0027s Stone":17,"Bag of Marbles":13,"downfall:ExtraCursedBell":3,"hermit:Momento":0,"TungstenRod":31},{"Girya":1,"thethorton:BottledFunds":18,"reliquary:Firecrackers":1,"PreservedInsect":20,"EVO:Axolotl":0,"Frozen Egg 2":4,"Cursed Key":0,"Sling":3,"Blood Vial":14,"Dream Catcher":1,"Shuriken":4,"Pantograph":11,"Philosopher\u0027s Stone":9,"Bag of Marbles":7,"downfall:ExtraCursedBell":1,"hermit:Momento":0,"TungstenRod":17},{"Girya":2,"thethorton:BottledFunds":61,"reliquary:Firecrackers":2,"PreservedInsect":71,"EVO:Axolotl":0,"Frozen Egg 2":8,"Cursed Key":0,"Sling":6,"Blood Vial":40,"Dream Catcher":2,"Shuriken":8,"Pantograph":31,"Philosopher\u0027s Stone":26,"Bag of Marbles":17,"downfall:ExtraCursedBell":2,"hermit:Momento":0,"TungstenRod":52}],"TungstenRod":21},"card_choices":[{"not_picked":["hermit:Coalescence","hermit:Roulette"],"picked":"hermit:FlashPowder","floor":1},{"not_picked":["hermit:SprayPray","hermit:Misfire"],"picked":"hermit:WideOpen","floor":4},{"not_picked":["hermit:Glare","hermit:Headshot"],"picked":"hermit:Spite","floor":5},{"not_picked":["hermit:Maintenance","hermit:Virtue"],"picked":"hermit:FlashPowder","floor":8},{"not_picked":["hermit:ItchyTrigger","hermit:Manifest"],"picked":"hermit:WideOpen","floor":10},{"not_picked":["hermit:Roulette","hermit:Ricochet"],"picked":"hermit:ShadowCloak+1","floor":11},{"not_picked":["hermit:WideOpen","hermit:HighCaliber"],"picked":"hermit:Reprieve","floor":13},{"not_picked":["hermit:TakeCover","hermit:Feint","hermit:LowProfile"],"picked":"SKIP","floor":14},{"not_picked":["hermit:Dissolve","hermit:HighNoon+1"],"picked":"hermit:Gambit","floor":16},{"not_picked":["hermit:HighCaliber+1","hermit:LuckOfTheDraw"],"picked":"hermit:Glare+1","floor":18},{"not_picked":["hermit:Dive+1","hermit:HighCaliber"],"picked":"hermit:Manifest","floor":20},{"not_picked":["hermit:Maintenance","hermit:Desperado"],"picked":"hermit:HoleUp","floor":22},{"not_picked":["hermit:Roulette","hermit:TrackingShot+1"],"picked":"hermit:CalledShot","floor":24},{"not_picked":["hermit:Feint","hermit:Headshot"],"picked":"hermit:Deadeye","floor":27},{"not_picked":["hermit:GoldenBullet","hermit:TrackingShot"],"picked":"hermit:EyeOfTheStorm","floor":29},{"not_picked":["hermit:Horror","hermit:LuckOfTheDraw","hermit:Combo+1"],"picked":"SKIP","floor":30},{"not_picked":["hermit:Manifest","hermit:HeroicBravado","hermit:Desperado"],"picked":"SKIP","floor":31},{"not_picked":["hermit:Manifest","hermit:Midnight+1"],"picked":"hermit:Misfire+1","floor":35},{"not_picked":["hermit:BodyArmor+1","hermit:Vantage+1","hermit:Quickdraw+1"],"picked":"SKIP","floor":36},{"not_picked":["hermit:BodyArmor+1","hermit:Vantage+1"],"picked":"hermit:Quickdraw+1","floor":36}],"player_experience":113662,"relics_obtained":[{"floor":3,"key":"Dream Catcher"},{"floor":3,"key":"reliquary:Firecrackers"},{"floor":3,"key":"Girya"},{"floor":8,"key":"Shuriken"},{"floor":9,"key":"Frozen Egg 2"},{"floor":13,"key":"Bag of Marbles"},{"floor":27,"key":"Blood Vial"},{"floor":31,"key":"TungstenRod"}],"event_choices":[{"damage_healed":0,"gold_gain":57,"player_choice":"Gained Gold","damage_taken":0,"max_hp_gain":0,"max_hp_loss":0,"event_name":"Golden Wing","floor":2,"gold_loss":0},{"damage_healed":0,"gold_gain":0,"cards_transformed":["hermit:Strike_Hermit"],"player_choice":"Transformed","damage_taken":0,"max_hp_gain":0,"max_hp_loss":0,"event_name":"Transmorgrifier","floor":19,"gold_loss":0,"cards_obtained":["hermit:Vantage"]}],"is_beta":false,"boss_relics":[{"not_picked":["aspiration:FutureDiary","SacredBark"],"picked":"Philosopher\u0027s Stone"},{"not_picked":["Black Star","theSleuth:AffinityCrow"],"picked":"thethorton:BottledFunds"}],"items_purged_floors":[37],"is_endless":false,"potions_floor_spawned":[1,13,14,16,18,27,29,30,36],"killed_by":"Sphere and 2 Shapes","ascension_level":1}}