{"host":"gtv41eena9h15rk5","time":1612278402,"event":{"mods":["BaseMod","Colored Powertips","Downfall","Marisa£®ÏF”Í°°ƒß¿Ì…≥£©","Minty Spire (QoL Compilation)","Replay The Spire","Shop Mod","StSLib","The Bug Knight","The Construct","The Cursed","The Runesmith","The Servant 0.9.4","[IsaacMod]“‘»ˆº‚À˛"],"gold_per_floor":[114,114,128,148,148,148,162,172,198,123,45,57,57,71,71,71,71],"floor_reached":16,"language":"ZHS","playtime":614,"items_purged":["Amnesia"],"score":132,"play_id":"66d7967f-8b83-4ba2-aa7b-49c9ea9593c9","local_time":"20210202230642","is_ascension_mode":true,"campfire_choices":[{"floor":6,"key":"RECALL"},{"data":"Whirlwind","floor":15,"key":"SMITH"}],"circlet_count":0,"master_deck":["Strike_R+1","Strike_R","Strike_R","Strike_R+1","Strike_R","Defend_R","Defend_R","Defend_R","Defend_R","Bash","Shrug It Off","ReplayTheSpireMod:Stacked","Shrug It Off","Inflame","Metallicize","Spot Weakness","Whirlwind+1","Entrench"],"relics":["Burning Blood","HushsDoor","HowToJump","ReplayTheSpireMod:Ring of Exchange"],"acts_visited":["Exordium"],"potions_floor_usage":[7],"damage_taken":[{"damage":6,"enemies":"2 Louse","floor":1,"turns":3},{"damage":14,"enemies":"Cultist","floor":3,"turns":5},{"damage":7,"enemies":"Small Slimes","floor":4,"turns":4},{"damage":0,"enemies":"Gremlin Gang","floor":7,"turns":3},{"damage":12,"enemies":"Exordium Thugs","floor":8,"turns":7},{"damage":5,"enemies":"Blue Slaver","floor":12,"turns":6},{"damage":14,"enemies":"Large Slime","floor":14,"turns":5},{"damage":48,"enemies":"Fading Forest","floor":16,"turns":10}],"seed_played":"4559793586665118808","potions_obtained":[{"floor":3,"key":"Block Potion"},{"floor":4,"key":"Dexterity Potion"}],"is_trial":false,"path_per_floor":["M","?","M","M","?","R","M","M","T","$","$","M","?","M","R","B"],"character_chosen":"IRONCLAD","items_purchased":["Whirlwind"],"campfire_rested":0,"item_purchase_floors":[11],"current_hp_per_floor":[72,72,64,63,63,63,69,63,63,63,63,64,48,40,40,0,0],"gold":71,"neow_bonus":"THREE_CARDS","is_daily":false,"chose_seed":false,"campfire_upgraded":1,"win_rate":0.0,"timestamp":1612278402,"path_taken":["M","?","M","?","?","R","M","M","T","?","$","M","?","?","R","BOSS"],"items_purchased_type":["Card"],"build_version":"2020-12-22","purchased_purges":1,"victory":false,"max_hp_per_floor":[80,80,80,80,80,80,80,80,80,80,80,80,80,80,80,80,80],"card_choices":[{"not_picked":["Disarm","Body Slam"],"picked":"Shrug It Off","floor":0},{"not_picked":["Thunderclap","Clothesline"],"picked":"ReplayTheSpireMod:Stacked","floor":1},{"not_picked":["Infernal Blade","Fire Breathing"],"picked":"Shrug It Off","floor":3},{"not_picked":["Iron Wave","Sword Boomerang"],"picked":"Inflame","floor":4},{"not_picked":["Disarm","Headbutt"],"picked":"Metallicize","floor":7},{"not_picked":["Flex","Hemokinesis"],"picked":"Spot Weakness","floor":8},{"not_picked":["Heavy Blade","True Grit"],"picked":"Bomb","floor":12},{"not_picked":["ReplayReversal","Heavy Blade"],"picked":"Entrench","floor":14}],"player_experience":232818,"relics_obtained":[{"floor":2,"key":"ReplayTheSpireMod:Ring of Exchange"}],"event_choices":[{"damage_healed":0,"gold_gain":0,"player_choice":"Entered Light","damage_taken":16,"max_hp_gain":0,"max_hp_loss":0,"event_name":"Shining Light","floor":13,"gold_loss":0,"cards_upgraded":["Strike_R","Strike_R"]}],"is_beta":false,"boss_relics":[],"items_purged_floors":[10],"is_endless":false,"potions_floor_spawned":[3,4],"killed_by":"Fading Forest","ascension_level":8}}