{"host":"xkmvu47k9fdstweo","time":1612238174,"event":{"mods":["BaseMod","Colored Map","Conspire","HololiveMod","Hubris","Minty Spire (QoL Compilation)","Quick Restart","Shop Mod","StSLib"],"gold_per_floor":[82,14,14,31,51,71,107,107,156,156,178,178,69,100,100,211,211,234,234,414,67,85,85,112,133,133,148,174,232,232,251,251,360,360,370,19,56,22,22,75,75,88,88,188,224,224,238,260,260,260],"floor_reached":51,"language":"ENG","playtime":1657,"items_purged":["Hololive_Strike","Hololive_Defend"],"score":1610,"play_id":"4dd83b60-467c-4455-a9ba-69cab7493d53","local_time":"20210201225614","is_ascension_mode":true,"campfire_choices":[{"data":"Hololive_CallUsadaPekora","floor":12,"key":"SMITH"},{"data":"Hololive_CallAkiRosenthal","floor":15,"key":"SMITH"},{"data":"Hololive_CallManoAloe","floor":23,"key":"SMITH"},{"data":"conspire:Banana","floor":30,"key":"SMITH"},{"data":"Hololive_HuntDinosaur","floor":32,"key":"SMITH"},{"data":"Hololive_Yoholoon","floor":41,"key":"SMITH"},{"data":"Hololive_FlyingPonyTail","floor":46,"key":"SMITH"},{"data":"Hololive_CocoNews","floor":49,"key":"SMITH"}],"circlet_count":0,"master_deck":["Hololive_Defend","Hololive_RevenueBasedLive","Hololive_CallUsadaPekora+1","Hololive_CallArtia","Hololive_CallArtia","Hololive_CallKiryuuCoco","Hololive_CallShiroganeNoel+1","Hololive_SummonFox","Hololive_CallAkiRosenthal+1","Hololive_CallRosalyn","Hololive_CocoNews+1","Hololive_CallManoAloe","Hololive_HuntDinosaur+1","Hololive_CallYozoraMel","Hololive_CallOmaruPolka","Hololive_LuckPotion","conspire:Banana+1","Hololive_CallManoAloe+1","Hololive_CallRosalyn","Hololive_CallShirakamiFubuki","Hololive_FlyingPonyTail+1","Hololive_CocoNews+1","Hololive_Breathe","Hololive_LuckPotion+1","Hololive_CallMomosuzuNene+4","Hololive_CallTsunomakiWatame","Hololive_Breathe","Hololive_FlyingPonyTail","Hololive_Nanodesu","Hololive_CallDoris+1","Hololive_FlyingPonyTail+1","Hololive_Yoholoon+1","Hololive_CallTokinoSora+1","Hololive_CallNatsuiroMatsuri+1","Hololive_CallInugamiKorone+1","Hololive_Breathe+1","Hololive_CallAmaneKanata+1"],"relics":["Hololive_TheStar","Toy Ornithopter","hubris:MysteriousPyramids","Centennial Puzzle","conspire:RoyalGoblet","hubris:Towel","Hololive_LightStick","Pear","hubris:DeckOfHolding","Frozen Egg 2","hubris:Backtick","Mummified Hand","conspire:BottledYoYo","Matryoshka","Vajra","hubris:PeanutButter","Orichalcum"],"acts_visited":["Exordium","TheCity","TheBeyond"],"potions_floor_usage":[14,16,18,45],"damage_taken":[{"damage":0,"enemies":"Cultist","floor":1,"turns":3},{"damage":0,"enemies":"Jaw Worm","floor":4,"turns":3},{"damage":0,"enemies":"Small Slimes","floor":5,"turns":4},{"damage":0,"enemies":"Blue Slaver","floor":6,"turns":2},{"damage":18,"enemies":"3 Sentries","floor":7,"turns":8},{"damage":0,"enemies":"2 Fungi Beasts","floor":11,"turns":4},{"damage":0,"enemies":"Gremlin Nob","floor":14,"turns":3},{"damage":0,"enemies":"Hexaghost","floor":16,"turns":7},{"damage":0,"enemies":"conspire:FuzzyDice","floor":18,"turns":5},{"damage":0,"enemies":"Chosen","floor":22,"turns":3},{"damage":0,"enemies":"conspire:SneckoGhost","floor":24,"turns":5},{"damage":0,"enemies":"Shelled Parasite and Fungi","floor":25,"turns":5},{"damage":0,"enemies":"Sentry and Sphere","floor":27,"turns":3},{"damage":0,"enemies":"conspire:HollyBat","floor":28,"turns":8},{"damage":0,"enemies":"Book of Stabbing","floor":29,"turns":4},{"damage":0,"enemies":"Cultist and Chosen","floor":31,"turns":3},{"damage":0,"enemies":"hubris:MusketHawk","floor":33,"turns":7},{"damage":0,"enemies":"Orb Walker","floor":35,"turns":2},{"damage":2,"enemies":"3 Darklings","floor":37,"turns":5},{"damage":14,"enemies":"Reptomancer","floor":40,"turns":5},{"damage":0,"enemies":"Spire Growth","floor":42,"turns":3},{"damage":0,"enemies":"Nemesis","floor":45,"turns":5},{"damage":0,"enemies":"Transient","floor":47,"turns":5},{"damage":0,"enemies":"Writhing Mass","floor":48,"turns":4},{"damage":0,"enemies":"Donu and Deca","floor":50,"turns":4}],"seed_played":"-2616181272626057154","potions_obtained":[{"floor":1,"key":"FearPotion"},{"floor":7,"key":"Regen Potion"},{"floor":10,"key":"EssenceOfSteel"},{"floor":16,"key":"Explosive Potion"},{"floor":25,"key":"Ancient Potion"},{"floor":27,"key":"Ancient Potion"},{"floor":40,"key":"Energy Potion"},{"floor":48,"key":"Regen Potion"}],"is_trial":false,"path_per_floor":["M","$","?","M","M","M","E","T","T","?","M","R","$","E","R","B",null,"M","?","?","$","M","R","E","M","T","M","M","E","R","M","R","B",null,"M","$","M","$","?","E","R","M","T","?","E","R","M","M","R","B",null],"character_chosen":"Hololive_HololiveCharacter","items_purchased":["Hololive_CallAkiRosenthal","Hololive_LuckPotion","conspire:Banana","Hololive_LightStick","Hololive_CallShirakamiFubuki","Hololive_FlyingPonyTail","conspire:BottledYoYo","Hololive_Yoholoon"],"campfire_rested":0,"item_purchase_floors":[2,13,13,21,21,21,36,38],"current_hp_per_floor":[32,32,32,32,32,32,14,14,14,14,14,14,14,29,29,35,37,39,39,20,20,21,21,33,35,35,37,39,40,40,43,43,46,60,63,63,64,64,81,69,69,71,71,71,78,78,80,80,80,80],"gold":260,"neow_bonus":"UPGRADE_CARD","is_daily":false,"chose_seed":false,"campfire_upgraded":8,"win_rate":0.0,"timestamp":1612238174,"path_taken":["M","$","?","?","M","M","E","?","T","?","?","R","$","E","R","BOSS","M","?","?","$","M","R","E","M","T","?","M","E","R","M","R","BOSS","M","?","M","$","?","E","R","?","T","?","E","R","M","M","R","BOSS"],"items_purchased_type":["Card","Card","Card","Relic","Card","Card","Relic","Card"],"build_version":"2020-12-22","purchased_purges":2,"victory":true,"max_hp_per_floor":[35,35,35,35,35,35,35,35,35,35,35,35,35,36,36,37,37,39,39,39,39,40,40,52,54,54,56,58,59,59,62,62,65,65,68,68,71,71,81,83,83,85,85,85,87,87,89,89,89,89],"card_choices":[{"not_picked":["Hololive_DevilCharm","Hololive_Psychosis","Hololive_CocoNews"],"picked":"Hololive_SummonFox","floor":1},{"not_picked":["Hololive_Trident","Hololive_HuntDinosaur","Hololive_Sequa"],"picked":"Hololive_CocoNews","floor":4},{"not_picked":["Hololive_Rebound","Hololive_ILoveYou","Hololive_CallCivia"],"picked":"Hololive_CallManoAloe","floor":5},{"not_picked":["Hololive_Psychosis","Hololive_Sequa","Hololive_Rebound"],"picked":"Hololive_HuntDinosaur","floor":6},{"not_picked":["Hololive_RevenueBasedLive","Hololive_CallOkamiMio","Hololive_Rebound"],"picked":"Hololive_CallYozoraMel","floor":7},{"not_picked":["Hololive_CallAZKi","Hololive_OvertimeWork","Hololive_MaximGun"],"picked":"Hololive_CallOmaruPolka","floor":11},{"not_picked":["Hololive_CallFriendA","Hololive_RevenueBasedLive","Hololive_CallAiraniIofifteen"],"picked":"Hololive_CallManoAloe","floor":14},{"not_picked":["Hololive_BeCareful","Hololive_HighAtkLowDef","Hololive_MaximGun"],"picked":"Hololive_AWSL","floor":16},{"not_picked":["Hololive_CallMoonaHoshinova","Hololive_OvertimeWork","Hololive_Drill"],"picked":"Hololive_CallRosalyn","floor":18},{"not_picked":["Hololive_CallArtia","Hololive_CallNekomataOkayu","Hololive_Recruit"],"picked":"Hololive_CocoNews+1","floor":22},{"not_picked":["Hololive_CallRoboco+1","Hololive_CallAiraniIofifteen","Hololive_RevenueBasedLive"],"picked":"Hololive_Breathe","floor":24},{"not_picked":["Hololive_Sequa","Hololive_Psychosis+1","Hololive_CocoNews+1"],"picked":"Hololive_LuckPotion+1","floor":25},{"not_picked":["Hololive_Nanodesu","Hololive_CallUruhaRushia+1","Hololive_CallShishiroBotan"],"picked":"Hololive_CallMomosuzuNene","floor":27},{"not_picked":["Hololive_Breathe","Hololive_Sequa+1","Hololive_OvertimeWork"],"picked":"Hololive_CallTsunomakiWatame","floor":28},{"not_picked":["Hololive_CallRosalyn+1","Hololive_Trident","Hololive_BeCareful"],"picked":"Hololive_Breathe","floor":29},{"not_picked":["Hololive_CallAkiRosenthal+1","Hololive_CallUruhaRushia+1","Hololive_OvertimeWork"],"picked":"Hololive_FlyingPonyTail","floor":31},{"not_picked":["Hololive_DurableLive","Hololive_DiamondStrike","Hololive_OpenUp"],"picked":"Hololive_Nanodesu","floor":33},{"not_picked":["Hololive_LuckPotion","Hololive_Psychosis","Hololive_RevenueBasedLive"],"picked":"Hololive_CallDoris+1","floor":35},{"not_picked":["Hololive_CocoNews","Hololive_RevenueBasedLive","Hololive_Breathe+1"],"picked":"Hololive_FlyingPonyTail+1","floor":37},{"not_picked":["Hololive_RevenueBasedLive+1","Hololive_OvertimeWork+1","Hololive_CallNekomataOkayu+1"],"picked":"Hololive_CallTokinoSora+1","floor":40},{"not_picked":["Hololive_CallMomosuzuNene+1","Hololive_Rebound+1","Hololive_OvertimeWork+1"],"picked":"Hololive_CallNatsuiroMatsuri+1","floor":42},{"not_picked":["Hololive_CallAZKi+1","Hololive_Psychosis+1","Hololive_CallAiraniIofifteen+1"],"picked":"Hololive_CallInugamiKorone+1","floor":45},{"not_picked":["Hololive_BeCareful","Hololive_CallTokinoSora+1","Hololive_CallMomosuzuNene+1"],"picked":"Hololive_Breathe+1","floor":47},{"not_picked":["Hololive_RevenueBasedLive","Hololive_CocoNews+1","Hololive_Breathe"],"picked":"Hololive_CallAmaneKanata+1","floor":48}],"player_experience":332512,"relics_obtained":[{"floor":7,"key":"Toy Ornithopter"},{"floor":8,"key":"hubris:MysteriousPyramids"},{"floor":9,"key":"Centennial Puzzle"},{"floor":24,"key":"Pear"},{"floor":26,"key":"hubris:DeckOfHolding"},{"floor":29,"key":"Frozen Egg 2"},{"floor":40,"key":"Matryoshka"},{"floor":43,"key":"Vajra"},{"floor":43,"key":"hubris:PeanutButter"},{"floor":45,"key":"Orichalcum"}],"event_choices":[{"damage_healed":0,"gold_gain":0,"cards_transformed":["Hololive_Strike"],"player_choice":"Transformed","damage_taken":0,"max_hp_gain":0,"max_hp_loss":0,"event_name":"Transmorgrifier","floor":3,"gold_loss":0,"cards_obtained":["Hololive_CallRosalyn"]},{"damage_healed":0,"gold_gain":0,"player_choice":"Got Potions","damage_taken":0,"max_hp_gain":0,"max_hp_loss":0,"event_name":"Lab","floor":10,"gold_loss":0},{"damage_healed":0,"gold_gain":180,"player_choice":"GOLD GOLD ","damage_taken":19,"max_hp_gain":0,"max_hp_loss":0,"event_name":"Knowing Skull","floor":20,"potions_obtained":[],"gold_loss":0,"cards_obtained":[]},{"cards_removed":["Hololive_AWSL"],"damage_healed":7,"gold_gain":0,"player_choice":"Offered Rare","damage_taken":0,"max_hp_gain":10,"max_hp_loss":0,"event_name":"Bonfire Elementals","floor":39,"gold_loss":0},{"damage_healed":0,"gold_gain":100,"player_choice":"Pray","damage_taken":0,"max_hp_gain":0,"max_hp_loss":0,"event_name":"Golden Shrine","floor":44,"gold_loss":0}],"is_beta":false,"boss_relics":[{"not_picked":["Black Star","Empty Cage"],"picked":"conspire:RoyalGoblet"},{"not_picked":["Calling Bell","Hololive_TopUpMoneyS"],"picked":"hubris:Backtick"}],"items_purged_floors":[21,36],"is_endless":false,"potions_floor_spawned":[1,7,16,25,27,33,40,48],"ascension_level":9}}