{"host":"a00pwxwvvpsg0jw6","time":1612290109,"event":{"mods":["AchievementEnabler","BaseMod","Minty Spire (QoL Compilation)","Replay The Spire","StSLib"],"gold_per_floor":[112,112,125,139,149,149,184,184,210,235,235,235,235,263,7,23,23,23,23],"floor_reached":18,"language":"ENG","playtime":831,"items_purged":["Strike_R"],"score":137,"play_id":"6d5336bb-2f44-4dd6-8a4c-d4ce7707726f","local_time":"20210202122149","is_ascension_mode":true,"campfire_choices":[{"data":"Clothesline","floor":6,"key":"SMITH"},{"data":"Flame Barrier","floor":8,"key":"SMITH"},{"floor":17,"key":"REST"}],"circlet_count":0,"master_deck":["Strike_R","Strike_R","Strike_R","Strike_R","Defend_R","Defend_R","Defend_R","Defend_R","Bash","ReplayTheSpireMod:Limb From Limb","Clothesline+1","Flame Barrier+1","Shrug It Off","Demon Form"],"relics":["Burning Blood","NeowsBlessing","NlothsMask","Dream Catcher","Centennial Puzzle","Replay:Arrowhead","Membership Card","PreservedInsect"],"acts_visited":["Exordium"],"potions_floor_usage":[14,14,18],"damage_taken":[{"damage":0,"enemies":"Cultist","floor":1,"turns":1},{"damage":0,"enemies":"Jaw Worm","floor":3,"turns":1},{"damage":0,"enemies":"2 Louse","floor":4,"turns":1},{"damage":14,"enemies":"Exordium Wildlife","floor":5,"turns":4},{"damage":44,"enemies":"3 Sentries","floor":7,"turns":11},{"damage":27,"enemies":"Lagavulin","floor":10,"turns":8},{"damage":9,"enemies":"3 Sentries","floor":14,"turns":10},{"damage":0,"enemies":"Large Slime","floor":16,"turns":6},{"damage":43,"enemies":"Hexaghost","floor":18,"turns":11}],"seed_played":"-7919781310386215336","potions_obtained":[{"floor":1,"key":"Strength Potion"},{"floor":4,"key":"Elixir"},{"floor":5,"key":"SpeedPotion"}],"is_trial":false,"path_per_floor":["M","?","M","M","M","R","E","R","T","E","?","PTL","PTL","E","$","M","R","B"],"character_chosen":"IRONCLAD","items_purchased":["Membership Card","PreservedInsect"],"campfire_rested":1,"item_purchase_floors":[15,15],"current_hp_per_floor":[80,80,80,80,72,72,34,34,34,13,13,13,13,10,10,16,40,0,0],"gold":23,"neow_bonus":"THREE_ENEMY_KILL","is_daily":false,"chose_seed":false,"campfire_upgraded":2,"win_rate":0.0,"timestamp":1612290109,"path_taken":["M","?","M","?","M","R","E","R","T","E","?","PTL","PTL","E","$","?","R","BOSS"],"items_purchased_type":["Relic","Relic"],"build_version":"2020-12-22","purchased_purges":1,"victory":false,"max_hp_per_floor":[80,80,80,80,80,80,80,80,80,80,80,80,80,80,80,80,80,80,80],"card_choices":[{"not_picked":["Feel No Pain","True Grit"],"picked":"ReplayTheSpireMod:Limb From Limb","floor":1},{"not_picked":["Sword Boomerang","Fire Breathing","Perfected Strike"],"picked":"SKIP","floor":3},{"not_picked":["Clothesline","Reckless Charge","Feel No Pain"],"picked":"SKIP","floor":4},{"not_picked":["Warcry","Run Through"],"picked":"Clothesline","floor":5},{"not_picked":["Body Slam","Clothesline"],"picked":"Flame Barrier","floor":7},{"not_picked":["Juggernaut","Perfected Strike"],"picked":"Shrug It Off","floor":10},{"not_picked":["Twin Strike","Pummel","Body Slam"],"picked":"SKIP","floor":14},{"not_picked":["Perfected Strike","Entrench","Twin Strike"],"picked":"SKIP","floor":16},{"not_picked":["Inflame","Pommel Strike"],"picked":"Demon Form","floor":17}],"player_experience":3076,"relics_obtained":[{"floor":7,"key":"Dream Catcher"},{"floor":10,"key":"Centennial Puzzle"},{"floor":14,"key":"Replay:Arrowhead"}],"event_choices":[{"damage_healed":0,"gold_gain":0,"player_choice":"Trade","damage_taken":0,"relics_obtained":["NlothsMask"],"max_hp_gain":0,"max_hp_loss":0,"event_name":"FaceTrader","floor":2,"gold_loss":0},{"damage_healed":0,"gold_gain":0,"player_choice":"Bought 0 Potions","damage_taken":0,"max_hp_gain":0,"max_hp_loss":0,"event_name":"The Woman in Blue","floor":11,"gold_loss":0}],"is_beta":false,"boss_relics":[],"items_purged_floors":[15],"is_endless":false,"potions_floor_spawned":[1,4,5],"killed_by":"Hexaghost","ascension_level":1}}