{"host":"npaoev7ccr7c867s","time":1612239927,"event":{"mods":["AchievementEnabler","Act Like it!","Aspiration","Bard","BaseMod","Beaked The Cultist","Better Altar","Better Match","Better Note","Better Sensory Stone","Better Skull","Better Third Choice","BetterRewards","CCEM2","Clawfect","Colored Map","Conspire","Downfall","GifTheSpireLib","Halation","Hermit","Highlight Path","Hubris","Hunter ??","Infinite Spire","Jedi Mod","Jorbs\u0027s Wanderer Trilogy","Mad Scientist","Marisa????????","Mimic Mod","Minty Spire (QoL Compilation)","Permanent Neow","Replay The Spire","SIMod","SOS???????","Shade Mod","Shop Mod","Spicy Shops","StSLib","Stuff the Spire","The Animator","The Blackbeard","The Construct","The Cursed","The Disciple","The Gatherer","The Hierophant","The IronCluck","The Jungle","The Mystic","The Necromancer","The Problem Sleuth","The Runesmith","The Servant 0.9.4","The Spell Scribe","The Wild Card","The Witch","TheSurvivalist","TheVacant","Unceasing Turn Reminder","everything is the same but u backflip on backflip","slay the spire mod where everything is the same but ironclad has a cowboy hat"],"gold_per_floor":[112,112,11,24,36,36,7,7,53,53,53,67,81,91,91,190,190,203,303,321,338,352,352,352,372,372,372,382,382,412,428,428,549,549,565,565,565,565,565,565,610,632,666,668,668],"floor_reached":44,"language":"ENG","playtime":6442,"items_purged":[],"score":475,"play_id":"62f38dd7-f55f-49b2-b6bc-472ec93eefed","local_time":"20210201202527","is_ascension_mode":false,"campfire_choices":[{"data":"mysticmod:Probe","floor":2,"key":"SMITH"},{"data":"mysticmod:RapidCaster","floor":6,"key":"SMITH"},{"data":"mysticmod:BladeMaster","floor":8,"key":"SMITH"},{"data":"mysticmod:CorrosiveTouch","floor":11,"key":"SMITH"},{"data":"mysticmod:Fly","floor":15,"key":"SMITH"},{"data":"mysticmod:Doublecast","floor":24,"key":"SMITH"},{"data":"hubris:Fate","floor":29,"key":"SMITH"},{"floor":32,"key":"REST"},{"data":"mysticmod:SpontaneousCaster","floor":36,"key":"SMITH"},{"floor":40,"key":"RECALL"}],"circlet_count":0,"master_deck":["mysticmod:Strike_Mystic+1","mysticmod:Strike_Mystic+1","mysticmod:Strike_Mystic+1","mysticmod:Strike_Mystic+1","mysticmod:Defend_Mystic+1","mysticmod:Defend_Mystic+1","mysticmod:Defend_Mystic+1","mysticmod:Defend_Mystic+1","mysticmod:ArcaneDodge+1","mysticmod:ShockingGrasp+1","mysticmod:ComponentsPouch+1","mysticmod:ComponentsPouch+1","mysticmod:Probe+1","mysticmod:BladeMaster+1","mysticmod:BulkUp+1","mysticmod:ArcaneAccuracy+1","mysticmod:PowerSlash+1","mysticmod:ComboCaster+1","mysticmod:BulkUp+1","mysticmod:CorrosiveTouch+1","mysticmod:RapidCaster+1","mysticmod:ComponentsPouch+1","hermit:ShadowCloak+1","mysticmod:MightyMagic+1","mysticmod:SuddenClarity+1","mysticmod:Fly+1","mysticmod:Doublecast+1","mysticmod:Alacrity+1","mysticmod:Shield+1","mysticmod:SpellCombat+1","mysticmod:DiviningBlow+1","mysticmod:Feint+1","hubris:Fate+1","infinitespire:Starlight+1","mysticmod:IllusionOfCalm+1","mysticmod:EarthenWall+1","mysticmod:Feint+1","mysticmod:SpontaneousCaster+1","mysticmod:Alacrity+1","mysticmod:Shield+1","mysticmod:PreparedCaster+1","mysticmod:Snowball"],"relics":["mysticmod:BlessedBook","jedi:arcanewood","Bag of Preparation","Sozu","CCEMRelics:IronFruit","Snack Pack","conspire:SpecialSausage","infinitespire:Midas Blood","Mark of the Bloom","jedi:shrinkray","Ginger"],"acts_visited":["Exordium","Exordium","TheBeyond"],"potions_floor_usage":[16,16,16,33],"damage_taken":[{"damage":0,"enemies":"Cultist","floor":1,"turns":3},{"damage":3,"enemies":"Jaw Worm","floor":4,"turns":5},{"damage":0,"enemies":"2 Louse","floor":5,"turns":2},{"damage":7,"enemies":"Gremlin Gang","floor":12,"turns":5},{"damage":4,"enemies":"Blue Slaver","floor":13,"turns":4},{"damage":34,"enemies":"Red Slaver","floor":14,"turns":6},{"damage":18,"enemies":"Hexaghost","floor":16,"turns":8},{"damage":3,"enemies":"theJungle:5_Spyders","floor":18,"turns":6},{"damage":1,"enemies":"Shell Parasite","floor":20,"turns":7},{"damage":3,"enemies":"theJungle:2_Snecko_Cultists","floor":21,"turns":5},{"damage":18,"enemies":"theJungle:Lyon","floor":22,"turns":6},{"damage":4,"enemies":"theJungle:Snecko_Cultist_And_Trap","floor":25,"turns":5},{"damage":27,"enemies":"theJungle:2_Snecko_Cultists","floor":28,"turns":6},{"damage":28,"enemies":"Nightmare","floor":30,"turns":8},{"damage":0,"enemies":"theJungle:JungleHuntersEncounter","floor":31,"turns":3},{"damage":44,"enemies":"theJungle:FunGuy","floor":33,"turns":12},{"damage":12,"enemies":"Orb Walker","floor":35,"turns":4},{"damage":50,"enemies":"Reptomancer","floor":41,"turns":8},{"damage":14,"enemies":"3 Shapes","floor":42,"turns":6},{"damage":5,"enemies":"Sphere and 2 Shapes","floor":43,"turns":8},{"damage":22,"enemies":"Nemesis","floor":44,"turns":4}],"seed_played":"-2147608749288827304","potions_obtained":[{"floor":4,"key":"Energy Potion"},{"floor":12,"key":"FearPotion"},{"floor":14,"key":"Swift Potion"},{"floor":16,"key":"hexamod:SoulburnPotion"}],"is_trial":false,"path_per_floor":["M","R","$","M","M","R","$","R","T","?","R","M","M","M","R","B",null,"M","?","M","M","M","T","R","M","T","AVR","M","R","NM","M","R","B",null,"M","R","?","?","?","R","E","M","MIM","E"],"character_chosen":"MYSTIC_CLASS","items_purchased":["mysticmod:ComponentsPouch","mysticmod:Probe","mysticmod:BladeMaster","mysticmod:BulkUp","mysticmod:ArcaneAccuracy","jedi:arcanewood","hexamod:SoulburnPotion","mysticmod:ComboCaster+1","mysticmod:BulkUp","mysticmod:ComponentsPouch"],"campfire_rested":1,"item_purchase_floors":[0,0,0,0,0,0,0,3,3,7],"current_hp_per_floor":[77,77,77,74,74,74,74,74,74,74,74,67,63,29,29,11,77,74,74,73,70,52,57,57,53,53,53,42,42,38,44,68,40,82,74,74,74,74,74,74,24,10,5,0,0],"gold":668,"neow_bonus":"","is_daily":false,"chose_seed":false,"campfire_upgraded":8,"win_rate":0.0,"timestamp":1612239927,"path_taken":["M","?","?","?","M","R","$","R","T","?","?","M","M","M","R","BOSS","M","?","M","M","?","?","R","M","T","AVR","M","R","NM","M","R","BOSS","M","?","?","?","?","R","E","?","MIM","E"],"items_purchased_type":["Card","Card","Card","Card","Card","Relic","Potion","Card","Card","Card"],"build_version":"2020-12-22","purchased_purges":0,"victory":false,"max_hp_per_floor":[77,77,77,77,77,77,77,77,77,77,77,77,77,77,77,77,77,77,77,77,77,77,82,82,82,82,82,82,82,82,82,82,82,82,82,82,82,82,82,82,82,82,82,82,82],"card_choices":[{"not_picked":["mysticmod:LightningBolt","mysticmod:Alacrity"],"picked":"mysticmod:PowerSlash","floor":1},{"not_picked":["mysticmod:PureInstinct","mysticmod:SuddenClarity"],"picked":"mysticmod:CorrosiveTouch","floor":4},{"not_picked":["mysticmod:Snowball","mysticmod:SuddenClarity"],"picked":"mysticmod:RapidCaster","floor":5},{"not_picked":["mysticmod:PowerAttack","mysticmod:Snowball"],"picked":"mysticmod:MightyMagic","floor":12},{"not_picked":["mysticmod:Sideswipe","mysticmod:ComponentsPouch"],"picked":"mysticmod:SuddenClarity","floor":13},{"not_picked":["mysticmod:HeavyStrike","mysticmod:FloatingDisk"],"picked":"mysticmod:Fly","floor":14},{"not_picked":["mysticmod:ClosingBarrage","mysticmod:Spellstrike"],"picked":"mysticmod:Doublecast","floor":16},{"not_picked":["mysticmod:Disengage","mysticmod:CorrosiveTouch"],"picked":"mysticmod:Alacrity","floor":18},{"not_picked":["mysticmod:Dedication","mysticmod:CorrosiveTouch"],"picked":"mysticmod:Shield+1","floor":20},{"not_picked":["mysticmod:Shield","mysticmod:Grapple+1"],"picked":"mysticmod:SpellCombat","floor":21},{"not_picked":["mysticmod:Sideswipe","mysticmod:BulkUp"],"picked":"mysticmod:DiviningBlow","floor":22},{"not_picked":["mysticmod:CorrosiveTouch","mysticmod:PowerSlash"],"picked":"mysticmod:Feint+1","floor":25},{"not_picked":["mysticmod:SuddenClarity","mysticmod:Snowball"],"picked":"mysticmod:IllusionOfCalm","floor":28},{"not_picked":["mysticmod:PowerSlash","mysticmod:SuddenClarity"],"picked":"mysticmod:EarthenWall","floor":30},{"not_picked":["mysticmod:SuddenClarity","mysticmod:RapidCaster+1"],"picked":"mysticmod:Feint","floor":31},{"not_picked":["mysticmod:Discipline","mysticmod:MirrorEntity"],"picked":"mysticmod:SpontaneousCaster","floor":33},{"not_picked":["mysticmod:Disengage","mysticmod:Shield"],"picked":"mysticmod:Alacrity+1","floor":35},{"not_picked":["mysticmod:RapidCaster","mysticmod:Feint+1"],"picked":"mysticmod:Shield+1","floor":41},{"not_picked":["mysticmod:Disengage","mysticmod:Daze"],"picked":"mysticmod:PreparedCaster+1","floor":42},{"not_picked":["mysticmod:ComboCaster","mysticmod:Feint"],"picked":"mysticmod:Snowball","floor":43}],"player_experience":205459,"relics_obtained":[{"floor":9,"key":"Bag of Preparation"},{"floor":23,"key":"CCEMRelics:IronFruit"},{"floor":26,"key":"Snack Pack"},{"floor":30,"key":"infinitespire:Midas Blood"},{"floor":41,"key":"jedi:shrinkray"},{"floor":43,"key":"Ginger"}],"event_choices":[{"cards_removed":["mysticmod:CorrosiveTouch"],"damage_healed":0,"gold_gain":0,"player_choice":"Take \u0026 Give","damage_taken":0,"max_hp_gain":0,"max_hp_loss":0,"event_name":"betterNote:BetterNote","floor":10,"gold_loss":0,"cards_obtained":["hermit:ShadowCloak"]},{"damage_healed":0,"gold_gain":100,"player_choice":"Pray","damage_taken":0,"max_hp_gain":0,"max_hp_loss":0,"event_name":"Golden Shrine","floor":19,"gold_loss":0},{"damage_healed":0,"gold_gain":0,"player_choice":"Upgrade","damage_taken":0,"relics_obtained":["Mark of the Bloom"],"max_hp_gain":0,"max_hp_loss":0,"event_name":"MindBloom","floor":37,"gold_loss":0,"cards_upgraded":["mysticmod:Strike_Mystic","mysticmod:Strike_Mystic","mysticmod:Strike_Mystic","mysticmod:Strike_Mystic","mysticmod:Defend_Mystic","mysticmod:Defend_Mystic","mysticmod:Defend_Mystic","mysticmod:Defend_Mystic","mysticmod:ArcaneDodge","mysticmod:ShockingGrasp","mysticmod:ComponentsPouch","mysticmod:BulkUp","mysticmod:ArcaneAccuracy","mysticmod:PowerSlash","mysticmod:BulkUp","mysticmod:ComponentsPouch","hermit:ShadowCloak","mysticmod:MightyMagic","mysticmod:SuddenClarity","mysticmod:Alacrity","mysticmod:SpellCombat","mysticmod:DiviningBlow","infinitespire:Starlight","mysticmod:IllusionOfCalm","mysticmod:EarthenWall","mysticmod:Feint"]},{"damage_healed":0,"gold_gain":0,"player_choice":"Ignored","damage_taken":0,"max_hp_gain":0,"max_hp_loss":0,"event_name":"Tomb of Lord Red Mask","floor":38,"gold_loss":0}],"is_beta":false,"boss_relics":[{"not_picked":["halation:PlatinumPhoenix","Calling Bell"],"picked":"Sozu"},{"not_picked":["CCEMRelics:ReaperScythe","Runic Pyramid"],"picked":"mysticmod:BlessedBook"}],"items_purged_floors":[],"is_endless":true,"potions_floor_spawned":[4,12,14,16,20,28,30,33,41],"killed_by":"Nemesis","ascension_level":0}}