{"host":"xg4r5pv6chpuampg","time":1612259224,"event":{"mods":["AchievementEnabler","BaseMod","Googly Eyes","Minty Spire (QoL Compilation)"],"gold_per_floor":[119,95,110,110,10,10,41,67,67,67,81,112,112,187,187,291,291,306,221,232,29,29,54,9,9,9,23,39,39,53,79,79,182,182,200,200,200,210,225,225,0,0,0,0,15,15,15,25,25,25,25],"floor_reached":50,"language":"ENG","playtime":3021,"items_purged":[],"score":611,"play_id":"e366578e-007c-4f92-bd9c-6f063de54cf9","local_time":"20210202124704","is_ascension_mode":false,"campfire_choices":[{"data":"PiercingWail","floor":6,"key":"SMITH"},{"floor":15,"key":"REST"},{"floor":25,"key":"REST"},{"floor":29,"key":"REST"},{"floor":32,"key":"REST"},{"floor":40,"key":"REST"},{"data":"Infinite Blades","floor":42,"key":"SMITH"},{"data":"Accuracy","floor":44,"key":"SMITH"},{"data":"Blade Dance","floor":46,"key":"SMITH"},{"floor":49,"key":"REST"}],"circlet_count":0,"master_deck":["Strike_G","Strike_G","Strike_G","Defend_G","Defend_G","Defend_G","Defend_G","Defend_G","Survivor","Neutralize","Prepared","PiercingWail","Quick Slash","Catalyst","PiercingWail+1","Accuracy+1","Blade Dance","Noxious Fumes","Die Die Die","Corpse Explosion","Bouncing Flask+1","Blade Dance","Bane","Blade Dance+1","Crippling Poison+1","Deadly Poison","Terror","Infinite Blades+1","Distraction","Envenom","Grand Finale","Finisher+1","Madness","Madness","Panache","Terror+1","Backstab","Cloak And Dagger+1","Blade Dance+1"],"relics":["Ring of the Snake","NeowsBlessing","Mummified Hand","FossilizedHelix","Odd Mushroom","Letter Opener","Calipers","InkBottle","HoveringKite","Pear","Orichalcum","Meat on the Bone","Bottled Flame","Incense Burner","Empty Cage","Red Mask","Bag of Preparation"],"acts_visited":["Exordium","TheCity","TheBeyond"],"potions_floor_usage":[12,16,16,33,33,33,50,50],"damage_taken":[{"damage":0,"enemies":"Small Slimes","floor":1,"turns":1},{"damage":0,"enemies":"2 Louse","floor":3,"turns":1},{"damage":0,"enemies":"Lagavulin","floor":7,"turns":1},{"damage":15,"enemies":"The Mushroom Lair","floor":8,"turns":7},{"damage":0,"enemies":"Jaw Worm","floor":11,"turns":2},{"damage":0,"enemies":"Gremlin Nob","floor":12,"turns":3},{"damage":21,"enemies":"Slime Boss","floor":16,"turns":12},{"damage":9,"enemies":"3 Byrds","floor":18,"turns":3},{"damage":2,"enemies":"Shell Parasite","floor":20,"turns":4},{"damage":33,"enemies":"Gremlin Leader","floor":23,"turns":7},{"damage":0,"enemies":"Cultist and Chosen","floor":27,"turns":4},{"damage":3,"enemies":"Shelled Parasite and Fungi","floor":28,"turns":5},{"damage":14,"enemies":"Snake Plant","floor":30,"turns":4},{"damage":38,"enemies":"Slavers","floor":31,"turns":4},{"damage":44,"enemies":"Collector","floor":33,"turns":7},{"damage":10,"enemies":"3 Shapes","floor":35,"turns":3},{"damage":0,"enemies":"3 Darklings","floor":38,"turns":3},{"damage":30,"enemies":"4 Shapes","floor":39,"turns":4},{"damage":0,"enemies":"Transient","floor":45,"turns":5},{"damage":0,"enemies":"3 Darklings","floor":48,"turns":3},{"damage":94,"enemies":"Awakened One","floor":50,"turns":8}],"seed_played":"-2865911199417410930","potions_obtained":[{"floor":7,"key":"CunningPotion"},{"floor":8,"key":"LiquidBronze"},{"floor":11,"key":"Block Potion"},{"floor":18,"key":"Strength Potion"},{"floor":27,"key":"FearPotion"},{"floor":30,"key":"Strength Potion"},{"floor":35,"key":"CunningPotion"},{"floor":38,"key":"Swift Potion"}],"is_trial":false,"path_per_floor":["M","$","M","?","$","R","E","?","T","T","M","E","?","?","R","B",null,"M","?","M","$","?","E","$","R","T","M","M","R","M","E","R","B",null,"M","?","?","M","M","R","?","R","T","R","M","R","$","M","R","B"],"character_chosen":"THE_SILENT","items_purchased":["PiercingWail","Catalyst","PiercingWail","Orichalcum","Bane","Deadly Poison"],"campfire_rested":6,"item_purchase_floors":[2,5,5,21,21,24],"current_hp_per_floor":[70,70,70,63,63,63,63,48,48,48,48,48,48,37,58,37,70,61,71,69,69,69,36,36,60,60,60,57,80,66,40,64,32,80,70,60,60,60,42,66,66,66,66,66,66,66,66,66,80,0,0],"gold":25,"neow_bonus":"THREE_ENEMY_KILL","is_daily":false,"chose_seed":false,"campfire_upgraded":4,"win_rate":0.0,"timestamp":1612259224,"path_taken":["M","$","M","?","$","R","E","?","T","?","?","E","?","?","R","BOSS","M","?","M","$","?","E","?","R","T","?","M","R","?","E","R","BOSS","M","?","?","?","M","R","?","R","T","R","M","R","$","M","R","BOSS"],"items_purchased_type":["Card","Card","Card","Relic","Card","Card"],"build_version":"2020-12-22","purchased_purges":0,"victory":false,"max_hp_per_floor":[70,70,70,70,70,70,70,70,70,70,70,70,70,70,70,70,70,70,80,80,80,80,80,80,80,80,80,80,80,80,80,80,80,80,80,80,80,80,80,80,80,80,80,80,80,80,80,80,80,80,80],"card_choices":[{"not_picked":["Footwork","Cloak And Dagger"],"picked":"Prepared","floor":1},{"not_picked":["Accuracy","Dash"],"picked":"Quick Slash","floor":3},{"not_picked":["Dash","Dagger Spray"],"picked":"Accuracy","floor":7},{"not_picked":["Riddle With Holes","Deadly Poison"],"picked":"Blade Dance","floor":8},{"not_picked":["Eviscerate","Reflex"],"picked":"Noxious Fumes","floor":11},{"not_picked":["Dash","PiercingWail"],"picked":"Die Die Die","floor":12},{"not_picked":["Burst","Phantasmal Killer"],"picked":"Corpse Explosion","floor":16},{"not_picked":["Quick Slash","Deadly Poison+1"],"picked":"Bouncing Flask+1","floor":18},{"not_picked":["Poisoned Stab","Quick Slash"],"picked":"Blade Dance","floor":20},{"not_picked":["Dagger Spray","Setup"],"picked":"Crippling Poison+1","floor":23},{"not_picked":["Quick Slash","Deadly Poison"],"picked":"Terror","floor":27},{"not_picked":["Acrobatics+1","Escape Plan"],"picked":"Infinite Blades","floor":28},{"not_picked":["Dagger Throw","Heel Hook"],"picked":"Distraction","floor":30},{"not_picked":["Calculated Gamble","Heel Hook"],"picked":"Envenom","floor":31},{"not_picked":["Die Die Die","Doppelganger"],"picked":"Grand Finale","floor":33},{"not_picked":["Prepared","Dagger Spray+1"],"picked":"Finisher+1","floor":35},{"not_picked":["Trip","Bandage Up"],"picked":"Panache","floor":37},{"not_picked":["Reflex+1","Deflect"],"picked":"Terror+1","floor":38},{"not_picked":["Prepared+1","Flying Knee+1"],"picked":"Backstab","floor":39},{"not_picked":["Bane+1","Flying Knee+1"],"picked":"Cloak And Dagger+1","floor":45},{"not_picked":["Quick Slash","Choke"],"picked":"Blade Dance+1","floor":48}],"player_experience":46760,"relics_obtained":[{"floor":7,"key":"FossilizedHelix"},{"floor":8,"key":"Odd Mushroom"},{"floor":9,"key":"Letter Opener"},{"floor":10,"key":"Calipers"},{"floor":12,"key":"InkBottle"},{"floor":23,"key":"Meat on the Bone"},{"floor":26,"key":"Bottled Flame"},{"floor":31,"key":"Incense Burner"},{"floor":43,"key":"Bag of Preparation"}],"event_choices":[{"damage_healed":0,"gold_gain":0,"player_choice":"Success","damage_taken":7,"relics_obtained":["Mummified Hand"],"max_hp_gain":0,"max_hp_loss":0,"event_name":"Scrap Ooze","floor":4,"gold_loss":0},{"damage_healed":0,"gold_gain":0,"player_choice":"Fought Mushrooms","damage_taken":0,"max_hp_gain":0,"max_hp_loss":0,"event_name":"Mushrooms","floor":8,"gold_loss":0},{"damage_healed":0,"gold_gain":0,"player_choice":"Ignored","damage_taken":0,"max_hp_gain":0,"max_hp_loss":0,"event_name":"Golden Idol","floor":13,"gold_loss":0},{"damage_healed":0,"gold_gain":75,"player_choice":"Gather Gold","damage_taken":11,"max_hp_gain":0,"max_hp_loss":0,"event_name":"World of Goop","floor":14,"gold_loss":0},{"damage_healed":0,"gold_gain":0,"player_choice":"Obtained Relic","damage_taken":0,"relics_obtained":["Pear"],"max_hp_gain":0,"max_hp_loss":0,"event_name":"Addict","floor":19,"gold_loss":85},{"damage_healed":0,"gold_gain":0,"player_choice":"Read","damage_taken":0,"max_hp_gain":0,"max_hp_loss":0,"event_name":"The Library","floor":22,"gold_loss":0,"cards_obtained":["Blade Dance"]},{"damage_healed":0,"gold_gain":0,"player_choice":"Embrace Madness","damage_taken":10,"max_hp_gain":0,"max_hp_loss":0,"event_name":"Winding Halls","floor":36,"gold_loss":0,"cards_obtained":["Madness","Madness"]},{"damage_healed":0,"gold_gain":0,"player_choice":"Memory 1","damage_taken":0,"max_hp_gain":0,"max_hp_loss":0,"event_name":"SensoryStone","floor":37,"gold_loss":0},{"damage_healed":0,"gold_gain":0,"player_choice":"Paid","damage_taken":0,"relics_obtained":["Red Mask"],"max_hp_gain":0,"max_hp_loss":0,"event_name":"Tomb of Lord Red Mask","floor":41,"gold_loss":225}],"is_beta":false,"boss_relics":[{"not_picked":["Astrolabe","Coffee Dripper"],"picked":"HoveringKite"},{"not_picked":["Runic Dome","Runic Pyramid"],"picked":"Empty Cage"}],"items_purged_floors":[],"is_endless":false,"potions_floor_spawned":[7,8,11,18,27,30,35,38],"killed_by":"Awakened One","ascension_level":0}}