{"host":"tq6qmx9nj4kgfpqr","time":1612277081,"event":{"mods":["AchievementEnabler","Bard","BaseMod","Bestiary","Better Match","Better Third Choice","ChefMod","Colored Map","Colored Powertips","Gremlin Skip","Hermit","Minty Spire (QoL Compilation)","Quarter Circle Forward PUNCH!","Quick Restart","READ ME - Guardian Mod","Somnambulant","StSLib","The Bladedancer","The Blue Laboratory","The Construct","The Cursed","The Juggle","The Poker Player","The Sage"],"gold_per_floor":[118,136,136,113,5,39,67,92,117,117,69,97,97,128,128,225,225,236,246,91,14,14,43,43,83,131,169,213,268,318,364,376,488,500,523,552,564,576,588,633,678,722,734,771,783,826,321,367,367,367],"floor_reached":51,"language":"ENG","playtime":4418,"items_purged":["Intimidate"],"score":1557,"play_id":"58a3d12e-8897-4cc6-a2a7-47f8ee03f6fa","local_time":"20210202094441","daily_mods":["SealedDeck","Heirloom","Time Dilation","Flight","DeadlyEvents","Elite Swarm"],"is_ascension_mode":false,"campfire_choices":[{"data":"Feed","floor":10.0,"key":"SMITH"},{"data":"Feed","floor":13.0,"key":"SMITH"},{"data":"Armaments","floor":15.0,"key":"SMITH"},{"data":"Barricade","floor":24.0,"key":"SMITH"},{"data":"Armaments","floor":32.0,"key":"SMITH"},{"floor":45,"key":"REST"},{"data":"Thinking Ahead","floor":49,"key":"SMITH"}],"circlet_count":0,"master_deck":["Heavy Blade","Flex","Flex","Iron Wave","Iron Wave+1","Entrench+1","Armaments+1","Flex","Flex","Armaments+1","Offering","Offering","Feed+1","Anger+1","Feed+1","Brutality+1","Barricade+1","Exhume","Exhume","Limit Break","Thinking Ahead+1","Madness"],"relics":["Burning Blood","Unceasing Top","Oddly Smooth Stone","Regal Pillow","Pen Nib","Self Forming Clay","Nunchaku","Darkstone Periapt","Anchor","qcfpunch:Dark_Gi","Membership Card","Vajra","Champion Belt","CeramicFish","MawBank","Strawberry","qcfpunch:White_Boots","Whetstone","Letter Opener","Bottled Lightning","Busted Crown","Pantograph","Du-Vu Doll","Toy Ornithopter","Blue Candle","Ornamental Fan","Art of War","Paper Frog","Brimstone","qcfpunch:Red_Gi","Lizard Tail"],"acts_visited":["Exordium","TheCity","TheBeyond"],"potions_floor_usage":[46,50,50,50],"damage_taken":[{"damage":0.0,"enemies":"Jaw Worm","floor":1.0,"turns":1.0},{"damage":3.0,"enemies":"Small Slimes","floor":2.0,"turns":4.0},{"damage":12.0,"enemies":"Lagavulin","floor":6.0,"turns":6.0},{"damage":9.0,"enemies":"Gremlin Nob","floor":7.0,"turns":3.0},{"damage":15.0,"enemies":"3 Sentries","floor":8.0,"turns":8.0},{"damage":6.0,"enemies":"Gremlin Nob","floor":12.0,"turns":1.0},{"damage":12.0,"enemies":"Lagavulin","floor":14.0,"turns":1.0},{"damage":12.0,"enemies":"Slime Boss","floor":16.0,"turns":2.0},{"damage":6.0,"enemies":"Chosen","floor":18.0,"turns":1.0},{"damage":12.0,"enemies":"Shell Parasite","floor":19.0,"turns":1.0},{"damage":6.0,"enemies":"Slavers","floor":23.0,"turns":1.0},{"damage":23.0,"enemies":"Book of Stabbing","floor":25.0,"turns":12.0},{"damage":13.0,"enemies":"Slavers","floor":27.0,"turns":2.0},{"damage":18.0,"enemies":"Book of Stabbing","floor":28.0,"turns":1.0},{"damage":7.0,"enemies":"Slavers","floor":29.0,"turns":2.0},{"damage":18.0,"enemies":"Gremlin Leader","floor":30.0,"turns":1.0},{"damage":12.0,"enemies":"Slavers","floor":31.0,"turns":1.0},{"damage":19.0,"enemies":"Automaton","floor":33.0,"turns":2.0},{"damage":6,"enemies":"Orb Walker","floor":35,"turns":1},{"damage":12,"enemies":"3 Darklings","floor":36,"turns":1},{"damage":14,"enemies":"Giant Head","floor":40,"turns":3},{"damage":12,"enemies":"Nemesis","floor":41,"turns":1},{"damage":24,"enemies":"Giant Head","floor":42,"turns":1},{"damage":18,"enemies":"Reptomancer","floor":44,"turns":1},{"damage":24,"enemies":"Giant Head","floor":46,"turns":1},{"damage":12,"enemies":"2 Orb Walkers","floor":48,"turns":1},{"damage":65,"enemies":"Time Eater","floor":50,"turns":3}],"seed_played":"-2274923109969467109","potions_obtained":[{"floor":7.0,"key":"blueLaboratory:HorrorPotion"},{"floor":8.0,"key":"DuplicationPotion"},{"floor":12.0,"key":"blueLaboratory:ArtificerPotion"},{"floor":14.0,"key":"blueLaboratory:RememoryPotion"},{"floor":25.0,"key":"Weak Potion"},{"floor":27.0,"key":"Block Potion"},{"floor":30.0,"key":"blueLaboratory:SmithPotion"},{"floor":42,"key":"SteroidPotion"}],"is_trial":true,"path_per_floor":["M","M","?","$","?","E","E","E","T","R","$","E","R","E","R","B",null,"M","M","$","$","?","E","R","E","T","E","E","E","E","E","R","B",null,"M","M","$","?","$","E","E","E","T","E","R","E","$","?","R","B",null],"character_chosen":"IRONCLAD","items_purchased":["Armaments","Anger","Membership Card","Vajra","Paper Frog","Brimstone","SteroidPotion","qcfpunch:Red_Gi","Thinking Ahead","Madness"],"campfire_rested":1,"item_purchase_floors":[4,11,20,21,47,47,47,47,47,47],"current_hp_per_floor":[80,80,80,80,80,74,71,62,62,62,62,66,66,64,64,62,60,64,62,62,62,62,70,70,57,57,65,57,68,60,62,62,53,127,131,129,129,129,129,125,123,109,109,101,151,142,142,144,144,121],"gold":367,"neow_bonus":"","is_daily":false,"chose_seed":false,"campfire_upgraded":6,"win_rate":0.0,"timestamp":1612277081,"path_taken":["M","M","?","$","?","E","E","E","T","R","$","E","R","E","R","BOSS","M","M","$","$","?","E","R","E","T","?","E","E","E","E","R","BOSS","M","M","$","?","$","E","E","E","T","E","R","E","$","?","R","BOSS"],"items_purchased_type":["Card","Card","Relic","Relic","Relic","Relic","Potion","Relic","Card","Card"],"build_version":"2020-12-22","purchased_purges":1,"victory":true,"max_hp_per_floor":[80,80,80,80,80,80,80,80,80,80,80,84,84,88,88,92,60,64,68,68,68,68,76,76,80,80,95,99,111,115,123,123,127,127,131,135,135,135,135,139,143,147,147,151,151,155,155,163,163,167],"card_choices":[{"not_picked":["Pommel Strike","Sword Boomerang","Fire Breathing"],"picked":"SKIP","floor":1.0},{"not_picked":["True Grit","Twin Strike","Warcry"],"picked":"SKIP","floor":2.0},{"not_picked":["Demon Form","Corruption"],"picked":"Offering","floor":6.0},{"not_picked":["Exhume","Juggernaut"],"picked":"Offering","floor":7.0},{"not_picked":["Juggernaut","Impervious"],"picked":"Feed","floor":8.0},{"not_picked":["Juggernaut","Double Tap"],"picked":"Feed","floor":12.0},{"not_picked":["Corruption","Bludgeon","Reaper"],"picked":"SKIP","floor":14.0},{"not_picked":["Reaper","Offering"],"picked":"Brutality","floor":16.0},{"not_picked":["Armaments","True Grit","Spot Weakness"],"picked":"SKIP","floor":18.0},{"not_picked":["Uppercut","Pommel Strike+1","Perfected Strike"],"picked":"SKIP","floor":19.0},{"not_picked":["Fiend Fire","Impervious"],"picked":"Barricade","floor":23.0},{"not_picked":["Double Tap","Bludgeon"],"picked":"Exhume","floor":25.0},{"not_picked":["Feed","Bludgeon","Barricade"],"picked":"SKIP","floor":27.0},{"not_picked":["Barricade","Brutality","Berserk"],"picked":"SKIP","floor":28.0},{"not_picked":["Impervious","Juggernaut"],"picked":"Exhume","floor":29.0},{"not_picked":["Reaper","Double Tap"],"picked":"Limit Break","floor":30.0},{"not_picked":["Feed","Reaper","Corruption"],"picked":"SKIP","floor":31.0},{"not_picked":["Feed","Reaper","Corruption"],"picked":"SKIP","floor":31.0},{"not_picked":["Shockwave+1"],"picked":"SKIP","floor":35},{"not_picked":["Heavy Blade"],"picked":"SKIP","floor":36},{"not_picked":["Corruption"],"picked":"SKIP","floor":40},{"not_picked":["Limit Break"],"picked":"SKIP","floor":41},{"not_picked":["Demon Form"],"picked":"SKIP","floor":42},{"not_picked":["Fiend Fire"],"picked":"SKIP","floor":44},{"not_picked":["Immolate"],"picked":"SKIP","floor":46}],"player_experience":232408,"relics_obtained":[{"floor":6.0,"key":"Regal Pillow"},{"floor":7.0,"key":"Pen Nib"},{"floor":8.0,"key":"Self Forming Clay"},{"floor":9.0,"key":"Nunchaku"},{"floor":12.0,"key":"Darkstone Periapt"},{"floor":14.0,"key":"Anchor"},{"floor":23.0,"key":"Champion Belt"},{"floor":25.0,"key":"CeramicFish"},{"floor":26.0,"key":"MawBank"},{"floor":27.0,"key":"Strawberry"},{"floor":28.0,"key":"qcfpunch:White_Boots"},{"floor":29.0,"key":"Whetstone"},{"floor":30.0,"key":"Letter Opener"},{"floor":31.0,"key":"Bottled Lightning"},{"floor":40,"key":"Pantograph"},{"floor":41,"key":"Du-Vu Doll"},{"floor":42,"key":"Toy Ornithopter"},{"floor":43,"key":"Blue Candle"},{"floor":44,"key":"Ornamental Fan"},{"floor":46,"key":"Art of War"},{"floor":48,"key":"Lizard Tail"}],"event_choices":[{"damage_healed":0.0,"max_hp_gain":0.0,"max_hp_loss":0.0,"gold_gain":0.0,"event_name":"Living Wall","player_choice":"Grow","floor":3.0,"gold_loss":0.0,"damage_taken":0.0,"cards_upgraded":["Entrench"]},{"damage_healed":0.0,"max_hp_gain":0.0,"max_hp_loss":0.0,"gold_gain":0.0,"event_name":"WeMeetAgain","player_choice":"Paid Gold","floor":5.0,"gold_loss":108.0,"damage_taken":0.0,"relics_obtained":["Oddly Smooth Stone"]},{"damage_healed":0.0,"max_hp_gain":0.0,"max_hp_loss":0.0,"gold_gain":0.0,"event_name":"Upgrade Shrine","player_choice":"Upgraded","floor":22.0,"gold_loss":0.0,"damage_taken":0.0,"cards_upgraded":["Brutality"]},{"damage_healed":0,"gold_gain":0,"player_choice":"Ignored","damage_taken":0,"max_hp_gain":0,"max_hp_loss":0,"event_name":"Tomb of Lord Red Mask","floor":38,"gold_loss":0},{"damage_healed":0,"gold_gain":0,"player_choice":"Fight","damage_taken":0,"max_hp_gain":0,"max_hp_loss":0,"event_name":"Mysterious Sphere","floor":48,"gold_loss":0}],"is_beta":false,"boss_relics":[{"not_picked":["Fusion Hammer","Runic Pyramid"],"picked":"qcfpunch:Dark_Gi"},{"not_picked":["SacredBark","qcfpunch:Killian_Engine_Alpha"],"picked":"Busted Crown"}],"items_purged_floors":[47],"is_endless":false,"potions_floor_spawned":[7,8,12,14,18,25,27,28,30,36,41,42,44],"ascension_level":0}}