{"host":"wuernuywc9gl215o","time":1612293056,"event":{"mods":["AchievementEnabler","BaseMod","Block Reminder","Highlight Path","Key Reminder","Minty Spire (QoL Compilation)","Permanent Neow","Potion Indicator Mod","Quick Restart","Relic Stats"],"gold_per_floor":[119,131,131,143,143,181,15,54,77,107,119,149,161,191,203,215,215],"floor_reached":16,"language":"ENG","playtime":742,"items_purged":[],"score":224,"play_id":"384cd615-c976-4875-9402-80f85c793819","local_time":"20210202191056","is_ascension_mode":true,"campfire_choices":[{"floor":11.0,"key":"REST"},{"data":"Whirlwind","floor":13.0,"key":"SMITH"},{"floor":15.0,"key":"REST"}],"circlet_count":0,"master_deck":["AscendersBane","Strike_R","Strike_R","Strike_R","Strike_R","Strike_R","Defend_R","Defend_R","Defend_R","Defend_R","Bash","Ghostly Armor","Whirlwind+1","Armaments","True Grit","Offering","Second Wind","Headbutt","Spot Weakness"],"relics":["Mark of Pain","Golden Idol","Boot","ClockworkSouvenir","Tiny Chest","MawBank"],"acts_visited":["Exordium"],"potions_floor_usage":[16],"damage_taken":[{"damage":4.0,"enemies":"Jaw Worm","floor":1.0,"turns":4.0},{"damage":0.0,"enemies":"2 Louse","floor":2.0,"turns":3.0},{"damage":0.0,"enemies":"Small Slimes","floor":4.0,"turns":4.0},{"damage":12.0,"enemies":"Lagavulin","floor":6.0,"turns":6.0},{"damage":22.0,"enemies":"3 Sentries","floor":8.0,"turns":8.0},{"damage":8.0,"enemies":"Blue Slaver","floor":10.0,"turns":3.0},{"damage":6.0,"enemies":"Exordium Thugs","floor":12.0,"turns":5.0},{"damage":28.0,"enemies":"Gremlin Gang","floor":14.0,"turns":3.0},{"damage":45,"enemies":"Slime Boss","floor":16,"turns":8}],"seed_played":"-1495631459467787633","potions_obtained":[{"floor":1.0,"key":"DuplicationPotion"},{"floor":2.0,"key":"Dexterity Potion"},{"floor":6.0,"key":"PowerPotion"},{"floor":10.0,"key":"DistilledChaos"},{"floor":14.0,"key":"Strength Potion"}],"is_trial":false,"path_per_floor":["M","M","?","M","?","E","$","E","T","M","R","M","R","M","R","B"],"character_chosen":"IRONCLAD","items_purchased":["ClockworkSouvenir"],"campfire_rested":2,"item_purchase_floors":[7],"current_hp_per_floor":[64,64,69,69,69,57,57,35,35,27,48,42,42,14,35,0,0],"gold":215,"neow_bonus":"BOSS_RELIC","is_daily":false,"chose_seed":false,"campfire_upgraded":1,"win_rate":0.0,"timestamp":1612293056,"path_taken":["M","M","?","M","?","E","?","E","T","M","R","M","R","M","R","BOSS"],"items_purchased_type":["Relic"],"build_version":"2020-12-22","purchased_purges":0,"victory":false,"max_hp_per_floor":[75,75,80,80,72,72,72,72,72,72,72,72,72,72,72,72,72],"relic_stats":{"counters":[9,44],"Golden Idol":28,"Tiny Chest":0,"Boot":[4],"MawBank":84,"obtain_stats":[{"Golden Idol":5,"Tiny Chest":8,"Mark of Pain":0,"Boot":6,"MawBank":9,"Burning Blood":0,"ClockworkSouvenir":7},{"Golden Idol":3,"Tiny Chest":5,"Mark of Pain":0,"Boot":4,"MawBank":5,"Burning Blood":0,"ClockworkSouvenir":4},{"Golden Idol":11,"Tiny Chest":25,"Mark of Pain":0,"Boot":17,"MawBank":25,"Burning Blood":0,"ClockworkSouvenir":17}]},"card_choices":[{"not_picked":["Body Slam","Bloodletting"],"picked":"Ghostly Armor","floor":1.0},{"not_picked":["True Grit","Sword Boomerang"],"picked":"Whirlwind","floor":2.0},{"not_picked":["Warcry","Infernal Blade"],"picked":"Armaments","floor":4.0},{"not_picked":["Warcry","Body Slam"],"picked":"True Grit","floor":6.0},{"not_picked":["Blood for Blood","Shrug It Off"],"picked":"Offering","floor":8.0},{"not_picked":["Cleave","Clash"],"picked":"Second Wind","floor":10.0},{"not_picked":["Second Wind","Intimidate"],"picked":"Headbutt","floor":12.0},{"not_picked":["Clash","Shrug It Off"],"picked":"Spot Weakness","floor":14.0}],"player_experience":782519,"relics_obtained":[{"floor":6.0,"key":"Boot"},{"floor":8.0,"key":"Tiny Chest"},{"floor":9.0,"key":"MawBank"}],"event_choices":[{"damage_healed":0.0,"max_hp_gain":5.0,"max_hp_loss":0.0,"gold_gain":0.0,"event_name":"Big Fish","player_choice":"Donut","floor":3.0,"gold_loss":0.0,"damage_taken":0.0},{"damage_healed":0.0,"max_hp_gain":0.0,"max_hp_loss":8.0,"gold_gain":0.0,"event_name":"Golden Idol","player_choice":"Lose Max HP","floor":5.0,"gold_loss":0.0,"damage_taken":0.0,"relics_obtained":["Golden Idol"]}],"is_beta":false,"boss_relics":[],"items_purged_floors":[],"is_endless":false,"potions_floor_spawned":[1,2,6,10,14],"killed_by":"Slime Boss","ascension_level":20}}