{"host":"Aki","time":1612247540,"event":{"mods":["ATMod(°¢èªMod)","BaseMod","Challenge The Spire","Custom Start","DeckTracker","Minty Spire (QoL Compilation)","Quick Restart","StSLib"],"gold_per_floor":[111,126,126,139,157,157,183,198,198,198,273,303,313,238,238,343,343,354,354,374,374,289,289,289],"floor_reached":23,"language":"ZHS","playtime":557,"items_purged":["Strike_P"],"score":231,"play_id":"00968986-f71a-4145-95e1-8d347d283a0b","local_time":"20210202143220","is_ascension_mode":true,"campfire_choices":[{"data":"Eruption","floor":6.0,"key":"SMITH"},{"data":"AT_WindFlip","floor":15.0,"key":"SMITH"}],"circlet_count":0,"master_deck":["Strike_P","Strike_P","Strike_P+1","Defend_P","Defend_P","Defend_P","Defend_P","Eruption+1","Vigilance","AT_WindFlip+1","BowlingBash","WheelKick","Crescendo","Halt","Wallop","LessonLearned","Wallop"],"relics":["AT_ATBox","Runic Dome","Nunchaku","AT_BellowingDragoncrestRing","Bag of Marbles","Velvet Choker","Eternal Feather"],"acts_visited":["Exordium","TheCity"],"potions_floor_usage":[],"damage_taken":[{"damage":2.0,"enemies":"Jaw Worm","floor":1.0,"turns":3.0},{"damage":0.0,"enemies":"Cultist","floor":2.0,"turns":2.0},{"damage":0.0,"enemies":"2 Louse","floor":4.0,"turns":1.0},{"damage":0.0,"enemies":"Gremlin Gang","floor":5.0,"turns":1.0},{"damage":12.0,"enemies":"Lagavulin","floor":7.0,"turns":5.0},{"damage":0.0,"enemies":"Looter","floor":8.0,"turns":2.0},{"damage":18.0,"enemies":"3 Sentries","floor":12.0,"turns":3.0},{"damage":4.0,"enemies":"3 Louse","floor":13.0,"turns":2.0},{"damage":8.0,"enemies":"Hexaghost","floor":16.0,"turns":5.0},{"damage":1.0,"enemies":"3 Byrds","floor":18.0,"turns":3.0},{"damage":0.0,"enemies":"2 Thieves","floor":20.0,"turns":2.0},{"damage":66,"enemies":"Gremlin Leader","floor":23,"turns":4}],"seed_played":"-4136495337595484847","potions_obtained":[{"floor":2.0,"key":"Regen Potion"},{"floor":4.0,"key":"SteroidPotion"},{"floor":8.0,"key":"StancePotion"},{"floor":12.0,"key":"ColorlessPotion"},{"floor":18.0,"key":"LiquidMemories"}],"is_trial":false,"path_per_floor":["M","M","?","M","M","R","E","M","T","T","?","E","M","$","R","B",null,"M","?","M","?","?","E"],"character_chosen":"WATCHER","items_purchased":[],"campfire_rested":0,"item_purchase_floors":[],"current_hp_per_floor":[70,70,70,70,70,70,58,58,58,58,47,29,25,25,25,17,72,71,71,71,58,58,0,0],"gold":289,"neow_bonus":"BOSS_RELIC","is_daily":false,"chose_seed":false,"campfire_upgraded":2,"win_rate":0.0,"timestamp":1612247540,"path_taken":["M","M","?","?","?","R","E","?","T","?","?","E","M","$","R","BOSS","M","?","?","?","?","E"],"items_purchased_type":[],"build_version":"2020-12-18","purchased_purges":1,"victory":false,"max_hp_per_floor":[72,72,72,72,72,72,72,72,72,72,72,72,72,72,72,72,72,72,72,72,77,77,77,77],"card_choices":[{"not_picked":["ClearTheMind","InnerPeace"],"picked":"BowlingBash","floor":1.0},{"not_picked":["Protect","BowlingBash"],"picked":"WheelKick","floor":2.0},{"not_picked":["BowlingBash","Weave"],"picked":"Halt","floor":4.0},{"not_picked":["Perseverance","BattleHymn","Meditate"],"picked":"SKIP","floor":5.0},{"not_picked":["BowlingBash","CrushJoints","PathToVictory"],"picked":"SKIP","floor":7.0},{"not_picked":["EmptyBody","ClearTheMind","Alpha"],"picked":"SKIP","floor":8.0},{"not_picked":["Prostrate","Collect","ThirdEye"],"picked":"SKIP","floor":12.0},{"not_picked":["PathToVictory","Nirvana"],"picked":"Wallop","floor":13.0},{"not_picked":["DevaForm","AT_MachinaRedman"],"picked":"LessonLearned","floor":16.0},{"not_picked":["AT_DivineConfetti","DeceiveReality","EmptyBody"],"picked":"SKIP","floor":18.0},{"not_picked":["Nirvana","Evaluate","MentalFortress"],"picked":"SKIP","floor":20.0}],"player_experience":30348,"relics_obtained":[{"floor":7.0,"key":"Nunchaku"},{"floor":10.0,"key":"AT_BellowingDragoncrestRing"},{"floor":12.0,"key":"Bag of Marbles"}],"event_choices":[{"damage_healed":0.0,"max_hp_gain":0.0,"max_hp_loss":0.0,"gold_gain":0.0,"event_name":"Match and Keep!","player_choice":"1 cards matched","floor":3.0,"gold_loss":0.0,"damage_taken":0.0,"cards_obtained":["Crescendo"]},{"damage_healed":0.0,"max_hp_gain":0.0,"max_hp_loss":0.0,"gold_gain":75.0,"event_name":"World of Goop","player_choice":"Gather Gold","floor":11.0,"gold_loss":0.0,"damage_taken":11.0},{"damage_healed":0.0,"max_hp_gain":0.0,"max_hp_loss":0.0,"gold_gain":0.0,"event_name":"Duplicator","player_choice":"Copied","floor":19.0,"gold_loss":0.0,"damage_taken":0.0,"cards_obtained":["Wallop"]},{"damage_healed":0.0,"max_hp_gain":5.0,"max_hp_loss":0.0,"gold_gain":0.0,"event_name":"Forgotten Altar","player_choice":"Shed Blood","floor":21.0,"gold_loss":0.0,"damage_taken":18.0},{"damage_healed":0.0,"max_hp_gain":0.0,"max_hp_loss":0.0,"gold_gain":0.0,"event_name":"Addict","player_choice":"Obtained Relic","floor":22.0,"gold_loss":85.0,"damage_taken":0.0,"relics_obtained":["Eternal Feather"]}],"is_beta":true,"boss_relics":[{"not_picked":["AT_MortalBlade","Astrolabe"],"picked":"Velvet Choker"}],"items_purged_floors":[14],"is_endless":false,"potions_floor_spawned":[2,4,8,12,18,20],"killed_by":"Gremlin Leader","ascension_level":3}}