{"host":"2l3i55whvwk76mom","time":1612242208,"event":{"mods":["BaseMod","Googly Eyes","Hermit","Hubris","Minty Spire (QoL Compilation)","Replay The Spire","StSLib","The Cursed","The Disciple","The Hierophant","The Jungle","The Necromancer"],"gold_per_floor":[113,288,288,303,320,320,346,363,411,411,426,426,22,36,36,133,133,144,163,173,242,217,217,217],"floor_reached":23,"language":"ENG","playtime":790,"items_purged":["Doubt"],"score":280,"play_id":"7c99a03e-1b22-4f34-ba38-915bb8390933","local_time":"20210201210328","is_ascension_mode":true,"campfire_choices":[{"data":"ReplayTheSpireMod:Limb From Limb","floor":6,"key":"SMITH"},{"floor":12,"key":"REST"},{"floor":15,"key":"REST"}],"circlet_count":0,"master_deck":["Strike_R","Strike_R","Strike_R","Strike_R","Strike_R","Defend_R","Defend_R","Defend_R","Defend_R","Bash+1","Wild Strike","ReplayTheSpireMod:Limb From Limb+1","Fire Breathing","Thunderclap","ReplayTheSpireMod:LeadingStrike","Sword Boomerang","Fire Breathing","Spot Weakness","ReplayTheSpireMod:Stacked","Replay:Many Hands+1","Headbutt+1","Twin Strike","Double Tap"],"relics":["Electric Blood","ReplayTheSpireMod:Shallot","Oddly Smooth Stone","SsserpentHead","hubris:DeckOfHolding","hubris:Backtick","TungstenRod"],"acts_visited":["Exordium","TheCity"],"potions_floor_usage":[18,19,19],"damage_taken":[{"damage":5,"enemies":"2 Louse","floor":1,"turns":3},{"damage":10,"enemies":"Small Slimes","floor":4,"turns":3},{"damage":3,"enemies":"Cultist","floor":5,"turns":2},{"damage":12,"enemies":"Gremlin Nob","floor":7,"turns":3},{"damage":4,"enemies":"Blue Slaver","floor":8,"turns":2},{"damage":3,"enemies":"Red Slaver","floor":11,"turns":1},{"damage":4,"enemies":"Gremlin Gang","floor":14,"turns":3},{"damage":56,"enemies":"Fading Forest","floor":16,"turns":11},{"damage":9,"enemies":"3 Byrds","floor":18,"turns":4},{"damage":10,"enemies":"2 Thieves","floor":19,"turns":4},{"damage":33,"enemies":"Snake Plant","floor":21,"turns":4},{"damage":16,"enemies":"Book of Stabbing","floor":23,"turns":3}],"seed_played":"1788355919882239371","potions_obtained":[{"floor":7,"key":"Flashbang"},{"floor":14,"key":"Dexterity Potion"},{"floor":16,"key":"FearPotion"},{"floor":18,"key":"LifebloodPotion"}],"is_trial":false,"path_per_floor":["M","?","?","M","M","R","E","M","T","?","M","R","$","M","R","B",null,"M","M","?","M","$","E"],"character_chosen":"IRONCLAD","items_purchased":["hubris:DeckOfHolding","Fire Breathing","Spot Weakness"],"campfire_rested":2,"item_purchase_floors":[13,13,13],"current_hp_per_floor":[67,67,67,57,54,54,42,38,38,38,35,59,59,55,79,33,68,59,49,49,16,16,0,0],"gold":217,"neow_bonus":"BOSS_RELIC","is_daily":false,"chose_seed":false,"campfire_upgraded":1,"win_rate":0.0,"timestamp":1612242208,"path_taken":["M","?","?","?","M","R","E","M","T","?","M","R","$","M","R","BOSS","M","M","?","?","?","E"],"items_purchased_type":["Relic","Card","Card"],"build_version":"2020-12-22","purchased_purges":1,"victory":false,"max_hp_per_floor":[80,80,80,80,80,80,80,80,80,80,80,80,80,80,80,80,80,80,80,80,80,80,80,80],"card_choices":[{"not_picked":["Headbutt","Clash"],"picked":"Wild Strike","floor":1},{"not_picked":["Clash","Warcry"],"picked":"ReplayTheSpireMod:Limb From Limb","floor":4},{"not_picked":["Exhume","Cleave"],"picked":"Fire Breathing","floor":5},{"not_picked":["ReplayReversal","Warcry"],"picked":"Thunderclap","floor":7},{"not_picked":["Body Slam","Perfected Strike"],"picked":"ReplayTheSpireMod:LeadingStrike","floor":8},{"not_picked":["Heavy Blade","Pommel Strike"],"picked":"Sword Boomerang","floor":11},{"not_picked":["Replay:Undeath\u0027s Touch","Massacre"],"picked":"ReplayTheSpireMod:Stacked","floor":14},{"not_picked":["Bludgeon","Corruption"],"picked":"Replay:Many Hands","floor":16},{"not_picked":["ReplayTheSpireMod:Strike From Hell","Body Slam"],"picked":"Headbutt+1","floor":18},{"not_picked":["Clash","Body Slam+1"],"picked":"Twin Strike","floor":19},{"not_picked":["Body Slam+1","Heavy Blade+1"],"picked":"Double Tap","floor":21}],"player_experience":348587,"relics_obtained":[{"floor":7,"key":"ReplayTheSpireMod:Shallot"},{"floor":9,"key":"Oddly Smooth Stone"}],"event_choices":[{"damage_healed":0,"gold_gain":175,"player_choice":"AGREE","damage_taken":0,"max_hp_gain":0,"max_hp_loss":0,"event_name":"Liars Game","floor":2,"gold_loss":0,"cards_obtained":["Doubt"]},{"damage_healed":0,"gold_gain":0,"player_choice":"Forge","damage_taken":0,"max_hp_gain":0,"max_hp_loss":0,"event_name":"Accursed Blacksmith","floor":3,"gold_loss":0,"cards_upgraded":["Bash"]},{"damage_healed":0,"gold_gain":0,"player_choice":"Trade","damage_taken":0,"relics_obtained":["SsserpentHead"],"max_hp_gain":0,"max_hp_loss":0,"event_name":"FaceTrader","floor":10,"gold_loss":0},{"damage_healed":0,"gold_gain":0,"player_choice":"Upgrade","damage_taken":0,"max_hp_gain":0,"max_hp_loss":0,"event_name":"Designer","floor":20,"gold_loss":40,"cards_upgraded":["Replay:Many Hands"]}],"is_beta":false,"boss_relics":[{"not_picked":["Honey Jar","hubris:HollowSoul"],"picked":"hubris:Backtick"}],"items_purged_floors":[22],"is_endless":false,"potions_floor_spawned":[7,14,16,18],"killed_by":"Book of Stabbing","ascension_level":9}}