{"host":"1mv6gj0zv8k9e9tz","time":1612290419,"event":{"mods":["AchievementEnabler","BaseMod","Better Third Choice","Colored Map","DeckTracker","Highlight Path","KOR Keyword Fix","Keyboard Shortcuts","Minty Spire (QoL Compilation)","Permanent Neow","Quick Restart","Rare Cards Sparkle","StSLib","SuperFastMode","everything is the same but u backflip on backflip"],"gold_per_floor":[118,133,146,146,17,17,48,58,58,74,74,84,95,123,123,197,197,217,217,217,142,142,172,172,182,205,205,239,154,154,166,166,240,240,259,259,259,272,372,372,401,415,483,292,252,252,277,290,290,290,290,290,1,30,30],"floor_reached":56,"language":"KOR","playtime":1811,"items_purged":["Strike_B"],"score":1945,"play_id":"eb0d7c78-7603-4417-9e3e-ead7a9414e32","local_time":"20210203032659","is_ascension_mode":true,"campfire_choices":[{"data":"Zap","floor":6.0,"key":"SMITH"},{"data":"Electrodynamics","floor":11.0,"key":"SMITH"},{"data":"Dualcast","floor":15.0,"key":"SMITH"},{"data":"Defragment","floor":24.0,"key":"SMITH"},{"data":"Capacitor","floor":27.0,"key":"SMITH"},{"data":"Fission","floor":30.0,"key":"SMITH"},{"data":"Coolheaded","floor":32.0,"key":"SMITH"},{"data":"Defragment","floor":40.0,"key":"SMITH"},{"floor":49.0,"key":"RECALL"},{"data":"Defragment","floor":52.0,"key":"SMITH"}],"circlet_count":0,"master_deck":["AscendersBane","Strike_B","Defend_B","Defend_B","Defend_B","Defend_B","Zap+1","Dualcast+1","Electrodynamics+1","Coolheaded+1","Self Repair+1","Ball Lightning","Defragment+1","Skim","Coolheaded","Go for the Eyes","Capacitor+1","Hologram+1","Coolheaded+1","Fission+1","BootSequence","Echo Form","Defragment+1","Glacier","Defragment+1"],"relics":["Cracked Core","Cables","Symbiotic Virus","Centennial Puzzle","Black Star","Question Card","Regal Pillow","The Courier","Darkstone Periapt","Molten Egg 2","Coffee Dripper","Juzu Bracelet","Lantern","Gremlin Horn","Anchor","Bronze Scales","Strawberry","OrangePellets","Oddly Smooth Stone","Bag of Preparation","Pear"],"acts_visited":["Exordium","TheCity","TheBeyond","TheEnding"],"potions_floor_usage":[55],"damage_taken":[{"damage":14.0,"enemies":"Jaw Worm","floor":1.0,"turns":3.0},{"damage":0.0,"enemies":"Cultist","floor":2.0,"turns":4.0},{"damage":0.0,"enemies":"2 Louse","floor":3.0,"turns":1.0},{"damage":21.0,"enemies":"3 Sentries","floor":7.0,"turns":4.0},{"damage":0.0,"enemies":"2 Fungi Beasts","floor":8.0,"turns":2.0},{"damage":0.0,"enemies":"3 Louse","floor":10.0,"turns":1.0},{"damage":7.0,"enemies":"Gremlin Gang","floor":12.0,"turns":3.0},{"damage":17.0,"enemies":"Exordium Wildlife","floor":13.0,"turns":3.0},{"damage":0.0,"enemies":"Gremlin Nob","floor":14.0,"turns":2.0},{"damage":5.0,"enemies":"Slime Boss","floor":16.0,"turns":6.0},{"damage":1.0,"enemies":"Spheric Guardian","floor":18.0,"turns":3.0},{"damage":11.0,"enemies":"Gremlin Leader","floor":23.0,"turns":6.0},{"damage":10.0,"enemies":"Shell Parasite","floor":25.0,"turns":4.0},{"damage":34.0,"enemies":"Slavers","floor":28.0,"turns":2.0},{"damage":20.0,"enemies":"Shelled Parasite and Fungi","floor":31.0,"turns":2.0},{"damage":11.0,"enemies":"Collector","floor":33.0,"turns":12.0},{"damage":5.0,"enemies":"Orb Walker","floor":35.0,"turns":3.0},{"damage":0.0,"enemies":"3 Shapes","floor":38.0,"turns":3.0},{"damage":13.0,"enemies":"Nemesis","floor":41.0,"turns":7.0},{"damage":10.0,"enemies":"3 Darklings","floor":42.0,"turns":5.0},{"damage":9.0,"enemies":"Giant Head","floor":47.0,"turns":9.0},{"damage":0.0,"enemies":"4 Shapes","floor":48.0,"turns":3.0},{"damage":30.0,"enemies":"Donu and Deca","floor":50.0,"turns":6.0},{"damage":23.0,"enemies":"Shield and Spear","floor":54.0,"turns":4.0},{"damage":84,"enemies":"The Heart","floor":55,"turns":12}],"seed_played":"-9146159911431021275","potions_obtained":[{"floor":3.0,"key":"FocusPotion"},{"floor":8.0,"key":"LiquidMemories"},{"floor":13.0,"key":"LiquidMemories"},{"floor":14.0,"key":"Block Potion"},{"floor":16.0,"key":"Regen Potion"},{"floor":25.0,"key":"SpeedPotion"},{"floor":28.0,"key":"EssenceOfSteel"},{"floor":33.0,"key":"Swift Potion"},{"floor":41.0,"key":"Fruit Juice"},{"floor":42.0,"key":"Strength Potion"},{"floor":47.0,"key":"FocusPotion"}],"is_trial":false,"path_per_floor":["M","M","M","?","$","R","E","M","T","M","R","M","M","E","R","B",null,"M","?","?","$","?","E","R","M","T","R","E","?","R","M","R","B",null,"M","?","?","M","?","R","E","M","T","$","?","$","E","M","R","B",null,"R","$","E","B",null],"character_chosen":"DEFECT","items_purchased":["Self Repair","PowerPotion","Anchor","FairyPotion","OrangePellets","Oddly Smooth Stone","LiquidBronze"],"campfire_rested":0,"item_purchase_floors":[5,5,44,44,53,53,53],"current_hp_per_floor":[50,50,50,50,50,50,36,36,36,36,36,36,26,26,26,28,60,66,66,66,66,66,71,71,68,68,68,34,34,34,21,21,17,58,53,53,53,60,60,60,66,70,70,70,70,70,83,83,83,63,78,78,78,75,36],"gold":30,"neow_bonus":"THREE_RARE_CARDS","is_daily":false,"chose_seed":false,"campfire_upgraded":9,"win_rate":0.0,"timestamp":1612290419,"path_taken":["M","M","M","?","$","R","E","?","T","M","R","M","M","E","R","BOSS","M","?","?","$","?","E","R","?","T","R","E","?","R","M","R","BOSS","M","?","?","?","?","R","E","M","T","$","?","?","E","M","R","BOSS","R","$","E","BOSS"],"items_purchased_type":["Card","Potion","Relic","Potion","Relic","Relic","Potion"],"build_version":"2020-12-22","purchased_purges":1,"victory":true,"max_hp_per_floor":[71,71,71,71,71,71,71,71,71,71,71,71,71,71,71,71,71,71,71,71,71,71,71,71,71,71,71,71,71,71,71,71,71,71,71,71,71,71,71,71,76,76,76,76,76,76,83,83,83,83,83,83,83,93,93],"card_choices":[{"not_picked":["Reboot","Machine Learning"],"picked":"Electrodynamics","floor":0.0},{"not_picked":["Go for the Eyes","Barrage"],"picked":"Coolheaded","floor":1.0},{"not_picked":["Recycle","Force Field"],"picked":"Sweeping Beam","floor":2.0},{"not_picked":["Heatsinks","Static Discharge","Redo"],"picked":"SKIP","floor":3.0},{"not_picked":["Loop","Doom and Gloom","Static Discharge"],"picked":"SKIP","floor":7.0},{"not_picked":["Scrape","Beam Cell","Self Repair"],"picked":"SKIP","floor":8.0},{"not_picked":["BootSequence","Barrage"],"picked":"Ball Lightning","floor":10.0},{"not_picked":["FTL","Steam"],"picked":"Defragment","floor":12.0},{"not_picked":["Rainbow","Streamline"],"picked":"Skim","floor":13.0},{"not_picked":["Chaos","Fusion"],"picked":"Coolheaded","floor":14.0},{"not_picked":["Beam Cell","Compile Driver"],"picked":"Go for the Eyes","floor":18.0},{"not_picked":["Barrage","Sweeping Beam"],"picked":"Hologram","floor":23.0},{"not_picked":["Lockon","Hologram","Stack"],"picked":"Coolheaded+1","floor":25.0},{"not_picked":["Sunder","Redo","Skim"],"picked":"Fission","floor":28.0},{"not_picked":["Sweeping Beam+1","Gash+1","Coolheaded"],"picked":"BootSequence","floor":31.0},{"not_picked":["Seek","Electrodynamics","Thunder Strike+1"],"picked":"Echo Form","floor":33.0},{"not_picked":["Gash+1","Aggregate","Hologram","Compile Driver+1"],"picked":"SKIP","floor":35.0},{"not_picked":["Electrodynamics","Storm+1","Steam+1"],"picked":"Defragment","floor":38.0},{"not_picked":["Cold Snap+1","Storm","Rebound+1"],"picked":"Glacier","floor":41.0},{"not_picked":["Streamline+1","Redo","Barrage+1","Coolheaded+1"],"picked":"SKIP","floor":42.0},{"not_picked":["Sweeping Beam+1","Loop","Auto Shields"],"picked":"Defragment","floor":47.0},{"not_picked":["Turbo","Sweeping Beam+1","Go for the Eyes+1","Rebound+1"],"picked":"SKIP","floor":48.0},{"not_picked":["Tempest","Recycle","Glacier","Turbo"],"picked":"SKIP","floor":54.0}],"player_experience":615061,"relics_obtained":[{"floor":7.0,"key":"Cables"},{"floor":9.0,"key":"Symbiotic Virus"},{"floor":14.0,"key":"Centennial Puzzle"},{"floor":23.0,"key":"Question Card"},{"floor":23.0,"key":"Regal Pillow"},{"floor":28.0,"key":"The Courier"},{"floor":28.0,"key":"Darkstone Periapt"},{"floor":41.0,"key":"Juzu Bracelet"},{"floor":41.0,"key":"Lantern"},{"floor":43.0,"key":"Gremlin Horn"},{"floor":47.0,"key":"Bronze Scales"},{"floor":47.0,"key":"Strawberry"},{"floor":54.0,"key":"Bag of Preparation"},{"floor":54.0,"key":"Pear"}],"event_choices":[{"cards_removed":["Shame"],"damage_healed":0.0,"max_hp_gain":0.0,"max_hp_loss":0.0,"gold_gain":0.0,"event_name":"Fountain of Cleansing","player_choice":"Removed Curses","floor":4.0,"gold_loss":0.0,"damage_taken":0.0},{"damage_healed":0.0,"max_hp_gain":0.0,"max_hp_loss":0.0,"gold_gain":0.0,"event_name":"The Library","player_choice":"Read","floor":19.0,"gold_loss":0.0,"damage_taken":0.0,"cards_obtained":["Capacitor"]},{"damage_healed":0.0,"max_hp_gain":0.0,"max_hp_loss":0.0,"gold_gain":0.0,"event_name":"Cursed Tome","player_choice":"Ignored","floor":20.0,"gold_loss":0.0,"damage_taken":0.0},{"cards_removed":["Strike_B"],"damage_healed":0.0,"max_hp_gain":0.0,"max_hp_loss":0.0,"gold_gain":0.0,"event_name":"Purifier","player_choice":"Purged","floor":22.0,"gold_loss":0.0,"damage_taken":0.0},{"damage_healed":0.0,"max_hp_gain":0.0,"max_hp_loss":0.0,"gold_gain":0.0,"event_name":"Addict","player_choice":"Obtained Relic","floor":29.0,"gold_loss":85.0,"damage_taken":0.0,"relics_obtained":["Molten Egg 2"]},{"cards_removed":["Sweeping Beam"],"damage_healed":0.0,"max_hp_gain":0.0,"max_hp_loss":0.0,"gold_gain":0.0,"event_name":"Falling","player_choice":"Removed Attack","floor":36.0,"gold_loss":0.0,"damage_taken":0.0},{"cards_removed":["Strike_B"],"damage_healed":0.0,"max_hp_gain":0.0,"max_hp_loss":0.0,"gold_gain":0.0,"event_name":"Purifier","player_choice":"Purged","floor":37.0,"gold_loss":0.0,"damage_taken":0.0},{"damage_healed":0.0,"max_hp_gain":0.0,"max_hp_loss":0.0,"gold_gain":100.0,"event_name":"Golden Shrine","player_choice":"Pray","floor":39.0,"gold_loss":0.0,"damage_taken":0.0},{"damage_healed":0.0,"max_hp_gain":0.0,"max_hp_loss":0.0,"gold_gain":0.0,"event_name":"Designer","player_choice":"Upgraded Two","floor":45.0,"gold_loss":40.0,"damage_taken":0.0,"cards_upgraded":["Hologram","Self Repair"]}],"is_beta":false,"boss_relics":[{"not_picked":["Runic Dome","Snecko Eye"],"picked":"Black Star"},{"not_picked":["FrozenCore","Calling Bell"],"picked":"Coffee Dripper"}],"items_purged_floors":[21],"is_endless":false,"potions_floor_spawned":[3,7,8,10,13,14,16,25,28,33,41,42,47,48],"ascension_level":14}}