{"host":"kwnpvqmnt47pmyi1","time":1612274673,"event":{"mods":["AchievementEnabler","BaseMod","Bestiary","BetterRewards","Downfall","Hermit","Hubris","Marisa????????","Minty Spire (QoL Compilation)","Reliquary","Replay The Spire","Shade Mod","StSLib","The Hierophant","The Servant 0.9.4"],"gold_per_floor":[117,128,142,156,172,200,218,250,277,302,302,313,347,347,347,449,449,462,462,481,495,495,495,495],"floor_reached":23,"language":"ENG","playtime":2559,"items_purged":[],"score":275,"play_id":"497f1bed-6b63-43e3-b338-6614cbaa7513","local_time":"20210202060433","is_ascension_mode":true,"campfire_choices":[{"data":"Armaments","floor":11,"key":"SMITH"},{"data":"ReplayReversal","floor":15,"key":"SMITH"}],"circlet_count":0,"master_deck":["Strike_R","Strike_R","Strike_R","Strike_R","Strike_R","Defend_R","Defend_R+1","Defend_R","Defend_R+1","Bash","Armaments+1","Iron Wave","Twin Strike","Cleave","Twin Strike","ReplayReversal+1","Shrug It Off+1","Iron Wave","Bloodletting+1","Flex+1","Intimidate"],"relics":["Black Blood","reliquary:TatteredRug","reliquary:PrincelyHelmet","War Paint","King of Hearts","Letter Opener","War Paint"],"acts_visited":["Exordium","TheCity"],"potions_floor_usage":[8,16,16,23,23,23],"damage_taken":[{"damage":0,"enemies":"Jaw Worm","floor":1,"turns":3},{"damage":0,"enemies":"Small Slimes","floor":2,"turns":3},{"damage":0,"enemies":"Cultist","floor":3,"turns":3},{"damage":8,"enemies":"Blue Slaver","floor":4,"turns":5},{"damage":12,"enemies":"3 Louse","floor":5,"turns":3},{"damage":12,"enemies":"Replay:BlueRogue","floor":6,"turns":8},{"damage":14,"enemies":"Lots of Slimes","floor":7,"turns":3},{"damage":22,"enemies":"Gremlin Nob","floor":8,"turns":5},{"damage":0,"enemies":"3 Sentries","floor":10,"turns":8},{"damage":1,"enemies":"Exordium Thugs","floor":12,"turns":5},{"damage":11,"enemies":"Lagavulin","floor":13,"turns":10},{"damage":15,"enemies":"Slime Boss","floor":16,"turns":13},{"damage":0,"enemies":"Chosen","floor":18,"turns":6},{"damage":24,"enemies":"Shell Parasite","floor":20,"turns":9},{"damage":62,"enemies":"Shelled Parasite and Fungi","floor":21,"turns":11},{"damage":21,"enemies":"Book of Stabbing","floor":23,"turns":4}],"seed_played":"-8336479416885352703","potions_obtained":[{"floor":1,"key":"Elixir"},{"floor":2,"key":"AttackPotion"},{"floor":5,"key":"Strength Potion"},{"floor":8,"key":"Strength Potion"},{"floor":13,"key":"Fire Potion"},{"floor":16,"key":"champ:CounterPotion"},{"floor":20,"key":"BlessingOfTheForge"},{"floor":21,"key":"Energy Potion"}],"is_trial":false,"path_per_floor":["M","M","M","M","M","E","M","E","T","E","R","M","E","?","R","B",null,"M","?","M","M","T","E"],"character_chosen":"IRONCLAD","items_purchased":[],"campfire_rested":0,"item_purchase_floors":[],"current_hp_per_floor":[80,80,80,78,72,66,58,42,42,48,48,53,48,48,48,39,80,80,80,68,18,18,0,0],"gold":495,"neow_bonus":"RANDOM_EVENT","is_daily":false,"chose_seed":false,"campfire_upgraded":2,"win_rate":0.0,"timestamp":1612274673,"path_taken":["M","M","M","M","M","E","M","E","T","E","R","M","E","?","R","BOSS","M","?","M","M","?","E"],"items_purchased_type":[],"build_version":"2020-12-22","purchased_purges":0,"victory":false,"max_hp_per_floor":[80,80,80,80,80,80,80,80,80,80,80,80,80,80,80,80,80,80,80,80,80,80,80,80],"card_choices":[{"not_picked":["Combust","Defy Death"],"picked":"Armaments","floor":1},{"not_picked":["ReplayTheSpireMod:Corrosion Curse","Evolve"],"picked":"Iron Wave","floor":2},{"not_picked":["ReplayTheSpireMod:Strike From Hell","ReplayTheSpireMod:LeadingStrike"],"picked":"Twin Strike","floor":3},{"not_picked":["Massacre","Entrench"],"picked":"Cleave","floor":4},{"not_picked":["Heavy Blade","Headbutt"],"picked":"Twin Strike","floor":5},{"not_picked":["Iron Wave","Clash"],"picked":"ReplayReversal","floor":6},{"not_picked":["hubris:ReadiedAction","Armaments"],"picked":"Shrug It Off","floor":7},{"not_picked":["Perfected Strike","Corruption"],"picked":"Iron Wave","floor":8},{"not_picked":["ReplayTheSpireMod:Stacked","Sentinel"],"picked":"Bloodletting","floor":10},{"not_picked":["Twin Strike","Fire Breathing","Clothesline"],"picked":"SKIP","floor":12},{"not_picked":["Ghostly Armor","Clash","Burning Pact"],"picked":"SKIP","floor":13},{"not_picked":["Twin Strike","Defy Death","Bloodletting"],"picked":"SKIP","floor":18},{"not_picked":["Carnage+1","Blood for Blood"],"picked":"Flex","floor":20},{"not_picked":["Wild Strike","Warcry"],"picked":"Intimidate","floor":21}],"player_experience":282271,"relics_obtained":[{"floor":6,"key":"reliquary:TatteredRug"},{"floor":8,"key":"reliquary:PrincelyHelmet"},{"floor":9,"key":"War Paint"},{"floor":10,"key":"King of Hearts"},{"floor":13,"key":"Letter Opener"},{"floor":22,"key":"reliquary:SculptingSteel"}],"event_choices":[{"damage_healed":0,"gold_gain":0,"player_choice":"Ignored","damage_taken":0,"max_hp_gain":0,"max_hp_loss":0,"event_name":"Ghosts","floor":19,"gold_loss":0}],"is_beta":false,"boss_relics":[{"not_picked":["ChewingGum","Snecko Eye"],"picked":"Black Blood"}],"items_purged_floors":[],"is_endless":false,"potions_floor_spawned":[1,2,5,8,12,13,16,20,21],"killed_by":"Book of Stabbing","ascension_level":2}}