{"host":"eebsr5bfap1y39p2","time":1612240989,"event":{"mods":["AchievementEnabler","BaseMod","Colored Map","Minty Spire (QoL Compilation)","StSLib","SuperFastMode"],"gold_per_floor":[112,112,124,124,137,164,164,179,252,252,252,280,296,221,221,323,323,335,84,102,102,12,39,58,58,58,58,76,76,87,118,118,218,218,232,107,107,119,169,197,209,241,267,297,315,315,334,346,346,346,346,346,52,83,83,83],"floor_reached":55,"language":"KOR","playtime":2159,"items_purged":["Strike_P","Defend_P","Strike_P+1"],"score":1157,"play_id":"17d7af6a-ac65-45d8-8092-320d7c805504","local_time":"20210201234309","is_ascension_mode":true,"campfire_choices":[{"floor":7.0,"key":"REST"},{"floor":10.0,"key":"REST"},{"floor":15.0,"key":"REST"},{"floor":27.0,"key":"REST"},{"floor":29.0,"key":"REST"},{"floor":32.0,"key":"REST"},{"floor":46.0,"key":"REST"},{"floor":49.0,"key":"RECALL"},{"floor":52.0,"key":"REST"}],"circlet_count":0,"master_deck":["Defend_P+1","Eruption+1","Vigilance","FlurryOfBlows+1","FearNoEvil+1","Vault","Tantrum+1","Adaptation+1","ClearTheMind+1"],"relics":["PureWater","NeowsBlessing","Prayer Wheel","Omamori","Empty Cage","Juzu Bracelet","Blue Candle","Meat on the Bone","Whetstone","Fusion Hammer","CloakClasp","Ancient Tea Set","Question Card","Bag of Marbles","Bird Faced Urn","Shuriken","StoneCalendar"],"acts_visited":["Exordium","TheCity","TheBeyond","TheEnding"],"potions_floor_usage":[55,55],"damage_taken":[{"damage":0.0,"enemies":"Jaw Worm","floor":1.0,"turns":1.0},{"damage":0.0,"enemies":"Cultist","floor":3.0,"turns":1.0},{"damage":0.0,"enemies":"Small Slimes","floor":5.0,"turns":1.0},{"damage":36.0,"enemies":"Gremlin Nob","floor":6.0,"turns":4.0},{"damage":5.0,"enemies":"Red Slaver","floor":8.0,"turns":3.0},{"damage":10.0,"enemies":"3 Sentries","floor":12.0,"turns":7.0},{"damage":1.0,"enemies":"2 Fungi Beasts","floor":13.0,"turns":3.0},{"damage":59.0,"enemies":"The Guardian","floor":16.0,"turns":12.0},{"damage":2.0,"enemies":"Chosen","floor":18.0,"turns":4.0},{"damage":10.0,"enemies":"3 Byrds","floor":20.0,"turns":4.0},{"damage":25.0,"enemies":"Slavers","floor":23.0,"turns":11.0},{"damage":21.0,"enemies":"Snecko","floor":24.0,"turns":5.0},{"damage":30.0,"enemies":"Snake Plant","floor":28.0,"turns":6.0},{"damage":0.0,"enemies":"Cultist and Chosen","floor":30.0,"turns":4.0},{"damage":0.0,"enemies":"Book of Stabbing","floor":31.0,"turns":3.0},{"damage":15.0,"enemies":"Champ","floor":33.0,"turns":6.0},{"damage":2.0,"enemies":"3 Darklings","floor":35.0,"turns":4.0},{"damage":0.0,"enemies":"Orb Walker","floor":38.0,"turns":3.0},{"damage":0.0,"enemies":"Mind Bloom Boss Battle","floor":39.0,"turns":4.0},{"damage":0.0,"enemies":"Giant Head","floor":40.0,"turns":4.0},{"damage":1.0,"enemies":"Spire Growth","floor":41.0,"turns":3.0},{"damage":0.0,"enemies":"Reptomancer","floor":42.0,"turns":2.0},{"damage":28.0,"enemies":"Nemesis","floor":44.0,"turns":4.0},{"damage":0.0,"enemies":"Transient","floor":45.0,"turns":6.0},{"damage":0.0,"enemies":"4 Shapes","floor":47.0,"turns":2.0},{"damage":0.0,"enemies":"Writhing Mass","floor":48.0,"turns":2.0},{"damage":66.0,"enemies":"Time Eater","floor":50.0,"turns":7.0},{"damage":0.0,"enemies":"Shield and Spear","floor":54.0,"turns":2.0},{"damage":69,"enemies":"The Heart","floor":55,"turns":4}],"seed_played":"-8711020575164151509","potions_obtained":[{"floor":8.0,"key":"FairyPotion"},{"floor":13.0,"key":"Regen Potion"},{"floor":16.0,"key":"PowerPotion"},{"floor":23.0,"key":"ColorlessPotion"},{"floor":30.0,"key":"Ancient Potion"},{"floor":33.0,"key":"Explosive Potion"},{"floor":47.0,"key":"GamblersBrew"}],"is_trial":false,"path_per_floor":["M","?","M","?","M","E","R","M","T","R","?","E","M","$","R","B",null,"M","$","M","$","?","E","M","?","T","R","M","R","M","E","R","B",null,"M","$","?","M","?","E","M","E","T","E","M","R","M","M","R","B",null,"R","$","E","B"],"character_chosen":"WATCHER","items_purchased":["Juzu Bracelet","Shuriken","Strength Potion"],"campfire_rested":8,"item_purchase_floors":[19,53,53],"current_hp_per_floor":[65,65,65,51,51,15,36,31,31,52,52,42,41,41,62,3,55,53,53,43,43,43,33,12,12,12,33,15,36,48,48,69,54,68,66,66,66,66,66,66,65,65,65,37,39,59,61,63,63,32,59,68,68,68,0,0],"gold":83,"neow_bonus":"THREE_ENEMY_KILL","is_daily":false,"chose_seed":false,"campfire_upgraded":0,"win_rate":0.0,"timestamp":1612240989,"path_taken":["M","?","?","?","M","E","R","M","T","R","?","E","M","$","R","BOSS","M","$","M","$","?","E","M","?","T","R","M","R","M","E","R","BOSS","M","$","?","M","?","E","M","E","T","E","M","R","M","M","R","BOSS","R","$","E","BOSS"],"items_purchased_type":["Relic","Relic","Potion"],"build_version":"2020-12-22","purchased_purges":3,"victory":false,"max_hp_per_floor":[72,72,72,72,72,72,72,72,72,72,72,72,72,72,72,72,72,72,72,72,72,72,72,72,72,72,72,72,72,72,72,72,72,72,72,72,68,68,68,68,68,68,68,68,68,68,68,68,68,68,68,68,68,68,68,68],"card_choices":[{"not_picked":["SashWhip","FollowUp","Wireheading"],"picked":"SKIP","floor":1.0},{"not_picked":["Worship","Protect","FollowUp"],"picked":"SKIP","floor":3.0},{"not_picked":["Sanctity","JustLucky","ForeignInfluence"],"picked":"SKIP","floor":5.0},{"not_picked":["ClearTheMind","Meditate"],"picked":"FlurryOfBlows","floor":6.0},{"not_picked":["Prostrate","Evaluate"],"picked":"FearNoEvil","floor":8.0},{"not_picked":["Evaluate","FlurryOfBlows","SashWhip"],"picked":"SKIP","floor":8.0},{"not_picked":["Ragnarok","EmptyFist","Evaluate"],"picked":"SKIP","floor":12.0},{"not_picked":["JustLucky","Pray","EmptyBody"],"picked":"SKIP","floor":13.0},{"not_picked":["DeceiveReality","Nirvana","WaveOfTheHand"],"picked":"SKIP","floor":13.0},{"not_picked":["Establishment","SpiritShield"],"picked":"Vault","floor":16.0},{"not_picked":["Worship","PathToVictory","FollowUp+1"],"picked":"SKIP","floor":18.0},{"not_picked":["JustLucky","FollowUp+1","ClearTheMind"],"picked":"SKIP","floor":18.0},{"not_picked":["WreathOfFlame","Study","FlurryOfBlows"],"picked":"SKIP","floor":20.0},{"not_picked":["Crescendo","CrushJoints","Worship+1"],"picked":"SKIP","floor":20.0},{"not_picked":["BowlingBash+1","CarveReality+1","SashWhip"],"picked":"SKIP","floor":23.0},{"not_picked":["BowlingBash+1","CarveReality+1","SashWhip"],"picked":"SKIP","floor":23.0},{"not_picked":["FlyingSleeves","EmptyFist"],"picked":"Tantrum+1","floor":24.0},{"not_picked":["Halt","Consecrate+1","Alpha"],"picked":"SKIP","floor":24.0},{"not_picked":["WindmillStrike+1","EmptyFist"],"picked":"Adaptation+1","floor":28.0},{"not_picked":["EmptyFist","FollowUp","CrushJoints+1"],"picked":"SKIP","floor":28.0},{"not_picked":["ClearTheMind","Omniscience","Evaluate"],"picked":"SKIP","floor":30.0},{"not_picked":["Collect","CutThroughFate","FlurryOfBlows"],"picked":"SKIP","floor":30.0},{"not_picked":["Study","Blasphemy","Protect"],"picked":"SKIP","floor":31.0},{"not_picked":["Prostrate+1","Crescendo+1","ClearTheMind"],"picked":"SKIP","floor":35.0},{"not_picked":["Protect+1","ReachHeaven","CarveReality"],"picked":"SKIP","floor":35.0},{"not_picked":["JustLucky","WreathOfFlame+1","CrushJoints"],"picked":"SKIP","floor":38.0},{"not_picked":["BowlingBash+1","WindmillStrike+1","FearNoEvil+1"],"picked":"SKIP","floor":38.0},{"not_picked":["SashWhip","Adaptation","FlyingSleeves"],"picked":"SKIP","floor":40.0},{"not_picked":["SashWhip","MasterReality","WheelKick+1"],"picked":"SKIP","floor":41.0},{"not_picked":["FlyingSleeves","Meditate","CrushJoints+1"],"picked":"SKIP","floor":41.0},{"not_picked":["Vengeance","FlyingSleeves+1","FlurryOfBlows"],"picked":"SKIP","floor":42.0},{"not_picked":["Evaluate","BowlingBash+1","DeceiveReality","Ragnarok"],"picked":"SKIP","floor":44.0},{"not_picked":["JustLucky+1","PathToVictory","CutThroughFate","Evaluate"],"picked":"SKIP","floor":45.0},{"not_picked":["Perseverance","Collect+1","Consecrate","Halt+1"],"picked":"SKIP","floor":45.0},{"not_picked":["Weave","CutThroughFate+1","Vengeance+1","Crescendo"],"picked":"SKIP","floor":47.0},{"not_picked":["Study","CarveReality","Sanctity+1","JustLucky+1"],"picked":"SKIP","floor":47.0},{"not_picked":["SpiritShield","Consecrate","CutThroughFate"],"picked":"ClearTheMind+1","floor":48.0},{"not_picked":["Swivel+1","Conclude+1","Weave","CutThroughFate+1"],"picked":"SKIP","floor":48.0},{"not_picked":["Consecrate+1","Pray+1","Prostrate+1","ClearTheMind"],"picked":"SKIP","floor":54.0}],"player_experience":390745,"relics_obtained":[{"floor":6.0,"key":"Prayer Wheel"},{"floor":12.0,"key":"Omamori"},{"floor":23.0,"key":"Blue Candle"},{"floor":26.0,"key":"Meat on the Bone"},{"floor":31.0,"key":"Whetstone"},{"floor":39.0,"key":"CloakClasp"},{"floor":40.0,"key":"Ancient Tea Set"},{"floor":42.0,"key":"Question Card"},{"floor":43.0,"key":"Bag of Marbles"},{"floor":44.0,"key":"Bird Faced Urn"},{"floor":54.0,"key":"StoneCalendar"}],"event_choices":[{"damage_healed":0.0,"max_hp_gain":0.0,"max_hp_loss":0.0,"gold_gain":0.0,"event_name":"Upgrade Shrine","player_choice":"Upgraded","floor":2.0,"gold_loss":0.0,"damage_taken":0.0,"cards_upgraded":["Eruption"]},{"damage_healed":0.0,"max_hp_gain":0.0,"max_hp_loss":0.0,"gold_gain":0.0,"event_name":"Shining Light","player_choice":"Entered Light","floor":4.0,"gold_loss":0.0,"damage_taken":14.0,"cards_upgraded":["Strike_P","Strike_P"]},{"cards_removed":["Defend_P"],"damage_healed":0.0,"max_hp_gain":0.0,"max_hp_loss":0.0,"gold_gain":0.0,"event_name":"Living Wall","player_choice":"Forget","floor":11.0,"gold_loss":0.0,"damage_taken":0.0},{"cards_removed":["Strike_P"],"damage_healed":0.0,"max_hp_gain":0.0,"max_hp_loss":0.0,"gold_gain":0.0,"event_name":"Designer","player_choice":"Upgrade and Remove","floor":22.0,"gold_loss":90.0,"damage_taken":0.0,"cards_upgraded":["Defend_P"]},{"damage_healed":0.0,"max_hp_gain":0.0,"max_hp_loss":0.0,"gold_gain":0.0,"event_name":"Vampires","player_choice":"Ignored","floor":25.0,"gold_loss":0.0,"damage_taken":0.0},{"damage_healed":0.0,"max_hp_gain":0.0,"max_hp_loss":4.0,"gold_gain":0.0,"event_name":"Winding Halls","player_choice":"Max HP","floor":37.0,"gold_loss":0.0,"damage_taken":0.0},{"damage_healed":0.0,"max_hp_gain":0.0,"max_hp_loss":0.0,"gold_gain":0.0,"event_name":"MindBloom","player_choice":"Fight","floor":39.0,"gold_loss":0.0,"damage_taken":0.0}],"is_beta":false,"boss_relics":[{"not_picked":["Black Star","Runic Pyramid"],"picked":"Empty Cage"},{"not_picked":["Coffee Dripper","Busted Crown"],"picked":"Fusion Hammer"}],"items_purged_floors":[14,19,36],"is_endless":false,"potions_floor_spawned":[8,13,16,18,23,30,33,38,44,47],"killed_by":"The Heart","ascension_level":7}}