{"host":"y7b1p9nkx4idorr2","time":1612281077,"event":{"mods":["AchievementEnabler","Act Like it!","BaseMod","Colored Map","Downfall","GifTheSpireLib","Googly Eyes","Highlight Path","Mimic Mod","Minty Spire (QoL Compilation)","Shop Mod","Spicy Shops","StSLib","Unceasing Turn Reminder"],"gold_per_floor":[99,110,166,166,176,8,8,26,46,78,90,125,37,81,103,212,224,236,259,31,44,58,86,86,115,15,198,198,198,230,246,257,353,353,353,371,443,462,481,806,846,861,874,902,802,835,835,14,33,33,33,64,11,11,11,11],"floor_reached":57,"language":"ENG","playtime":3471,"items_purged":["champ:Strike","champ:Strike","champ:Strike"],"score":1719,"play_id":"515f365c-e245-4d63-a856-9f987afd86b7","local_time":"20210202095117","is_ascension_mode":true,"campfire_choices":[{"floor":1,"key":"RECALL"},{"data":"champ:ShieldSigil","floor":13,"key":"SMITH"},{"data":"champ:FaceSlap","floor":18,"key":"SMITH"},{"data":"champ:RageSigil","floor":26,"key":"SMITH"},{"data":"1","floor":35,"key":"LIFT"},{"data":"2","floor":45,"key":"LIFT"},{"data":"3","floor":47,"key":"LIFT"},{"floor":54,"key":"REST"}],"circlet_count":0,"master_deck":["champ:Defend","champ:Defend","champ:Defend","champ:Defend","champ:Execute+1","champ:Taunt","champ:RageSigil+1","champ:ShieldSigil+1","champ:FaceSlap+1","champ:FlashCut","champ:GutPunch+1","champ:TornadoPunch+1","champ:SwordThrow+1","champ:CrownThrow+1","champ:Encircle+1","champ:CrookedStrike+1","champ:Circumvent","champ:TripleStrike+1","champ:FocusedBerserking","champ:FaceSlap+1","champ:EnGarde+1","champ:EndlessRage+1","champ:Shatter+1","champ:BerserkersShout+1","champ:CheapShot+1","Pride","champ:FanOfKnives+1","champ:Backstep+1","champ:FaceSlap+1","champ:Devastate+1","champ:StanceDance+1","champ:ShieldSlam+1","champ:Lariat+1","champ:Endure","champ:Endure+1","champ:CalledShot+1","champ:FancyFootwork","champ:RecklessLeap+1","champ:RapidStrikes+1","champ:AdrenalArmor"],"relics":["champ:ChampionCrown","Pen Nib","Molten Egg 2","Orichalcum","MawBank","downfall:HeartBlessingRed","Meat on the Bone","champ:PowerArmor","Chemical X","hexamod:BolsterEngine","TungstenRod","champ:SpectersHand","downfall:HeartBlessingGreen","PreservedInsect","Girya","Pantograph","Incense Burner","Fusion Hammer","Old Coin","Unceasing Top","MealTicket","downfall:HeartBlessingBlue","Bottled Tornado","Shuriken","OrangePellets","Bronze Scales","Bird Faced Urn"],"acts_visited":["Exordium","TheCity","TheBeyond","TheEnding"],"potions_floor_usage":[8,9,12,16,23,46,52,56,56,56],"damage_taken":[{"damage":10,"enemies":"Small Slimes","floor":2,"turns":3},{"damage":53,"enemies":"Gremlin Nob","floor":3,"turns":4},{"damage":30,"enemies":"Jaw Worm","floor":5,"turns":3},{"damage":30,"enemies":"downfall:FleeingMerchant","floor":6,"turns":4},{"damage":10,"enemies":"Cultist","floor":8,"turns":2},{"damage":36,"enemies":"Gremlin Gang","floor":9,"turns":3},{"damage":33,"enemies":"Gremlin Nob","floor":10,"turns":3},{"damage":0,"enemies":"Blue Slaver","floor":11,"turns":1},{"damage":29,"enemies":"Lagavulin","floor":12,"turns":4},{"damage":16,"enemies":"Gremlin Nob","floor":14,"turns":3},{"damage":10,"enemies":"Exordium Wildlife","floor":15,"turns":3},{"damage":30,"enemies":"WA_ARCHETYPE_RETAIN","floor":16,"turns":5},{"damage":31,"enemies":"3 Byrds","floor":19,"turns":4},{"damage":38,"enemies":"downfall:FleeingMerchant","floor":20,"turns":4},{"damage":6,"enemies":"Chosen","floor":21,"turns":2},{"damage":28,"enemies":"Centurion and Healer","floor":22,"turns":2},{"damage":35,"enemies":"Book of Stabbing","floor":23,"turns":3},{"damage":38,"enemies":"Gremlin Leader","floor":25,"turns":3},{"damage":13,"enemies":"downfall:FleeingMerchant","floor":27,"turns":4},{"damage":27,"enemies":"Slavers","floor":30,"turns":3},{"damage":12,"enemies":"Snecko","floor":31,"turns":2},{"damage":16,"enemies":"Sentry and Sphere","floor":32,"turns":3},{"damage":32,"enemies":"DF_ARCHETYPE_CLAW","floor":33,"turns":6},{"damage":9,"enemies":"Orb Walker","floor":36,"turns":2},{"damage":18,"enemies":"3 Shapes","floor":38,"turns":5},{"damage":30,"enemies":"3 Darklings","floor":39,"turns":4},{"damage":16,"enemies":"Nemesis","floor":40,"turns":4},{"damage":21,"enemies":"Maw","floor":41,"turns":7},{"damage":62,"enemies":"Maw","floor":42,"turns":5},{"damage":12,"enemies":"Transient","floor":43,"turns":5},{"damage":25,"enemies":"Giant Head","floor":44,"turns":4},{"damage":8,"enemies":"Reptomancer","floor":46,"turns":2},{"damage":9,"enemies":"3 Darklings","floor":49,"turns":3},{"damage":12,"enemies":"SI_POISON_ARCHETYPE","floor":50,"turns":3},{"damage":16,"enemies":"downfall:CharBossMerchant","floor":52,"turns":5},{"damage":57,"enemies":"downfall:NeowBoss","floor":55,"turns":9},{"damage":16,"enemies":"downfall:NeowBossFinal","floor":56,"turns":5}],"seed_played":"-1631197742396440967","potions_obtained":[{"floor":3,"key":"Dexterity Potion"},{"floor":5,"key":"Weak Potion"},{"floor":8,"key":"Explosive Potion"},{"floor":11,"key":"champ:OpenerPotion"},{"floor":14,"key":"Strength Potion"},{"floor":16,"key":"FearPotion"},{"floor":22,"key":"PowerPotion"},{"floor":25,"key":"Explosive Potion"},{"floor":46,"key":"Energy Potion"},{"floor":52,"key":"Strength Potion"}],"is_trial":false,"path_per_floor":["R","M","?","?","M","$","T","M","M","E","M","E","R","E","M","B",null,"R","M","$","M","M","E","T","E","R","$","?","T","E","M","M","B",null,"R","M","?","M","M","E","MIM","M","M","E","R","E","R","$","M","B",null,"E","$","R","B","B",null],"character_chosen":"THE_CHAMP","items_purchased":["Fruit Juice","Chemical X","PreservedInsect","Shuriken","OrangePellets","Bronze Scales","champ:RapidStrikes+1","champ:AdrenalArmor"],"campfire_rested":1,"item_purchase_floors":[6,20,27,48,48,48,48,53],"current_hp_per_floor":[90,90,67,67,67,67,67,74,68,50,50,38,38,32,44,36,97,97,96,88,82,74,71,71,58,58,55,55,55,70,73,77,85,97,97,97,97,97,87,91,95,71,89,94,104,107,107,107,107,107,107,107,107,107,106,107],"gold":11,"neow_bonus":"UPGRADE_CARD","is_daily":false,"chose_seed":false,"campfire_upgraded":3,"win_rate":0.0,"timestamp":1612281077,"path_taken":["R","M","?","?","M","?","T","?","M","E","M","E","R","E","M","BOSS","R","M","$","M","?","E","T","E","R","$","?","?","E","M","M","BOSS","R","M","?","M","M","E","MIM","M","M","E","R","E","R","$","M","BOSS","E","$","R","BOSS","BOSS"],"items_purchased_type":["Potion","Relic","Relic","Relic","Relic","Relic","Card","Card"],"build_version":"2020-12-22","purchased_purges":3,"victory":true,"max_hp_per_floor":[90,90,90,90,90,90,90,97,97,97,97,97,97,97,97,97,97,97,97,97,97,97,97,97,97,97,97,97,97,97,97,97,97,97,97,97,97,97,97,97,97,97,97,97,107,107,107,107,107,107,107,107,107,107,107,107],"card_choices":[{"not_picked":["champ:BringItOn","champ:ShieldWall"],"picked":"champ:RageSigil","floor":2},{"not_picked":["champ:FlashCut","champ:CrownThrow"],"picked":"champ:ShieldSigil","floor":3},{"not_picked":["champ:ShieldSigil","champ:StanceDance"],"picked":"champ:FaceSlap","floor":5},{"not_picked":["champ:PreemptiveStrike","champ:BringItOn"],"picked":"champ:FlashCut","floor":6},{"not_picked":["champ:StanceDance","champ:ShieldSigil"],"picked":"champ:GutPunch+1","floor":8},{"not_picked":["champ:PreciseThrust+1","champ:FocusedDefense"],"picked":"champ:TornadoPunch+1","floor":9},{"not_picked":["champ:CrookedStrike+1","champ:TornadoPunch+1"],"picked":"champ:SwordThrow+1","floor":10},{"not_picked":["champ:Lariat","champ:ShieldSigil"],"picked":"champ:CrownThrow+1","floor":11},{"not_picked":["champ:FocusedBerserking","champ:FancyFootwork"],"picked":"champ:Encircle+1","floor":12},{"not_picked":["champ:RapidStrikes+1","champ:PerfectedStrike+1"],"picked":"champ:CrookedStrike+1","floor":14},{"not_picked":["champ:TornadoPunch+1","champ:HeartStrike+1"],"picked":"champ:Circumvent","floor":15},{"not_picked":["champ:Improvising","champ:ShieldThrow+1"],"picked":"champ:TripleStrike+1","floor":16},{"not_picked":["champ:PreciseThrust+1","champ:Haymaker+1"],"picked":"champ:FocusedBerserking","floor":19},{"not_picked":["champ:Circumvent","champ:TornadoPunch+1"],"picked":"champ:FaceSlap+1","floor":20},{"not_picked":["champ:StanceDance","champ:BerserkersShout"],"picked":"champ:EnGarde+1","floor":21},{"not_picked":["champ:Backstep+1","champ:Haymaker+1"],"picked":"champ:EndlessRage+1","floor":22},{"not_picked":["champ:ShieldThrow+1","champ:BerserkersShout"],"picked":"champ:Shatter+1","floor":23},{"not_picked":["champ:SwordSigil","champ:TornadoPunch+1"],"picked":"champ:BerserkersShout+1","floor":25},{"not_picked":["champ:SkillfulDodge","champ:BerserkersShout"],"picked":"champ:CheapShot+1","floor":27},{"not_picked":["champ:ArenaPreparation","champ:FlashCut+1"],"picked":"champ:FanOfKnives+1","floor":30},{"not_picked":["champ:BladeFlurry+1","champ:DefensiveShout"],"picked":"champ:Backstep+1","floor":31},{"not_picked":["champ:DeathBlow+1","champ:BringItOn"],"picked":"champ:FaceSlap+1","floor":32},{"not_picked":["champ:EnchantSword","champ:CheapShot+1"],"picked":"champ:Devastate+1","floor":33},{"not_picked":["champ:BringItOn+1","champ:CrownThrow+1"],"picked":"champ:StanceDance+1","floor":36},{"not_picked":["champ:FanOfKnives+1","champ:DefensiveShout+1"],"picked":"champ:ShieldSlam+1","floor":38},{"not_picked":["champ:TornadoPunch+1","champ:DefensiveShout+1"],"picked":"champ:Lariat+1","floor":39},{"not_picked":["champ:FocusedDefense","champ:FanOfKnives+1"],"picked":"champ:Endure","floor":40},{"not_picked":["champ:Circumvent+1","champ:Backstep"],"picked":"champ:Endure+1","floor":41},{"not_picked":["champ:TornadoPunch+1","champ:CrownThrow+1"],"picked":"champ:CalledShot+1","floor":42},{"not_picked":["champ:BerserkersShout+1","champ:FocusedDefense+1"],"picked":"champ:FancyFootwork","floor":43},{"not_picked":["champ:IgnorePain","champ:Haymaker+1"],"picked":"champ:RecklessLeap+1","floor":44},{"not_picked":["champ:GladiatorStyle","champ:BerserkerStyle+1","champ:TornadoPunch+1"],"picked":"SKIP","floor":46},{"not_picked":["champ:BringItOn+1","champ:FanOfKnives+1","champ:TornadoPunch+1"],"picked":"SKIP","floor":49},{"not_picked":["champ:FanOfKnives+1","champ:ShieldSigil","champ:TornadoPunch+1"],"picked":"SKIP","floor":52}],"player_experience":2265831,"relics_obtained":[{"floor":3,"key":"Pen Nib"},{"floor":7,"key":"Molten Egg 2"},{"floor":10,"key":"Orichalcum"},{"floor":12,"key":"MawBank"},{"floor":14,"key":"Meat on the Bone"},{"floor":23,"key":"hexamod:BolsterEngine"},{"floor":24,"key":"TungstenRod"},{"floor":25,"key":"champ:SpectersHand"},{"floor":29,"key":"Pantograph"},{"floor":30,"key":"Incense Burner"},{"floor":40,"key":"Old Coin"},{"floor":41,"key":"Unceasing Top"},{"floor":44,"key":"MealTicket"},{"floor":46,"key":"Bottled Tornado"},{"floor":52,"key":"Bird Faced Urn"}],"event_choices":[{"damage_healed":0,"gold_gain":0,"player_choice":"Stole Relic","damage_taken":0,"relics_obtained":["Girya"],"max_hp_gain":0,"max_hp_loss":0,"event_name":"Addict","floor":28,"gold_loss":0,"cards_obtained":["Pride"]}],"is_beta":false,"boss_relics":[{"not_picked":["Snecko Eye","Runic Pyramid"],"picked":"champ:PowerArmor"},{"not_picked":["bronze:MakeshiftBattery","Velvet Choker"],"picked":"Fusion Hammer"}],"items_purged_floors":[20,48,48],"is_endless":false,"potions_floor_spawned":[3,5,8,11,14,16,22,25,30,33,36,40,42,44,46,52],"ascension_level":2}}