{"host":"hs5g5f0q56ds4vmn","time":1612269154,"event":{"mods":["AchievementEnabler","BaseMod","DeckTracker","Highlight Path","Minty Spire (QoL Compilation)","SuperFastMode","everything is the same but u backflip on backflip"],"gold_per_floor":[112,128,18,28,28,63,63,93,119,119,134,160,176,202,202,307,307,326,326,526,546,182,194,212,212,212,212,14,32,32,61,61,158,158,177,226,226,6,17,27,27,59,59,85,0,20,49,65,65,65],"floor_reached":51,"language":"KOR","playtime":4517,"items_purged":["Strike_G","Strike_G","Strike_G","Defend_G"],"score":823,"play_id":"3a22140f-d7bb-4668-98e9-abbcd3447657","local_time":"20210202213234","is_ascension_mode":true,"campfire_choices":[{"data":"Neutralize","floor":7.0,"key":"SMITH"},{"data":"Blade Dance","floor":10.0,"key":"SMITH"},{"data":"Footwork","floor":15.0,"key":"SMITH"},{"data":"Corpse Explosion","floor":27.0,"key":"SMITH"},{"data":"Underhanded Strike","floor":32.0,"key":"SMITH"},{"data":"Catalyst","floor":41.0,"key":"SMITH"},{"data":"Noxious Fumes","floor":49,"key":"SMITH"}],"circlet_count":0,"master_deck":["Strike_G+1","Defend_G","Defend_G","Defend_G","Defend_G","Survivor","Neutralize+1","Heel Hook","Dagger Spray","Footwork+1","Blur","Footwork+1","Corpse Explosion+1","PiercingWail","Underhanded Strike+1","Acrobatics","Catalyst+1","Dodge and Roll","Caltrops","Necronomicurse","Crippling Poison","Underhanded Strike","Backflip+1","Noxious Fumes+1","Prepared+1","Footwork+1","PiercingWail+1","Prepared+1"],"relics":["Ring of the Snake","NeowsBlessing","Happy Flower","Oddly Smooth Stone","Centennial Puzzle","Anchor","Incense Burner","SlaversCollar","Bronze Scales","Necronomicon","Eternal Feather","PreservedInsect","Philosopher\u0027s Stone","Tingsha","Toy Ornithopter","White Beast Statue","Letter Opener","Red Mask","Torii"],"acts_visited":["Exordium","TheCity","TheBeyond"],"potions_floor_usage":[48,50],"damage_taken":[{"damage":0.0,"enemies":"Cultist","floor":1.0,"turns":1.0},{"damage":0.0,"enemies":"Small Slimes","floor":2.0,"turns":1.0},{"damage":0.0,"enemies":"2 Louse","floor":4.0,"turns":1.0},{"damage":10.0,"enemies":"Lagavulin","floor":6.0,"turns":6.0},{"damage":2.0,"enemies":"Gremlin Nob","floor":8.0,"turns":4.0},{"damage":1.0,"enemies":"Looter","floor":11.0,"turns":2.0},{"damage":18.0,"enemies":"3 Sentries","floor":12.0,"turns":6.0},{"damage":0.0,"enemies":"Red Slaver","floor":13.0,"turns":3.0},{"damage":2.0,"enemies":"Lagavulin","floor":14.0,"turns":10.0},{"damage":6.0,"enemies":"Slime Boss","floor":16.0,"turns":9.0},{"damage":0.0,"enemies":"Shell Parasite","floor":18.0,"turns":6.0},{"damage":6.0,"enemies":"3 Byrds","floor":21.0,"turns":4.0},{"damage":0.0,"enemies":"Shelled Parasite and Fungi","floor":23.0,"turns":5.0},{"damage":5.0,"enemies":"Snake Plant","floor":24.0,"turns":6.0},{"damage":2.0,"enemies":"Centurion and Healer","floor":29.0,"turns":3.0},{"damage":15.0,"enemies":"Gremlin Leader","floor":31.0,"turns":6.0},{"damage":20.0,"enemies":"Collector","floor":33.0,"turns":8.0},{"damage":10.0,"enemies":"Orb Walker","floor":35.0,"turns":6.0},{"damage":12.0,"enemies":"2 Orb Walkers","floor":36.0,"turns":3.0},{"damage":0.0,"enemies":"3 Darklings","floor":39.0,"turns":4.0},{"damage":5.0,"enemies":"Transient","floor":40.0,"turns":5.0},{"damage":3.0,"enemies":"Reptomancer","floor":42.0,"turns":5.0},{"damage":6.0,"enemies":"Nemesis","floor":44.0,"turns":7.0},{"damage":3,"enemies":"Maw","floor":46,"turns":5},{"damage":10,"enemies":"Reptomancer","floor":47,"turns":5},{"damage":0,"enemies":"Spire Growth","floor":48,"turns":4},{"damage":39,"enemies":"Time Eater","floor":50,"turns":11}],"seed_played":"-4756688031437982760","potions_obtained":[{"floor":1.0,"key":"Poison Potion"},{"floor":6.0,"key":"ColorlessPotion"},{"floor":12.0,"key":"CunningPotion"},{"floor":14.0,"key":"LiquidMemories"},{"floor":18.0,"key":"Weak Potion"},{"floor":21.0,"key":"Energy Potion"},{"floor":23.0,"key":"Regen Potion"},{"floor":35.0,"key":"SneckoOil"},{"floor":40.0,"key":"AttackPotion"},{"floor":42.0,"key":"FearPotion"},{"floor":46,"key":"LiquidMemories"},{"floor":47,"key":"DuplicationPotion"},{"floor":48,"key":"Energy Potion"}],"is_trial":false,"path_per_floor":["M","M","$","M","?","E","R","E","T","R","M","E","M","E","R","B",null,"M","?","?","M","$","M","M","?","T","R","$","M","T","E","R","B",null,"M","?","?","$","M","M","R","E","T","E","?","M","E","M","R","B",null],"character_chosen":"THE_SILENT","items_purchased":["Footwork","Dodge and Roll","Caltrops","Bronze Scales","Crippling Poison","Noxious Fumes"],"campfire_rested":0,"item_purchase_floors":[3,22,22,22,28,38],"current_hp_per_floor":[70,70,70,70,56,46,46,44,44,44,43,25,25,23,23,17,70,70,70,70,64,64,64,59,43,43,55,55,53,53,38,50,30,70,60,48,48,48,48,58,70,67,67,61,61,58,48,53,68,34],"gold":65,"neow_bonus":"THREE_ENEMY_KILL","is_daily":false,"chose_seed":false,"campfire_upgraded":7,"win_rate":0.0,"timestamp":1612269154,"path_taken":["M","?","$","M","?","E","R","E","T","R","M","E","M","E","R","BOSS","M","?","?","?","$","M","M","?","T","R","$","M","?","E","R","BOSS","M","?","?","$","M","?","R","E","T","E","?","M","E","M","R","BOSS"],"items_purchased_type":["Card","Card","Card","Relic","Card","Card"],"build_version":"2020-12-22","purchased_purges":4,"victory":true,"max_hp_per_floor":[70,70,70,70,70,70,70,70,70,70,70,70,70,70,70,70,70,70,70,70,70,70,70,70,70,70,70,70,70,70,70,70,70,70,70,70,70,70,70,70,70,70,70,70,70,70,70,70,70,70],"card_choices":[{"not_picked":["Underhanded Strike","Outmaneuver"],"picked":"Heel Hook","floor":1.0},{"not_picked":["Distraction","Blade Dance"],"picked":"Dagger Spray","floor":2.0},{"not_picked":["Eviscerate","Choke"],"picked":"Blade Dance","floor":4.0},{"not_picked":["Bouncing Flask","Wraith Form v2","Distraction"],"picked":"SKIP","floor":6.0},{"not_picked":["Skewer","Reflex","Predator"],"picked":"SKIP","floor":8.0},{"not_picked":["Dagger Throw","Acrobatics","Slice"],"picked":"SKIP","floor":11.0},{"not_picked":["Quick Slash","Acrobatics","Cloak And Dagger"],"picked":"SKIP","floor":12.0},{"not_picked":["Dodge and Roll","Outmaneuver"],"picked":"Blur","floor":13.0},{"not_picked":["Unload","Bane"],"picked":"Footwork","floor":14.0},{"not_picked":["Bullet Time","Die Die Die"],"picked":"Corpse Explosion","floor":16.0},{"not_picked":["Terror","Outmaneuver"],"picked":"PiercingWail","floor":18.0},{"not_picked":["Distraction+1","Deadly Poison"],"picked":"Catalyst","floor":21.0},{"not_picked":["Acrobatics","Slice","Deadly Poison"],"picked":"SKIP","floor":23.0},{"not_picked":["Dodge and Roll","Outmaneuver+1","Skewer"],"picked":"SKIP","floor":24.0},{"not_picked":["Caltrops","Deflect","Deadly Poison"],"picked":"SKIP","floor":29.0},{"not_picked":["Sucker Punch","Cloak And Dagger","Outmaneuver+1"],"picked":"SKIP","floor":31.0},{"not_picked":["Choke+1","Flechettes+1"],"picked":"Underhanded Strike","floor":35.0},{"not_picked":["Masterful Stab+1","Bane+1"],"picked":"Backflip+1","floor":36.0},{"not_picked":["Dagger Spray+1","Sucker Punch+1"],"picked":"Prepared+1","floor":39.0},{"not_picked":["Expertise+1","Cloak And Dagger","Prepared"],"picked":"SKIP","floor":40.0},{"not_picked":["Cloak And Dagger","Bane+1"],"picked":"Footwork+1","floor":42.0},{"not_picked":["Blur","Dagger Throw+1"],"picked":"PiercingWail+1","floor":44.0},{"not_picked":["Sucker Punch","Crippling Poison"],"picked":"Prepared+1","floor":46},{"not_picked":["Caltrops","Flying Knee","Distraction+1"],"picked":"SKIP","floor":47},{"not_picked":["Blade Dance","Flechettes","Cloak And Dagger+1"],"picked":"SKIP","floor":48}],"player_experience":532536,"relics_obtained":[{"floor":6.0,"key":"Happy Flower"},{"floor":8.0,"key":"Oddly Smooth Stone"},{"floor":9.0,"key":"Centennial Puzzle"},{"floor":12.0,"key":"Anchor"},{"floor":14.0,"key":"Incense Burner"},{"floor":25.0,"key":"Necronomicon"},{"floor":26.0,"key":"Eternal Feather"},{"floor":31.0,"key":"PreservedInsect"},{"floor":36.0,"key":"Tingsha"},{"floor":42.0,"key":"Toy Ornithopter"},{"floor":43.0,"key":"White Beast Statue"},{"floor":44.0,"key":"Letter Opener"},{"floor":47,"key":"Torii"}],"event_choices":[{"damage_healed":0.0,"max_hp_gain":0.0,"max_hp_loss":0.0,"gold_gain":0.0,"event_name":"Shining Light","player_choice":"Entered Light","floor":5.0,"gold_loss":0.0,"damage_taken":14.0,"cards_upgraded":["Strike_G","Footwork"]},{"damage_healed":0.0,"max_hp_gain":0.0,"max_hp_loss":0.0,"gold_gain":0.0,"cards_transformed":["Blade Dance","Strike_G"],"event_name":"Drug Dealer","player_choice":"Became Test Subject","floor":19.0,"gold_loss":0.0,"damage_taken":0.0,"cards_obtained":["Underhanded Strike","Acrobatics"]},{"damage_healed":0.0,"max_hp_gain":0.0,"max_hp_loss":0.0,"gold_gain":250.0,"event_name":"The Joust","player_choice":"Bet on Owner","floor":20.0,"gold_loss":50.0,"damage_taken":0.0},{"damage_healed":0.0,"max_hp_gain":0.0,"max_hp_loss":0.0,"gold_gain":0.0,"event_name":"Cursed Tome","player_choice":"Obtained Book","floor":25.0,"gold_loss":0.0,"damage_taken":16.0},{"damage_healed":0.0,"max_hp_gain":0.0,"max_hp_loss":0.0,"gold_gain":0.0,"event_name":"Mysterious Sphere","player_choice":"Fight","floor":36.0,"gold_loss":0.0,"damage_taken":0.0},{"damage_healed":0.0,"max_hp_gain":0.0,"max_hp_loss":0.0,"gold_gain":0.0,"event_name":"SensoryStone","player_choice":"Memory 1","floor":37.0,"gold_loss":0.0,"damage_taken":0.0},{"damage_healed":0.0,"max_hp_gain":0.0,"max_hp_loss":0.0,"gold_gain":0.0,"event_name":"Tomb of Lord Red Mask","player_choice":"Paid","floor":45.0,"gold_loss":85.0,"damage_taken":0.0,"relics_obtained":["Red Mask"]}],"is_beta":false,"boss_relics":[{"not_picked":["Tiny House","Runic Pyramid"],"picked":"SlaversCollar"},{"not_picked":["HoveringKite","SacredBark"],"picked":"Philosopher\u0027s Stone"}],"items_purged_floors":[3,22,28,38],"is_endless":false,"potions_floor_spawned":[1,6,12,14,18,21,23,35,40,42,44,46,47,48],"ascension_level":1}}