{"host":"vt6dr1xq3iy14a3e","time":1612229265,"event":{"mods":["AchievementEnabler","BaseMod","Colored Map","DeckTracker","Minty Spire (QoL Compilation)","StSLib","SuperFastMode"],"gold_per_floor":[113,128,19,19,37,37,37,68,120,132,132,162,162,191,191,293,293,293,193,193,193,193,193,193,193,193,193,193,193,193,193,193,193,193,193,193,69,69,69,69,1,1,1,1,1,1,1,1,1,1],"floor_reached":51,"language":"KOR","playtime":3564,"items_purged":["Strike_P","Defend_P"],"score":915,"play_id":"3aa3427d-1993-40e7-9da3-4dcddad0d17b","local_time":"20210202102745","is_ascension_mode":true,"campfire_choices":[{"data":"MentalFortress","floor":6.0,"key":"SMITH"},{"data":"Eruption","floor":11.0,"key":"SMITH"},{"data":"SashWhip","floor":15.0,"key":"SMITH"},{"floor":29.0,"key":"REST"},{"floor":32.0,"key":"REST"},{"data":"Secret Weapon","floor":40,"key":"SMITH"},{"floor":42,"key":"REST"},{"floor":46,"key":"REST"},{"floor":49,"key":"REST"}],"circlet_count":0,"master_deck":["Eruption+1","Vigilance+1","FollowUp","SashWhip+1","Tantrum","MentalFortress+1","EmptyBody+1","Vengeance+1","Nirvana+1","LessonLearned+1","EmptyMind+1","JustLucky","ThirdEye+1","Adaptation+1","WindmillStrike+1","ThirdEye+1","DeusExMachina+1","FollowUp+1","Sanctity","Vengeance","TalkToTheHand","EmptyFist","MasterReality","Secret Weapon+1","Perseverance+1","FearNoEvil+1"],"relics":["PureWater","NeowsBlessing","FaceOfCleric","Akabeko","Potion Belt","Pear","Odd Mushroom","Ectoplasm","Unceasing Top","Nloth\u0027s Gift","Pandora\u0027s Box","Blue Candle"],"acts_visited":["Exordium","TheCity","TheBeyond"],"potions_floor_usage":[45,50,50],"damage_taken":[{"damage":0.0,"enemies":"Cultist","floor":1.0,"turns":1.0},{"damage":0.0,"enemies":"Small Slimes","floor":2.0,"turns":1.0},{"damage":0.0,"enemies":"Jaw Worm","floor":5.0,"turns":1.0},{"damage":11.0,"enemies":"Lagavulin","floor":8.0,"turns":6.0},{"damage":0.0,"enemies":"3 Louse","floor":10.0,"turns":2.0},{"damage":3.0,"enemies":"The Mushroom Lair","floor":14.0,"turns":3.0},{"damage":54.0,"enemies":"The Guardian","floor":16.0,"turns":11.0},{"damage":0.0,"enemies":"Spheric Guardian","floor":18.0,"turns":3.0},{"damage":0.0,"enemies":"3 Byrds","floor":20.0,"turns":3.0},{"damage":8.0,"enemies":"Snake Plant","floor":21.0,"turns":4.0},{"damage":11.0,"enemies":"Snecko","floor":22.0,"turns":5.0},{"damage":27.0,"enemies":"Gremlin Leader","floor":23.0,"turns":5.0},{"damage":3.0,"enemies":"Shelled Parasite and Fungi","floor":25.0,"turns":3.0},{"damage":19.0,"enemies":"Cultist and Chosen","floor":27.0,"turns":4.0},{"damage":0.0,"enemies":"Centurion and Healer","floor":30.0,"turns":5.0},{"damage":15.0,"enemies":"Sentry and Sphere","floor":31.0,"turns":4.0},{"damage":15.0,"enemies":"Champ","floor":33.0,"turns":12.0},{"damage":21,"enemies":"3 Shapes","floor":35,"turns":5},{"damage":11,"enemies":"Orb Walker","floor":39,"turns":4},{"damage":24,"enemies":"4 Shapes","floor":44,"turns":7},{"damage":23,"enemies":"Writhing Mass","floor":45,"turns":5},{"damage":0,"enemies":"Maw","floor":47,"turns":6},{"damage":25,"enemies":"4 Shapes","floor":48,"turns":7},{"damage":23,"enemies":"Donu and Deca","floor":50,"turns":7}],"seed_played":"8941162803256568092","potions_obtained":[{"floor":2.0,"key":"GamblersBrew"},{"floor":5.0,"key":"StancePotion"},{"floor":10.0,"key":"SteroidPotion"},{"floor":16.0,"key":"EntropicBrew"},{"floor":22.0,"key":"Fire Potion"},{"floor":25.0,"key":"Dexterity Potion"},{"floor":27.0,"key":"Regen Potion"},{"floor":30.0,"key":"GamblersBrew"},{"floor":45,"key":"EssenceOfSteel"},{"floor":48,"key":"SmokeBomb"}],"is_trial":false,"path_per_floor":["M","M","$","?","M","R","?","E","T","M","R","?","?","?","R","B",null,"M","$","M","M","M","E","?","M","T","M","?","R","M","M","R","B",null,"M","?","$","?","M","R","$","R","T","M","M","R","M","M","R","B",null],"character_chosen":"WATCHER","items_purchased":["Tantrum","StancePotion","BlessingOfTheForge","FearNoEvil"],"campfire_rested":5,"item_purchase_floors":[3,37,37,41],"current_hp_per_floor":[65,65,65,65,66,66,71,61,61,62,62,62,60,58,58,5,70,71,71,72,65,55,29,29,27,27,9,9,38,39,37,67,53,90,70,70,70,70,60,60,60,91,91,68,46,77,78,54,86,64],"gold":1,"neow_bonus":"THREE_ENEMY_KILL","is_daily":false,"chose_seed":false,"campfire_upgraded":4,"win_rate":0.0,"timestamp":1612229265,"path_taken":["M","M","$","?","?","R","?","E","T","M","R","?","?","?","R","BOSS","M","$","M","M","M","E","?","M","T","M","?","R","M","M","R","BOSS","M","?","$","?","M","R","?","R","T","M","M","R","M","?","R","BOSS"],"items_purchased_type":["Card","Potion","Potion","Card"],"build_version":"2020-12-22","purchased_purges":2,"victory":true,"max_hp_per_floor":[72,72,72,72,73,73,78,79,79,80,80,80,90,91,91,92,92,93,93,94,95,96,97,97,98,98,99,99,99,100,101,101,102,102,103,103,103,103,104,104,104,104,104,105,106,106,107,108,108,109],"card_choices":[{"not_picked":["PathToVictory","JustLucky"],"picked":"FollowUp","floor":1.0},{"not_picked":["BowlingBash","ThirdEye"],"picked":"SashWhip","floor":2.0},{"not_picked":["JustLucky","ThirdEye"],"picked":"MentalFortress","floor":5.0},{"not_picked":["LikeWater","Pray"],"picked":"EmptyBody","floor":8.0},{"not_picked":["Tantrum","Pray"],"picked":"Vengeance","floor":10.0},{"not_picked":["EmptyFist","PathToVictory"],"picked":"Nirvana","floor":14.0},{"not_picked":["Scrawl","ConjureBlade"],"picked":"LessonLearned","floor":16.0},{"not_picked":["Crescendo+1","EmptyFist+1","LikeWater"],"picked":"SKIP","floor":18.0},{"not_picked":["Collect","Crescendo"],"picked":"EmptyMind","floor":20.0},{"not_picked":["FlyingSleeves","ForeignInfluence+1"],"picked":"JustLucky","floor":21.0},{"not_picked":["Protect","ForeignInfluence","SashWhip"],"picked":"SKIP","floor":22.0},{"not_picked":["Judgement","Tantrum","CarveReality"],"picked":"SKIP","floor":23.0},{"not_picked":["WindmillStrike","Fasting2+1"],"picked":"ThirdEye","floor":25.0},{"not_picked":["FlurryOfBlows","TalkToTheHand"],"picked":"Adaptation+1","floor":27.0},{"not_picked":["Crescendo","Consecrate+1"],"picked":"WindmillStrike+1","floor":30.0},{"not_picked":["BowlingBash","PathToVictory"],"picked":"ThirdEye","floor":31.0},{"not_picked":["Alpha","Ragnarok"],"picked":"DeusExMachina","floor":33.0},{"not_picked":["Tantrum+1","Meditate+1","ThirdEye"],"picked":"SKIP","floor":35},{"not_picked":["Madness","Panacea"],"picked":"Secret Weapon","floor":38},{"not_picked":["CrushJoints","Establishment"],"picked":"Perseverance+1","floor":39},{"not_picked":["Evaluate","WreathOfFlame+1","EmptyBody"],"picked":"SKIP","floor":44},{"not_picked":["Tantrum+1","SandsOfTime","LikeWater+1"],"picked":"SKIP","floor":45},{"not_picked":["Worship","MentalFortress","EmptyBody"],"picked":"SKIP","floor":47},{"not_picked":["Halt","CrushJoints+1","MentalFortress+1"],"picked":"SKIP","floor":48}],"player_experience":1018815,"relics_obtained":[{"floor":8.0,"key":"Akabeko"},{"floor":9.0,"key":"Potion Belt"},{"floor":14.0,"key":"Odd Mushroom"},{"floor":23.0,"key":"Unceasing Top"},{"floor":43,"key":"Blue Candle"}],"event_choices":[{"damage_healed":0.0,"max_hp_gain":0.0,"max_hp_loss":0.0,"gold_gain":0.0,"event_name":"FaceTrader","player_choice":"Trade","floor":4.0,"gold_loss":0.0,"damage_taken":0.0,"relics_obtained":["FaceOfCleric"]},{"damage_healed":0.0,"max_hp_gain":5.0,"max_hp_loss":0.0,"gold_gain":0.0,"event_name":"Big Fish","player_choice":"Donut","floor":7.0,"gold_loss":0.0,"damage_taken":0.0},{"damage_healed":0.0,"max_hp_gain":0.0,"max_hp_loss":0.0,"gold_gain":30.0,"event_name":"Dead Adventurer","player_choice":"Searched \u00272\u0027 times","floor":12.0,"gold_loss":0.0,"damage_taken":0.0},{"damage_healed":0.0,"max_hp_gain":0.0,"max_hp_loss":0.0,"gold_gain":0.0,"event_name":"Scrap Ooze","player_choice":"Success","floor":13.0,"gold_loss":0.0,"damage_taken":12.0,"relics_obtained":["Pear"]},{"damage_healed":0.0,"max_hp_gain":0.0,"max_hp_loss":0.0,"gold_gain":0.0,"event_name":"Mushrooms","player_choice":"Fought Mushrooms","floor":14.0,"gold_loss":0.0,"damage_taken":0.0},{"damage_healed":0.0,"max_hp_gain":0.0,"max_hp_loss":0.0,"gold_gain":0.0,"event_name":"The Mausoleum","player_choice":"Opened","floor":24.0,"gold_loss":0.0,"damage_taken":0.0,"relics_obtained":["Dream Catcher"]},{"damage_healed":0.0,"max_hp_gain":0.0,"max_hp_loss":0.0,"gold_gain":0.0,"event_name":"N\u0027loth","player_choice":"Traded Relic","floor":28.0,"relics_lost":["Dream Catcher"],"gold_loss":0.0,"damage_taken":0.0,"relics_obtained":["Nloth\u0027s Gift"]},{"damage_healed":0,"gold_gain":0,"player_choice":"Ignored","damage_taken":0,"max_hp_gain":0,"max_hp_loss":0,"event_name":"Tomb of Lord Red Mask","floor":36,"gold_loss":0},{"damage_healed":0,"gold_gain":0,"player_choice":"Memory 1","damage_taken":0,"max_hp_gain":0,"max_hp_loss":0,"event_name":"SensoryStone","floor":38,"gold_loss":0}],"is_beta":false,"boss_relics":[{"not_picked":["Cursed Key","Busted Crown"],"picked":"Ectoplasm"},{"not_picked":["Philosopher\u0027s Stone","VioletLotus"],"picked":"Pandora\u0027s Box"}],"items_purged_floors":[3,19],"is_endless":false,"potions_floor_spawned":[2,5,10,16,22,25,27,30,45,48],"ascension_level":6}}