{"host":"cxvb37eaaiijvrl4","time":1612307018,"event":{"mods":["ATMod(阿瑾Mod)","BaseMod","Better Third Choice","Minty Spire (QoL Compilation)","MostiFishMod","Quick Restart","Rare Cards Sparkle","Shop Mod","Spicy Shops","StSLib","TestMod","Uncapped","残留之物"],"gold_per_floor":[118,43,43,443,185,185,213,213,213,238,258,275,290,322,322,401,401,411,411,425,218,325,325,381,381,381,481,544,544,544,652,652,798,798,842,842,619,709,328,486,486,543,570,570,570,606,606,762,762,787,912,912,912,144,228,253],"floor_reached":57,"language":"ZHS","playtime":1810,"items_purged":["Strike_B","Dualcast","Defend_B","Defragment","Strike_B+1","Zap+1"],"score":3770,"play_id":"0e5b10b4-5c24-4b60-8a85-52b3969be594","local_time":"20210202150338","is_ascension_mode":true,"campfire_choices":[{"data":"Barrage","floor":6,"key":"SMITH"},{"data":"Turbo","floor":8,"key":"SMITH"},{"data":"MostiFishMod:LinkProtocol","floor":15,"key":"SMITH"},{"data":"AT_StudyProgram","floor":23,"key":"SMITH"},{"data":"AT_DarkMatter","floor":25,"key":"SMITH"},{"data":"MostiFishMod:Distribution","floor":29,"key":"SMITH"},{"data":"AT_DarkMatter","floor":32,"key":"SMITH"},{"data":"Coolheaded","floor":41,"key":"SMITH"},{"data":"MostiFishMod:Culaccino","floor":44,"key":"SMITH"},{"data":"MostiFishMod:Overload","floor":47,"key":"SMITH"},{"floor":49,"key":"RECALL"},{"data":"MostiFishMod:Prepare","floor":53,"key":"SMITH"}],"circlet_count":0,"master_deck":["AscendersBane","Strike_B+1","Defend_B","Defend_B","Defend_B","AT_StudyProgram+1","Barrage+1","Turbo+1","MostiFishMod:LinkProtocol+1","AT_DarkMatter+1","MostiFishMod:Distribution+1","AT_StudyProgram+1","AT_DarkMatter+1","AT_StudyProgram+1","Capacitor+1","MostiFishMod:Overload+1","Defragment+1","Coolheaded+1","MostiFishMod:Culaccino+1","MostiFishMod:Prepare+1","Purity"],"relics":["Cracked Core","DaveBox","AT_ATBox","Civilization","testmod-TimeTraveler","NeowsBlessing","SynthV:TestCard","Technique","testmod-HeartOfStrike","Mummified Hand","Lantern","Smiling Mask","JellyFishMachine","AT_MibuBalloonWealth","Red Mask","Bottled Flame","Whetstone","Pen Nib","RhineSuit","Blood Vial","Oddly Smooth Stone","PlaceholderMod:FlatBlood","Runic Capacitor","Kunai","Omamori","Bag of Preparation","Incense Burner","Membership Card","PlaceholderMod:DaolothFragment","AT_ChloranthyRing","MostiFishMod:AdaptiveDefenses","AT_SunfireAegis","AT_EbonyIvory"],"acts_visited":["Exordium","TheCity","TheBeyond","TheEnding"],"potions_floor_usage":[14,35,56,56,56,56,56,56],"damage_taken":[{"damage":0,"enemies":"Small Slimes","floor":1,"turns":1},{"damage":0,"enemies":"Gremlin Nob","floor":7,"turns":1},{"damage":0,"enemies":"Lagavulin","floor":10,"turns":1},{"damage":0,"enemies":"Jaw Worm","floor":11,"turns":1},{"damage":0,"enemies":"2 Louse","floor":12,"turns":2},{"damage":0,"enemies":"Looter","floor":13,"turns":1},{"damage":0,"enemies":"3 Sentries","floor":14,"turns":3},{"damage":0,"enemies":"Slime Boss","floor":16,"turns":3},{"damage":1,"enemies":"Shell Parasite","floor":18,"turns":3},{"damage":4,"enemies":"2 Thieves","floor":20,"turns":3},{"damage":2,"enemies":"Masked Bandits","floor":22,"turns":3},{"damage":0,"enemies":"Book of Stabbing","floor":24,"turns":3},{"damage":23,"enemies":"Gremlin Leader","floor":27,"turns":4},{"damage":0,"enemies":"Centurion and Healer","floor":28,"turns":3},{"damage":23,"enemies":"Slavers","floor":31,"turns":3},{"damage":35,"enemies":"Collector","floor":33,"turns":4},{"damage":0,"enemies":"Orb Walker","floor":35,"turns":1},{"damage":0,"enemies":"3 Shapes","floor":38,"turns":3},{"damage":18,"enemies":"Reptomancer","floor":40,"turns":3},{"damage":0,"enemies":"Giant Head","floor":42,"turns":3},{"damage":0,"enemies":"Maw","floor":46,"turns":2},{"damage":0,"enemies":"Reptomancer","floor":48,"turns":2},{"damage":5,"enemies":"Time Eater","floor":50,"turns":3},{"damage":0,"enemies":"Awakened One","floor":51,"turns":3},{"damage":0,"enemies":"Shield and Spear","floor":55,"turns":3},{"damage":0,"enemies":"The Heart","floor":56,"turns":6}],"seed_played":"3669348754145667374","potions_obtained":[{"floor":1,"key":"PowerPotion"},{"floor":11,"key":"EntropicBrew"},{"floor":14,"key":"EntropicBrew"},{"floor":35,"key":"testmod-SpacePotion"},{"floor":42,"key":"Dexterity Potion"}],"is_trial":false,"path_per_floor":["M","$","?","?","$","R","E","R","T","E","M","M","M","E","R","B",null,"M","?","M","$","?","R","E","R","T","E","M","R","?","E","R","B",null,"M","T","$","M","$","E","R","E","T","R","?","M","R","E","R","B","B",null,"R","$","E","B",null],"character_chosen":"DEFECT","items_purchased":["Technique","AT_MibuBalloonWealth","Oddly Smooth Stone","PlaceholderMod:FlatBlood","Runic Capacitor","Membership Card","PlaceholderMod:DaolothFragment","AT_ChloranthyRing","MostiFishMod:AdaptiveDefenses","AT_SunfireAegis","PotionOfCapacity","Purity"],"campfire_rested":0,"item_purchase_floors":[5,21,37,39,39,54,54,54,54,54,54,54],"current_hp_per_floor":[66,66,66,66,66,66,69,69,69,73,78,83,88,93,93,98,103,107,107,108,108,111,111,116,116,116,98,103,103,103,85,85,55,123,128,128,128,135,135,124,124,131,131,131,164,170,170,175,175,175,182,184,184,184,190,195],"gold":253,"neow_bonus":"THREE_ENEMY_KILL","is_daily":false,"chose_seed":false,"campfire_upgraded":11,"win_rate":0.0,"timestamp":1612307018,"path_taken":["M","$","?","?","?","R","E","R","T","E","M","M","M","E","R","BOSS","M","?","M","$","?","R","E","R","T","E","M","R","?","E","R","BOSS","M","?","$","M","$","E","R","E","T","R","?","M","R","E","R","BOSS","BOSS","R","$","E","BOSS"],"items_purchased_type":["Relic","Relic","Relic","Relic","Relic","Relic","Relic","Relic","Relic","Relic","Potion","Card"],"build_version":"2020-12-22","purchased_purges":6,"victory":true,"max_hp_per_floor":[73,73,73,73,73,73,76,76,76,80,85,90,95,100,100,105,105,110,110,115,115,120,120,125,125,125,130,135,135,135,140,140,145,145,150,150,150,155,155,160,160,165,165,165,165,170,170,175,175,180,185,185,185,185,190,195],"card_choices":[{"not_picked":["Hello World","Auto Shields","AT_RobotInSpace"],"picked":"SKIP","floor":1},{"not_picked":["Tempest","Blizzard","Conserve Battery","Beam Cell"],"picked":"Turbo","floor":7},{"not_picked":["Compile Driver","Conserve Battery","Barrage","Genetic Algorithm","Steam Power"],"picked":"SKIP","floor":10},{"not_picked":["Steam","AT_HeatAcrobatics","Rebound","AT_WarpDrive"],"picked":"MostiFishMod:LinkProtocol","floor":11},{"not_picked":["Genetic Algorithm","AT_HeatAcrobatics","Compile Driver","Aggregate","Go for the Eyes"],"picked":"SKIP","floor":12},{"not_picked":["Glacier","Rip and Tear","Leap","Chill"],"picked":"AT_DarkMatter","floor":13},{"not_picked":["AT_WarpDrive","Rebound","Redo","MostiFishMod:FluxCapactior"],"picked":"Defragment","floor":14},{"not_picked":["MostiFishMod:Prepare","MostiFishMod:Overload","MostiFishMod:StrandedSiren","Buffer"],"picked":"MostiFishMod:Distribution","floor":16},{"not_picked":["Steam","Rebound","Sweeping Beam+1","Lockon+1","Ball Lightning"],"picked":"SKIP","floor":18},{"not_picked":["Redo","Ball Lightning","Hologram","Stack"],"picked":"AT_DarkMatter","floor":20},{"not_picked":["Static Discharge+1","AT_EMC2","Compile Driver","AT_RobotInSpace","Cold Snap"],"picked":"SKIP","floor":24},{"not_picked":["Multi-Cast","Darkness","Genetic Algorithm","Conserve Battery","Turbo"],"picked":"SKIP","floor":27},{"not_picked":["Consume","Steam+1","Turbo","Hologram"],"picked":"AT_StudyProgram","floor":28},{"not_picked":["MostiFishMod:Impulse+1","Steam","MostiFishMod:PushDownKick","Reinforced Body"],"picked":"Capacitor+1","floor":31},{"not_picked":["MostiFishMod:ActiveDefenseSystem","MostiFishMod:TalkingToTheRain","Core Surge","MostiFishMod:StarOceanB"],"picked":"MostiFishMod:Overload","floor":33},{"not_picked":["Gash","Compile Driver","AT_HeatAcrobatics","AT_WarpDrive","Ball Lightning"],"picked":"SKIP","floor":35},{"not_picked":["Streamline","Compile Driver","Go for the Eyes+1","Loop"],"picked":"Defragment+1","floor":38},{"not_picked":["Core Surge","Cold Snap","Rebound","MostiFishMod:PushDownKick"],"picked":"Coolheaded","floor":40},{"not_picked":["Stack","Barrage","Gash","Auto Shields"],"picked":"MostiFishMod:Culaccino","floor":42},{"not_picked":["Rip and Tear","Hologram","Rebound","BootSequence+1","MostiFishMod:StarOceanB"],"picked":"SKIP","floor":46},{"not_picked":["Steam","Beam Cell","BootSequence","Conserve Battery"],"picked":"MostiFishMod:Prepare","floor":48},{"not_picked":["AT_WarpDrive","Turbo","Chaos","Capacitor","Redo"],"picked":"SKIP","floor":55}],"player_experience":727456,"relics_obtained":[{"floor":1,"key":"SynthV:TestCard"},{"floor":7,"key":"testmod-HeartOfStrike"},{"floor":9,"key":"Mummified Hand"},{"floor":10,"key":"Lantern"},{"floor":14,"key":"Smiling Mask"},{"floor":22,"key":"Red Mask"},{"floor":24,"key":"Bottled Flame"},{"floor":27,"key":"Whetstone"},{"floor":31,"key":"Pen Nib"},{"floor":36,"key":"Blood Vial"},{"floor":40,"key":"Kunai"},{"floor":42,"key":"Omamori"},{"floor":43,"key":"Bag of Preparation"},{"floor":48,"key":"Incense Burner"},{"floor":55,"key":"AT_EbonyIvory"}],"event_choices":[{"damage_healed":0,"gold_gain":0,"cards_transformed":["Strike_B"],"player_choice":"Change","damage_taken":0,"max_hp_gain":0,"max_hp_loss":0,"event_name":"Living Wall","floor":3,"gold_loss":0,"cards_obtained":["Barrage"]},{"damage_healed":0,"gold_gain":400,"player_choice":"Sell","damage_taken":0,"max_hp_gain":0,"max_hp_loss":0,"event_name":"恩洛斯的盘子","floor":4,"relics_lost":["testmod-TestBox"],"gold_loss":0},{"damage_healed":0,"gold_gain":0,"player_choice":"Read","damage_taken":0,"max_hp_gain":0,"max_hp_loss":0,"event_name":"The Library","floor":19,"gold_loss":0,"cards_obtained":["AT_StudyProgram"]},{"damage_healed":0,"gold_gain":0,"player_choice":"Fought Bandits","damage_taken":0,"max_hp_gain":0,"max_hp_loss":0,"event_name":"Masked Bandits","floor":22,"gold_loss":0},{"damage_healed":0,"gold_gain":0,"player_choice":"Forge","damage_taken":0,"max_hp_gain":0,"max_hp_loss":0,"event_name":"Accursed Blacksmith","floor":30,"gold_loss":0,"cards_upgraded":["AT_StudyProgram"]},{"damage_healed":33,"gold_gain":0,"player_choice":"Writhe","damage_taken":0,"max_hp_gain":0,"max_hp_loss":0,"event_name":"Winding Halls","floor":45,"gold_loss":0,"cards_obtained":["Writhe"]}],"is_beta":false,"boss_relics":[{"not_picked":["Inserter","NightmareShop"],"picked":"JellyFishMachine"},{"not_picked":["MoonlightInvasionPlan","Fusion Hammer"],"picked":"RhineSuit"}],"items_purged_floors":[2,5,21,37,39,54],"is_endless":false,"potions_floor_spawned":[1,11,12,14,20,22,24,27,35,40,42],"ascension_level":20}}