{"host":"ypzb5vvnu9f3ii1t","time":1612258463,"event":{"mods":["AchievementEnabler","BaseMod","Colored Map","DeckTracker","Keyboard Shortcuts","Minty Spire (QoL Compilation)","Permanent Neow","Quick Restart","SuperFastMode"],"gold_per_floor":[117,117,133,133,144,144,144,144,144,160,180,194,205,62,62,162,162,257,350,328,421,521,521,608,652,679,679,770,820,820],"floor_reached":29,"language":"KOR","playtime":909,"items_purged":[],"score":271,"play_id":"0653be77-15e0-4286-8f62-2238e8f6d940","local_time":"20210202183423","daily_mods":["Hoarder","Vintage","Heirloom","Time Dilation","Flight"],"is_ascension_mode":false,"campfire_choices":[{"data":"1","floor":6,"key":"LIFT"},{"data":"2","floor":7,"key":"LIFT"},{"data":"3","floor":8,"key":"LIFT"},{"floor":15,"key":"REST"},{"floor":23,"key":"REST"},{"floor":27,"key":"REST"}],"circlet_count":0,"master_deck":["Strike_P","Strike_P","Strike_P","Strike_P","Defend_P+1","Defend_P","Defend_P","Defend_P+1","Eruption","Vigilance","Wish","Wish","Wish","DevaForm","DevaForm","DevaForm","PathToVictory","PathToVictory","PathToVictory"],"relics":["PureWater","Girya","TeardropLocket","InkBottle","War Paint","White Beast Statue","Regal Pillow","Oddly Smooth Stone","Boot","Vajra","Philosopher\u0027s Stone","Frozen Egg 2","Bronze Scales","Tiny Chest","Dream Catcher","Ornamental Fan","Art of War","CaptainsWheel"],"acts_visited":["Exordium","TheCity"],"potions_floor_usage":[16,18,18,19,21,21,25,25],"damage_taken":[{"damage":10,"enemies":"Small Slimes","floor":1,"turns":5},{"damage":0,"enemies":"Cultist","floor":3,"turns":2},{"damage":0,"enemies":"Jaw Worm","floor":5,"turns":4},{"damage":7,"enemies":"Blue Slaver","floor":10,"turns":2},{"damage":7,"enemies":"Lots of Slimes","floor":11,"turns":3},{"damage":0,"enemies":"2 Fungi Beasts","floor":12,"turns":2},{"damage":5,"enemies":"Exordium Wildlife","floor":13,"turns":3},{"damage":0,"enemies":"Slime Boss","floor":16,"turns":3},{"damage":10,"enemies":"Chosen","floor":18,"turns":5},{"damage":19,"enemies":"Shell Parasite","floor":19,"turns":6},{"damage":30,"enemies":"3 Cultists","floor":21,"turns":6},{"damage":7,"enemies":"Snecko","floor":24,"turns":5},{"damage":24,"enemies":"Snake Plant","floor":25,"turns":2},{"damage":46,"enemies":"Cultist and Chosen","floor":28,"turns":6},{"damage":30,"enemies":"3 Cultists","floor":29,"turns":4}],"seed_played":"-1855967582281211647","potions_obtained":[{"floor":3,"key":"SkillPotion"},{"floor":10,"key":"LiquidMemories"},{"floor":11,"key":"DistilledChaos"},{"floor":16,"key":"DistilledChaos"},{"floor":18,"key":"SteroidPotion"},{"floor":19,"key":"Fruit Juice"},{"floor":21,"key":"AttackPotion"},{"floor":24,"key":"Strength Potion"},{"floor":25,"key":"Fruit Juice"},{"floor":28,"key":"SpeedPotion"}],"is_trial":true,"path_per_floor":["M","$","M","$","M","R","R","R","T","M","M","M","M","$","R","B",null,"M","M","$","M","?","R","M","M","T","R","M","M"],"character_chosen":"WATCHER","items_purchased":["Wish","PathToVictory"],"campfire_rested":3,"item_purchase_floors":[14,20],"current_hp_per_floor":[62,62,62,62,62,62,62,62,62,55,48,48,43,43,72,72,72,62,48,48,18,18,56,49,30,30,69,23,0,0],"gold":820,"neow_bonus":"","is_daily":false,"chose_seed":false,"campfire_upgraded":0,"win_rate":0.0,"timestamp":1612258463,"path_taken":["M","$","M","$","M","R","R","R","T","M","M","M","M","$","R","BOSS","M","M","$","M","?","R","?","M","T","R","M","M"],"items_purchased_type":["Card","Card"],"build_version":"2020-12-22","purchased_purges":0,"victory":false,"max_hp_per_floor":[72,72,72,72,72,72,72,72,72,72,72,72,72,72,72,72,72,72,77,77,77,77,77,77,82,82,82,82,82,82],"card_choices":[{"not_picked":["Blasphemy","Vault"],"picked":"DevaForm","floor":16}],"player_experience":161961,"relics_obtained":[{"floor":1,"key":"TeardropLocket"},{"floor":3,"key":"InkBottle"},{"floor":5,"key":"War Paint"},{"floor":9,"key":"White Beast Statue"},{"floor":10,"key":"Regal Pillow"},{"floor":11,"key":"Oddly Smooth Stone"},{"floor":12,"key":"Boot"},{"floor":13,"key":"Vajra"},{"floor":18,"key":"Frozen Egg 2"},{"floor":19,"key":"Bronze Scales"},{"floor":21,"key":"Tiny Chest"},{"floor":24,"key":"Dream Catcher"},{"floor":25,"key":"Ornamental Fan"},{"floor":26,"key":"Art of War"},{"floor":28,"key":"CaptainsWheel"}],"event_choices":[{"damage_healed":0,"gold_gain":100,"player_choice":"Pray","damage_taken":0,"max_hp_gain":0,"max_hp_loss":0,"event_name":"Golden Shrine","floor":22,"gold_loss":0}],"is_beta":false,"boss_relics":[{"not_picked":["Cursed Key","Astrolabe"],"picked":"Philosopher\u0027s Stone"}],"items_purged_floors":[],"is_endless":false,"potions_floor_spawned":[3,10,11,12,13,16,18,19,21,24,25,28],"killed_by":"3 Cultists","ascension_level":0}}