{"host":"u0qetpmu4y58k1tf","time":1612273658,"event":{"mods":["AchievementEnabler","BaseMod","Colored Map","Colored Powertips","Hermit","Marisa£¨Ùöéë¡¡Øª×âÞÞ£©","Minty Spire (QoL Compilation)","Replay The Spire","StSLib","SuperFastMode","The Bug Knight","The Cursed","The Hierophant","The Runesmith"],"gold_per_floor":[110,285,300,46,46,46,75,75,75,75,108,108,142,154,154,256,256,276,276,226,245,259,259,292,292,345,143,174,188,222,241,241,344,344,356,403,753,772,790,815,815,828,853,658,687,706,726,755,755,755,755,755,118,151,151],"floor_reached":56,"language":"KOR","playtime":3615,"items_purged":["Doubt","Strike_P","Defend_P","BowlingBash+1"],"score":1835,"play_id":"af1079b9-fca3-4fae-a8ca-065e10357dc5","local_time":"20210202224738","is_ascension_mode":true,"campfire_choices":[{"data":"Eruption","floor":6.0,"key":"SMITH"},{"data":"SignatureMove","floor":8.0,"key":"SMITH"},{"data":"Alpha","floor":10.0,"key":"SMITH"},{"data":"Perseverance","floor":12.0,"key":"SMITH"},{"data":"Scrawl","floor":15.0,"key":"SMITH"},{"data":"MasterReality","floor":23.0,"key":"SMITH"},{"data":"Vault","floor":32.0,"key":"SMITH"},{"data":"DevaForm","floor":32.0,"key":"SMITH"},{"floor":41.0,"key":"RECALL"},{"data":"Alpha","floor":49.0,"key":"SMITH"},{"data":"Dark Shackles","floor":49.0,"key":"SMITH"},{"data":"Prostrate","floor":52.0,"key":"SMITH"},{"data":"Prostrate","floor":52.0,"key":"SMITH"}],"circlet_count":0,"master_deck":["Defend_P","Defend_P","Eruption+1","Vigilance","SpiritShield","Alpha+1","Perseverance+1","Pray","SignatureMove+1","Dark Shackles+1","Scrawl+1","MasterReality+1","DevaForm+1","Prostrate+1","Vault+1","Pray+1","Alpha+1","Pray+1","InnerPeace+1","Prostrate+1","Finesse","Study+1","Master of Strategy","Omniscience","Prostrate+1"],"relics":["PureWater","Bag of Marbles","Strawberry","Pantograph","Black Star","Replay:Arrowhead","Chameleon Ring","Happy Flower","Replay:Baseball","Whetstone","HornCleat","Blood Vial","Coffee Dripper","CatCart","Old Coin","Juzu Bracelet","Art of War","MawBank","Runesmith:Locket","ReplayTheSpireMod:TigerMarble","StoneCalendar","Onion Ring","Orichalcum","Gremlin Food","White Beast Statue"],"acts_visited":["Exordium","TheCity","TheBeyond","TheEnding"],"potions_floor_usage":[55,55],"damage_taken":[{"damage":0.0,"enemies":"Jaw Worm","floor":1.0,"turns":4.0},{"damage":0.0,"enemies":"Small Slimes","floor":3.0,"turns":4.0},{"damage":1.0,"enemies":"Gremlin Nob","floor":7.0,"turns":3.0},{"damage":1.0,"enemies":"3 Sentries","floor":11.0,"turns":4.0},{"damage":39.0,"enemies":"Gremlin Nob","floor":13.0,"turns":6.0},{"damage":12.0,"enemies":"2 Louse","floor":14.0,"turns":2.0},{"damage":14.0,"enemies":"The Guardian","floor":16.0,"turns":6.0},{"damage":0.0,"enemies":"Spheric Guardian","floor":18.0,"turns":1.0},{"damage":0.0,"enemies":"Chosen","floor":21.0,"turns":4.0},{"damage":8.0,"enemies":"Snake Plant","floor":22.0,"turns":4.0},{"damage":21.0,"enemies":"Gremlin Leader","floor":24.0,"turns":4.0},{"damage":8.0,"enemies":"Replay:Snechameleon","floor":28.0,"turns":4.0},{"damage":17.0,"enemies":"Sentry and Sphere","floor":29.0,"turns":4.0},{"damage":8.0,"enemies":"HollowMod:Nosk","floor":30.0,"turns":5.0},{"damage":0.0,"enemies":"Centurion and Healer","floor":31.0,"turns":5.0},{"damage":0.0,"enemies":"Pondfish","floor":33.0,"turns":6.0},{"damage":1.0,"enemies":"Orb Walker","floor":35.0,"turns":3.0},{"damage":25.0,"enemies":"Orin","floor":36.0,"turns":7.0},{"damage":0.0,"enemies":"Mind Bloom Boss Battle","floor":37.0,"turns":5.0},{"damage":2.0,"enemies":"3 Darklings","floor":38.0,"turns":4.0},{"damage":1.0,"enemies":"Writhing Mass","floor":39.0,"turns":3.0},{"damage":29.0,"enemies":"Nemesis","floor":40.0,"turns":6.0},{"damage":0.0,"enemies":"Maw","floor":42.0,"turns":4.0},{"damage":18.0,"enemies":"R_Hoarder","floor":45.0,"turns":4.0},{"damage":8.0,"enemies":"Jaw Worm Horde","floor":46.0,"turns":4.0},{"damage":0.0,"enemies":"Sphere and 2 Shapes","floor":47.0,"turns":4.0},{"damage":0.0,"enemies":"Giant Head","floor":48.0,"turns":6.0},{"damage":24.0,"enemies":"Donu and Deca","floor":50.0,"turns":5.0},{"damage":0,"enemies":"Shield and Spear","floor":54,"turns":4},{"damage":96,"enemies":"The Heart","floor":55,"turns":7}],"seed_played":"-1668888010591890503","potions_obtained":[{"floor":1.0,"key":"FearPotion"},{"floor":7.0,"key":"PowerPotion"},{"floor":11.0,"key":"FairyPotion"},{"floor":22.0,"key":"AttackPotion"},{"floor":29.0,"key":"LiquidMemories"},{"floor":31.0,"key":"SpeedPotion"},{"floor":36.0,"key":"DuplicationPotion"},{"floor":37.0,"key":"BottledMiracle"},{"floor":46.0,"key":"StancePotion"}],"is_trial":false,"path_per_floor":["M","?","M","$","?","R","E","R","T","R","E","R","E","M","R","B",null,"M","?","?","M","M","R","E","?","T","$","E","M","E","M","R","B",null,"M","?","?","M","M","E","R","M","T","$","E","M","M","E","R","B",null,"R","$","E","B",null],"character_chosen":"WATCHER","items_purchased":["SignatureMove","Dark Shackles","Fruit Juice","Finesse","Orichalcum","Master of Strategy","Omniscience"],"campfire_rested":0,"item_purchase_floors":[4,4,27,44,53,53,53],"current_hp_per_floor":[65,65,65,65,65,65,64,64,64,64,70,70,31,19,19,30,72,72,72,72,72,64,64,43,43,43,50,42,25,17,19,19,46,79,78,54,79,77,78,50,50,52,52,52,36,30,32,34,34,37,79,79,79,79,19],"gold":151,"neow_bonus":"TRANSFORM_TWO_CARDS","is_daily":false,"chose_seed":false,"campfire_upgraded":12,"win_rate":0.0,"timestamp":1612273658,"path_taken":["M","?","M","$","?","R","E","R","T","R","E","R","E","M","R","BOSS","M","?","?","?","M","R","E","?","T","$","E","M","E","M","R","BOSS","M","?","?","?","M","E","R","M","T","$","E","M","M","E","R","BOSS","R","$","E","BOSS"],"items_purchased_type":["Card","Card","Potion","Card","Relic","Card","Card"],"build_version":"2020-12-22","purchased_purges":4,"victory":true,"max_hp_per_floor":[65,65,65,65,65,65,65,65,65,65,72,72,72,72,72,72,72,72,72,72,72,72,72,72,72,72,79,79,79,79,79,79,79,79,79,79,79,79,79,79,79,79,79,79,79,79,79,79,79,79,79,79,79,79,79],"card_choices":[{"not_picked":["WindmillStrike","Replay:BluntJabs"],"picked":"Perseverance","floor":1.0},{"not_picked":["Replay:ManipulateFuture","CutThroughFate"],"picked":"Pray","floor":3.0},{"not_picked":["EmptyBody","CutThroughFate","Replay:ManipulateFuture"],"picked":"SKIP","floor":7.0},{"not_picked":["SignatureMove","Protect","SashWhip"],"picked":"SKIP","floor":11.0},{"not_picked":["Replay:BluntJabs","Halt","BowlingBash"],"picked":"SKIP","floor":13.0},{"not_picked":["CrushJoints","Replay:DivineShield"],"picked":"Scrawl","floor":14.0},{"not_picked":["Vault","Omniscience"],"picked":"MasterReality","floor":16.0},{"not_picked":["Nirvana","Halt","BattleHymn"],"picked":"SKIP","floor":18.0},{"not_picked":["Replay:ManipulateFuture","BowlingBash","Replay:BluntJabs+1"],"picked":"SKIP","floor":21.0},{"not_picked":["Protect","FlurryOfBlows+1"],"picked":"DevaForm","floor":22.0},{"not_picked":["Crescendo","Halt"],"picked":"Prostrate","floor":24.0},{"not_picked":["Perseverance","Replay:AtTheReady+1","MentalFortress"],"picked":"SKIP","floor":28.0},{"not_picked":["CutThroughFate","SandsOfTime","BowlingBash"],"picked":"SKIP","floor":29.0},{"not_picked":["Protect","SignatureMove"],"picked":"Vault","floor":30.0},{"not_picked":["Tantrum+1","ThirdEye"],"picked":"Pray+1","floor":31.0},{"not_picked":["Establishment","Judgement"],"picked":"Alpha","floor":33.0},{"not_picked":["Replay:BluntJabs","Replay:AtTheReady"],"picked":"Pray+1","floor":35.0},{"not_picked":["Vengeance","Collect+1"],"picked":"InnerPeace+1","floor":36.0},{"not_picked":["Crescendo","Worship+1","Evaluate"],"picked":"SKIP","floor":38.0},{"not_picked":["FollowUp+1","LikeWater","Halt"],"picked":"SKIP","floor":39.0},{"not_picked":["PathToVictory+1","CrushJoints+1","Replay:Hum"],"picked":"SKIP","floor":40.0},{"not_picked":["Replay:Hum+1","BowlingBash+1"],"picked":"Prostrate","floor":42.0},{"not_picked":["MasterReality","BattleHymn+1","Replay:ManipulateFuture+1"],"picked":"SKIP","floor":45.0},{"not_picked":["Vengeance","CutThroughFate","Replay:Cycle+1"],"picked":"SKIP","floor":46.0},{"not_picked":["Replay:AtTheReady","Replay:Vibes+1"],"picked":"Study+1","floor":47.0},{"not_picked":["CrushJoints","Vengeance+1","Replay:BluntJabs+1"],"picked":"SKIP","floor":48.0},{"not_picked":["DevaForm","JustLucky+1"],"picked":"Prostrate+1","floor":54}],"player_experience":73415,"relics_obtained":[{"floor":7.0,"key":"Bag of Marbles"},{"floor":11.0,"key":"Strawberry"},{"floor":13.0,"key":"Pantograph"},{"floor":24.0,"key":"Replay:Arrowhead"},{"floor":24.0,"key":"Chameleon Ring"},{"floor":26.0,"key":"Happy Flower"},{"floor":28.0,"key":"Replay:Baseball"},{"floor":28.0,"key":"Whetstone"},{"floor":30.0,"key":"HornCleat"},{"floor":30.0,"key":"Blood Vial"},{"floor":36.0,"key":"CatCart"},{"floor":37.0,"key":"Old Coin"},{"floor":40.0,"key":"Juzu Bracelet"},{"floor":40.0,"key":"Art of War"},{"floor":43.0,"key":"MawBank"},{"floor":45.0,"key":"Runesmith:Locket"},{"floor":45.0,"key":"ReplayTheSpireMod:TigerMarble"},{"floor":48.0,"key":"StoneCalendar"},{"floor":48.0,"key":"Onion Ring"},{"floor":54,"key":"Gremlin Food"},{"floor":54,"key":"White Beast Statue"}],"event_choices":[{"damage_healed":0.0,"max_hp_gain":0.0,"max_hp_loss":0.0,"gold_gain":175.0,"event_name":"Liars Game","player_choice":"AGREE","floor":2.0,"gold_loss":0.0,"damage_taken":0.0,"cards_obtained":["Doubt"]},{"cards_removed":["Strike_P"],"damage_healed":0.0,"max_hp_gain":0.0,"max_hp_loss":0.0,"gold_gain":0.0,"event_name":"Back to Basics","player_choice":"Elegance","floor":19.0,"gold_loss":0.0,"damage_taken":0.0},{"damage_healed":0.0,"max_hp_gain":0.0,"max_hp_loss":0.0,"gold_gain":0.0,"event_name":"The Joust","player_choice":"Bet on Owner","floor":20.0,"gold_loss":50.0,"damage_taken":0.0},{"damage_healed":0.0,"max_hp_gain":0.0,"max_hp_loss":0.0,"gold_gain":0.0,"event_name":"Vampires","player_choice":"Ignored","floor":25.0,"gold_loss":0.0,"damage_taken":0.0},{"damage_healed":0.0,"max_hp_gain":0.0,"max_hp_loss":0.0,"gold_gain":0.0,"event_name":"OrinTheCat","player_choice":"Fight","floor":36.0,"gold_loss":0.0,"damage_taken":0.0},{"damage_healed":0.0,"max_hp_gain":0.0,"max_hp_loss":0.0,"gold_gain":0.0,"event_name":"MindBloom","player_choice":"Fight","floor":37.0,"gold_loss":0.0,"damage_taken":0.0}],"is_beta":false,"boss_relics":[{"not_picked":["Pandora\u0027s Box","HolyWater"],"picked":"Black Star"},{"not_picked":["Velvet Choker","ReplayTheSpireMod:DimensionalGlitch"],"picked":"Coffee Dripper"}],"items_purged_floors":[4,27,44,53],"is_endless":false,"potions_floor_spawned":[1,7,11,22,29,31,36,37,38,39,46,48],"ascension_level":1}}