{"host":"wuvswo56ap8gkfrb","time":1612233179,"event":{"mods":["Act Like it!","Arknights","BaseMod","Colored Powertips","Minty Spire (QoL Compilation)","Quick Restart","Reliquary","Replay The Spire","StSLib","TestMod","UnlockEverythingMod"],"gold_per_floor":[114,133,147,167,317,317,348,113,139,214,241,252,282,296,296,373,373,391,417,437,449,449,449,464,464,545,545,545,560,579,602,602,679,679,702,720,54,54,72,113,113,132,157,201,201,233,289,9,9,21,33,33,33,33,75,92],"floor_reached":57,"language":"ZHS","playtime":2948,"items_purged":["Doubt","Shame","Strike_P","Strike_P"],"score":3164,"play_id":"6a3b022c-7d90-41ec-b31a-67e7ec8f5cc9","local_time":"20210202103259","is_ascension_mode":true,"campfire_choices":[{"data":"Eruption","floor":6,"key":"SMITH"},{"data":"Replay:ManipulateFuture","floor":15,"key":"SMITH"},{"data":"DeusExMachina","floor":23,"key":"SMITH"},{"floor":25,"key":"REST"},{"floor":28,"key":"REST"},{"data":"Fasting2","floor":32,"key":"SMITH"},{"floor":41,"key":"RECALL"},{"data":"DevaForm","floor":49,"key":"SMITH"},{"data":"Scrawl","floor":53,"key":"SMITH"}],"circlet_count":0,"master_deck":["AscendersBane","Strike_P","Defend_P","Defend_P","Defend_P","Defend_P","Eruption+1","Vigilance","CutThroughFate","ClearTheMind","Prostrate","Replay:ManipulateFuture+1","LessonLearned","CurseOfTheBell","ReplayTheSpireMod:Doomed","Decay","Fasting2+1","DeusExMachina+1","Pain","Pain","Decay","Replay:Battleflow+1","Tantrum+1","Scrawl+1","testmod-RabbitOfFibonacci","Thinking Ahead","Dramatic Entrance","Replay:Bootleg Shield Generator","Indignation","Madness+1","Madness","DevaForm+1","Decay","Replay:Vibes"],"relics":["testmod-TestBox","VioletLotus","testmod-GiftOfSatan","reliquary:WeakTea","testmod-Register","Vajra","reliquary:TatteredRug","testmod-Motorcycle","Replay:Ancient Bell","Pet Ghost","testmod-Hope","TungstenRod","Red Mask","testmod-Laevatain","Gremlin Horn","Bronze Scales","testmod-DeterminationOfClimber","BargainBundle","Replay:Towering Pillar of Hats","ReplayFunnel","reliquary:QuartzCube","testmod-TurbochargingSystem","FossilizedHelix","testmod-ObsoleteBoomerang","ReplayTheSpireMod:CursedCoin","Replay:Bottled Snecko"],"acts_visited":["Exordium","TheCity","TheBeyond","TheEnding"],"potions_floor_usage":[7,33,56,56],"damage_taken":[{"damage":7,"enemies":"Jaw Worm","floor":1,"turns":3},{"damage":4,"enemies":"2 Louse","floor":2,"turns":3},{"damage":4,"enemies":"Small Slimes","floor":3,"turns":3},{"damage":0,"enemies":"3 Louse","floor":4,"turns":2},{"damage":32,"enemies":"3 Sentries","floor":7,"turns":4},{"damage":0,"enemies":"Gremlin Nob","floor":11,"turns":2},{"damage":0,"enemies":"Looter","floor":12,"turns":1},{"damage":16,"enemies":"Lagavulin","floor":13,"turns":4},{"damage":0,"enemies":"Lots of Slimes","floor":14,"turns":2},{"damage":35,"enemies":"The Guardian","floor":16,"turns":6},{"damage":24,"enemies":"Chosen","floor":18,"turns":3},{"damage":0,"enemies":"Masked Bandits","floor":19,"turns":2},{"damage":18,"enemies":"Shell Parasite","floor":20,"turns":3},{"damage":32,"enemies":"Cultist and Chosen","floor":21,"turns":4},{"damage":4,"enemies":"Snake Plant","floor":24,"turns":2},{"damage":34,"enemies":"Centurion and Healer","floor":29,"turns":6},{"damage":1,"enemies":"3 Cultists","floor":30,"turns":2},{"damage":32,"enemies":"Collector","floor":33,"turns":3},{"damage":1,"enemies":"Orb Walker","floor":35,"turns":2},{"damage":8,"enemies":"3 Shapes","floor":36,"turns":2},{"damage":0,"enemies":"Jaw Worm Horde","floor":39,"turns":1},{"damage":0,"enemies":"Giant Head","floor":40,"turns":2},{"damage":0,"enemies":"Sphere and 2 Shapes","floor":42,"turns":2},{"damage":0,"enemies":"R_Hoarder","floor":44,"turns":2},{"damage":0,"enemies":"Mind Bloom Boss Battle","floor":46,"turns":1},{"damage":0,"enemies":"2 Orb Walkers","floor":47,"turns":2},{"damage":13,"enemies":"Time Eater","floor":50,"turns":3},{"damage":0,"enemies":"Donu and Deca","floor":51,"turns":2},{"damage":0,"enemies":"Shield and Spear","floor":55,"turns":2},{"damage":108,"enemies":"The Heart","floor":56,"turns":5}],"seed_played":"-2630600988148497597","potions_obtained":[{"floor":1,"key":"Energy Potion"},{"floor":2,"key":"BlessingOfTheForge"},{"floor":11,"key":"testmod-TestPotion"},{"floor":33,"key":"SkillPotion"}],"is_trial":false,"path_per_floor":["M","M","M","M","?","R","E","$","T","?","E","M","E","M","R","B",null,"M","?","M","M","?","R","M","R","T","?","R","M","M","T","R","B",null,"M","M","$","?","M","E","R","M","T","E","?","?","?","$","R","B","B",null,"R","$","E","B",null],"character_chosen":"WATCHER","items_purchased":["testmod-Register","BargainBundle","Replay:Towering Pillar of Hats","ReplayFunnel","Reflective Coating","testmod-RabbitOfFibonacci","DevaForm","ReplayTheSpireMod:CursedCoin"],"campfire_rested":2,"item_purchase_floors":[8,37,37,37,37,37,48,54],"current_hp_per_floor":[54,61,57,68,68,68,55,55,55,44,44,44,36,47,47,19,75,51,56,38,6,6,6,2,29,29,29,56,64,63,63,63,69,95,108,102,102,93,97,108,108,113,113,113,94,101,118,118,118,118,118,118,118,118,118,20],"gold":92,"neow_bonus":"BOSS_RELIC","is_daily":false,"chose_seed":false,"campfire_upgraded":6,"win_rate":0.0,"timestamp":1612233179,"path_taken":["M","M","M","M","?","R","E","$","T","?","E","M","E","M","R","BOSS","M","?","M","M","?","R","M","R","T","?","R","M","M","?","R","BOSS","M","M","?","?","M","E","R","M","T","E","?","?","?","?","R","BOSS","BOSS","R","$","E","BOSS"],"items_purchased_type":["Relic","Relic","Relic","Relic","Potion","Card","Card","Relic"],"build_version":"2020-12-22","purchased_purges":4,"victory":true,"max_hp_per_floor":[68,73,73,78,78,78,83,83,83,83,83,83,88,93,93,93,93,93,93,93,93,93,93,93,93,93,93,93,103,103,103,103,103,103,108,108,108,108,108,108,108,113,113,113,113,113,118,118,118,118,118,118,118,118,118,118],"card_choices":[{"not_picked":["WaveOfTheHand","EmptyFist","Meditate"],"picked":"SKIP","floor":1},{"not_picked":["Replay:BluntJabs","Nirvana"],"picked":"CutThroughFate","floor":2},{"not_picked":["EmptyBody","FollowUp"],"picked":"ClearTheMind","floor":3},{"not_picked":["Evaluate","ThirdEye","CrushJoints"],"picked":"SKIP","floor":4},{"not_picked":["Brilliance","Replay:BluntJabs","CrushJoints"],"picked":"SKIP","floor":7},{"not_picked":["WheelKick","CrushJoints","FollowUp"],"picked":"SKIP","floor":11},{"not_picked":["Consecrate","FlyingSleeves"],"picked":"Prostrate","floor":12},{"not_picked":["Wireheading","ThirdEye"],"picked":"Replay:ManipulateFuture","floor":13},{"not_picked":["CutThroughFate","Crescendo","Evaluate"],"picked":"SKIP","floor":14},{"not_picked":["DeusExMachina","Establishment"],"picked":"LessonLearned","floor":16},{"not_picked":["Amnesia","Voices"],"picked":"CurseOfTheBell","floor":17},{"not_picked":["Hallucinations","ReplayTheSpireMod:IOU"],"picked":"ReplayTheSpireMod:Doomed","floor":17},{"not_picked":["ReplayTheSpireMod:Restless Dread","Spreading Infection"],"picked":"Decay","floor":17},{"not_picked":["Wallop","Consecrate"],"picked":"Fasting2","floor":18},{"not_picked":["LikeWater","SignatureMove"],"picked":"DeusExMachina","floor":20},{"not_picked":["BattleHymn","Protect","LikeWater"],"picked":"SKIP","floor":21},{"not_picked":["Weave","WaveOfTheHand"],"picked":"Replay:Battleflow","floor":24},{"not_picked":["Indignation","Protect"],"picked":"Tantrum","floor":29},{"not_picked":["SashWhip","FollowUp","Replay:ManipulateFuture"],"picked":"SKIP","floor":30},{"not_picked":["Brilliance","Replay:LoomingThreat"],"picked":"Scrawl","floor":33},{"not_picked":["Replay:AtTheReady","PathToVictory","Prostrate"],"picked":"SKIP","floor":35},{"not_picked":["Replay:BluntJabs+1","WreathOfFlame","PathToVictory+1"],"picked":"SKIP","floor":36},{"not_picked":["Impatience","Survey Options"],"picked":"Thinking Ahead","floor":38},{"not_picked":["testmod-Dream","Purity"],"picked":"Dramatic Entrance","floor":38},{"not_picked":["testmod-BackupPower","Impatience"],"picked":"Replay:Bootleg Shield Generator","floor":38},{"not_picked":["Protect","BowlingBash","Meditate"],"picked":"SKIP","floor":39},{"not_picked":["Collect","JustLucky","Protect"],"picked":"SKIP","floor":40},{"not_picked":["ForeignInfluence","Protect"],"picked":"Indignation","floor":42},{"not_picked":["JustLucky","WindmillStrike+1","Replay:Battleflow"],"picked":"SKIP","floor":44},{"not_picked":["BowlingBash+1","FollowUp"],"picked":"Replay:Vibes","floor":55}],"player_experience":130148,"relics_obtained":[{"floor":7,"key":"reliquary:WeakTea"},{"floor":9,"key":"Vajra"},{"floor":11,"key":"reliquary:TatteredRug"},{"floor":13,"key":"testmod-Motorcycle"},{"floor":19,"key":"Red Mask"},{"floor":26,"key":"Gremlin Horn"},{"floor":31,"key":"Bronze Scales"},{"floor":40,"key":"reliquary:QuartzCube"},{"floor":44,"key":"testmod-TurbochargingSystem"},{"floor":46,"key":"FossilizedHelix"},{"floor":47,"key":"testmod-ObsoleteBoomerang"},{"floor":55,"key":"Replay:Bottled Snecko"}],"event_choices":[{"damage_healed":0,"gold_gain":150,"player_choice":"AGREE","damage_taken":0,"max_hp_gain":0,"max_hp_loss":0,"event_name":"Liars Game","floor":5,"gold_loss":0,"cards_obtained":["Doubt"]},{"damage_healed":0,"gold_gain":75,"player_choice":"Gather Gold","damage_taken":11,"max_hp_gain":0,"max_hp_loss":0,"event_name":"World of Goop","floor":10,"gold_loss":0},{"damage_healed":0,"gold_gain":0,"player_choice":"Fought Bandits","damage_taken":0,"max_hp_gain":0,"max_hp_loss":0,"event_name":"Masked Bandits","floor":19,"gold_loss":0},{"damage_healed":0,"gold_gain":0,"player_choice":"Stole Relic","damage_taken":0,"relics_obtained":["testmod-Laevatain"],"max_hp_gain":0,"max_hp_loss":0,"event_name":"Addict","floor":22,"gold_loss":0,"cards_obtained":["Shame"]},{"cards_removed":["Strike_P"],"damage_healed":0,"gold_gain":0,"player_choice":"Elegance","damage_taken":0,"max_hp_gain":0,"max_hp_loss":0,"event_name":"Back to Basics","floor":27,"gold_loss":0},{"damage_healed":0,"gold_gain":0,"player_choice":"Memory 3","damage_taken":10,"max_hp_gain":0,"max_hp_loss":0,"event_name":"SensoryStone","floor":38,"gold_loss":0},{"damage_healed":0,"gold_gain":0,"player_choice":"Embrace Madness","damage_taken":20,"max_hp_gain":0,"max_hp_loss":0,"event_name":"Winding Halls","floor":45,"gold_loss":0,"cards_obtained":["Madness","Madness"]},{"damage_healed":0,"gold_gain":0,"player_choice":"Fight","damage_taken":0,"max_hp_gain":0,"max_hp_loss":0,"event_name":"MindBloom","floor":46,"gold_loss":0},{"damage_healed":0,"gold_gain":0,"player_choice":"Fight","damage_taken":0,"max_hp_gain":0,"max_hp_loss":0,"event_name":"Mysterious Sphere","floor":47,"gold_loss":0}],"is_beta":false,"boss_relics":[{"not_picked":["SacredBark","Ring of Chaos"],"picked":"Replay:Ancient Bell"},{"not_picked":["Replay:Wax Seal","reliquary:Stiletto"],"picked":"Pet Ghost"},{"not_picked":["Eternal Feather","The Courier"],"picked":"testmod-Hope"},{"not_picked":["reliquary:OuijaBoard","testmod-RainbowHikingShoes"],"picked":"TungstenRod"},{"not_picked":["testmod-SaigiyounoYou","Tiny House"],"picked":"testmod-DeterminationOfClimber"}],"items_purged_floors":[8,37,48,54],"is_endless":false,"potions_floor_spawned":[1,2,11,13,29,30,33,36,40],"ascension_level":20}}