{"host":"z5bn7jsck728mmiq","time":1612228921,"event":{"mods":["BaseMod","Bestiary","DeckTracker","Minty Spire (QoL Compilation)","StSLib"],"gold_per_floor":[360,380,12,32,32,63,63,63,63,81,256,300,300,300,300,431,431,449,465,465,465,481,481,497,497,521,542,561,595,620,135,135,135,135],"floor_reached":33,"language":"ENG","playtime":861,"items_purged":["Defend_P","Strike_P"],"score":282,"play_id":"fdb6ba4b-86c1-4195-8f8b-dbdf7693b443","local_time":"20210201172201","is_ascension_mode":false,"campfire_choices":[{"data":"Tantrum","floor":13,"key":"SMITH"},{"floor":15,"key":"REST"},{"floor":23,"key":"REST"},{"floor":25,"key":"REST"},{"data":"WreathOfFlame","floor":32,"key":"SMITH"}],"circlet_count":0,"master_deck":["Strike_P+1","Strike_P+1","Strike_P+1","Defend_P","Defend_P","Defend_P","Eruption+1","Vigilance","Evaluate","ConjureBlade","SandsOfTime","FearNoEvil","WreathOfFlame+1","Vengeance+1","EmptyMind","Tantrum+1","LessonLearned","ClearTheMind+1","Wallop","Halt","EmptyBody+1","PathToVictory+1","WreathOfFlame+1","Wallop","Scrawl"],"relics":["HolyWater","Whetstone","Orichalcum","Golden Idol","Mercury Hourglass","Regal Pillow","Letter Opener","MealTicket","Red Mask","Vajra","Happy Flower"],"acts_visited":["Exordium","TheCity"],"potions_floor_usage":[16,16,18,33,33],"damage_taken":[{"damage":0,"enemies":"Jaw Worm","floor":1,"turns":3},{"damage":1,"enemies":"2 Louse","floor":2,"turns":4},{"damage":0,"enemies":"Cultist","floor":4,"turns":2},{"damage":0,"enemies":"Lagavulin","floor":6,"turns":3},{"damage":0,"enemies":"2 Fungi Beasts","floor":10,"turns":3},{"damage":12,"enemies":"Gremlin Nob","floor":12,"turns":3},{"damage":30,"enemies":"The Guardian","floor":16,"turns":4},{"damage":0,"enemies":"3 Byrds","floor":18,"turns":3},{"damage":23,"enemies":"2 Thieves","floor":19,"turns":4},{"damage":32,"enemies":"Snake Plant","floor":22,"turns":4},{"damage":18,"enemies":"3 Cultists","floor":24,"turns":3},{"damage":8,"enemies":"Snecko","floor":27,"turns":4},{"damage":1,"enemies":"Cultist and Chosen","floor":28,"turns":4},{"damage":17,"enemies":"Masked Bandits","floor":29,"turns":3},{"damage":4,"enemies":"Centurion and Healer","floor":30,"turns":3},{"damage":55,"enemies":"Champ","floor":33,"turns":3}],"seed_played":"-6815381212748753261","potions_obtained":[{"floor":1,"key":"Weak Potion"},{"floor":4,"key":"SneckoOil"},{"floor":12,"key":"PowerPotion"},{"floor":18,"key":"Strength Potion"},{"floor":28,"key":"SpeedPotion"},{"floor":30,"key":"GamblersBrew"}],"is_trial":false,"path_per_floor":["M","M","$","M","?","E","?","$","T","M","?","E","R","?","R","B",null,"M","M","?","?","M","R","M","R","T","M","M","?","M","$","R","B"],"character_chosen":"WATCHER","items_purchased":["Whetstone","SandsOfTime","FearNoEvil","Scrawl","Vajra","Happy Flower"],"campfire_rested":3,"item_purchase_floors":[3,3,3,31,31,31],"current_hp_per_floor":[65,64,64,64,69,69,65,65,65,65,65,53,53,41,65,35,65,65,42,42,42,10,44,26,60,60,52,51,34,30,45,45,0,0],"gold":135,"neow_bonus":"TWO_FIFTY_GOLD","is_daily":false,"chose_seed":false,"campfire_upgraded":2,"win_rate":0.0,"timestamp":1612228921,"path_taken":["M","M","$","M","?","E","?","?","T","?","?","E","R","?","R","BOSS","M","M","?","?","?","R","?","R","T","M","M","?","M","?","R","BOSS"],"items_purchased_type":["Relic","Card","Card","Card","Relic","Relic"],"build_version":"2020-12-22","purchased_purges":2,"victory":false,"max_hp_per_floor":[65,65,65,65,70,70,65,65,65,65,65,65,65,65,65,65,65,65,65,65,65,65,65,65,65,65,65,65,65,65,65,65,65,65],"card_choices":[{"not_picked":["WaveOfTheHand","Prostrate"],"picked":"Evaluate","floor":1},{"not_picked":["BowlingBash","Protect"],"picked":"ConjureBlade","floor":2},{"not_picked":["Prostrate","Perseverance"],"picked":"WreathOfFlame","floor":4},{"not_picked":["FollowUp","WheelKick"],"picked":"Vengeance","floor":6},{"not_picked":["ThirdEye","WreathOfFlame"],"picked":"EmptyMind","floor":10},{"not_picked":["EmptyFist","SignatureMove"],"picked":"Tantrum","floor":12},{"not_picked":["Alpha","ConjureBlade"],"picked":"LessonLearned","floor":16},{"not_picked":["Meditate","Evaluate"],"picked":"ClearTheMind","floor":18},{"not_picked":["Swivel","BowlingBash"],"picked":"Wallop","floor":19},{"not_picked":["EmptyFist","ReachHeaven+1"],"picked":"EmptyBody+1","floor":22},{"not_picked":["InnerPeace","JustLucky"],"picked":"PathToVictory+1","floor":24},{"not_picked":["Prostrate","ClearTheMind+1"],"picked":"WreathOfFlame+1","floor":27},{"not_picked":["Brilliance","FollowUp+1","Protect"],"picked":"SKIP","floor":28},{"not_picked":["Halt","Tantrum"],"picked":"Wallop","floor":29},{"not_picked":["Evaluate","CutThroughFate","Prostrate"],"picked":"SKIP","floor":30}],"player_experience":98308,"relics_obtained":[{"floor":6,"key":"Orichalcum"},{"floor":9,"key":"Mercury Hourglass"},{"floor":12,"key":"Regal Pillow"},{"floor":26,"key":"MealTicket"},{"floor":29,"key":"Red Mask"}],"event_choices":[{"damage_healed":0,"gold_gain":0,"player_choice":"Donut","damage_taken":0,"max_hp_gain":5,"max_hp_loss":0,"event_name":"Big Fish","floor":5,"gold_loss":0},{"damage_healed":0,"gold_gain":0,"player_choice":"Lose Max HP","damage_taken":0,"relics_obtained":["Golden Idol"],"max_hp_gain":0,"max_hp_loss":5,"event_name":"Golden Idol","floor":7,"gold_loss":0},{"damage_healed":0,"gold_gain":175,"player_choice":"AGREE","damage_taken":0,"max_hp_gain":0,"max_hp_loss":0,"event_name":"Liars Game","floor":11,"gold_loss":0,"cards_obtained":["Doubt"]},{"damage_healed":0,"gold_gain":0,"player_choice":"Success","damage_taken":12,"relics_obtained":["Letter Opener"],"max_hp_gain":0,"max_hp_loss":0,"event_name":"Scrap Ooze","floor":14,"gold_loss":0},{"damage_healed":0,"gold_gain":0,"player_choice":"Read","damage_taken":0,"max_hp_gain":0,"max_hp_loss":0,"event_name":"The Library","floor":20,"gold_loss":0,"cards_obtained":["Halt"]},{"cards_removed":["Doubt"],"damage_healed":0,"gold_gain":0,"player_choice":"Purged","damage_taken":0,"max_hp_gain":0,"max_hp_loss":0,"event_name":"Purifier","floor":21,"gold_loss":0},{"damage_healed":0,"gold_gain":0,"player_choice":"Fought Bandits","damage_taken":0,"max_hp_gain":0,"max_hp_loss":0,"event_name":"Masked Bandits","floor":29,"gold_loss":0}],"is_beta":false,"boss_relics":[{"not_picked":["Runic Dome","Snecko Eye"],"picked":"HolyWater"}],"items_purged_floors":[3,31],"is_endless":false,"potions_floor_spawned":[1,4,12,18,28,30],"killed_by":"Champ","ascension_level":0}}