{"host":"l2dnabsh5e0fsksb","time":1612282533,"event":{"mods":["2.2 Compatiblity","BaseMod","Downfall","Minty Spire (QoL Compilation)","Quick Restart","StSLib"],"gold_per_floor":[99,99,99,549,549,575,599,299,64,92,92,112,112,97,115,194,194,194,194,79,79,64,64,143,143,157,17,44,57,91,91,110,186,186,186,206,225,45,45,45,72,72,72,85,103,128,128,153,173,173,173,173,173,173],"floor_reached":52,"language":"ENG","playtime":2273,"items_purged":["Regret","downfall:Icky","downfall:Bewildered","downfall:Icky"],"score":1222,"play_id":"da05de8d-dbfa-4670-97b1-6937eb7b9a88","local_time":"20210203024533","is_ascension_mode":true,"campfire_choices":[{"floor":1.0,"key":"RECALL"},{"data":"bronze:ItsAFeature","floor":8.0,"key":"SMITH"},{"floor":11.0,"key":"DIG"},{"floor":13.0,"key":"DIG"},{"floor":18.0,"key":"DIG"},{"floor":25.0,"key":"DIG"},{"floor":35.0,"key":"DIG"},{"floor":43,"key":"DIG"}],"circlet_count":0,"master_deck":["AscendersBane","bronze:Defend","bronze:Defend","bronze:Defend","bronze:Defend","bronze:Replicate","bronze:Goto","bronze:Repair","bronze:Separator","bronze:ItsAFeature+1","bronze:Fortify","bronze:BronzeOrb","bronze:FineTuning","bronze:ChosenStrike+1","bronze:Boost","bronze:Optimize","Bite","Bite+1","Bite","Bite","Bite","bronze:DelayedGuard","bronze:DelayedSlice","bronze:MaxOutput","bronze:Terminator","bronze:Separator","bronze:WhirlingStrike+1","bronze:ItsAFeature","bronze:ChildClass+1","bronze:BitShift","bronze:Verify","bronze:Iterate","bronze:BitShift","bronze:BugBarrage+1","bronze:Goto","bronze:ItsAFeature","bronze:Repulsor+1","bronze:DelayedSlice+1","bronze:FollowUp","bronze:DelayedSlice","bronze:Constructor"],"relics":["bronze:BronzeCore","downfall:HeartsMalice","Mercury Hourglass","Prayer Wheel","downfall:HeartBlessingGreen","downfall:HeartBlessingBlue","downfall:HeartBlessingRed","Bag of Marbles","Shovel","Juzu Bracelet","bronze:SilverBullet","Black Star","Akabeko","sneckomod:BabySnecko","HornCleat","Anchor","Boot","Gremlin Horn","Lantern","Whetstone","SlaversCollar","Happy Flower","bronze:DecasWashers","Medical Kit","hexamod:BolsterEngine","Bag of Preparation","Ice Cream","Pen Nib"],"acts_visited":["Exordium","TheCity","TheBeyond","TheEnding"],"potions_floor_usage":[50],"damage_taken":[{"damage":0.0,"enemies":"2 Louse","floor":2.0,"turns":1.0},{"damage":0.0,"enemies":"Jaw Worm","floor":3.0,"turns":1.0},{"damage":0.0,"enemies":"3 Sentries","floor":6.0,"turns":1.0},{"damage":6.0,"enemies":"downfall:FleeingMerchant","floor":9.0,"turns":4.0},{"damage":40.0,"enemies":"Lagavulin","floor":10.0,"turns":6.0},{"damage":0.0,"enemies":"Small Slimes","floor":12.0,"turns":3.0},{"damage":15.0,"enemies":"downfall:FleeingMerchant","floor":14.0,"turns":4.0},{"damage":0.0,"enemies":"3 Louse","floor":15.0,"turns":2.0},{"damage":49.0,"enemies":"WA_ARCHETYPE_RETAIN","floor":16.0,"turns":12.0},{"damage":10.0,"enemies":"downfall:FleeingMerchant","floor":20.0,"turns":4.0},{"damage":8.0,"enemies":"downfall:FleeingMerchant","floor":22.0,"turns":4.0},{"damage":2.0,"enemies":"3 Byrds","floor":26.0,"turns":4.0},{"damage":0.0,"enemies":"downfall:FleeingMerchant","floor":27.0,"turns":4.0},{"damage":24.0,"enemies":"Book of Stabbing","floor":28.0,"turns":4.0},{"damage":1.0,"enemies":"Shelled Parasite and Fungi","floor":29.0,"turns":3.0},{"damage":20.0,"enemies":"Gremlin Leader","floor":30.0,"turns":4.0},{"damage":0.0,"enemies":"Chosen and Byrds","floor":32.0,"turns":4.0},{"damage":3.0,"enemies":"SI_MIRROR_ARCHETYPE","floor":33.0,"turns":8.0},{"damage":6.0,"enemies":"Orb Walker","floor":36.0,"turns":3.0},{"damage":0.0,"enemies":"3 Darklings","floor":37.0,"turns":2.0},{"damage":0.0,"enemies":"downfall:FleeingMerchant","floor":38.0,"turns":1.0},{"damage":13,"enemies":"Maw","floor":44,"turns":5},{"damage":0,"enemies":"Sphere and 2 Shapes","floor":45,"turns":1},{"damage":0,"enemies":"Sphere and 2 Shapes","floor":46,"turns":4},{"damage":0,"enemies":"3 Darklings","floor":49,"turns":1},{"damage":23,"enemies":"IC_BLOCK_ARCHETYPE","floor":50,"turns":8},{"damage":123,"enemies":"downfall:CharBossMerchant","floor":52,"turns":6}],"seed_played":"8684771084253924022","potions_obtained":[{"floor":6.0,"key":"AttackPotion"},{"floor":10.0,"key":"PowerPotion"},{"floor":12.0,"key":"EssenceOfSteel"},{"floor":16.0,"key":"FearPotion"},{"floor":26.0,"key":"bronze:BurnAndBuffPotion"},{"floor":28.0,"key":"DistilledChaos"},{"floor":45,"key":"GamblersBrew"},{"floor":46,"key":"FairyPotion"}],"is_trial":false,"path_per_floor":["R","M","M","?","?","E","T","R","$","E","R","M","R","$","M","B",null,"R","?","$","?","$","?","T","R","M","$","E","M","E","?","M","B",null,"R","M","M","$","?","?","T","?","R","M","M","?","$","?","M","B",null,"E"],"character_chosen":"THE_AUTOMATON","items_purchased":["Bag of Marbles","bronze:DecasWashers","Medical Kit"],"campfire_rested":0,"item_purchase_floors":[9,38,38],"current_hp_per_floor":[63,63,63,63,63,63,63,73,74,40,40,47,47,40,47,8,62,62,56,50,50,56,56,56,56,54,54,42,43,35,35,47,56,56,56,54,56,56,56,66,66,66,66,53,53,58,58,58,58,50,62,0,0,0],"gold":173,"neow_bonus":"THREE_ENEMY_KILL","is_daily":false,"chose_seed":false,"campfire_upgraded":1,"win_rate":0.0,"timestamp":1612282533,"path_taken":["R","M","M","?","?","E","T","R","$","E","R","M","R","?","M","BOSS","R","?","$","?","$","?","T","R","M","$","E","M","E","?","M","BOSS","R","M","M","$","?","?","T","?","R","M","M","?","$","?","M","BOSS","E"],"items_purchased_type":["Relic","Relic","Relic"],"build_version":"2020-12-22","purchased_purges":4,"victory":false,"max_hp_per_floor":[70,70,70,70,70,70,70,80,80,80,80,80,80,80,80,80,80,80,56,56,56,56,56,56,56,56,56,56,56,56,56,56,56,56,56,56,56,56,56,66,66,66,66,66,66,66,66,66,66,66,66,66,66,66],"card_choices":[{"not_picked":["bronze:Shell","bronze:CloningBeam"],"picked":"bronze:Repair","floor":2.0},{"not_picked":["bronze:Safeguard","bronze:DarkDash"],"picked":"bronze:Separator","floor":3.0},{"not_picked":["bronze:Overload","bronze:Allocate"],"picked":"bronze:ItsAFeature","floor":6.0},{"not_picked":["bronze:Return","bronze:BitShift"],"picked":"bronze:Fortify","floor":9.0},{"not_picked":["bronze:Frontload","bronze:Invalidate","bronze:WildBeam"],"picked":"SKIP","floor":10.0},{"not_picked":["bronze:FineTuning","bronze:Invalidate"],"picked":"bronze:BronzeOrb","floor":12.0},{"not_picked":["bronze:Overheat","bronze:ForLoop"],"picked":"bronze:FineTuning","floor":12.0},{"not_picked":["bronze:Return","bronze:Separator"],"picked":"bronze:ChosenStrike","floor":14.0},{"not_picked":["bronze:NullPointer","bronze:Allocate"],"picked":"bronze:Boost","floor":15.0},{"not_picked":["bronze:MaxOutput","bronze:BitShift"],"picked":"bronze:Optimize","floor":15.0},{"not_picked":["bronze:Virus","bronze:Library"],"picked":"bronze:HardenedForm","floor":16.0},{"not_picked":["bronze:Shield","bronze:WildBeam"],"picked":"bronze:DelayedGuard","floor":20.0},{"not_picked":["bronze:GetLatest+1","bronze:Flail"],"picked":"bronze:DelayedSlice","floor":22.0},{"not_picked":["bronze:ThunderWave","bronze:Turbo"],"picked":"bronze:MaxOutput","floor":26.0},{"not_picked":["bronze:FineTuning","bronze:BitShift"],"picked":"bronze:Terminator","floor":26.0},{"not_picked":["bronze:Hardcode","bronze:FineTuning"],"picked":"bronze:Separator","floor":27.0},{"not_picked":["bronze:Flail+1","bronze:DelayedSlice"],"picked":"bronze:WhirlingStrike+1","floor":28.0},{"not_picked":["bronze:Optimize","bronze:Frontload"],"picked":"bronze:ItsAFeature","floor":29.0},{"not_picked":["bronze:CloningBeam","bronze:BugBarrage","bronze:Deprecate"],"picked":"SKIP","floor":29.0},{"not_picked":["bronze:HyperBeam","bronze:CloningBeam"],"picked":"bronze:ChildClass+1","floor":30.0},{"not_picked":["bronze:OilSpill","bronze:WildBeam"],"picked":"bronze:BitShift","floor":32.0},{"not_picked":["bronze:CutThrough","bronze:Safeguard","bronze:Separator+1"],"picked":"SKIP","floor":32.0},{"not_picked":["bronze:InfiniteLoop","bronze:AlphaBuild"],"picked":"bronze:Verify","floor":33.0},{"not_picked":["bronze:Turbo+1","bronze:Constructor"],"picked":"bronze:Iterate","floor":36.0},{"not_picked":["bronze:CutThrough","bronze:Frontload","bronze:DarkDash+1"],"picked":"SKIP","floor":36.0},{"not_picked":["bronze:Backtrace","bronze:Frontload+1"],"picked":"bronze:BitShift","floor":37.0},{"not_picked":["bronze:DarkDash+1","bronze:NullPointer"],"picked":"bronze:BugBarrage+1","floor":37.0},{"not_picked":["bronze:Constructor","bronze:Frontload+1"],"picked":"bronze:Repulsor+1","floor":44},{"not_picked":["bronze:ForLoop","bronze:CutThrough"],"picked":"bronze:DelayedSlice+1","floor":44},{"not_picked":["bronze:OilSpill","bronze:Refactor+1"],"picked":"bronze:FollowUp","floor":45},{"not_picked":["bronze:Refactor","bronze:Deprecate"],"picked":"bronze:DelayedSlice","floor":45},{"not_picked":["bronze:HyperBeam","bronze:Overheat"],"picked":"bronze:Constructor","floor":46},{"not_picked":["bronze:WildBeam","bronze:Invalidate","bronze:DelayedSlice"],"picked":"SKIP","floor":49},{"not_picked":["bronze:Optimize","bronze:BronzeArmor","bronze:Repulsor"],"picked":"SKIP","floor":49}],"player_experience":1894126,"relics_obtained":[{"floor":6.0,"key":"Prayer Wheel"},{"floor":10.0,"key":"Shovel"},{"floor":11.0,"key":"Juzu Bracelet"},{"floor":13.0,"key":"bronze:SilverBullet"},{"floor":18.0,"key":"Akabeko"},{"floor":24.0,"key":"HornCleat"},{"floor":25.0,"key":"Anchor"},{"floor":28.0,"key":"Boot"},{"floor":28.0,"key":"Gremlin Horn"},{"floor":30.0,"key":"Lantern"},{"floor":30.0,"key":"Whetstone"},{"floor":35.0,"key":"Happy Flower"},{"floor":41,"key":"hexamod:BolsterEngine"},{"floor":43,"key":"Bag of Preparation"},{"floor":46,"key":"Ice Cream"},{"floor":48,"key":"Pen Nib"}],"event_choices":[{"damage_healed":0.0,"max_hp_gain":0.0,"max_hp_loss":0.0,"gold_gain":0.0,"event_name":"Big Fish","player_choice":"Box","floor":5.0,"gold_loss":0.0,"damage_taken":0.0,"relics_obtained":["Mercury Hourglass"],"cards_obtained":["Regret"]},{"damage_healed":0.0,"max_hp_gain":0.0,"max_hp_loss":24.0,"gold_gain":0.0,"event_name":"Vampires","player_choice":"Became a vampire","floor":19.0,"gold_loss":0.0,"damage_taken":0.0,"cards_obtained":["Bite","Bite","Bite","Bite","Bite"]},{"damage_healed":0.0,"max_hp_gain":0.0,"max_hp_loss":0.0,"gold_gain":0.0,"event_name":"Ghosts","player_choice":"Ignored","floor":21.0,"gold_loss":0.0,"damage_taken":0.0}],"is_beta":false,"boss_relics":[{"not_picked":["Coffee Dripper","Velvet Choker"],"picked":"Black Star"},{"not_picked":["expansioncontent:StudyCardRelic","Tiny House"],"picked":"SlaversCollar"}],"items_purged_floors":[9,20,27,38],"is_endless":false,"potions_floor_spawned":[6,10,12,15,16,26,28,30,45,46,49],"killed_by":"downfall:CharBossMerchant","ascension_level":13}}