{"host":"3498uni0c31c9bdm","time":1612265773,"event":{"mods":["BaseMod","Better Third Choice","Minty Spire (QoL Compilation)","Replay The Spire","StSLib"],"gold_per_floor":[109,284,304,254,267,294,294,307,360,360,380,380,245,260,260,260,260],"floor_reached":16,"language":"ENG","playtime":568,"items_purged":[],"score":168,"play_id":"46cfec85-a4c7-4636-8cd6-07b964d0f7d8","local_time":"20210202223613","is_ascension_mode":true,"campfire_choices":[{"floor":10,"key":"REST"},{"floor":12,"key":"REST"},{"floor":15,"key":"RECALL"}],"circlet_count":0,"master_deck":["AscendersBane","Strike_P","Strike_P","Strike_P","Strike_P","Defend_P","Defend_P","Defend_P","Defend_P","Eruption","Vigilance","LikeWater","Doubt","EmptyFist","Wallop+1","SashWhip","Sanctity","LessonLearned","Sickly","Fasting2","CrushJoints"],"relics":["PureWater","NeowsBlessing","betterThird:SlimedRelic","StrikeDummy","Toy Ornithopter","ReplayTheSpireMod:CursedCoin","Letter Opener"],"acts_visited":["Exordium"],"potions_floor_usage":[16,16],"damage_taken":[{"damage":0,"enemies":"Jaw Worm","floor":1,"turns":1},{"damage":0,"enemies":"Small Slimes","floor":3,"turns":1},{"damage":0,"enemies":"Cultist","floor":5,"turns":1},{"damage":36,"enemies":"3 Sentries","floor":6,"turns":21},{"damage":5,"enemies":"Red Slaver","floor":8,"turns":6},{"damage":5,"enemies":"Large Slime","floor":11,"turns":7},{"damage":4,"enemies":"2 Fungi Beasts","floor":14,"turns":3},{"damage":57,"enemies":"Hexaghost","floor":16,"turns":15}],"seed_played":"-8952307602516689022","potions_obtained":[{"floor":6,"key":"Swift Potion"},{"floor":8,"key":"Venom Potion"}],"is_trial":false,"path_per_floor":["M","?","M","?","M","E","?","M","T","R","M","R","$","M","R","B"],"character_chosen":"WATCHER","items_purchased":["ReplayTheSpireMod:CursedCoin","Letter Opener","Fasting2"],"campfire_rested":2,"item_purchase_floors":[13,13,13],"current_hp_per_floor":[65,65,65,54,54,18,18,13,13,34,29,50,50,46,46,0,0],"gold":260,"neow_bonus":"THREE_ENEMY_KILL","is_daily":false,"chose_seed":false,"campfire_upgraded":0,"win_rate":0.0,"timestamp":1612265773,"path_taken":["M","?","M","?","M","E","?","M","T","R","M","R","$","M","R","BOSS"],"items_purchased_type":["Relic","Relic","Card"],"build_version":"2020-12-22","purchased_purges":0,"victory":false,"max_hp_per_floor":[72,72,72,72,72,72,72,72,72,72,72,72,72,72,72,72,72],"card_choices":[{"not_picked":["EmptyFist","Halt"],"picked":"LikeWater","floor":1},{"not_picked":["Replay:BluntJabs","Evaluate"],"picked":"EmptyFist","floor":3},{"not_picked":["Replay:Battleflow","Prostrate"],"picked":"Wallop","floor":5},{"not_picked":["SandsOfTime","FollowUp"],"picked":"SashWhip","floor":6},{"not_picked":["Replay:AtTheReady","JustLucky"],"picked":"Sanctity","floor":8},{"not_picked":["Consecrate","FollowUp"],"picked":"LessonLearned","floor":11},{"not_picked":["Nirvana","Fasting2"],"picked":"CrushJoints","floor":14}],"player_experience":809629,"relics_obtained":[{"floor":6,"key":"StrikeDummy"},{"floor":9,"key":"Toy Ornithopter"}],"event_choices":[{"damage_healed":0,"gold_gain":175,"player_choice":"AGREE","damage_taken":109,"max_hp_gain":0,"max_hp_loss":0,"event_name":"betterThird:BetterSerpent","floor":2,"gold_loss":0},{"damage_healed":0,"gold_gain":0,"player_choice":"Slimed","damage_taken":11,"max_hp_gain":0,"max_hp_loss":0,"event_name":"betterThird:BetterGoop","floor":4,"gold_loss":50},{"damage_healed":0,"gold_gain":0,"player_choice":"Upgraded","damage_taken":0,"max_hp_gain":0,"max_hp_loss":0,"event_name":"Upgrade Shrine","floor":7,"gold_loss":0,"cards_upgraded":["Wallop"]}],"is_beta":false,"boss_relics":[],"items_purged_floors":[],"is_endless":false,"potions_floor_spawned":[6,8,14],"killed_by":"Hexaghost","ascension_level":13}}