{"host":"toh0bbw446wnuexf","time":1612234755,"event":{"mods":["BaseMod","Downfall","Hermit","Minty Spire (QoL Compilation)","Random Character Button","StSLib"],"gold_per_floor":[99,118,135,191,291,291,291,128,146,146,174,190,190,190,203,300,300,300,312,322,341,367,352,352,352,352,173,173,193,193,178,191,291,291,291,307,307,134,147,160,160,160,185,201,201,201,201],"floor_reached":45,"language":"ENG","playtime":5800,"items_purged":[],"score":465,"play_id":"e04c6d61-83f8-4597-b6da-843b65f665f0","local_time":"20210202155915","is_ascension_mode":true,"campfire_choices":[{"data":"sneckomod:SnekBite","floor":1,"key":"SMITH"},{"floor":10,"key":"REST"},{"data":"sneckomod:RainOfDice","floor":13,"key":"SMITH"},{"data":"sneckomod:IronFang","floor":18,"key":"SMITH"},{"floor":26,"key":"REST"},{"floor":28,"key":"REST"},{"data":"sneckomod:DiceBoulder","floor":30,"key":"SMITH"},{"data":"sneckomod:DiceBoulder+1","floor":35,"key":"SMITH"},{"floor":42,"key":"REST"}],"circlet_count":0,"master_deck":["sneckomod:Strike","sneckomod:Strike","sneckomod:Defend+1","sneckomod:Defend","sneckomod:Defend","sneckomod:TailWhip","sneckomod:SnekBite+1","sneckomod:Unknown+1","sneckomod:RainOfDice+1","sneckomod:IronFang+1","sneckomod:WideSting","sneckomod:DiceBoulder+2","sneckomod:Unknown3Cost","sneckomod:QuickMove","sneckomod:UnknownBoss"],"relics":["SlaversCollar","Dream Catcher","War Paint","sneckomod:LoadedDie","Orichalcum","Empty Cage","Tiny Chest","hexamod:CandleOfCauterizing","Sozu","Vajra","Calipers","Ancient Tea Set"],"acts_visited":["Exordium","TheCity","TheBeyond"],"potions_floor_usage":[33,33,33],"damage_taken":[{"damage":1,"enemies":"Jaw Worm","floor":2,"turns":3},{"damage":2,"enemies":"2 Louse","floor":3,"turns":2},{"damage":18,"enemies":"Lagavulin Event","floor":4,"turns":5},{"damage":10,"enemies":"downfall:FleeingMerchant","floor":8,"turns":4},{"damage":0,"enemies":"Small Slimes","floor":9,"turns":3},{"damage":9,"enemies":"Lagavulin","floor":11,"turns":4},{"damage":7,"enemies":"Red Slaver","floor":12,"turns":2},{"damage":2,"enemies":"Blue Slaver","floor":15,"turns":3},{"damage":34,"enemies":"DF_ARCHETYPE_STREAMLINE","floor":16,"turns":8},{"damage":14,"enemies":"Chosen","floor":19,"turns":5},{"damage":6,"enemies":"Shell Parasite","floor":20,"turns":6},{"damage":45,"enemies":"Snake Plant","floor":21,"turns":6},{"damage":0,"enemies":"downfall:FleeingMerchant","floor":23,"turns":4},{"damage":0,"enemies":"downfall:FleeingMerchant","floor":27,"turns":4},{"damage":18,"enemies":"Centurion and Healer","floor":29,"turns":6},{"damage":10,"enemies":"downfall:FleeingMerchant","floor":31,"turns":4},{"damage":23,"enemies":"Shelled Parasite and Fungi","floor":32,"turns":5},{"damage":25,"enemies":"IC_MUSHROOM_ARCHETYPE","floor":33,"turns":8},{"damage":12,"enemies":"Orb Walker","floor":36,"turns":3},{"damage":6,"enemies":"downfall:FleeingMerchant","floor":38,"turns":4},{"damage":16,"enemies":"3 Shapes","floor":39,"turns":3},{"damage":39,"enemies":"3 Darklings","floor":40,"turns":8},{"damage":20,"enemies":"Giant Head","floor":43,"turns":7},{"damage":6,"enemies":"Transient","floor":44,"turns":5},{"damage":23,"enemies":"4 Shapes","floor":45,"turns":5}],"seed_played":"-3990681712946151623","potions_obtained":[{"floor":3,"key":"SteroidPotion"},{"floor":9,"key":"hexamod:SoulburnPotion"},{"floor":11,"key":"BlessingOfTheForge"},{"floor":21,"key":"EssenceOfSteel"},{"floor":25,"key":"CultistPotion"},{"floor":32,"key":"Dexterity Potion"},{"floor":33,"key":"DuplicationPotion"}],"is_trial":false,"path_per_floor":["R","M","M","?","?","?","T","$","M","R","E","M","R","?","M","B",null,"R","M","M","M","T","$","T","?","R","$","R","M","R","$","M","B",null,"R","M","T","$","M","M","T","R","E","M","M"],"character_chosen":"THE_SNECKO","items_purchased":["sneckomod:LoadedDie","sneckomod:Unknown3Cost","sneckomod:UnknownBoss"],"campfire_rested":4,"item_purchase_floors":[8,27,38],"current_hp_per_floor":[90,89,87,69,69,69,69,59,59,86,77,70,70,75,73,39,90,90,76,70,25,25,25,25,25,52,52,79,61,61,51,28,3,90,90,78,78,72,56,17,17,44,24,18,0,0,0],"gold":201,"neow_bonus":"BOSS_RELIC","is_daily":false,"chose_seed":false,"campfire_upgraded":5,"win_rate":0.0,"timestamp":1612234755,"path_taken":["R","M","M","?","?","?","T","$","M","R","E","M","R","?","M","BOSS","R","M","M","M","?","$","T","?","R","?","R","?","R","$","M","BOSS","R","M","?","$","M","M","T","R","E","?","?"],"items_purchased_type":["Relic","Card","Card"],"build_version":"2020-12-22","purchased_purges":0,"victory":false,"max_hp_per_floor":[90,90,90,90,90,90,90,90,90,90,90,90,90,90,90,90,90,90,90,90,90,90,90,90,90,90,90,90,90,90,90,90,90,90,90,90,90,90,90,90,90,90,90,90,90,90,90],"card_choices":[{"not_picked":["sneckomod:QuickMove","sneckomod:UnknownCommonSkill","sneckomod:UnknownColorless"],"picked":"SKIP","floor":2},{"not_picked":["sneckomod:Unknown1Cost","sneckomod:QuickMove"],"picked":"sneckomod:RainOfDice","floor":3},{"not_picked":["sneckomod:UnknownUncommonAttack","sneckomod:DiceCrush","sneckomod:Nope"],"picked":"SKIP","floor":8},{"not_picked":["sneckomod:Nope","sneckomod:SoulRoll"],"picked":"sneckomod:IronFang","floor":9},{"not_picked":["sneckomod:Nope","sneckomod:Unknown1Cost"],"picked":"sneckomod:RainOfDice","floor":10},{"not_picked":["sneckomod:TrashToTreasure","sneckomod:SnakeSap","sneckomod:UnknownWeak"],"picked":"SKIP","floor":11},{"not_picked":["sneckomod:Unknown0Cost","sneckomod:UnknownBlock","sneckomod:QuickBite"],"picked":"SKIP","floor":12},{"not_picked":["sneckomod:RainOfDice","sneckomod:UnknownUncommonSkill","sneckomod:MasterEye"],"picked":"SKIP","floor":15},{"not_picked":["sneckomod:IronFang","sneckomod:UnknownDraw"],"picked":"sneckomod:WideSting","floor":19},{"not_picked":["sneckomod:UnknownVulnerable+1","sneckomod:UnknownDraw","sneckomod:UnknownCommonAttack"],"picked":"SKIP","floor":20},{"not_picked":["sneckomod:UnknownCommonSkill","sneckomod:SlitherStrike","sneckomod:Nope"],"picked":"SKIP","floor":21},{"not_picked":["sneckomod:UnknownCommonSkill","sneckomod:UnknownColorless"],"picked":"sneckomod:DiceBoulder","floor":23},{"not_picked":["sneckomod:UnknownDexterity","sneckomod:DiceBlock","sneckomod:UnknownClassBLUE"],"picked":"SKIP","floor":27},{"not_picked":["sneckomod:UnknownUncommonAttack","sneckomod:IronFang"],"picked":"sneckomod:QuickMove","floor":28},{"not_picked":["sneckomod:QuickMove","sneckomod:DiceBoulder","sneckomod:Unknown0Cost"],"picked":"SKIP","floor":29},{"not_picked":["sneckomod:RainOfDice","sneckomod:DiceCrush+1","sneckomod:UnknownDexterity"],"picked":"SKIP","floor":31},{"not_picked":["sneckomod:CheapStock","sneckomod:Unknown3Cost","sneckomod:UnknownClassGUARDIAN+1"],"picked":"SKIP","floor":32},{"not_picked":["sneckomod:IronFang","sneckomod:QuickMove","sneckomod:UnknownVulnerable+1"],"picked":"SKIP","floor":36},{"not_picked":["sneckomod:UnknownClassBLUE+1","sneckomod:UnknownWeak+1","sneckomod:UnknownCommonSkill+1"],"picked":"SKIP","floor":38},{"not_picked":["sneckomod:Rotation+1","sneckomod:DiceBlock","sneckomod:UnendingSupply"],"picked":"SKIP","floor":39},{"not_picked":["sneckomod:DiceBoulder+1","sneckomod:TrashToTreasure+1","sneckomod:IronFang"],"picked":"SKIP","floor":40},{"not_picked":["sneckomod:UnknownClassTHE_CHAMP_GRAY+1","sneckomod:SnekBeam","sneckomod:ImprovisedAttack+1"],"picked":"SKIP","floor":43},{"not_picked":["sneckomod:UnknownX+1","sneckomod:DiceCrush","sneckomod:IronFang"],"picked":"SKIP","floor":44}],"player_experience":651994,"relics_obtained":[{"floor":4,"key":"Dream Catcher"},{"floor":7,"key":"War Paint"},{"floor":11,"key":"Orichalcum"},{"floor":22,"key":"Tiny Chest"},{"floor":24,"key":"hexamod:CandleOfCauterizing"},{"floor":37,"key":"Vajra"},{"floor":41,"key":"Calipers"},{"floor":43,"key":"Ancient Tea Set"}],"event_choices":[{"cards_removed":["sneckomod:RainOfDice"],"damage_healed":5,"gold_gain":0,"player_choice":"Offered Common","damage_taken":0,"max_hp_gain":0,"max_hp_loss":0,"event_name":"Bonfire Elementals","floor":14,"gold_loss":0},{"cards_removed":["sneckomod:RainOfDice"],"damage_healed":5,"gold_gain":0,"player_choice":"Offered Special","damage_taken":0,"max_hp_gain":0,"max_hp_loss":0,"event_name":"Bonfire Elementals","floor":14,"gold_loss":0}],"is_beta":false,"boss_relics":[{"not_picked":["Black Star","Cursed Key"],"picked":"Empty Cage"},{"not_picked":["Fusion Hammer","Velvet Choker"],"picked":"Sozu"}],"items_purged_floors":[],"is_endless":false,"potions_floor_spawned":[3,9,11,15,20,21,32,33,36,40,43],"killed_by":"4 Shapes","ascension_level":1}}