{"host":"0k696jvpnlqjk4gh","time":1612259799,"event":{"mods":["AchievementEnabler","BaseMod","Colored Map","Colored Powertips","Minty Spire (QoL Compilation)","Quick Restart"],"gold_per_floor":[118,129,149,149,109,139,152,187,187,37,112,112,112,112,112,210,210,226,226,151,164,164,191,191,205,205,205,205],"floor_reached":27,"language":"ENG","playtime":1117,"items_purged":[],"score":275,"play_id":"ee54b9d6-2a31-47d2-8411-c1fd594b29f5","local_time":"20210202095639","is_ascension_mode":true,"campfire_choices":[{"floor":12,"key":"REST"},{"data":"Fusion","floor":15,"key":"SMITH"},{"floor":24,"key":"REST"}],"circlet_count":0,"master_deck":["Strike_B","Strike_B","Strike_B","Defend_B","Defend_B","Defend_B","Zap","Dualcast","Cold Snap","Ball Lightning","White Noise","Melter","Double Energy","Defragment+1","Go for the Eyes","Gash","Steam","Ball Lightning","Coolheaded","Seek","Fusion+1","Electrodynamics+1","Gash","Undo+1","Loop+1"],"relics":["Cracked Core","NeowsBlessing","Pantograph","Frozen Egg 2","Omamori","Eternal Feather","Orrery","Symbiotic Virus","Sozu","Ornamental Fan","Molten Egg 2"],"acts_visited":["Exordium","TheCity"],"potions_floor_usage":[16,27],"damage_taken":[{"damage":0,"enemies":"Cultist","floor":1,"turns":1},{"damage":0,"enemies":"Small Slimes","floor":2,"turns":1},{"damage":0,"enemies":"Jaw Worm","floor":3,"turns":1},{"damage":23,"enemies":"Lagavulin","floor":6,"turns":6},{"damage":0,"enemies":"Looter","floor":7,"turns":3},{"damage":20,"enemies":"3 Sentries","floor":8,"turns":6},{"damage":22,"enemies":"Hexaghost","floor":16,"turns":9},{"damage":11,"enemies":"Shell Parasite","floor":18,"turns":4},{"damage":26,"enemies":"2 Thieves","floor":21,"turns":3},{"damage":48,"enemies":"Gremlin Leader","floor":23,"turns":5},{"damage":20,"enemies":"Snake Plant","floor":25,"turns":4},{"damage":33,"enemies":"Slavers","floor":27,"turns":2}],"seed_played":"7220709507758932688","potions_obtained":[{"floor":1,"key":"SteroidPotion"},{"floor":8,"key":"FocusPotion"},{"floor":16,"key":"CultistPotion"}],"is_trial":false,"path_per_floor":["M","M","M","?","$","E","M","E","T","$","?","R","?","?","R","B",null,"M","?","?","M","?","E","R","M","T","E"],"character_chosen":"DEFECT","items_purchased":["Melter","Orrery"],"campfire_rested":2,"item_purchase_floors":[5,10],"current_hp_per_floor":[75,75,75,75,75,52,52,32,32,32,21,55,55,55,67,53,75,64,64,64,38,63,15,52,32,32,0,0],"gold":205,"neow_bonus":"THREE_ENEMY_KILL","is_daily":false,"chose_seed":false,"campfire_upgraded":1,"win_rate":0.0,"timestamp":1612259799,"path_taken":["M","?","M","?","?","E","?","E","T","$","?","R","?","?","R","BOSS","M","?","?","M","?","E","R","?","T","E"],"items_purchased_type":["Card","Relic"],"build_version":"2020-12-22","purchased_purges":0,"victory":false,"max_hp_per_floor":[75,75,75,75,75,75,75,75,75,75,75,75,75,75,75,75,75,75,75,75,75,75,75,75,75,75,75,75],"card_choices":[{"not_picked":["Static Discharge","Compile Driver"],"picked":"Cold Snap","floor":1},{"not_picked":["Compile Driver","Steam"],"picked":"Ball Lightning","floor":2},{"not_picked":["Streamline","Leap"],"picked":"White Noise","floor":3},{"not_picked":["Biased Cognition+1","Steam"],"picked":"Double Energy","floor":6},{"not_picked":["Self Repair+1","Conserve Battery"],"picked":"Defragment+1","floor":7},{"not_picked":["Rip and Tear","Chaos"],"picked":"Go for the Eyes","floor":8},{"not_picked":["Leap","Force Field"],"picked":"Gash","floor":10},{"not_picked":["Stack","Rebound"],"picked":"Steam","floor":10},{"not_picked":["Compile Driver","Reprogram"],"picked":"Ball Lightning","floor":10},{"not_picked":["Barrage","Compile Driver"],"picked":"Coolheaded","floor":10},{"not_picked":["Compile Driver","Undo"],"picked":"Seek","floor":10},{"not_picked":["Biased Cognition+1","Buffer+1"],"picked":"Electrodynamics+1","floor":16},{"not_picked":["Compile Driver+1","Genetic Algorithm+1"],"picked":"Gash","floor":18},{"not_picked":["Rip and Tear+1","Gash"],"picked":"Undo+1","floor":21},{"not_picked":["Cold Snap+1","Compile Driver+1"],"picked":"Loop+1","floor":23},{"not_picked":["Skim","Compile Driver+1","Stack"],"picked":"SKIP","floor":25}],"player_experience":94277,"relics_obtained":[{"floor":6,"key":"Frozen Egg 2"},{"floor":8,"key":"Omamori"},{"floor":9,"key":"Eternal Feather"},{"floor":23,"key":"Molten Egg 2"}],"event_choices":[{"damage_healed":0,"gold_gain":0,"player_choice":"Gave Potion","damage_taken":0,"relics_obtained":["Pantograph"],"max_hp_gain":0,"max_hp_loss":0,"event_name":"WeMeetAgain","floor":4,"gold_loss":0},{"damage_healed":0,"gold_gain":75,"player_choice":"Gather Gold","damage_taken":11,"max_hp_gain":0,"max_hp_loss":0,"event_name":"World of Goop","floor":11,"gold_loss":0},{"damage_healed":0,"gold_gain":0,"cards_transformed":["Strike_B"],"player_choice":"Change","damage_taken":0,"max_hp_gain":0,"max_hp_loss":0,"event_name":"Living Wall","floor":13,"gold_loss":0,"cards_obtained":["Fusion"]},{"damage_healed":0,"gold_gain":0,"player_choice":"Searched \u00271\u0027 times","damage_taken":0,"relics_obtained":["Symbiotic Virus"],"max_hp_gain":0,"max_hp_loss":0,"event_name":"Dead Adventurer","floor":14,"gold_loss":0},{"damage_healed":0,"gold_gain":0,"player_choice":"Opened","damage_taken":0,"relics_obtained":["Ornamental Fan"],"max_hp_gain":0,"max_hp_loss":0,"event_name":"The Mausoleum","floor":19,"gold_loss":0},{"cards_removed":["Defend_B"],"damage_healed":0,"gold_gain":0,"player_choice":"Gave Gold","damage_taken":0,"max_hp_gain":0,"max_hp_loss":0,"event_name":"Beggar","floor":20,"gold_loss":75},{"damage_healed":25,"gold_gain":0,"player_choice":"Heal","damage_taken":0,"max_hp_gain":0,"max_hp_loss":0,"event_name":"The Library","floor":22,"gold_loss":0}],"is_beta":false,"boss_relics":[{"not_picked":["Velvet Choker","Snecko Eye"],"picked":"Sozu"}],"items_purged_floors":[],"is_endless":false,"potions_floor_spawned":[1,8,16,21,25],"killed_by":"Slavers","ascension_level":3}}