{"host":"3wy7pdgb9v64ezms","time":1612274981,"event":{"mods":["100% Spire Juice","2.2 Compatiblity","AchievementEnabler","Act Like it!","Aspiration","BaseMod","Better Altar","Better Match","Better Note","Better Third Choice","BetterRewards","Colored Map","Curses Come First","Dark Map","DeckTracker","Downfall","Halation","Highlight Path","Hubris","Infinite Spire","Minty Spire (QoL Compilation)","Permanent Neow","Prisma Mod","Quick Restart","Rare Cards Sparkle","Relic Filter","Relic Stats","Replay The Spire","Shop Mod","Small Relic Pack","Spicy Shops","StSLib","SuperFastMode","The Alterego","UnlockEverythingMod","WarShipGirlsR/????R mod","Yakumo Yukari mod"],"gold_per_floor":[99,118,118,129,145,145,145,172,183,212,222,222,241,260,272,272,272,272],"floor_reached":16,"language":"ENG","playtime":576,"items_purged":[],"score":122,"play_id":"69ce0def-7826-4565-b8ee-f4ed572375d9","local_time":"20210202150941","is_ascension_mode":true,"campfire_choices":[{"floor":1.0,"key":"DIG"},{"data":"Guardian:DecasProtection","floor":6.0,"key":"SMITH"}],"circlet_count":0,"master_deck":["Guardian:Strike_Guardian","Guardian:Strike_Guardian","Guardian:Strike_Guardian","Guardian:Strike_Guardian","Guardian:Defend_Guardian","Guardian:Defend_Guardian","Guardian:Defend_Guardian","Guardian:Defend_Guardian","Guardian:CurlUp","Guardian:TwinSlam","Guardian:WalkerClaw","infinitespire:Punishment","Guardian:DecasProtection+1","Guardian:StasisStrike","Guardian:Planning","Guardian:Gem_Red","Guardian:Gem_Blue"],"relics":["Guardian:ModeShifter","Anchor","Replay:Accelerometer","Akabeko","CaptainsWheel"],"acts_visited":["Exordium"],"potions_floor_usage":[16,16],"damage_taken":[{"damage":0.0,"enemies":"2 Louse","floor":2.0,"turns":3.0},{"damage":0.0,"enemies":"Small Slimes","floor":4.0,"turns":2.0},{"damage":1.0,"enemies":"Jaw Worm","floor":5.0,"turns":2.0},{"damage":3.0,"enemies":"3 Sentries","floor":8.0,"turns":6.0},{"damage":12.0,"enemies":"Gremlin Gang","floor":9.0,"turns":4.0},{"damage":18.0,"enemies":"Lagavulin","floor":10.0,"turns":4.0},{"damage":7.0,"enemies":"Exordium Thugs","floor":11.0,"turns":3.0},{"damage":14.0,"enemies":"Blue Slaver","floor":13.0,"turns":3.0},{"damage":0.0,"enemies":"Large Slime","floor":14.0,"turns":4.0},{"damage":0.0,"enemies":"2 Fungi Beasts","floor":15.0,"turns":2.0},{"damage":5,"enemies":"IC_STATUS_ARCHETYPE","floor":16,"turns":4}],"seed_played":"6923786932684649008","potions_obtained":[{"floor":0.0,"key":"Fire Potion"},{"floor":0.0,"key":"Guardian:BlockOnCardUsePotion"},{"floor":0.0,"key":"sneckomod:MuddlingPotion"}],"is_trial":false,"path_per_floor":["R_BF","M","?","M","M","R","T","E","M","E","M","?","M","M","M","B"],"character_chosen":"GUARDIAN","items_purchased":[],"campfire_rested":0,"item_purchase_floors":[],"current_hp_per_floor":[80,80,60,60,59,59,59,56,44,26,19,19,5,5,5,0,0,0],"gold":272,"neow_bonus":"THREE_SMALL_POTIONS","is_daily":false,"chose_seed":false,"campfire_upgraded":1,"win_rate":0.0,"timestamp":1612274981,"path_taken":["R_BF","M","?","M","M","R","T","E","M","E","M","?","M","M","M","BOSS"],"items_purchased_type":[],"build_version":"2020-12-22","purchased_purges":0,"victory":false,"max_hp_per_floor":[80,80,80,80,80,80,80,80,80,80,80,80,80,80,80,80,80,80],"relic_stats":{"counters":[11,37],"obtain_stats":[{"Replay:Accelerometer":7,"Anchor":1,"CaptainsWheel":10,"Guardian:ModeShifter":0,"Akabeko":8},{"Replay:Accelerometer":3,"Anchor":0,"CaptainsWheel":6,"Guardian:ModeShifter":0,"Akabeko":4},{"Replay:Accelerometer":7,"Anchor":0,"CaptainsWheel":21,"Guardian:ModeShifter":0,"Akabeko":13}]},"card_choices":[{"not_picked":["Guardian:Clone","Guardian:Gem_White"],"picked":"Guardian:WalkerClaw","floor":2.0},{"not_picked":["infinitespire:SevenWalls","infinitespire:Fortify"],"picked":"infinitespire:Punishment","floor":3.0},{"not_picked":["Guardian:Gem_Lightblue","Guardian:Gem_Cyan","Guardian:Gem_Yellow"],"picked":"SKIP","floor":4.0},{"not_picked":["Guardian:Gem_Lightblue","Guardian:Gem_Cyan","Guardian:Gem_Yellow"],"picked":"SKIP","floor":4.0},{"not_picked":["Guardian:Preprogram","Guardian:TimeBomb"],"picked":"Guardian:DecasProtection","floor":5.0},{"not_picked":["Guardian:Gem_Red","Guardian:Incinerate"],"picked":"Guardian:StasisStrike","floor":8.0},{"not_picked":["Guardian:Gem_White","Guardian:EvasiveProtocol"],"picked":"Guardian:Planning","floor":9.0},{"not_picked":["Guardian:PrimingBeam","Guardian:Gem_Cyan"],"picked":"Guardian:Gem_Red","floor":10.0},{"not_picked":["Guardian:Gem_Lightblue","Guardian:Suspension"],"picked":"Guardian:Gem_Blue","floor":11.0},{"not_picked":["Guardian:Gem_Cyan","Guardian:Gem_Crimson","Guardian:RefractedBeam"],"picked":"SKIP","floor":13.0},{"not_picked":["Guardian:Gem_Green","Guardian:Gem_Lightblue","Guardian:Suspension"],"picked":"SKIP","floor":14.0},{"not_picked":["Guardian:Gem_Blue","Guardian:Reroute","Guardian:PrismaticBeam"],"picked":"SKIP","floor":15.0}],"player_experience":102578,"relics_obtained":[{"floor":1.0,"key":"Anchor"},{"floor":7.0,"key":"Replay:Accelerometer"},{"floor":8.0,"key":"Akabeko"},{"floor":10.0,"key":"CaptainsWheel"}],"event_choices":[],"is_beta":false,"boss_relics":[],"items_purged_floors":[],"is_endless":false,"potions_floor_spawned":[5,8,10,11],"killed_by":"IC_STATUS_ARCHETYPE","ascension_level":1}}