{"host":"d6v9h08n6lx0nsey","time":1612226519,"event":{"mods":["BaseMod","Downfall","Minty Spire (QoL Compilation)","StSLib"],"gold_per_floor":[99,116,132,132,142,142,192,219,219,231,62,88,73,73,91,91,91,91],"floor_reached":16,"language":"ENG","playtime":1559,"items_purged":["Decay"],"score":110,"play_id":"930a0602-a543-408e-8bcb-fef9c32f1f2d","local_time":"20210202004159","is_ascension_mode":false,"campfire_choices":[{"data":"Guardian:TwinSlam","floor":1,"key":"SMITH"},{"data":"Guardian:SentryBeam","floor":6,"key":"SMITH"}],"circlet_count":0,"master_deck":["Guardian:Strike_Guardian","Guardian:Strike_Guardian","Guardian:Strike_Guardian","Guardian:Strike_Guardian","Guardian:Defend_Guardian","Guardian:Defend_Guardian","Guardian:Defend_Guardian","Guardian:Defend_Guardian","Guardian:CurlUp","Guardian:TwinSlam+1","Guardian:SentryBeam+1","Guardian:SentryBeam","downfall:Malfunctioning","Guardian:StasisField","Guardian:DecasProtection","Writhe","Guardian:Gem_Purple","Guardian:Gem_Green","Guardian:Gem_White","Guardian:Gem_White","Guardian:Gem_Yellow","Guardian:Gem_Purple","Guardian:Gem_Green","Guardian:TemporalStrike","Guardian:EvasiveProtocol","Guardian:BodySlam","Guardian:TemporalShield","Guardian:RollAttack"],"relics":["Guardian:ModeShifter","downfall:ExtraCursedKey","Centennial Puzzle","Guardian:PickAxe","Girya"],"acts_visited":["Exordium"],"potions_floor_usage":[8,10,16,16],"damage_taken":[{"damage":0,"enemies":"Small Slimes","floor":2,"turns":4},{"damage":6,"enemies":"Jaw Worm","floor":3,"turns":4},{"damage":0,"enemies":"2 Louse","floor":5,"turns":3},{"damage":7,"enemies":"Gremlin Nob","floor":8,"turns":5},{"damage":13,"enemies":"Gremlin Nob","floor":9,"turns":7},{"damage":18,"enemies":"Lots of Slimes","floor":10,"turns":5},{"damage":5,"enemies":"downfall:FleeingMerchant","floor":11,"turns":4},{"damage":2,"enemies":"3 Sentries","floor":12,"turns":8},{"damage":10,"enemies":"downfall:FleeingMerchant","floor":13,"turns":4},{"damage":7,"enemies":"2 Fungi Beasts","floor":15,"turns":4},{"damage":14,"enemies":"SI_SHIV_ARCHETYPE","floor":16,"turns":7}],"seed_played":"-6829087826258134924","potions_obtained":[{"floor":2,"key":"Ancient Potion"},{"floor":5,"key":"PowerPotion"},{"floor":8,"key":"Regen Potion"},{"floor":12,"key":"SteroidPotion"},{"floor":14,"key":"LiquidMemories"},{"floor":15,"key":"Block Potion"}],"is_trial":false,"path_per_floor":["R","M","M","?","M","R","T","E","?","M","$","E","$","?","M","B"],"character_chosen":"GUARDIAN","items_purchased":["Guardian:BodySlam"],"campfire_rested":0,"item_purchase_floors":[11],"current_hp_per_floor":[88,88,82,82,82,82,82,75,44,38,33,31,21,21,14,0,0,0],"gold":91,"neow_bonus":"TEN_PERCENT_HP_BONUS","is_daily":false,"chose_seed":false,"campfire_upgraded":2,"win_rate":0.0,"timestamp":1612226519,"path_taken":["R","M","M","?","M","R","T","E","?","M","?","E","$","?","M","BOSS"],"items_purchased_type":["Card"],"build_version":"2020-12-22","purchased_purges":1,"victory":false,"max_hp_per_floor":[88,88,88,88,88,88,88,88,88,88,88,88,88,88,88,88,88,88],"card_choices":[{"not_picked":["Guardian:BronzeOrb","Guardian:ChargeCore"],"picked":"Guardian:SentryBeam","floor":2},{"not_picked":["Guardian:Incinerate","Guardian:WalkerClaw"],"picked":"Guardian:SentryBeam","floor":3},{"not_picked":["Guardian:PolyBeam","Guardian:Reroute"],"picked":"Guardian:DecasProtection","floor":5},{"not_picked":["Guardian:WalkerClaw","Guardian:Gem_Green"],"picked":"Guardian:Gem_Purple","floor":8},{"not_picked":["Guardian:ChargeCore","Guardian:Reroute"],"picked":"Guardian:TemporalStrike","floor":10},{"not_picked":["Guardian:WalkerClaw","Guardian:Reroute"],"picked":"Guardian:EvasiveProtocol","floor":11},{"not_picked":["Guardian:Gem_Cyan","Guardian:HyperBeam_Guardian"],"picked":"Guardian:TemporalShield","floor":12},{"not_picked":["Guardian:ChargeCore","Guardian:Reroute","Guardian:Recover"],"picked":"SKIP","floor":13},{"not_picked":["Guardian:PrimingBeam","Guardian:ChargeCore"],"picked":"Guardian:RollAttack","floor":15}],"player_experience":72544,"relics_obtained":[{"floor":8,"key":"Centennial Puzzle"},{"floor":12,"key":"Girya"}],"event_choices":[{"damage_healed":0,"gold_gain":0,"player_choice":"Got Potions","damage_taken":0,"max_hp_gain":0,"max_hp_loss":0,"event_name":"Lab","floor":14,"gold_loss":0}],"is_beta":false,"boss_relics":[],"items_purged_floors":[11],"is_endless":false,"potions_floor_spawned":[2,5,8,12,15],"killed_by":"SI_SHIV_ARCHETYPE","ascension_level":0}}