{"host":"l5zfpd2l2htson6l","time":1612239018,"event":{"mods":["AchievementEnabler","BaseMod","Colored Map","Colored Powertips","Minty Spire (QoL Compilation)","Permanent Neow","Quick Restart","Rare Cards Sparkle","Relic Stats","SuperFastMode"],"gold_per_floor":[111,129,204,215,225,225,256,256,256,281,300,319,319,348,348,425,425,439,118,136,136,3,3,21,21,68,68,68,96,111,137,137,215,215,228,75,75,92,92,117,117,151,151,151,176,71,89,120,120,120,120,120,20,48,48],"floor_reached":56,"language":"ENG","playtime":4140,"items_purged":["Strike_R","Strike_R"],"score":2256,"play_id":"c7738d77-f01b-45cb-8a03-51067efb6f2c","local_time":"20210201201018","is_ascension_mode":true,"campfire_choices":[{"data":"Demon Form","floor":6.0,"key":"SMITH"},{"floor":8.0,"key":"REST"},{"data":"Bash","floor":15.0,"key":"SMITH"},{"data":"1","floor":23.0,"key":"LIFT"},{"data":"2","floor":25.0,"key":"LIFT"},{"data":"Burning Pact","floor":32.0,"key":"SMITH"},{"floor":41.0,"key":"REST"},{"floor":44.0,"key":"REST"},{"floor":49,"key":"RECALL"},{"data":"Corruption","floor":52,"key":"SMITH"}],"circlet_count":0,"master_deck":["AscendersBane","Strike_R","Strike_R","Strike_R","Defend_R","Defend_R","Defend_R","Defend_R","Bash+1","Demon Form+1","Anger","Pommel Strike","Ghostly Armor","Disarm","Disarm","Immolate","Burning Pact+1","Feed","Shame","Corruption+1","Dark Embrace","Barricade","Seeing Red","Regret","Fiend Fire","Shockwave+1","Burning Pact+1","Reaper","True Grit+1"],"relics":["Burning Blood","Dead Branch","CaptainsWheel","Peace Pipe","Centennial Puzzle","Cursed Key","Lizard Tail","Bag of Preparation","Nloth\u0027s Gift","Blood Vial","Mango","SlaversCollar","Boot","Happy Flower","Ornamental Fan","Singing Bowl","Orichalcum"],"acts_visited":["Exordium","TheCity","TheBeyond","TheEnding"],"potions_floor_usage":[55],"damage_taken":[{"damage":15.0,"enemies":"Small Slimes","floor":1.0,"turns":3.0},{"damage":12.0,"enemies":"Jaw Worm","floor":2.0,"turns":3.0},{"damage":6.0,"enemies":"Cultist","floor":4.0,"turns":3.0},{"damage":5.0,"enemies":"2 Fungi Beasts","floor":5.0,"turns":3.0},{"damage":30.0,"enemies":"3 Sentries","floor":7.0,"turns":7.0},{"damage":16.0,"enemies":"Lagavulin","floor":10.0,"turns":6.0},{"damage":21.0,"enemies":"Lots of Slimes","floor":11.0,"turns":5.0},{"damage":0.0,"enemies":"Red Slaver","floor":12.0,"turns":6.0},{"damage":25.0,"enemies":"3 Sentries","floor":14.0,"turns":7.0},{"damage":8.0,"enemies":"Hexaghost","floor":16.0,"turns":5.0},{"damage":7.0,"enemies":"3 Byrds","floor":18.0,"turns":5.0},{"damage":1.0,"enemies":"Spheric Guardian","floor":20.0,"turns":4.0},{"damage":12.0,"enemies":"Cultist and Chosen","floor":24.0,"turns":5.0},{"damage":68.0,"enemies":"Slavers","floor":29.0,"turns":6.0},{"damage":13.0,"enemies":"Snake Plant","floor":30.0,"turns":4.0},{"damage":19.0,"enemies":"Gremlin Leader","floor":31.0,"turns":7.0},{"damage":34.0,"enemies":"Collector","floor":33.0,"turns":6.0},{"damage":65.0,"enemies":"3 Darklings","floor":35.0,"turns":5.0},{"damage":23.0,"enemies":"3 Shapes","floor":38.0,"turns":3.0},{"damage":10.0,"enemies":"Giant Head","floor":40.0,"turns":6.0},{"damage":7.0,"enemies":"Nemesis","floor":42.0,"turns":5.0},{"damage":17.0,"enemies":"Reptomancer","floor":45.0,"turns":4.0},{"damage":14.0,"enemies":"Transient","floor":47.0,"turns":5.0},{"damage":22,"enemies":"Nemesis","floor":48,"turns":3},{"damage":9,"enemies":"Awakened One","floor":50,"turns":13},{"damage":36,"enemies":"Shield and Spear","floor":54,"turns":6},{"damage":67,"enemies":"The Heart","floor":55,"turns":10}],"seed_played":"-2280866269528996525","potions_obtained":[{"floor":2.0,"key":"GamblersBrew"},{"floor":5.0,"key":"Regen Potion"},{"floor":11.0,"key":"PowerPotion"},{"floor":12.0,"key":"LiquidMemories"},{"floor":18.0,"key":"BloodPotion"},{"floor":30.0,"key":"Dexterity Potion"},{"floor":31.0,"key":"DuplicationPotion"},{"floor":42.0,"key":"DuplicationPotion"}],"is_trial":false,"path_per_floor":["M","M","?","M","M","R","E","R","T","E","M","M","?","E","R","B",null,"M","$","M","?","$","R","M","R","T","$","?","E","M","E","R","B",null,"M","$","T","M","$","E","R","E","T","R","E","$","M","E","R","B",null,"R","$","E","B",null],"character_chosen":"IRONCLAD","items_purchased":["Girya","Feed","SkillPotion","Seeing Red","SneckoOil"],"campfire_rested":3,"item_purchase_floors":[19,22,22,36,46],"current_hp_per_floor":[59,53,42,42,43,43,34,56,56,46,31,37,62,43,43,41,67,66,66,71,71,71,71,68,68,68,68,68,48,46,49,49,23,79,22,22,22,10,10,8,58,59,59,89,80,80,74,60,60,101,101,101,101,71,12],"gold":48,"neow_bonus":"ONE_RANDOM_RARE_CARD","is_daily":false,"chose_seed":false,"campfire_upgraded":4,"win_rate":0.0,"timestamp":1612239018,"path_taken":["M","M","?","M","M","R","E","R","T","E","M","M","?","E","R","BOSS","M","$","M","?","$","R","M","R","T","?","?","E","M","E","R","BOSS","M","$","?","?","?","E","R","E","T","R","E","$","M","E","R","BOSS","R","$","E","BOSS"],"items_purchased_type":["Relic","Card","Potion","Card","Potion"],"build_version":"2020-12-22","purchased_purges":2,"victory":true,"max_hp_per_floor":[75,75,75,75,75,75,75,75,75,75,75,75,75,75,75,75,75,75,75,75,75,75,75,78,78,78,78,78,81,84,98,98,98,98,98,98,98,101,101,101,101,101,101,101,101,101,101,101,101,101,101,101,101,101,101],"relic_stats":{"Happy Flower":[13],"Singing Bowl":0,"counters":[27,145],"Dead Branch":[528],"Bag of Preparation":[28],"Orichalcum":[6],"Cursed Key":2,"Boot":[34],"Burning Blood":156,"Peace Pipe":0,"Blood Vial":24,"Centennial Puzzle":[49],"Lizard Tail":39,"Ornamental Fan":[52],"Nloth\u0027s Gift":6,"obtain_stats":[{"Girya":19,"Happy Flower":42,"Singing Bowl":48,"Dead Branch":7,"Mango":31,"Bag of Preparation":26,"Orichalcum":54,"Cursed Key":17,"Boot":40,"Burning Blood":0,"Peace Pipe":10,"Blood Vial":29,"SlaversCollar":34,"CaptainsWheel":9,"Centennial Puzzle":14,"Lizard Tail":21,"Ornamental Fan":45,"Nloth\u0027s Gift":28},{"Girya":11,"Happy Flower":21,"Singing Bowl":24,"Dead Branch":5,"Mango":16,"Bag of Preparation":13,"Orichalcum":26,"Cursed Key":10,"Boot":20,"Burning Blood":0,"Peace Pipe":6,"Blood Vial":14,"SlaversCollar":17,"CaptainsWheel":5,"Centennial Puzzle":9,"Lizard Tail":12,"Ornamental Fan":22,"Nloth\u0027s Gift":13},{"Girya":53,"Happy Flower":104,"Singing Bowl":116,"Dead Branch":19,"Mango":79,"Bag of Preparation":62,"Orichalcum":135,"Cursed Key":48,"Boot":99,"Burning Blood":0,"Peace Pipe":25,"Blood Vial":68,"SlaversCollar":85,"CaptainsWheel":19,"Centennial Puzzle":43,"Lizard Tail":57,"Ornamental Fan":108,"Nloth\u0027s Gift":62}]},"card_choices":[{"not_picked":["Heavy Blade","Anger","Pommel Strike"],"picked":"SKIP","floor":1.0},{"not_picked":["Flex","Havoc","Heavy Blade"],"picked":"SKIP","floor":2.0},{"not_picked":["Rage","Headbutt"],"picked":"Anger","floor":4.0},{"not_picked":["Sentinel","Spot Weakness"],"picked":"Pommel Strike","floor":5.0},{"not_picked":["Sword Boomerang","Shrug It Off"],"picked":"Ghostly Armor","floor":7.0},{"not_picked":["Havoc","Bludgeon"],"picked":"Disarm","floor":10.0},{"not_picked":["Bloodletting","Warcry"],"picked":"Disarm","floor":11.0},{"not_picked":["Wild Strike","Anger","Perfected Strike"],"picked":"SKIP","floor":12.0},{"not_picked":["Dark Embrace","Perfected Strike","Cleave"],"picked":"SKIP","floor":14.0},{"not_picked":["Juggernaut","Impervious"],"picked":"Immolate","floor":16.0},{"not_picked":["Iron Wave","Pommel Strike","Flex"],"picked":"SKIP","floor":18.0},{"not_picked":["Wild Strike+1","Sentinel"],"picked":"Burning Pact","floor":20.0},{"not_picked":["Wild Strike","Dropkick","Perfected Strike"],"picked":"SKIP","floor":24.0},{"not_picked":["Intimidate","Second Wind"],"picked":"Corruption","floor":29.0},{"not_picked":["Sever Soul","Body Slam"],"picked":"Dark Embrace","floor":30.0},{"not_picked":["Dual Wield","Rupture","Anger"],"picked":"SKIP","floor":31.0},{"not_picked":["Demon Form","Limit Break"],"picked":"Barricade","floor":33.0},{"not_picked":["Thunderclap","Anger","Inflame"],"picked":"SKIP","floor":35.0},{"not_picked":["Clash","Dual Wield+1"],"picked":"Fiend Fire","floor":38.0},{"not_picked":["Evolve","Fiend Fire"],"picked":"Shockwave+1","floor":40.0},{"not_picked":["Evolve","Havoc"],"picked":"Burning Pact+1","floor":42.0},{"not_picked":["Shockwave+1","Clash+1","Carnage"],"picked":"SKIP","floor":45.0},{"not_picked":["Wild Strike+1","Infernal Blade","Immolate"],"picked":"SKIP","floor":47.0},{"not_picked":["Bludgeon","Limit Break"],"picked":"Reaper","floor":48},{"not_picked":["Corruption","Whirlwind"],"picked":"True Grit+1","floor":54}],"player_experience":829070,"relics_obtained":[{"floor":7.0,"key":"Dead Branch"},{"floor":9.0,"key":"CaptainsWheel"},{"floor":10.0,"key":"Peace Pipe"},{"floor":14.0,"key":"Centennial Puzzle"},{"floor":26.0,"key":"Bag of Preparation"},{"floor":29.0,"key":"Blood Vial"},{"floor":31.0,"key":"Mango"},{"floor":40.0,"key":"Boot"},{"floor":42.0,"key":"Happy Flower"},{"floor":45.0,"key":"Ornamental Fan"},{"floor":48,"key":"Singing Bowl"},{"floor":54,"key":"Orichalcum"}],"event_choices":[{"damage_healed":0.0,"max_hp_gain":0.0,"max_hp_loss":0.0,"gold_gain":75.0,"event_name":"World of Goop","player_choice":"Gather Gold","floor":3.0,"gold_loss":0.0,"damage_taken":11.0},{"damage_healed":25.0,"max_hp_gain":0.0,"max_hp_loss":0.0,"gold_gain":0.0,"event_name":"Big Fish","player_choice":"Banana","floor":13.0,"gold_loss":0.0,"damage_taken":0.0},{"damage_healed":0.0,"max_hp_gain":0.0,"max_hp_loss":0.0,"gold_gain":0.0,"event_name":"WeMeetAgain","player_choice":"Gave Potion","floor":21.0,"gold_loss":0.0,"damage_taken":0.0,"relics_obtained":["Lizard Tail"]},{"damage_healed":0.0,"max_hp_gain":0.0,"max_hp_loss":0.0,"gold_gain":0.0,"event_name":"N\u0027loth","player_choice":"Traded Relic","floor":28.0,"relics_lost":["Girya"],"gold_loss":0.0,"damage_taken":0.0,"relics_obtained":["Nloth\u0027s Gift"]}],"is_beta":false,"boss_relics":[{"not_picked":["Tiny House","Calling Bell"],"picked":"Cursed Key"},{"not_picked":["Runic Cube","Busted Crown"],"picked":"SlaversCollar"}],"items_purged_floors":[36,53],"is_endless":false,"potions_floor_spawned":[2,5,11,12,16,18,30,31,42,45,48],"ascension_level":17}}