{"host":"0luxfixkkfk9wck3","time":1612242457,"event":{"mods":["BaseMod","DeckTracker","Downfall","Highlight Path","Minty Spire (QoL Compilation)","StSLib"],"gold_per_floor":[0,14,34,46,46,46,46,46,121,139,139,139,156,190,204,305,305,305,317,317,317,331,331,331,331,357,368,379,64,78,95,113,213,213,113,128,51,71,87,100,148,148,165,179,179,212,212,228,241,241],"floor_reached":51,"language":"ENG","playtime":3946,"items_purged":["Slimebound:Defend_Slimebound"],"score":971,"play_id":"d7ba0ba6-6da9-4fda-82da-ff2afd48ebc7","local_time":"20210201230737","is_ascension_mode":true,"campfire_choices":[{"data":"Slimebound:Split","floor":1,"key":"SMITH"},{"data":"Slimebound:LevelUp","floor":6,"key":"SMITH"},{"data":"Slimebound:Defend_Slimebound","floor":8,"key":"SMITH"},{"data":"Slimebound:Prepare","floor":12,"key":"SMITH"},{"data":"Slimebound:DuplicatedForm","floor":18,"key":"SMITH"},{"data":"Slimebound:RallyTheTroops","floor":35,"key":"SMITH"},{"data":"Slimebound:LevelUp","floor":42,"key":"SMITH"},{"floor":45,"key":"REST"},{"data":"Slimebound:SlimeBarrage","floor":47,"key":"SMITH"}],"circlet_count":0,"master_deck":["Slimebound:Tackle+1","Slimebound:Defend_Slimebound+1","Slimebound:Defend_Slimebound+1","Slimebound:Defend_Slimebound","Slimebound:Split+1","Slimebound:CorrosiveSpit","Slimebound:LevelUp+1","Slimebound:SplitSpecialist+1","Slimebound:SplitSpecialist","Slimebound:Prepare+1","Slimebound:RainOfGoop","Slimebound:DuplicatedForm+1","Slimebound:Schlurp","Slimebound:Prepare","Slimebound:Darklings","Slimebound:Prepare+1","RitualDagger+1","Slimebound:Tackle+1","Slimebound:Tackle+1","Slimebound:Tackle+1","Slimebound:PressTheAttack","Slimebound:GoopSpray","Slimebound:Prepare+1","Slimebound:PrepareCrush","Slimebound:Prepare+1","Slimebound:RallyTheTroops+1","Slimebound:LivingWall","Slimebound:Prepare","Slimebound:LevelUp+1","Slimebound:SlimeBarrage+1","Parasite","Slimebound:Prepare+1"],"relics":["Slimebound:AbsorbEndCombat","Pocketwatch","Oddly Smooth Stone","InkBottle","Snecko Eye","MutagenicStrength","hexamod:BolsterEngine","Bronze Scales","SlaversCollar","downfall:HeartBlessingBlue","Bottled Tornado","MealTicket","Eternal Feather"],"acts_visited":["Exordium","TheCity","TheBeyond"],"potions_floor_usage":[50,50],"damage_taken":[{"damage":2,"enemies":"Jaw Worm","floor":2,"turns":3},{"damage":3,"enemies":"2 Louse","floor":3,"turns":3},{"damage":1,"enemies":"Cultist","floor":4,"turns":3},{"damage":0,"enemies":"Blue Slaver","floor":10,"turns":4},{"damage":0,"enemies":"Large Slime","floor":13,"turns":4},{"damage":3,"enemies":"Lagavulin","floor":14,"turns":6},{"damage":9,"enemies":"Exordium Thugs","floor":15,"turns":5},{"damage":26,"enemies":"DF_ARCHETYPE_STREAMLINE","floor":16,"turns":8},{"damage":3,"enemies":"Chosen","floor":19,"turns":4},{"damage":15,"enemies":"Centurion and Healer","floor":22,"turns":5},{"damage":23,"enemies":"Book of Stabbing","floor":26,"turns":5},{"damage":15,"enemies":"Snake Plant","floor":27,"turns":3},{"damage":15,"enemies":"Chosen and Byrds","floor":28,"turns":3},{"damage":0,"enemies":"downfall:FleeingMerchant","floor":29,"turns":4},{"damage":0,"enemies":"Sentry and Sphere","floor":30,"turns":4},{"damage":15,"enemies":"Cultist and Chosen","floor":31,"turns":5},{"damage":0,"enemies":"3 Cultists","floor":32,"turns":3},{"damage":40,"enemies":"SI_MIRROR_ARCHETYPE","floor":33,"turns":7},{"damage":0,"enemies":"Orb Walker","floor":36,"turns":3},{"damage":15,"enemies":"downfall:FleeingMerchant","floor":37,"turns":4},{"damage":24,"enemies":"3 Darklings","floor":38,"turns":3},{"damage":15,"enemies":"Spire Growth","floor":39,"turns":3},{"damage":37,"enemies":"Jaw Worm Horde","floor":40,"turns":4},{"damage":15,"enemies":"Sphere and 2 Shapes","floor":43,"turns":3},{"damage":47,"enemies":"Writhing Mass","floor":44,"turns":4},{"damage":15,"enemies":"Giant Head","floor":46,"turns":4},{"damage":15,"enemies":"3 Darklings","floor":48,"turns":3},{"damage":15,"enemies":"4 Shapes","floor":49,"turns":5},{"damage":30,"enemies":"IC_BLOCK_ARCHETYPE","floor":50,"turns":7}],"seed_played":"8790020381207226461","potions_obtained":[{"floor":4,"key":"Energy Potion"},{"floor":13,"key":"ColorlessPotion"},{"floor":14,"key":"hexamod:SoulburnPotion"},{"floor":16,"key":"Dexterity Potion"},{"floor":20,"key":"CultistPotion"}],"is_trial":false,"path_per_floor":["R","M","M","M","?","R","T","R","?","M","?","R","M","E","M","B",null,"R","M","?","?","M","?","T","?","E","M","M","$","M","M","M","B",null,"R","M","$","M","M","M","T","R","M","M","R","E","R","M","M","B",null],"character_chosen":"SLIMEBOUND","items_purchased":["Slimebound:PrepareCrush","Bronze Scales","Slimebound:LevelUp","Bottled Tornado"],"campfire_rested":1,"item_purchase_floors":[29,29,37,37],"current_hp_per_floor":[59,61,62,65,65,65,65,65,65,65,65,65,65,65,60,57,63,63,65,65,65,65,65,65,65,59,63,65,65,65,65,65,46,60,70,74,75,72,75,57,57,57,57,25,47,55,73,75,75,66],"gold":241,"neow_bonus":"ONE_RARE_RELIC","is_daily":false,"chose_seed":false,"campfire_upgraded":8,"win_rate":0.0,"timestamp":1612242457,"path_taken":["R","M","M","M","?","R","T","R","?","?","?","R","M","E","M","BOSS","R","M","?","?","M","?","T","?","E","M","?","$","M","M","M","BOSS","R","M","$","M","M","M","T","R","M","?","R","E","R","M","M","BOSS"],"items_purchased_type":["Card","Relic","Card","Relic"],"build_version":"2020-12-22","purchased_purges":1,"victory":true,"max_hp_per_floor":[65,65,65,65,65,65,65,65,65,65,65,65,65,65,65,65,65,65,65,65,65,65,65,65,65,65,65,65,65,65,65,65,65,65,75,75,75,75,75,75,75,75,75,75,75,75,75,75,75,75],"card_choices":[{"not_picked":["Slimebound:ComboTackle","Slimebound:SplitLeeching"],"picked":"Slimebound:LevelUp","floor":2},{"not_picked":["Slimebound:GoopTackle","Slimebound:FormOfPuddle"],"picked":"Slimebound:SplitSpecialist","floor":3},{"not_picked":["Slimebound:RollThrough","Slimebound:Equalize"],"picked":"Slimebound:SplitSpecialist","floor":4},{"not_picked":["Slimebound:MegaLick","Slimebound:SplitMire"],"picked":"Slimebound:Prepare","floor":10},{"not_picked":["Slimebound:ItLooksTasty","Slimebound:Prepare"],"picked":"Slimebound:DuplicatedForm","floor":13},{"not_picked":["Slimebound:GoopSpray","Slimebound:Darklings"],"picked":"Slimebound:Schlurp","floor":14},{"not_picked":["Slimebound:Gluttony","Slimebound:SlimeSpikes"],"picked":"Slimebound:Prepare","floor":15},{"not_picked":["Slimebound:CheckThePlaybook","Slimebound:WasteNot"],"picked":"Slimebound:Darklings","floor":16},{"not_picked":["Slimebound:SamplingLick","Slimebound:Schlurp"],"picked":"Slimebound:Prepare+1","floor":19},{"not_picked":["Slimebound:GoopTackle","Slimebound:HauntingLick","Slimebound:ProtectTheBoss"],"picked":"SKIP","floor":22},{"not_picked":["Slimebound:Dissolve+1","Slimebound:SplitMire"],"picked":"Slimebound:PressTheAttack","floor":26},{"not_picked":["Slimebound:SamplingLick+1","Slimebound:PressTheAttack","Slimebound:SplitLeeching"],"picked":"SKIP","floor":27},{"not_picked":["Slimebound:SamplingLick","Slimebound:SlimeSpikes"],"picked":"Slimebound:GoopSpray","floor":28},{"not_picked":["Slimebound:ComboTackle+1","Slimebound:SamplingLick"],"picked":"Slimebound:Prepare+1","floor":29},{"not_picked":["Slimebound:ComboTackle","Slimebound:PressTheAttack","Slimebound:GoopTackle"],"picked":"SKIP","floor":30},{"not_picked":["Slimebound:GoopSpray","Slimebound:PressTheAttack+1","Slimebound:CheckThePlaybook"],"picked":"SKIP","floor":31},{"not_picked":["Slimebound:Schlurp","Slimebound:SlimeSpikes"],"picked":"Slimebound:Prepare+1","floor":32},{"not_picked":["Slimebound:LeechLife","Slimebound:Overexert"],"picked":"Slimebound:RallyTheTroops","floor":33},{"not_picked":["Slimebound:RollThrough","Slimebound:HauntingLick"],"picked":"Slimebound:LivingWall","floor":36},{"not_picked":["Slimebound:RollThrough","Slimebound:TongueLash"],"picked":"Slimebound:Prepare","floor":37},{"not_picked":["Slimebound:Equalize+1","Slimebound:Recollect+1","Slimebound:HauntingLick"],"picked":"SKIP","floor":38},{"not_picked":["Slimebound:Equalize","Slimebound:GoopSpray+1","Slimebound:Repurpose"],"picked":"SKIP","floor":39},{"not_picked":["Slimebound:HauntingLick","Slimebound:Equalize+1","Slimebound:SplitSpecialist+1"],"picked":"SKIP","floor":40},{"not_picked":["Slimebound:Grow+1","Slimebound:SplitSpecialist"],"picked":"Slimebound:SlimeBarrage","floor":43},{"not_picked":["Slimebound:Repurpose","Slimebound:SplitBruiser+1","Slimebound:ComboTackle"],"picked":"SKIP","floor":44},{"not_picked":["Slimebound:Overexert","Slimebound:SlimeSpikes+1","Slimebound:ComboTackle"],"picked":"SKIP","floor":46},{"not_picked":["Slimebound:LeadByExample","Slimebound:SlimeBrawl","Slimebound:Schlurp+1"],"picked":"SKIP","floor":48},{"not_picked":["Slimebound:LeechingTouch+1","Slimebound:DivideAndConquer+1"],"picked":"Slimebound:Prepare+1","floor":49}],"player_experience":11474853,"relics_obtained":[{"floor":7,"key":"Oddly Smooth Stone"},{"floor":14,"key":"InkBottle"},{"floor":26,"key":"hexamod:BolsterEngine"},{"floor":41,"key":"MealTicket"},{"floor":46,"key":"Eternal Feather"}],"event_choices":[{"damage_healed":0,"gold_gain":0,"player_choice":"Inject Mutagens","damage_taken":0,"relics_obtained":["MutagenicStrength"],"max_hp_gain":0,"max_hp_loss":0,"event_name":"Drug Dealer","floor":21,"gold_loss":0}],"is_beta":false,"boss_relics":[{"not_picked":["Runic Dome","Calling Bell"],"picked":"Snecko Eye"},{"not_picked":["Astrolabe","Coffee Dripper"],"picked":"SlaversCollar"}],"items_purged_floors":[37],"is_endless":false,"potions_floor_spawned":[4,13,14,16,22,31,32,33,38,39,40,43,46,49],"ascension_level":7}}