{"host":"7gewg82ormp6yt4e","time":1612277253,"event":{"mods":["BaseMod","Block Reminder","Colored Map","DeckTracker","Highlight Path","Minty Spire (QoL Compilation)","Relic Stats","StSLib","ojb\u0027s Info Mod"],"gold_per_floor":[111,4,15,15,15,15,42,42,69,101,112,130,164,124,124,202,202,217,245,245,263,274,274,12,12,12,12,37,37,137,149,149,222,222,242,256,306,316,326,326,351,351,351,367,397,397,412,260,260,260,260,260,260,16,16,16],"floor_reached":55,"language":"JPN","playtime":4777,"items_purged":["LessonLearned"],"score":2001,"play_id":"b9e2f25a-f66b-46d7-92e8-78a52982d219","local_time":"20210202234733","is_ascension_mode":true,"campfire_choices":[{"data":"CarveReality","floor":6.0,"key":"SMITH"},{"data":"Wallop","floor":8.0,"key":"SMITH"},{"data":"MentalFortress","floor":15.0,"key":"SMITH"},{"floor":23.0,"key":"REST"},{"data":"Ragnarok","floor":25.0,"key":"SMITH"},{"data":"Ghostly","floor":32.0,"key":"SMITH"},{"floor":40.0,"key":"RECALL"},{"data":"Parasite","floor":42.0,"key":"PURGE"},{"data":"InnerPeace","floor":46.0,"key":"PURGE"},{"data":"CutThroughFate","floor":49.0,"key":"PURGE"},{"data":"Collect","floor":53.0,"key":"PURGE"}],"circlet_count":0,"master_deck":["AscendersBane","Eruption","Vigilance","CarveReality+1","EmptyFist+1","MentalFortress+1","ThirdEye","Wallop+1","DeceiveReality+1","Crescendo","DeceiveReality+1","InnerPeace","WaveOfTheHand","Ragnarok+1","Crescendo+1","Vault","Tantrum","BowlingBash+1","Sanctity","WaveOfTheHand","EmptyBody","ForeignInfluence+1","MentalFortress","Wallop+1","Ghostly+1","Ghostly","Ghostly","MasterReality","Establishment","ClearTheMind","Sanctity","TalkToTheHand","ReachHeaven","Meditate","MentalFortress","TalkToTheHand"],"relics":["VioletLotus","Bronze Scales","Akabeko","Lizard Tail","Bottled Flame","Pandora\u0027s Box","Red Mask","Toy Ornithopter","InkBottle","HornCleat","Peace Pipe","Eternal Feather","Fusion Hammer","Mercury Hourglass","MealTicket","DollysMirror"],"acts_visited":["Exordium","TheCity","TheBeyond","TheEnding"],"potions_floor_usage":[],"damage_taken":[{"damage":0.0,"enemies":"2 Louse","floor":1.0,"turns":2.0},{"damage":0.0,"enemies":"Cultist","floor":3.0,"turns":2.0},{"damage":8.0,"enemies":"Lagavulin","floor":7.0,"turns":6.0},{"damage":18.0,"enemies":"3 Sentries","floor":10.0,"turns":8.0},{"damage":0.0,"enemies":"Jaw Worm","floor":11.0,"turns":2.0},{"damage":0.0,"enemies":"2 Fungi Beasts","floor":12.0,"turns":2.0},{"damage":10.0,"enemies":"Gremlin Nob","floor":13.0,"turns":3.0},{"damage":7.0,"enemies":"The Guardian","floor":16.0,"turns":10.0},{"damage":14.0,"enemies":"Shell Parasite","floor":18.0,"turns":4.0},{"damage":1.0,"enemies":"Masked Bandits","floor":19.0,"turns":3.0},{"damage":0.0,"enemies":"Chosen","floor":21.0,"turns":3.0},{"damage":22.0,"enemies":"Snake Plant","floor":22.0,"turns":6.0},{"damage":0.0,"enemies":"Book of Stabbing","floor":28.0,"turns":2.0},{"damage":0.0,"enemies":"Colosseum Slavers","floor":30.0,"turns":3.0},{"damage":1.0,"enemies":"Colosseum Nobs","floor":30.0,"turns":4.0},{"damage":0.0,"enemies":"Cultist and Chosen","floor":31.0,"turns":6.0},{"damage":32.0,"enemies":"Collector","floor":33.0,"turns":13.0},{"damage":0.0,"enemies":"Orb Walker","floor":35.0,"turns":3.0},{"damage":0.0,"enemies":"3 Darklings","floor":36.0,"turns":1.0},{"damage":3.0,"enemies":"Writhing Mass","floor":38.0,"turns":4.0},{"damage":3.0,"enemies":"Sphere and 2 Shapes","floor":39.0,"turns":6.0},{"damage":0.0,"enemies":"Nemesis","floor":41.0,"turns":8.0},{"damage":4.0,"enemies":"Maw","floor":44.0,"turns":9.0},{"damage":0.0,"enemies":"Reptomancer","floor":45.0,"turns":5.0},{"damage":1.0,"enemies":"Writhing Mass","floor":47.0,"turns":5.0},{"damage":11.0,"enemies":"Donu and Deca","floor":50.0,"turns":18.0},{"damage":39.0,"enemies":"Time Eater","floor":51.0,"turns":16.0},{"damage":68,"enemies":"Shield and Spear","floor":55,"turns":2}],"seed_played":"5013411151952207621","potions_obtained":[{"floor":7.0,"key":"SteroidPotion"},{"floor":10.0,"key":"Weak Potion"},{"floor":12.0,"key":"Regen Potion"},{"floor":13.0,"key":"Strength Potion"},{"floor":16.0,"key":"Strength Potion"},{"floor":18.0,"key":"Explosive Potion"},{"floor":30.0,"key":"Energy Potion"},{"floor":31.0,"key":"DistilledChaos"},{"floor":41.0,"key":"StancePotion"},{"floor":44.0,"key":"Ambrosia"},{"floor":45.0,"key":"FairyPotion"}],"is_trial":false,"path_per_floor":["M","$","M","?","$","R","E","R","T","E","M","M","E","$","R","B",null,"M","?","?","M","M","R","$","R","T","$","E","?","?","M","R","B",null,"M","M","?","M","M","R","E","R","T","M","E","R","M","$","R","B","B",null,"R","$","E"],"character_chosen":"WATCHER","items_purchased":["EmptyFist","MentalFortress","WaveOfTheHand","MentalFortress","Toy Ornithopter","FearPotion","MentalFortress","DollysMirror","DuplicationPotion"],"campfire_rested":1,"item_purchase_floors":[2,2,14,24,24,24,48,54,54],"current_hp_per_floor":[61,61,61,61,61,61,53,53,53,35,35,35,34,34,34,27,58,44,43,43,43,21,41,41,41,41,41,46,34,33,33,34,2,26,26,26,26,23,20,34,34,31,31,27,27,31,30,31,31,20,1,24,31,31,0,0],"gold":16,"neow_bonus":"BOSS_RELIC","is_daily":false,"chose_seed":false,"campfire_upgraded":5,"win_rate":0.0,"timestamp":1612277253,"path_taken":["M","$","M","?","?","R","E","R","T","E","M","M","E","$","R","BOSS","M","?","?","M","M","R","$","R","T","?","E","?","?","M","R","BOSS","M","M","?","M","M","R","E","R","T","M","E","R","?","$","R","BOSS","BOSS","R","$","E"],"items_purchased_type":["Card","Card","Card","Card","Relic","Potion","Card","Relic","Potion"],"build_version":"2020-12-22","purchased_purges":1,"victory":false,"max_hp_per_floor":[68,68,68,68,68,68,68,68,68,68,68,68,68,68,68,68,68,68,68,68,68,68,68,68,68,68,68,68,34,34,34,34,34,34,34,34,34,34,34,34,34,31,31,31,31,31,31,31,31,31,31,31,31,31,31,31],"relic_stats":{"Peace Pipe":5,"Lizard Tail":15,"counters":[28,156],"Bronze Scales":[392],"Pandora\u0027s Box":["Prostrate","Crescendo","Vault","Crescendo","Collect","Tantrum","InnerPeace"],"Eternal Feather":26,"MealTicket":1,"VioletLotus":[38],"obtain_stats":[{"Eternal Feather":30,"Akabeko":9,"Mercury Hourglass":41,"Peace Pipe":30,"Lizard Tail":10,"Bottled Flame":13,"HornCleat":28,"DollysMirror":54,"Bronze Scales":7,"Pandora\u0027s Box":17,"MealTicket":45,"VioletLotus":0,"Fusion Hammer":34,"Red Mask":19,"PureWater":0,"Toy Ornithopter":24,"InkBottle":26},{"Eternal Feather":15,"Akabeko":3,"Mercury Hourglass":22,"Peace Pipe":15,"Lizard Tail":4,"Bottled Flame":7,"HornCleat":13,"DollysMirror":27,"Bronze Scales":3,"Pandora\u0027s Box":8,"MealTicket":24,"VioletLotus":0,"Fusion Hammer":17,"Red Mask":10,"PureWater":0,"Toy Ornithopter":12,"InkBottle":12},{"Eternal Feather":60,"Akabeko":10,"Mercury Hourglass":101,"Peace Pipe":60,"Lizard Tail":18,"Bottled Flame":25,"HornCleat":53,"DollysMirror":154,"Bronze Scales":10,"Pandora\u0027s Box":35,"MealTicket":115,"VioletLotus":0,"Fusion Hammer":79,"Red Mask":42,"PureWater":0,"Toy Ornithopter":51,"InkBottle":51}],"Toy Ornithopter":10,"InkBottle":[37],"Mercury Hourglass":[138]},"card_choices":[{"not_picked":["FollowUp","EmptyBody"],"picked":"CarveReality","floor":1.0},{"not_picked":["Protect","EmptyFist"],"picked":"CutThroughFate","floor":3.0},{"not_picked":["Indignation","Sanctity"],"picked":"Wallop","floor":7.0},{"not_picked":["Evaluate","FollowUp"],"picked":"DeceiveReality","floor":10.0},{"not_picked":["Evaluate","ConjureBlade"],"picked":"Crescendo","floor":11.0},{"not_picked":["Evaluate","ThirdEye"],"picked":"DeceiveReality","floor":12.0},{"not_picked":["CarveReality","Nirvana"],"picked":"InnerPeace","floor":13.0},{"not_picked":["Devotion","Blasphemy"],"picked":"Ragnarok","floor":16.0},{"not_picked":["EmptyBody","Crescendo"],"picked":"BowlingBash+1","floor":18.0},{"not_picked":["LikeWater","ConjureBlade"],"picked":"Sanctity","floor":19.0},{"not_picked":["CrushJoints","EmptyFist"],"picked":"EmptyBody","floor":21.0},{"not_picked":["SashWhip","Prostrate+1"],"picked":"ForeignInfluence+1","floor":22.0},{"not_picked":["DeceiveReality","Study"],"picked":"Wallop","floor":28.0},{"not_picked":["Prostrate","SashWhip"],"picked":"MasterReality","floor":31.0},{"not_picked":["Alpha","Wish"],"picked":"Establishment","floor":33.0},{"not_picked":["Crescendo","FlyingSleeves"],"picked":"ClearTheMind","floor":35.0},{"not_picked":["Meditate","WreathOfFlame","ClearTheMind"],"picked":"SKIP","floor":36.0},{"not_picked":["CutThroughFate+1","FlyingSleeves","Evaluate"],"picked":"SKIP","floor":38.0},{"not_picked":["FlyingSleeves+1","LikeWater"],"picked":"Sanctity","floor":39.0},{"not_picked":["CutThroughFate","Conclude"],"picked":"TalkToTheHand","floor":41.0},{"not_picked":["Halt+1","Crescendo"],"picked":"ReachHeaven","floor":44.0},{"not_picked":["Crescendo","Indignation"],"picked":"Meditate","floor":45.0},{"not_picked":["FlurryOfBlows","SashWhip+1","Evaluate"],"picked":"SKIP","floor":47.0}],"player_experience":2754399,"relics_obtained":[{"floor":7.0,"key":"Bronze Scales"},{"floor":9.0,"key":"Akabeko"},{"floor":10.0,"key":"Lizard Tail"},{"floor":13.0,"key":"Bottled Flame"},{"floor":19.0,"key":"Red Mask"},{"floor":26.0,"key":"InkBottle"},{"floor":28.0,"key":"HornCleat"},{"floor":30.0,"key":"Peace Pipe"},{"floor":30.0,"key":"Eternal Feather"},{"floor":41.0,"key":"Mercury Hourglass"},{"floor":45.0,"key":"MealTicket"}],"event_choices":[{"damage_healed":0.0,"max_hp_gain":0.0,"max_hp_loss":0.0,"gold_gain":0.0,"cards_transformed":["Strike_P"],"event_name":"Transmorgrifier","player_choice":"Transformed","floor":4.0,"gold_loss":0.0,"damage_taken":0.0,"cards_obtained":["ThirdEye"]},{"damage_healed":0.0,"max_hp_gain":0.0,"max_hp_loss":0.0,"gold_gain":0.0,"event_name":"Masked Bandits","player_choice":"Fought Bandits","floor":19.0,"gold_loss":0.0,"damage_taken":0.0},{"damage_healed":0.0,"max_hp_gain":0.0,"max_hp_loss":0.0,"gold_gain":0.0,"cards_transformed":["Crescendo","Prostrate"],"event_name":"Drug Dealer","player_choice":"Became Test Subject","floor":20.0,"gold_loss":0.0,"damage_taken":0.0,"cards_obtained":["LessonLearned","WaveOfTheHand"]},{"damage_healed":0.0,"max_hp_gain":0.0,"max_hp_loss":34.0,"gold_gain":0.0,"event_name":"Ghosts","player_choice":"Became a Ghost","floor":29.0,"gold_loss":0.0,"damage_taken":0.0,"cards_obtained":["Ghostly","Ghostly","Ghostly"]},{"damage_healed":0.0,"max_hp_gain":0.0,"max_hp_loss":0.0,"gold_gain":0.0,"event_name":"Colosseum","player_choice":"Fight","floor":30.0,"gold_loss":0.0,"damage_taken":0.0},{"damage_healed":0.0,"max_hp_gain":0.0,"max_hp_loss":0.0,"gold_gain":0.0,"event_name":"Colosseum","player_choice":"Fought Nobs","floor":30.0,"gold_loss":0.0,"damage_taken":0.0},{"damage_healed":0.0,"max_hp_gain":0.0,"max_hp_loss":0.0,"gold_gain":50.0,"event_name":"Golden Shrine","player_choice":"Pray","floor":37.0,"gold_loss":0.0,"damage_taken":0.0}],"is_beta":false,"boss_relics":[{"not_picked":["Ectoplasm","Calling Bell"],"picked":"Pandora\u0027s Box"},{"not_picked":["Busted Crown","Black Star"],"picked":"Fusion Hammer"}],"items_purged_floors":[48],"is_endless":false,"potions_floor_spawned":[7,10,12,13,16,18,30,30,31,41,44,45,47],"killed_by":"Shield and Spear","ascension_level":20}}