{"host":"m8d0q1obfsrpi6km","time":1612281877,"event":{"mods":["2.2 Compatiblity","AchievementEnabler","Act Like it!","BaseMod","Better Altar","Better Match","Better Note","Better Sensory Stone","Better Third Choice","BetterRewards","DeckTracker","Fox Events","Gensokyo","Hallownest","Hubris","Infinite Spire","Magitek Elite","Minty Spire (QoL Compilation)","Permanent Neow","Quick Restart","Reliquary","Replay The Spire","Reworked Bosses","Shop Mod","StSLib","SuperFastMode","Synergy Search","The Alterego","The Animator","TheWitcher","Waifu the Spire","??????REMEMod"],"gold_per_floor":[227,227,257,182,39,39,39,39],"floor_reached":7,"language":"ENG","playtime":673,"items_purged":["hubris:Wrath"],"score":39,"play_id":"47f9d64c-6230-4238-b93c-8ea1ac4f61cd","local_time":"20210202170437","is_ascension_mode":false,"campfire_choices":[{"data":"animator:NagisaMomoe","floor":6,"key":"SMITH"}],"circlet_count":0,"master_deck":["animator:Strike_Elsword","animator:Defend_Elsword","animator:Strike","animator:Strike","animator:Strike","animator:Defend","animator:Defend","animator:Defend","animator:Chung","animator:Raven","animator:NagisaMomoe+1","animator:Cocytus","animator:Emonzaemon+1","animator:OrikoMikuni+1","animator:Lu"],"relics":["animator:LivingPicture","animator:TheMissingPiece","REME_ComplimentaryCards","animator:PurgingStone","Replay:Wanted Poster","ReplayTheSpireMod:CursedCoin","Tiny Chest"],"acts_visited":["Gensokyo:Gensokyo"],"potions_floor_usage":[],"damage_taken":[{"damage":13,"enemies":"Gensokyo:2_Kodama","floor":1,"turns":7},{"damage":0,"enemies":"Gensokyo:3_Fairies","floor":3,"turns":5},{"damage":40,"enemies":"Gensokyo:Cirno","floor":7,"turns":8}],"seed_played":"-4065396335573036920","potions_obtained":[],"is_trial":false,"path_per_floor":["M","?","M","?","$","R","E"],"character_chosen":"THE_ANIMATOR","items_purchased":["ReplayTheSpireMod:CursedCoin","Tiny Chest","animator:Lu"],"campfire_rested":0,"item_purchase_floors":[5,5,5],"current_hp_per_floor":[53,53,53,54,54,54,14,14],"gold":39,"neow_bonus":"CURSED_BOSS_RELIC","is_daily":false,"chose_seed":false,"campfire_upgraded":1,"win_rate":0.0,"timestamp":1612281877,"path_taken":["M","?","M","?","$","R","E"],"items_purchased_type":["Relic","Relic","Card"],"build_version":"2020-12-22","purchased_purges":1,"victory":false,"max_hp_per_floor":[66,66,66,67,67,67,67,67],"card_choices":[{"not_picked":["animator:Azekura","animator:YachiyoNanami"],"picked":"animator:NagisaMomoe","floor":1},{"not_picked":["animator:Chung","animator:YaoHaDucy"],"picked":"animator:Cocytus","floor":3},{"not_picked":["animator:Vanir+1","animator:Kuribayashi+1"],"picked":"animator:Emonzaemon+1","floor":4},{"not_picked":["animator:Genos+1","animator:TukaLunaMarceau+1"],"picked":"animator:OrikoMikuni+1","floor":4}],"player_experience":292907,"relics_obtained":[],"event_choices":[{"cards_removed":["SnafuTest:CurseRandom"],"damage_healed":0,"gold_gain":0,"player_choice":"Removed","damage_taken":0,"max_hp_gain":0,"max_hp_loss":0,"event_name":"The Cursed Forest","floor":2,"gold_loss":0},{"cards_removed":["Languid"],"damage_healed":0,"gold_gain":0,"player_choice":"Removed","damage_taken":0,"max_hp_gain":0,"max_hp_loss":0,"event_name":"The Cursed Forest","floor":2,"gold_loss":0},{"damage_healed":0,"gold_gain":0,"player_choice":"2","damage_taken":0,"max_hp_gain":0,"max_hp_loss":0,"event_name":"betterMatch:BetterMatch","floor":4,"gold_loss":0,"cards_obtained":["betterMatch:CommonCard","betterMatch:CommonCard"]}],"is_beta":false,"boss_relics":[],"items_purged_floors":[5],"is_endless":false,"potions_floor_spawned":[],"killed_by":"Gensokyo:Cirno","ascension_level":0}}