{"host":"ewe4oe702q4ujr6i","time":1612288043,"event":{"mods":["BaseMod","Colored Map","Colored Powertips","DeckTracker","Minty Spire (QoL Compilation)","SuperFastMode"],"gold_per_floor":[109,120,195,50,69,102,102,128,128,188,222,222,234,234,234,331,331,350,368,328,339,354,354,384,403,403,403,429,429,23,41,41,136,136,151,166,166,266,37,57,57,68,68,116,151,168,203,29,29,29],"floor_reached":51,"language":"KOR","playtime":2758,"items_purged":["Strike_G","Strike_G"],"score":815,"play_id":"b84ff074-41ab-499f-8ae4-92c0252e99f1","local_time":"20210203024723","is_ascension_mode":false,"campfire_choices":[{"data":"Neutralize","floor":7.0,"key":"SMITH"},{"data":"Calculated Gamble","floor":12.0,"key":"SMITH"},{"floor":15.0,"key":"REST"},{"floor":27,"key":"REST"},{"data":"Bouncing Flask","floor":29,"key":"SMITH"},{"data":"Blade Dance","floor":32,"key":"SMITH"},{"data":"Cloak And Dagger","floor":41,"key":"SMITH"},{"data":"Master of Strategy","floor":49,"key":"SMITH"}],"circlet_count":0,"master_deck":["Strike_G","Defend_G","Defend_G","Defend_G","Defend_G","Defend_G","Survivor","Neutralize+1","Acrobatics","Flying Knee","Dagger Spray","Terror+1","Calculated Gamble+1","Backflip","Bouncing Flask+1","Envenom+1","PiercingWail+1","Endless Agony+1","Acrobatics","Bite","Poisoned Stab+1","Escape Plan","Master of Strategy+1","Blade Dance+1","Envenom+1","Cloak And Dagger+1","Footwork+1","Cloak And Dagger+1","Infinite Blades+1","Infinite Blades+1"],"relics":["Ring of the Snake","NeowsBlessing","TwistedFunnel","Regal Pillow","InkBottle","Anchor","Frozen Egg 2","Vajra","WristBlade","Oddly Smooth Stone","HornCleat","Bottled Lightning","ClockworkSouvenir","HoveringKite","Happy Flower","The Specimen","Bottled Flame","MealTicket"],"acts_visited":["Exordium","TheCity","TheBeyond"],"potions_floor_usage":[24,24,28,40,46,50,50,50],"damage_taken":[{"damage":0.0,"enemies":"Small Slimes","floor":1.0,"turns":1.0},{"damage":0.0,"enemies":"Jaw Worm","floor":2.0,"turns":1.0},{"damage":0.0,"enemies":"Cultist","floor":5.0,"turns":1.0},{"damage":23.0,"enemies":"Gremlin Nob","floor":6.0,"turns":5.0},{"damage":11.0,"enemies":"Lagavulin","floor":8.0,"turns":5.0},{"damage":21.0,"enemies":"3 Sentries","floor":10.0,"turns":8.0},{"damage":18.0,"enemies":"Gremlin Nob","floor":11.0,"turns":4.0},{"damage":0.0,"enemies":"3 Louse","floor":13.0,"turns":1.0},{"damage":12,"enemies":"The Guardian","floor":16,"turns":9},{"damage":2,"enemies":"Chosen","floor":18,"turns":4},{"damage":2,"enemies":"Shell Parasite","floor":19,"turns":5},{"damage":18,"enemies":"Snake Plant","floor":21,"turns":5},{"damage":7,"enemies":"Shelled Parasite and Fungi","floor":22,"turns":3},{"damage":30,"enemies":"Slavers","floor":24,"turns":6},{"damage":0,"enemies":"Centurion and Healer","floor":25,"turns":6},{"damage":15,"enemies":"Gremlin Leader","floor":28,"turns":6},{"damage":0,"enemies":"Snake Plant","floor":31,"turns":2},{"damage":36,"enemies":"Automaton","floor":33,"turns":9},{"damage":0,"enemies":"Orb Walker","floor":35,"turns":1},{"damage":4,"enemies":"3 Shapes","floor":36,"turns":4},{"damage":19,"enemies":"Writhing Mass","floor":40,"turns":5},{"damage":1,"enemies":"Jaw Worm Horde","floor":42,"turns":3},{"damage":3,"enemies":"2 Orb Walkers","floor":44,"turns":3},{"damage":0,"enemies":"Reptomancer","floor":45,"turns":3},{"damage":0,"enemies":"Transient","floor":46,"turns":5},{"damage":0,"enemies":"Nemesis","floor":47,"turns":5},{"damage":22,"enemies":"Awakened One","floor":50,"turns":7}],"seed_played":"3271202922761414798","potions_obtained":[{"floor":5.0,"key":"EssenceOfSteel"},{"floor":6.0,"key":"FairyPotion"},{"floor":13.0,"key":"LiquidBronze"},{"floor":21,"key":"SkillPotion"},{"floor":22,"key":"ColorlessPotion"},{"floor":24,"key":"Regen Potion"},{"floor":25,"key":"Regen Potion"},{"floor":28,"key":"SteroidPotion"},{"floor":33,"key":"Block Potion"},{"floor":40,"key":"LiquidMemories"},{"floor":46,"key":"CunningPotion"},{"floor":47,"key":"SteroidPotion"}],"is_trial":false,"path_per_floor":["M","M","?","$","M","E","R","E","T","?","E","R","M","?","R","B",null,"M","M","?","M","M","?","E","M","T","R","E","R","$","M","R","B",null,"M","M","?","?","$","M","R","M","T","?","E","M","E","$","R","B",null],"character_chosen":"THE_SILENT","items_purchased":["TwistedFunnel","ClockworkSouvenir","Master of Strategy","Happy Flower","Footwork+1","Infinite Blades+1"],"campfire_rested":2,"item_purchase_floors":[4,30,30,39,39,48],"current_hp_per_floor":[70,70,59,59,59,36,36,25,25,4,21,21,21,14,50,38,70,68,66,66,48,41,41,15,17,17,53,57,57,57,59,59,29,70,70,66,66,66,66,51,51,50,50,49,51,69,70,70,70,50],"gold":29,"neow_bonus":"THREE_ENEMY_KILL","is_daily":false,"chose_seed":false,"campfire_upgraded":6,"win_rate":0.0,"timestamp":1612288043,"path_taken":["M","M","?","?","?","E","R","E","T","?","E","R","M","?","R","BOSS","M","M","?","?","?","?","E","M","T","R","E","R","$","?","R","BOSS","M","M","?","?","$","M","R","?","T","?","E","M","E","$","R","BOSS"],"items_purchased_type":["Relic","Relic","Card","Relic","Card","Card"],"build_version":"2020-12-22","purchased_purges":2,"victory":true,"max_hp_per_floor":[70,70,70,70,70,70,70,70,70,70,70,70,70,70,70,70,70,70,70,70,70,70,70,70,70,70,70,70,70,70,70,70,70,70,70,70,70,70,70,70,70,70,70,70,70,70,70,70,70,70],"card_choices":[{"not_picked":["Dodge and Roll","Dash"],"picked":"Acrobatics","floor":1.0},{"not_picked":["Outmaneuver","Dodge and Roll"],"picked":"Flying Knee","floor":2.0},{"not_picked":["Acrobatics","Setup","Dagger Spray"],"picked":"SKIP","floor":5.0},{"not_picked":["Acrobatics","Setup"],"picked":"Dagger Spray","floor":5.0},{"not_picked":["Dagger Spray","Escape Plan"],"picked":"Terror","floor":6.0},{"not_picked":["Night Terror","Endless Agony"],"picked":"Calculated Gamble","floor":8.0},{"not_picked":["Heel Hook","Cloak And Dagger"],"picked":"Backflip","floor":10.0},{"not_picked":["Prepared","Flechettes","Slice"],"picked":"SKIP","floor":11.0},{"not_picked":["Prepared","Quick Slash"],"picked":"Bouncing Flask","floor":13.0},{"not_picked":["Glass Knife","Phantasmal Killer"],"picked":"Envenom+1","floor":16},{"not_picked":["Acrobatics+1","Dodge and Roll","Flying Knee"],"picked":"SKIP","floor":18},{"not_picked":["Terror","Slice+1"],"picked":"PiercingWail+1","floor":19},{"not_picked":["Skewer","Dash"],"picked":"Endless Agony+1","floor":21},{"not_picked":["Corpse Explosion","Deadly Poison"],"picked":"Acrobatics","floor":22},{"not_picked":["Bane+1","Deflect","Night Terror"],"picked":"SKIP","floor":24},{"not_picked":["Flying Knee+1","Slice"],"picked":"Poisoned Stab+1","floor":25},{"not_picked":["Reflex","Dagger Spray"],"picked":"Escape Plan","floor":28},{"not_picked":["Finisher","Flying Knee"],"picked":"Blade Dance","floor":31},{"not_picked":["Venomology","Unload"],"picked":"Envenom+1","floor":33},{"not_picked":["Endless Agony","Quick Slash+1"],"picked":"Cloak And Dagger","floor":35},{"not_picked":["Backflip","Dagger Spray","Underhanded Strike"],"picked":"SKIP","floor":36},{"not_picked":["Reflex+1","Tactician+1"],"picked":"Cloak And Dagger+1","floor":40},{"not_picked":["Quick Slash+1","Catalyst+1","Tactician+1"],"picked":"SKIP","floor":42},{"not_picked":["Predator","Dagger Throw+1","Riddle With Holes+1"],"picked":"SKIP","floor":45},{"not_picked":["Grand Finale","Poisoned Stab","Dodge and Roll"],"picked":"SKIP","floor":46},{"not_picked":["Sucker Punch","Catalyst+1"],"picked":"Infinite Blades+1","floor":47}],"player_experience":196493,"relics_obtained":[{"floor":6.0,"key":"Regal Pillow"},{"floor":8.0,"key":"InkBottle"},{"floor":9.0,"key":"Anchor"},{"floor":10.0,"key":"Frozen Egg 2"},{"floor":11.0,"key":"Vajra"},{"floor":24,"key":"Oddly Smooth Stone"},{"floor":26,"key":"HornCleat"},{"floor":28,"key":"Bottled Lightning"},{"floor":43,"key":"The Specimen"},{"floor":45,"key":"Bottled Flame"},{"floor":47,"key":"MealTicket"}],"event_choices":[{"damage_healed":0.0,"max_hp_gain":0.0,"max_hp_loss":0.0,"gold_gain":75.0,"event_name":"World of Goop","player_choice":"Gather Gold","floor":3.0,"gold_loss":0.0,"damage_taken":11.0},{"damage_healed":0.0,"max_hp_gain":0.0,"max_hp_loss":0.0,"gold_gain":0.0,"event_name":"Dead Adventurer","player_choice":"Searched \u00272\u0027 times","floor":10.0,"gold_loss":0.0,"damage_taken":0.0},{"cards_removed":["Strike_G"],"damage_healed":0.0,"max_hp_gain":0.0,"max_hp_loss":0.0,"gold_gain":0.0,"event_name":"Golden Wing","player_choice":"Card Removal","floor":14.0,"gold_loss":0.0,"damage_taken":7.0},{"damage_healed":0,"gold_gain":0,"player_choice":"Upgrade","damage_taken":0,"max_hp_gain":0,"max_hp_loss":0,"event_name":"Designer","floor":20,"gold_loss":40,"cards_upgraded":["Terror"]},{"cards_removed":["Strike_G"],"damage_healed":0,"gold_gain":0,"player_choice":"Took Card","damage_taken":0,"max_hp_gain":0,"max_hp_loss":0,"event_name":"NoteForYourself","floor":23,"gold_loss":0,"cards_obtained":["Bite"]},{"damage_healed":0,"gold_gain":0,"player_choice":"Ignored","damage_taken":0,"max_hp_gain":0,"max_hp_loss":0,"event_name":"Tomb of Lord Red Mask","floor":37,"gold_loss":0},{"damage_healed":0,"gold_gain":100,"player_choice":"Pray","damage_taken":0,"max_hp_gain":0,"max_hp_loss":0,"event_name":"Golden Shrine","floor":38,"gold_loss":0},{"damage_healed":0,"gold_gain":0,"player_choice":"Fight","damage_taken":0,"max_hp_gain":0,"max_hp_loss":0,"event_name":"Mysterious Sphere","floor":44,"gold_loss":0}],"is_beta":false,"boss_relics":[{"not_picked":["Sozu","Runic Dome"],"picked":"WristBlade"},{"not_picked":["Pandora\u0027s Box","Calling Bell"],"picked":"HoveringKite"}],"items_purged_floors":[30,48],"is_endless":false,"potions_floor_spawned":[5,6,13,21,22,24,25,28,33,40,44,45,46,47],"ascension_level":0}}