{"host":"i0dcpa89fcfo7o2v","time":1612295165,"event":{"mods":["2.2 Compatiblity","AchievementEnabler","Alarm Clock","AlwaysNeverKeys","BaseMod","Better Altar","Better Match","Better Note","Better Sensory Stone","Better Skull","Better Third Choice","Better Vampires","BetterRewards","Block Reminder","Colored Map","Colored Powertips","Conspire","Curses Come First","Defuse TimeMaze Blight","Displayed Cursed Tome","Downfall","Energized Spire","Gold Saver","Halation","Highlight Path","Hubris","Minty Spire (QoL Compilation)","Quick Restart","Relic Stats","Replay The Spire","Shop Mod","Spicy Shops","StSLib","Synergy Search","The Jungle","Transform Curses","Uncapped","Wandering Minibosses"],"gold_per_floor":[13,32,32,40,54,87,87,98,130,305,305,755,7,23,35,135,135,135,146,165,165,176,176,248,258,293,311,311,325,3,13,33,33,33,33],"floor_reached":33,"language":"ENG","playtime":1570,"items_purged":["Parasite","downfall:Icky","Doubt","hubris:Gluttony","Spreading Infection"],"score":346,"play_id":"ea9f832b-ecb8-4658-b911-49c035d4f41b","local_time":"20210202204605","is_ascension_mode":true,"campfire_choices":[{"data":"bronze:Goto","floor":1.0,"key":"SMITH"},{"data":"bronze:ChosenStrike","floor":11,"key":"SMITH"},{"data":"downfall:Icky","floor":18,"key":"PURGE"},{"data":"bronze:Terminator","floor":23,"key":"SMITH"}],"circlet_count":0,"master_deck":["bronze:Strike","bronze:Strike","bronze:Strike","bronze:Defend","bronze:Defend","bronze:Defend","bronze:Defend","bronze:Replicate","bronze:Goto+1","bronze:Constructor+1","bronze:Flail+1","bronze:BitShift+1","bronze:Iterate+1","bronze:DelayedSlice","bronze:DelayedSlice","bronze:Overheat+1","bronze:ChosenStrike+1","downfall:Icky","bronze:FollowUp","bronze:ClassDefault","bronze:Library+1","bronze:Return","bronze:Terminator+1","bronze:Separator","bronze:SpaghettiCode+1","bronze:CutThrough","bronze:TinkerersToolbox","bronze:NullPointer","bronze:DelayedSlice+1"],"relics":["bronze:BronzeCore","downfall:HeartBlessingGreen","downfall:HeartBlessingRed","downfall:HeartBlessingBlue","ReplayTheSpireMod:CursedCoin","Anchor","halation:AfternoonTea","hubris:SphereOfDissonance","Guide Book","champ:Barbells","Ice Cream","energizedSpire:MagnifyingGlass","bronze:CableSpool","Peace Pipe","hubris:TinFlute"],"acts_visited":["Exordium","TheCity"],"potions_floor_usage":[26,26],"damage_taken":[{"damage":0.0,"enemies":"2 Louse","floor":2.0,"turns":3.0},{"damage":4,"enemies":"downfall:FleeingMerchant","floor":4,"turns":4},{"damage":0,"enemies":"Small Slimes","floor":5,"turns":2},{"damage":14,"enemies":"Lagavulin","floor":6,"turns":4},{"damage":0,"enemies":"Jaw Worm","floor":8,"turns":2},{"damage":10,"enemies":"Gremlin Nob","floor":9,"turns":3},{"damage":9,"enemies":"downfall:FleeingMerchant","floor":13,"turns":4},{"damage":0,"enemies":"Blue Slaver","floor":14,"turns":2},{"damage":0,"enemies":"Lots of Slimes","floor":15,"turns":1},{"damage":3,"enemies":"WA_ARCHETYPE_RETAIN","floor":16,"turns":3},{"damage":2,"enemies":"Spheric Guardian","floor":19,"turns":3},{"damage":6,"enemies":"Shell Parasite","floor":20,"turns":3},{"damage":8,"enemies":"Cultist and Chosen","floor":22,"turns":6},{"damage":0,"enemies":"Chosen and Byrds","floor":25,"turns":4},{"damage":0,"enemies":"Book of Stabbing","floor":26,"turns":2},{"damage":12,"enemies":"Shelled Parasite and Fungi","floor":27,"turns":3},{"damage":0,"enemies":"Centurion and Healer","floor":29,"turns":3},{"damage":0,"enemies":"downfall:FleeingMerchant","floor":30,"turns":4},{"damage":1,"enemies":"conspire:HollyBat","floor":31,"turns":6},{"damage":6,"enemies":"Snake Plant","floor":32,"turns":3},{"damage":44,"enemies":"DF_ARCHETYPE_CLAW","floor":33,"turns":3}],"seed_played":"8125599752495346344","potions_obtained":[{"floor":9,"key":"GamblersBrew"},{"floor":14,"key":"AttackPotion"},{"floor":15,"key":"Elixir"},{"floor":29,"key":"ColorlessPotion"},{"floor":32,"key":"Dexterity Potion"}],"is_trial":false,"path_per_floor":["R","M","?","$","M","E","T","M","E","?","R","?","$","M","M","B",null,"R_BF","M","M","?","M","R","T","M","E","M","?","M","$","M","M","B"],"character_chosen":"THE_AUTOMATON","items_purchased":["ReplayTheSpireMod:CursedCoin","bronze:Iterate","Guide Book","champ:Barbells","Ice Cream","hubris:TinFlute","bronze:NullPointer"],"campfire_rested":0,"item_purchase_floors":[4,4,13,13,13,30,30],"current_hp_per_floor":[80,80,80,76,76,62,62,62,52,52,52,52,43,43,43,40,77,77,75,69,69,61,61,61,61,61,49,49,49,49,48,42,0,0,0],"gold":33,"neow_bonus":"HUNDRED_GOLD","is_daily":false,"chose_seed":false,"campfire_upgraded":3,"win_rate":0.0,"timestamp":1612295165,"path_taken":["R","M","?","$","M","E","T","M","E","?","R","?","$","M","M","BOSS","R_BF","M","M","?","M","R","T","M","E","M","?","M","$","M","M","BOSS"],"items_purchased_type":["Relic","Card","Relic","Relic","Relic","Relic","Card"],"build_version":"2020-12-22","purchased_purges":5,"victory":false,"max_hp_per_floor":[80,80,80,77,77,77,77,77,77,77,77,77,77,77,77,77,77,77,77,77,77,77,77,77,77,77,77,77,77,77,77,77,77,77,77],"relic_stats":{"Peace Pipe":1,"counters":[21,68],"obtain_stats":[{"Ice Cream":13,"champ:Barbells":13,"bronze:BronzeCore":0,"downfall:HeartBlessingRed":1,"ReplayTheSpireMod:CursedCoin":4,"Guide Book":13,"hubris:SphereOfDissonance":9,"downfall:HeartBlessingGreen":1,"bronze:CableSpool":24,"Peace Pipe":26,"Anchor":6,"downfall:HeartBlessingBlue":1,"energizedSpire:MagnifyingGlass":17,"halation:AfternoonTea":7,"hubris:TinFlute":30},{"Ice Cream":7,"champ:Barbells":7,"bronze:BronzeCore":0,"downfall:HeartBlessingRed":0,"ReplayTheSpireMod:CursedCoin":2,"Guide Book":7,"hubris:SphereOfDissonance":6,"downfall:HeartBlessingGreen":0,"bronze:CableSpool":13,"Peace Pipe":15,"Anchor":4,"downfall:HeartBlessingBlue":0,"energizedSpire:MagnifyingGlass":10,"halation:AfternoonTea":4,"hubris:TinFlute":18},{"Ice Cream":22,"champ:Barbells":22,"bronze:BronzeCore":0,"downfall:HeartBlessingRed":0,"ReplayTheSpireMod:CursedCoin":7,"Guide Book":22,"hubris:SphereOfDissonance":18,"downfall:HeartBlessingGreen":0,"bronze:CableSpool":40,"Peace Pipe":46,"Anchor":13,"downfall:HeartBlessingBlue":0,"energizedSpire:MagnifyingGlass":28,"halation:AfternoonTea":13,"hubris:TinFlute":56}]},"card_choices":[{"not_picked":["bronze:CutThrough","bronze:BugBarrage"],"picked":"bronze:Constructor","floor":2.0},{"not_picked":["bronze:Invalidate","bronze:WildBeam"],"picked":"bronze:BitShift","floor":4},{"not_picked":["bronze:CutThrough","bronze:DigitalCarnage"],"picked":"bronze:DelayedSlice","floor":5},{"not_picked":["bronze:DelayedGuard","bronze:WildBeam"],"picked":"bronze:DelayedSlice","floor":6},{"not_picked":["bronze:Branch","bronze:Constructor"],"picked":"bronze:Overheat","floor":8},{"not_picked":["bronze:Mutator","bronze:Turbo"],"picked":"bronze:ChosenStrike","floor":9},{"not_picked":["bronze:Invalidate","bronze:Overheat","bronze:BuggyMess"],"picked":"SKIP","floor":13},{"not_picked":["bronze:Shield","bronze:Deprecate"],"picked":"bronze:FollowUp","floor":14},{"not_picked":["bronze:Invalidate","bronze:Turbo"],"picked":"bronze:ClassDefault","floor":15},{"not_picked":["bronze:Virus","bronze:BurnOut"],"picked":"bronze:Library","floor":16},{"not_picked":["bronze:Turbo+1","bronze:DigitalCarnage+1"],"picked":"bronze:Return","floor":19},{"not_picked":["bronze:CutThrough+1","bronze:DarkDash+1"],"picked":"bronze:Terminator","floor":20},{"not_picked":["bronze:OilSpill","bronze:Overheat"],"picked":"bronze:Separator","floor":22},{"not_picked":["bronze:Shield+1","bronze:Return"],"picked":"bronze:SpaghettiCode","floor":25},{"not_picked":["bronze:OilSpill","bronze:DelayedGuard"],"picked":"bronze:CutThrough","floor":26},{"not_picked":["bronze:ChosenStrike+1","bronze:Optimize","bronze:Overheat"],"picked":"SKIP","floor":27},{"not_picked":["bronze:OilSpill","bronze:WildBeam+1","bronze:Constructor"],"picked":"SKIP","floor":29},{"not_picked":["bronze:Iterate","bronze:Overheat"],"picked":"bronze:TinkerersToolbox","floor":30},{"not_picked":["bronze:ForceShield+1","bronze:BugBarrage"],"picked":"bronze:DelayedSlice+1","floor":31},{"not_picked":["bronze:WhirlingStrike+1","bronze:Deprecate","bronze:WildBeam"],"picked":"SKIP","floor":32}],"player_experience":210881,"relics_obtained":[{"floor":6,"key":"Anchor"},{"floor":7,"key":"halation:AfternoonTea"},{"floor":9,"key":"hubris:SphereOfDissonance"},{"floor":24,"key":"bronze:CableSpool"},{"floor":26,"key":"Peace Pipe"}],"event_choices":[],"is_beta":false,"boss_relics":[{"not_picked":["halation:LoveArrow","hubris:CrackedHourglass"],"picked":"energizedSpire:MagnifyingGlass"}],"items_purged_floors":[4,13,13,30,30],"is_endless":false,"potions_floor_spawned":[9,14,15,16,20,22,29,32],"killed_by":"DF_ARCHETYPE_CLAW","ascension_level":1}}