{"host":"qmnyg5dk1o6rw6mz","time":1612233867,"event":{"mods":["2.2 Compatiblity","AchievementEnabler","Act Like it!","Aspiration","Astrologer","BaseMod","Beaked The Cultist","Better Altar","Better Match","Better Note","Better Sensory Stone","Better Skull","Better Third Choice","Better Vampires","Block Reminder","CapriCore","Challenge The Spire","ChefMod","Colored Map","Colored Powertips","Conspire","Defuse TimeMaze Blight","Disable Question Mark Monsters","Displayed Cursed Tome","Downfall","Energized Spire","Fox Events","Gensokyo","GifTheSpireLib","Hermit","Highlight Path","Hubris","Infinite Spire","Jedi Mod","Marisa¡]Ãú«B¡@Å]²z¨F¡^","Marked Mod","Minty Spire (QoL Compilation)","Monster B Gone","Pale of the Ancients","Permanent Neow","Quick Restart","Reimu¡]³Õ???¡^","Relic Filter","Reliquary","Replay The Spire","StSLib","Synergy Search","The Construct","The Cursed","The Dragon Tamer","The Gatherer","The Hayseed","The Poker Player","The Runesmith","The Showman","Unceasing Turn Reminder","Weighted Paths","Wide Potions","thorton"],"gold_per_floor":[123,48,48,48,74,128,163,279,279,305,24,87,110,131,131,176,176,176],"floor_reached":16,"language":"ENG","playtime":418,"items_purged":["Normality"],"score":137,"play_id":"a734b3c4-fc79-4092-aed5-0af9604b8818","local_time":"20210202104427","is_ascension_mode":false,"campfire_choices":[{"floor":15,"key":"DIG"}],"circlet_count":0,"master_deck":["thethorton:Strike","thethorton:Strike","thethorton:Strike","thethorton:Strike","thethorton:Defend","thethorton:Defend+1","thethorton:Defend","thethorton:Defend","thethorton:Heckle+1","thethorton:CreditCard","thethorton:BusinessBurst","Injury","thethorton:LongTermPayoff","thethorton:CowardiceForm","thethorton:GoldBuffer+1","thethorton:TrueForm","thethorton:Fortune"],"relics":["thethorton:CouragePotion","NeowsBlessing","Golden Idol","hubris:Towel","Mirror","Bronze Scales","hubris:BottledRain","conspire:DeflatedDodgeball","Mastiff:ReiMu"],"acts_visited":["Exordium"],"potions_floor_usage":[10,12,13,13],"damage_taken":[{"damage":0,"enemies":"Small Slimes","floor":1,"turns":1},{"damage":0,"enemies":"2 Louse","floor":5,"turns":2},{"damage":0,"enemies":"Gremlin Nob","floor":6,"turns":3},{"damage":23,"enemies":"Jaw Worm","floor":7,"turns":6},{"damage":4,"enemies":"Red Slaver","floor":10,"turns":5},{"damage":7,"enemies":"Lagavulin","floor":12,"turns":5},{"damage":1,"enemies":"Blue Slaver","floor":13,"turns":3},{"damage":1,"enemies":"Looter","floor":14,"turns":4},{"damage":10,"enemies":"Hexaghost","floor":16,"turns":8}],"seed_played":"-2115640410933722975","potions_obtained":[{"floor":1,"key":"Adrenaline Potion"},{"floor":6,"key":"Languid Potion"},{"floor":10,"key":"Explosive Potion"},{"floor":12,"key":"jedi:StrikingPotion"},{"floor":13,"key":"bronze:BurnAndBuffPotion"}],"is_trial":false,"path_per_floor":["M","$","?","?","M","E","M","?","T","M","$","E","M","M","R_BF","B"],"character_chosen":"THE_THORT","items_purchased":["hubris:BottledRain","thethorton:GoldBuffer+1"],"campfire_rested":0,"item_purchase_floors":[11,11],"current_hp_per_floor":[68,68,68,68,68,68,45,18,18,14,14,7,6,5,5,0,0,0],"gold":176,"neow_bonus":"THREE_ENEMY_KILL","is_daily":false,"chose_seed":false,"campfire_upgraded":0,"win_rate":0.0,"timestamp":1612233867,"path_taken":["M","$","?","?","M","E","?","?","T","M","$","E","M","M","R_BF","BOSS"],"items_purchased_type":["Relic","Card"],"build_version":"2020-12-22","purchased_purges":1,"victory":false,"max_hp_per_floor":[68,68,68,68,68,68,68,68,68,68,68,68,68,68,68,68,68,68],"card_choices":[{"not_picked":["thethorton:Crash","thethorton:ChartProject"],"picked":"thethorton:BusinessBurst","floor":1},{"not_picked":["thethorton:ElbowSmash","thethorton:BookBash"],"picked":"thethorton:LongTermPayoff","floor":5},{"not_picked":["thethorton:CoinShield","thethorton:FeelNoBrain"],"picked":"thethorton:CowardiceForm","floor":6},{"not_picked":["thethorton:DockPay","thethorton:FeelNoBrain","thethorton:WhirlingBriefcase"],"picked":"SKIP","floor":7},{"not_picked":["thethorton:AngerMoment","thethorton:CannonShot","thethorton:SicklyRun"],"picked":"SKIP","floor":10},{"not_picked":["thethorton:PowerUp","thethorton:TakeAccounts"],"picked":"thethorton:TrueForm","floor":12},{"not_picked":["thethorton:FeelNoBrain","thethorton:CashBash","thethorton:AngerMoment"],"picked":"SKIP","floor":13},{"not_picked":["thethorton:Crash","thethorton:StampSmack"],"picked":"thethorton:Fortune","floor":14}],"player_experience":212174,"relics_obtained":[{"floor":6,"key":"Mirror"},{"floor":9,"key":"Bronze Scales"},{"floor":12,"key":"conspire:DeflatedDodgeball"},{"floor":15,"key":"Mastiff:ReiMu"}],"event_choices":[{"damage_healed":0,"gold_gain":0,"player_choice":"Take Wound","damage_taken":0,"relics_obtained":["Golden Idol"],"max_hp_gain":0,"max_hp_loss":0,"event_name":"Golden Idol","floor":3,"gold_loss":0,"cards_obtained":["Injury"]},{"damage_healed":0,"gold_gain":116,"player_choice":"GO UP UP ","damage_taken":32,"relics_obtained":[],"max_hp_gain":0,"max_hp_loss":0,"event_name":"betterSkull:BetterSkull","floor":8,"gold_loss":0,"cards_upgraded":["thethorton:Defend","thethorton:Heckle"]}],"is_beta":false,"boss_relics":[],"items_purged_floors":[2],"is_endless":false,"potions_floor_spawned":[1,6,10,12,13],"killed_by":"Hexaghost","ascension_level":0}}