{"host":"ul3z8ex5o8l5j7mh","time":1612281635,"event":{"mods":["AchievementEnabler","BaseMod","Colored Map","Colored Powertips","DeckTracker","Minty Spire (QoL Compilation)","SuperFastMode"],"gold_per_floor":[209,287,29,39,55,87,87,99,125,125,140,65,65,25,25,126,126,144,144,60,75,75,75,105,105,105,105,119,219,229,229,229],"floor_reached":31,"language":"ENG","playtime":1394,"items_purged":["Strike_R"],"score":278,"play_id":"560715d3-a3b5-4ee7-b52f-c7daaf64d245","local_time":"20210202170035","is_ascension_mode":false,"campfire_choices":[{"floor":13.0,"key":"REST"},{"floor":15.0,"key":"RECALL"},{"floor":23.0,"key":"REST"},{"floor":25,"key":"REST"},{"data":"Infernal Blade","floor":27,"key":"SMITH"}],"circlet_count":0,"master_deck":["Strike_R","Strike_R","Strike_R","Strike_R","Defend_R","Defend_R","Defend_R","Defend_R","Bash","Wild Strike","Infernal Blade+1","Evolve","Havoc","Heavy Blade","Intimidate","Reckless Charge","Intimidate","Exhume","Cleave","Finesse","Iron Wave","Shrug It Off+1","Twin Strike+1","Immolate","Shrug It Off+1"],"relics":["Burning Blood","Bag of Marbles","Lizard Tail","Frozen Egg 2","Black Star","Enchiridion","Pear","Orichalcum","Centennial Puzzle","Gambling Chip","Darkstone Periapt"],"acts_visited":["Exordium","TheCity"],"potions_floor_usage":[24,24,28,30],"damage_taken":[{"damage":1.0,"enemies":"2 Louse","floor":1.0,"turns":3.0},{"damage":6.0,"enemies":"Jaw Worm","floor":4.0,"turns":2.0},{"damage":8.0,"enemies":"Small Slimes","floor":5.0,"turns":2.0},{"damage":31.0,"enemies":"Lagavulin","floor":6.0,"turns":5.0},{"damage":13.0,"enemies":"Red Slaver","floor":8.0,"turns":2.0},{"damage":10.0,"enemies":"Looter","floor":11.0,"turns":2.0},{"damage":62.0,"enemies":"Hexaghost","floor":16.0,"turns":9.0},{"damage":19.0,"enemies":"3 Byrds","floor":18.0,"turns":7.0},{"damage":39.0,"enemies":"Shell Parasite","floor":21.0,"turns":7.0},{"damage":26,"enemies":"Slavers","floor":24,"turns":4},{"damage":33,"enemies":"Snake Plant","floor":28,"turns":5},{"damage":10,"enemies":"Colosseum Slavers","floor":29,"turns":5},{"damage":62,"enemies":"Colosseum Nobs","floor":29,"turns":6},{"damage":18,"enemies":"Sentry and Sphere","floor":30,"turns":6},{"damage":14,"enemies":"Cultist and Chosen","floor":31,"turns":6}],"seed_played":"8051769620303194294","potions_obtained":[{"floor":1.0,"key":"DuplicationPotion"},{"floor":8.0,"key":"Energy Potion"},{"floor":14.0,"key":"Ancient Potion"},{"floor":14.0,"key":"Strength Potion"},{"floor":14.0,"key":"Fruit Juice"},{"floor":16.0,"key":"SneckoOil"},{"floor":21.0,"key":"SpeedPotion"},{"floor":24,"key":"LiquidMemories"},{"floor":29,"key":"DistilledChaos"}],"is_trial":false,"path_per_floor":["M","?","$","M","M","E","T","M","T","?","M","$","R","?","R","B",null,"M","?","$","M","$","R","E","R","T","R","M","?","M","M"],"character_chosen":"IRONCLAD","items_purchased":["Bag of Marbles","Infernal Blade","Evolve","Finesse"],"campfire_rested":3,"item_purchase_floors":[3,3,3,20],"current_hp_per_floor":[80,80,80,80,78,53,53,46,46,46,42,42,66,71,71,15,85,72,56,56,23,23,48,38,66,66,66,39,26,14,0,0],"gold":229,"neow_bonus":"HUNDRED_GOLD","is_daily":false,"chose_seed":false,"campfire_upgraded":1,"win_rate":0.0,"timestamp":1612281635,"path_taken":["M","?","$","M","M","E","?","M","T","?","M","$","R","?","R","BOSS","M","?","$","M","$","R","E","R","T","R","M","?","M","M"],"items_purchased_type":["Relic","Card","Card","Card"],"build_version":"2020-12-22","purchased_purges":1,"victory":false,"max_hp_per_floor":[80,80,80,80,80,80,80,80,80,80,80,80,80,85,85,85,85,85,85,85,85,85,85,95,95,95,95,95,95,95,95,95],"card_choices":[{"not_picked":["Hemokinesis","Reckless Charge"],"picked":"Wild Strike","floor":1.0},{"not_picked":["Blood for Blood","Sword Boomerang"],"picked":"Havoc","floor":4.0},{"not_picked":["Sword Boomerang","Iron Wave"],"picked":"Heavy Blade","floor":5.0},{"not_picked":["Sword Boomerang","Heavy Blade"],"picked":"Intimidate","floor":6.0},{"not_picked":["Flex","Entrench"],"picked":"Reckless Charge","floor":8.0},{"not_picked":["Warcry","Perfected Strike"],"picked":"Intimidate","floor":11.0},{"not_picked":["Offering","Double Tap"],"picked":"Exhume","floor":16.0},{"not_picked":["Rage","Body Slam+1"],"picked":"Cleave","floor":18.0},{"not_picked":["Searing Blow","Battle Trance"],"picked":"Iron Wave","floor":21.0},{"not_picked":["Flex+1","Thunderclap"],"picked":"Shrug It Off+1","floor":24},{"not_picked":["Ghostly Armor+1","Blood for Blood+1"],"picked":"Twin Strike+1","floor":28},{"not_picked":["Blood for Blood","Sword Boomerang"],"picked":"Immolate","floor":29},{"not_picked":["Whirlwind+1","Sever Soul"],"picked":"Shrug It Off+1","floor":30}],"player_experience":300603,"relics_obtained":[{"floor":6.0,"key":"Lizard Tail"},{"floor":7.0,"key":"Frozen Egg 2"},{"floor":19.0,"key":"Enchiridion"},{"floor":24,"key":"Pear"},{"floor":24,"key":"Orichalcum"},{"floor":26,"key":"Centennial Puzzle"},{"floor":29,"key":"Gambling Chip"},{"floor":29,"key":"Darkstone Periapt"}],"event_choices":[{"damage_healed":0.0,"max_hp_gain":0.0,"max_hp_loss":0.0,"gold_gain":78.0,"event_name":"Golden Wing","player_choice":"Gained Gold","floor":2.0,"gold_loss":0.0,"damage_taken":0.0},{"damage_healed":0.0,"max_hp_gain":0.0,"max_hp_loss":0.0,"gold_gain":0.0,"event_name":"Shining Light","player_choice":"Ignored","floor":10.0,"gold_loss":0.0,"damage_taken":0.0},{"damage_healed":0.0,"max_hp_gain":0.0,"max_hp_loss":0.0,"gold_gain":0.0,"event_name":"The Woman in Blue","player_choice":"Bought 3 Potions","floor":14.0,"gold_loss":0.0,"damage_taken":0.0},{"damage_healed":0.0,"max_hp_gain":0.0,"max_hp_loss":0.0,"gold_gain":0.0,"event_name":"Cursed Tome","player_choice":"Obtained Book","floor":19.0,"gold_loss":0.0,"damage_taken":16.0},{"damage_healed":0,"gold_gain":0,"player_choice":"Fight","damage_taken":0,"max_hp_gain":0,"max_hp_loss":0,"event_name":"Colosseum","floor":29,"gold_loss":0},{"damage_healed":0,"gold_gain":0,"player_choice":"Fought Nobs","damage_taken":0,"max_hp_gain":0,"max_hp_loss":0,"event_name":"Colosseum","floor":29,"gold_loss":0}],"is_beta":false,"boss_relics":[{"not_picked":["Runic Pyramid","SlaversCollar"],"picked":"Black Star"}],"items_purged_floors":[12],"is_endless":false,"potions_floor_spawned":[1,8,16,21,24,29,29],"killed_by":"Cultist and Chosen","ascension_level":0}}