{"host":"6r762osam2bvfm66","time":1612305705,"event":{"mods":["BaseMod","Colored Map","Minty Spire (QoL Compilation)"],"gold_per_floor":[114,114,179,191,316,345,355,380,406,456,482,94,71,121,121,219,219,234,254,304,48,58,58,90,90,144,144,119,169,15,115,115,211,211,222,240,18,28,78,78,109,159,159,309,372,422,73,89,89,89],"floor_reached":51,"language":"ENG","playtime":3822,"items_purged":["Strike_P","Strike_P","Injury"],"score":894,"play_id":"a9997a05-9bc6-4113-9f53-f71c59012c46","local_time":"20210202164145","is_ascension_mode":true,"campfire_choices":[{"floor":15,"key":"REST"},{"data":"Judgement","floor":23,"key":"SMITH"},{"data":"Adaptation","floor":25,"key":"SMITH"},{"data":"Eruption","floor":27,"key":"SMITH"},{"floor":32,"key":"REST"},{"data":"DevaForm","floor":40,"key":"SMITH"},{"floor":49,"key":"REST"}],"circlet_count":0,"master_deck":["Strike_P+1","Defend_P+1","Defend_P","Defend_P+1","Eruption+1","Vigilance","Conclude","SashWhip","FollowUp","Judgement+1","CutThroughFate+1","ThirdEye","Indignation+1","Adaptation+1","Evaluate+1","Scrawl+1","Prostrate+1","ForeignInfluence+1","Alpha+1","Consecrate+1","Vigilance+1","DevaForm+1","Collect+1","ClearTheMind+1","FearNoEvil+1","LessonLearned+1","EmptyBody+1","EmptyMind+1","Ragnarok+1"],"relics":["PureWater","Boot","SsserpentHead","Molten Egg 2","Regal Pillow","Nunchaku","Bronze Scales","Toxic Egg 2","VioletLotus","OrangePellets","Shuriken","Ancient Tea Set","DollysMirror","Cursed Key","Vajra","Pear"],"acts_visited":["Exordium","TheCity","TheBeyond"],"potions_floor_usage":[8,11,41,50,50,50],"damage_taken":[{"damage":0,"enemies":"Small Slimes","floor":1,"turns":4},{"damage":0,"enemies":"Cultist","floor":3,"turns":2},{"damage":3,"enemies":"Jaw Worm","floor":4,"turns":2},{"damage":0,"enemies":"Gremlin Nob","floor":6,"turns":2},{"damage":0,"enemies":"Looter","floor":7,"turns":2},{"damage":10,"enemies":"Lagavulin","floor":8,"turns":5},{"damage":32,"enemies":"Gremlin Nob","floor":11,"turns":3},{"damage":20,"enemies":"Hexaghost","floor":16,"turns":8},{"damage":14,"enemies":"Shell Parasite","floor":18,"turns":6},{"damage":0,"enemies":"Chosen","floor":19,"turns":3},{"damage":0,"enemies":"3 Cultists","floor":22,"turns":2},{"damage":26,"enemies":"Book of Stabbing","floor":24,"turns":5},{"damage":27,"enemies":"Champ","floor":33,"turns":6},{"damage":9,"enemies":"3 Shapes","floor":35,"turns":2},{"damage":20,"enemies":"Orb Walker","floor":36,"turns":2},{"damage":1,"enemies":"Sphere and 2 Shapes","floor":38,"turns":9},{"damage":14,"enemies":"Giant Head","floor":41,"turns":6},{"damage":2,"enemies":"Writhing Mass","floor":45,"turns":4},{"damage":1,"enemies":"Transient","floor":48,"turns":5},{"damage":65,"enemies":"Time Eater","floor":50,"turns":8}],"seed_played":"5834331811272914444","potions_obtained":[{"floor":3,"key":"BottledMiracle"},{"floor":4,"key":"SkillPotion"},{"floor":8,"key":"SpeedPotion"},{"floor":11,"key":"CultistPotion"},{"floor":19,"key":"EssenceOfSteel"},{"floor":22,"key":"SkillPotion"},{"floor":38,"key":"Dexterity Potion"}],"is_trial":false,"path_per_floor":["M","?","M","M","?","E","M","E","T","?","E","$","$","?","R","B",null,"M","M","?","$","M","R","E","R","T","R","?","?","$","?","R","B",null,"M","M","$","M","T","R","E","?","T","?","M","T","$","M","R","B",null],"character_chosen":"WATCHER","items_purchased":["Toxic Egg 2","Indignation+1","Adaptation","Evaluate+1","OrangePellets","DollysMirror","FearNoEvil+1","LessonLearned+1","EmptyMind+1","SkillPotion","Ragnarok+1"],"campfire_rested":3,"item_purchase_floors":[12,12,12,13,21,30,37,37,47,47,47],"current_hp_per_floor":[72,72,72,69,58,58,58,48,48,34,2,2,2,2,38,18,72,58,58,58,58,58,58,32,32,32,32,32,32,32,32,68,41,72,63,43,43,42,42,42,38,38,38,38,36,36,36,35,73,8],"gold":89,"neow_bonus":"RANDOM_COMMON_RELIC","is_daily":false,"chose_seed":false,"campfire_upgraded":4,"win_rate":0.0,"timestamp":1612305705,"path_taken":["M","?","?","M","?","E","M","E","T","?","E","?","$","?","R","BOSS","M","M","?","$","M","R","E","R","T","R","?","?","$","?","R","BOSS","M","M","$","M","?","R","E","?","T","?","?","?","$","M","R","BOSS"],"items_purchased_type":["Relic","Card","Card","Card","Relic","Relic","Card","Card","Card","Potion","Card"],"build_version":"2020-12-22","purchased_purges":3,"victory":true,"max_hp_per_floor":[72,72,72,72,72,72,72,72,72,72,72,72,72,72,72,72,72,72,72,72,72,72,72,72,72,72,72,72,72,72,72,72,72,72,72,72,72,72,72,72,82,78,78,78,78,78,78,78,78,78],"card_choices":[{"not_picked":["PathToVictory","Vengeance"],"picked":"Conclude","floor":1},{"not_picked":["Consecrate","Collect"],"picked":"SashWhip","floor":3},{"not_picked":["InnerPeace","TalkToTheHand"],"picked":"FollowUp","floor":4},{"not_picked":["Evaluate","InnerPeace"],"picked":"Judgement","floor":6},{"not_picked":["Pray","PathToVictory"],"picked":"CutThroughFate+1","floor":7},{"not_picked":["FlurryOfBlows+1","MasterReality","CarveReality+1"],"picked":"SKIP","floor":8},{"not_picked":["InnerPeace","EmptyFist+1"],"picked":"ThirdEye","floor":11},{"not_picked":["Omniscience+1","Judgement+1"],"picked":"Scrawl+1","floor":16},{"not_picked":["PathToVictory+1","FollowUp+1"],"picked":"Prostrate+1","floor":18},{"not_picked":["ThirdEye+1","ReachHeaven+1"],"picked":"ForeignInfluence+1","floor":19},{"not_picked":["Crescendo+1","FlurryOfBlows+1"],"picked":"Alpha+1","floor":22},{"not_picked":["Omniscience+1","ForeignInfluence+1"],"picked":"Consecrate+1","floor":24},{"not_picked":["LessonLearned+1","Alpha+1"],"picked":"DevaForm","floor":33},{"not_picked":["Vengeance+1","Crescendo+1"],"picked":"Collect+1","floor":35},{"not_picked":["Protect+1","Crescendo+1"],"picked":"ClearTheMind+1","floor":36},{"not_picked":["WindmillStrike+1","BowlingBash+1"],"picked":"EmptyBody+1","floor":38},{"not_picked":["FollowUp+1","Consecrate+1","Collect+1"],"picked":"SKIP","floor":41},{"not_picked":["BowlingBash+1","FlyingSleeves+1","ThirdEye+1"],"picked":"SKIP","floor":45},{"not_picked":["DevaForm","Halt+1","Evaluate+1"],"picked":"SKIP","floor":48},{"not_picked":["DevaForm","Halt+1","Evaluate+1"],"picked":"SKIP","floor":48}],"player_experience":26799,"relics_obtained":[{"floor":6,"key":"Molten Egg 2"},{"floor":8,"key":"Regal Pillow"},{"floor":9,"key":"Nunchaku"},{"floor":11,"key":"Bronze Scales"},{"floor":24,"key":"Shuriken"},{"floor":26,"key":"Ancient Tea Set"},{"floor":39,"key":"Vajra"},{"floor":41,"key":"Pear"}],"event_choices":[{"damage_healed":0,"gold_gain":0,"player_choice":"Trade","damage_taken":0,"relics_obtained":["SsserpentHead"],"max_hp_gain":0,"max_hp_loss":0,"event_name":"FaceTrader","floor":2,"gold_loss":0},{"damage_healed":0,"gold_gain":75,"player_choice":"Gather Gold","damage_taken":11,"max_hp_gain":0,"max_hp_loss":0,"event_name":"World of Goop","floor":5,"gold_loss":0},{"damage_healed":0,"gold_gain":0,"player_choice":"Entered Light","damage_taken":14,"max_hp_gain":0,"max_hp_loss":0,"event_name":"Shining Light","floor":10,"gold_loss":0,"cards_upgraded":["Defend_P","Strike_P"]},{"damage_healed":0,"gold_gain":0,"player_choice":"Ignored","damage_taken":0,"max_hp_gain":0,"max_hp_loss":0,"event_name":"Liars Game","floor":14,"gold_loss":0},{"cards_removed":["Strike_P"],"damage_healed":0,"gold_gain":0,"player_choice":"Elegance","damage_taken":0,"max_hp_gain":0,"max_hp_loss":0,"event_name":"Back to Basics","floor":20,"gold_loss":0},{"cards_removed":["Defend_P"],"damage_healed":0,"gold_gain":0,"player_choice":"Gave Gold","damage_taken":0,"max_hp_gain":0,"max_hp_loss":0,"event_name":"Beggar","floor":28,"gold_loss":75},{"damage_healed":0,"gold_gain":0,"player_choice":"Ignored","damage_taken":0,"max_hp_gain":0,"max_hp_loss":0,"event_name":"Ghosts","floor":29,"gold_loss":0},{"damage_healed":0,"gold_gain":100,"player_choice":"Bet on Murderer","damage_taken":0,"max_hp_gain":0,"max_hp_loss":0,"event_name":"The Joust","floor":31,"gold_loss":50},{"damage_healed":0,"gold_gain":0,"player_choice":"Max HP","damage_taken":0,"max_hp_gain":0,"max_hp_loss":4,"event_name":"Winding Halls","floor":42,"gold_loss":0},{"damage_healed":0,"gold_gain":100,"player_choice":"Pray","damage_taken":0,"max_hp_gain":0,"max_hp_loss":0,"event_name":"Golden Shrine","floor":44,"gold_loss":0}],"is_beta":false,"boss_relics":[{"not_picked":["Coffee Dripper","Tiny House"],"picked":"VioletLotus"},{"not_picked":["SlaversCollar","Astrolabe"],"picked":"Cursed Key"}],"items_purged_floors":[12,21,47],"is_endless":false,"potions_floor_spawned":[3,4,8,11,19,22,24,33,38,48],"ascension_level":1}}