{"host":"ncocfkoislda923u","time":1612274972,"event":{"mods":["BaseMod","Downfall","Googly Eyes","Minty Spire (QoL Compilation)","Spire Arcade","StSLib"],"gold_per_floor":[99,99,99,26,26,26,26,11,76,76,176,176,187,207,224,224,224],"floor_reached":16,"language":"ENG","playtime":973,"items_purged":[],"score":90,"play_id":"6171d4a5-3e67-4d0b-9556-968a7eecca8d","local_time":"20210202150932","is_ascension_mode":true,"campfire_choices":[{"data":"bronze:Replicate","floor":1.0,"key":"SMITH"},{"data":"bronze:ItsAFeature","floor":6.0,"key":"SMITH"},{"floor":10.0,"key":"REST"},{"floor":12.0,"key":"REST"}],"circlet_count":0,"master_deck":["bronze:Strike","bronze:Strike","bronze:Strike","bronze:Strike","bronze:Defend","bronze:Defend","bronze:Defend","bronze:Defend","bronze:Replicate+1","bronze:Goto","bronze:BugBarrage","bronze:BuggyMess","bronze:AlphaBuild","bronze:ItsAFeature+1","bronze:GetLatest","bronze:TinkerersToolbox","bronze:Return","bronze:Goto","bronze:Shield","bronze:FollowUp","bronze:Break","Swift Strike","Normality","bronze:DelayedSlice","bronze:Repulsor","bronze:NullPointer"],"relics":["bronze:BronzeCore","downfall:HeartsMalice","White Beast Statue","bronze:CableSpool","downfall:GremlinSack"],"acts_visited":["Exordium"],"potions_floor_usage":[16,16,16],"damage_taken":[{"damage":0.0,"enemies":"Small Slimes","floor":2.0,"turns":1.0},{"damage":0.0,"enemies":"Cultist","floor":3.0,"turns":1.0},{"damage":0.0,"enemies":"downfall:FleeingMerchant","floor":4.0,"turns":1.0},{"damage":3.0,"enemies":"downfall:FleeingMerchant","floor":8.0,"turns":4.0},{"damage":36.0,"enemies":"Lagavulin Event","floor":9.0,"turns":6.0},{"damage":48.0,"floor":11.0,"turns":6.0},{"damage":6.0,"enemies":"Jaw Worm","floor":13.0,"turns":4.0},{"damage":2.0,"enemies":"Large Slime","floor":14.0,"turns":5.0},{"damage":0,"enemies":"3 Louse","floor":15,"turns":1},{"damage":20,"enemies":"SI_SHIV_ARCHETYPE","floor":16,"turns":5}],"seed_played":"-3141766285142570021","potions_obtained":[{"floor":8.0,"key":"champ:CounterPotion"},{"floor":9.0,"key":"ColorlessPotion"},{"floor":11.0,"key":"PowerPotion"},{"floor":13.0,"key":"Ancient Potion"},{"floor":14,"key":"DuplicationPotion"},{"floor":15,"key":"EssenceOfSteel"}],"is_trial":false,"path_per_floor":["R","M","M","$","?","R","T","$","?","R","?","R","M","M","M","B"],"character_chosen":"THE_AUTOMATON","items_purchased":["bronze:ItsAFeature"],"campfire_rested":2,"item_purchase_floors":[4],"current_hp_per_floor":[70,70,70,70,70,70,70,67,31,52,4,25,19,17,17,0,0],"gold":224,"neow_bonus":"THREE_ENEMY_KILL","is_daily":false,"chose_seed":false,"campfire_upgraded":2,"win_rate":0.0,"timestamp":1612274972,"path_taken":["R","M","M","$","?","R","T","$","?","R","?","R","?","M","M","BOSS"],"items_purchased_type":["Card"],"build_version":"2020-12-22","purchased_purges":0,"victory":false,"max_hp_per_floor":[70,70,70,70,70,70,70,70,70,70,70,70,70,70,70,70,70],"card_choices":[{"not_picked":["bronze:ForLoop","bronze:Constructor"],"picked":"bronze:BugBarrage","floor":2.0},{"not_picked":["bronze:CutThrough","bronze:Iterate"],"picked":"bronze:BuggyMess","floor":3.0},{"not_picked":["bronze:InfiniteBeams","bronze:Branch"],"picked":"bronze:AlphaBuild","floor":4.0},{"not_picked":["bronze:Separator","bronze:NullPointer"],"picked":"bronze:GetLatest","floor":8.0},{"not_picked":["bronze:Overheat","bronze:Iterate"],"picked":"bronze:TinkerersToolbox","floor":9.0},{"not_picked":["bronze:BitShift","bronze:Invalidate"],"picked":"bronze:Return","floor":11.0},{"not_picked":["bronze:CutThrough","bronze:Safeguard"],"picked":"bronze:DelayedSlice","floor":13.0},{"not_picked":["bronze:Fortify","bronze:ClassDefault"],"picked":"bronze:Repulsor","floor":14},{"not_picked":["bronze:GetLatest","bronze:Invalidate"],"picked":"bronze:NullPointer","floor":15}],"player_experience":1537065,"relics_obtained":[{"floor":7.0,"key":"White Beast Statue"},{"floor":9.0,"key":"bronze:CableSpool"},{"floor":11.0,"key":"downfall:GremlinSack"}],"event_choices":[],"is_beta":false,"boss_relics":[],"items_purged_floors":[],"is_endless":false,"potions_floor_spawned":[8,9,11,13,14,15],"killed_by":"SI_SHIV_ARCHETYPE","ascension_level":1}}