{"host":"a4ifeplrx8vfq4u5","time":1612303069,"event":{"mods":["BaseMod","Better Third Choice","Colored Map","Conspire","Downfall","Marisa????????","Minty Spire (QoL Compilation)","Random Character Button","Rare Cards Sparkle","Replay The Spire","StSLib","The Cursed","The Hierophant","The Servant 0.9.4"],"gold_per_floor":[116,126,145,161,14,14,14,48,48,48,48,48,62,83,83,209,209,189,89,89,89,89,129,4,4,72,92,126,126,126],"floor_reached":29,"language":"ENG","playtime":2204,"items_purged":["Strike_R","Defend_R","Strike_R"],"score":251,"play_id":"f67bdd35-6ab7-46aa-9de2-5b444909efc7","local_time":"20210202215749","is_ascension_mode":false,"campfire_choices":[{"data":"Inflame","floor":6.0,"key":"SMITH"},{"data":"ReplayTheSpireMod:Muscle Training","floor":11.0,"key":"SMITH"},{"data":"Neutralize","floor":15.0,"key":"SMITH"},{"floor":25.0,"key":"REST"}],"circlet_count":0,"master_deck":["Strike_R","Strike_R","Defend_R+1","Defend_R+1","Defend_R+1","ReplayTheSpireMod:Muscle Training+1","Headbutt","Inflame+1","Headbutt","Survivor+1","Neutralize+1","Feed","J.A.X.+1","Thunderclap+1"],"relics":["Burning Blood","Golden Idol","Odd Mushroom","Paper Frog","Black Star","Replay:Bottled Eggs","War Paint","Letter Opener","Calipers","Question Card"],"acts_visited":["Exordium","TheCity"],"potions_floor_usage":[28,28,29],"damage_taken":[{"damage":8.0,"enemies":"Jaw Worm","floor":1.0,"turns":4.0},{"damage":1.0,"enemies":"2 Louse","floor":2.0,"turns":3.0},{"damage":1.0,"enemies":"conspire:RoseBush","floor":3.0,"turns":3.0},{"damage":5.0,"enemies":"conspire:2 RoseBushes","floor":4.0,"turns":7.0},{"damage":22.0,"enemies":"The Mushroom Lair","floor":8.0,"turns":6.0},{"damage":0.0,"enemies":"Large Slime","floor":13.0,"turns":4.0},{"damage":13.0,"enemies":"Lots of Slimes","floor":14.0,"turns":5.0},{"damage":34.0,"enemies":"Fading Forest","floor":16.0,"turns":11.0},{"damage":35.0,"enemies":"2 Thieves","floor":18.0,"turns":5.0},{"damage":31.0,"enemies":"Replay:Snechameleon","floor":23.0,"turns":6.0},{"damage":5,"enemies":"Shell Parasite","floor":27,"turns":8},{"damage":55,"enemies":"Slavers","floor":28,"turns":6},{"damage":16,"enemies":"Cultist and Chosen","floor":29,"turns":6}],"seed_played":"-3691842468764753330","potions_obtained":[{"floor":2.0,"key":"GamblersBrew"},{"floor":8.0,"key":"Regen Potion"},{"floor":13.0,"key":"Weak Potion"},{"floor":23.0,"key":"Toxic Potion"},{"floor":28,"key":"Adrenaline Potion"}],"is_trial":false,"path_per_floor":["M","M","M","M","$","R","?","?","T","$","R","?","M","M","R","B",null,"M","$","?","?","?","E","$","R","T","M","E","M"],"character_chosen":"IRONCLAD","items_purchased":["Inflame"],"campfire_rested":1,"item_purchase_floors":[5],"current_hp_per_floor":[78,80,80,80,80,80,60,44,44,44,44,44,50,57,57,39,80,51,51,51,51,51,26,26,50,50,54,8,0,0],"gold":126,"neow_bonus":"REMOVE_CARD","is_daily":false,"chose_seed":false,"campfire_upgraded":3,"win_rate":0.0,"timestamp":1612303069,"path_taken":["M","M","M","M","$","R","?","?","T","$","R","?","M","M","R","BOSS","M","$","?","?","?","E","$","R","T","M","E","M"],"items_purchased_type":["Card"],"build_version":"2020-12-22","purchased_purges":3,"victory":false,"max_hp_per_floor":[80,80,80,80,80,80,80,80,80,80,80,80,80,80,80,80,80,80,80,80,80,80,80,80,80,80,83,86,89,89],"card_choices":[{"not_picked":["Twin Strike","Clash","Body Slam"],"picked":"SKIP","floor":1.0},{"not_picked":["Cleave","ReplayTheSpireMod:Limb From Limb","Flex"],"picked":"SKIP","floor":2.0},{"not_picked":["Life Link","Flex"],"picked":"ReplayTheSpireMod:Muscle Training","floor":3.0},{"not_picked":["Clash","Reckless Charge"],"picked":"Headbutt","floor":4.0},{"not_picked":["Pommel Strike","Clash"],"picked":"Headbutt","floor":8.0},{"not_picked":["Havoc","Dropkick","Twin Strike"],"picked":"SKIP","floor":13.0},{"not_picked":["Flex","Combust","True Grit"],"picked":"SKIP","floor":14.0},{"not_picked":["Eclipse","Bludgeon"],"picked":"Feed","floor":16.0},{"not_picked":["Clash+1","Warcry","Cleave"],"picked":"SKIP","floor":18.0},{"not_picked":["Headbutt","Havoc","Impervious"],"picked":"SKIP","floor":23.0},{"not_picked":["conspire:ExplosiveBarrier","Pommel Strike","Combust+1"],"picked":"SKIP","floor":27},{"not_picked":["Carnage","Sever Soul"],"picked":"Thunderclap+1","floor":28}],"player_experience":429362,"relics_obtained":[{"floor":8.0,"key":"Odd Mushroom"},{"floor":9.0,"key":"Paper Frog"},{"floor":23.0,"key":"Replay:Bottled Eggs"},{"floor":23.0,"key":"War Paint"},{"floor":26,"key":"Letter Opener"},{"floor":28,"key":"Calipers"},{"floor":28,"key":"Question Card"}],"event_choices":[{"damage_healed":0.0,"max_hp_gain":0.0,"max_hp_loss":0.0,"gold_gain":0.0,"event_name":"Golden Idol","player_choice":"Take Damage","floor":7.0,"gold_loss":0.0,"damage_taken":20.0,"relics_obtained":["Golden Idol"]},{"damage_healed":0.0,"max_hp_gain":0.0,"max_hp_loss":0.0,"gold_gain":0.0,"event_name":"Mushrooms","player_choice":"Fought Mushrooms","floor":8.0,"gold_loss":0.0,"damage_taken":0.0},{"damage_healed":0.0,"max_hp_gain":0.0,"max_hp_loss":0.0,"gold_gain":0.0,"event_name":"Drug Dealer","player_choice":"Obtain J.A.X.","floor":20.0,"gold_loss":0.0,"damage_taken":0.0,"cards_obtained":["J.A.X."]},{"damage_healed":0.0,"max_hp_gain":0.0,"max_hp_loss":0.0,"gold_gain":0.0,"event_name":"conspire:Investor","player_choice":"Leave","floor":21.0,"gold_loss":0.0,"damage_taken":0.0},{"damage_healed":0.0,"max_hp_gain":0.0,"max_hp_loss":0.0,"gold_gain":0.0,"event_name":"NoteForYourself","player_choice":"Ignored","floor":22.0,"gold_loss":0.0,"damage_taken":0.0}],"is_beta":false,"boss_relics":[{"not_picked":["conspire:RoyalGoblet","Replay:Ancient Bell"],"picked":"Black Star"}],"items_purged_floors":[5,19,24],"is_endless":false,"potions_floor_spawned":[2,8,13,23,28],"killed_by":"Cultist and Chosen","ascension_level":0}}