{"host":"kiehjq3lc4w5t4uc","time":1612282736,"event":{"mods":["AchievementEnabler","BaseMod","BetterRewards","Colored Map","Colored Powertips","DeckTracker","Good Game Mod","Minty Spire (QoL Compilation)","Quick Restart","Rare Cards Sparkle","Relic Stats","Shop Mod","Spicy Shops","StSLib","SuperFastMode"],"gold_per_floor":[112,126,144,164,182,182,200,225,248,248,248,259,259,7,7,107,407,418,418,418,418,418,418,429,459,459,459,0,0,17,37,37,142,142,154,170,170,45,62,62,90,105,131,143,143,154,170,170,170,170],"floor_reached":51,"language":"KOR","playtime":6642,"items_purged":["Strike_B","Strike_B","Decay"],"score":1026,"play_id":"47e514c9-c80c-4b53-8c04-5b747c37b4c6","local_time":"20210203011856","is_ascension_mode":true,"campfire_choices":[{"data":"Study","floor":6.0,"key":"SMITH"},{"data":"Crescendo","floor":11.0,"key":"SMITH"},{"data":"Zap","floor":13.0,"key":"SMITH"},{"data":"Defragment","floor":15.0,"key":"SMITH"},{"data":"After Image","floor":23.0,"key":"SMITH"},{"data":"Heatsinks","floor":27.0,"key":"SMITH"},{"data":"Dualcast","floor":29.0,"key":"SMITH"},{"data":"Gash","floor":32.0,"key":"SMITH"},{"floor":40.0,"key":"RECALL"},{"data":"Finesse","floor":45,"key":"SMITH"},{"data":"All For One","floor":49,"key":"SMITH"}],"circlet_count":0,"master_deck":["Strike_B","Strike_B","Defend_B","Defend_B","Zap+1","Dualcast+1","Study+1","Heatsinks+1","Finesse+1","Gash+1","EmptyBody","Crescendo+1","Perseverance+1","Good Instincts+1","Defragment+1","After Image+1","CurseOfTheBell","Force Field+1","Glacier+1","Necronomicurse","Flash of Steel+1","Compile Driver","All For One+1","Doppelganger+1","Thinking Ahead+1","Double Energy+1","Parasite","Skewer+1"],"relics":["Cracked Core","REME:ComplimentaryCards","Incense Burner","Oddly Smooth Stone","PrismaticShard","Toxic Egg 2","Happy Flower","Meat on the Bone","Calling Bell","Nunchaku","Old Coin","Ornamental Fan","Necronomicon","FossilizedHelix","InkBottle","Calipers","Coffee Dripper","Centennial Puzzle"],"acts_visited":["Exordium","TheCity","TheBeyond"],"potions_floor_usage":[],"damage_taken":[{"damage":0.0,"enemies":"Jaw Worm","floor":1.0,"turns":4.0},{"damage":7.0,"enemies":"Cultist","floor":2.0,"turns":4.0},{"damage":6.0,"enemies":"2 Louse","floor":3.0,"turns":2.0},{"damage":0.0,"enemies":"2 Fungi Beasts","floor":4.0,"turns":3.0},{"damage":14.0,"enemies":"3 Louse","floor":5.0,"turns":3.0},{"damage":1.0,"enemies":"Blue Slaver","floor":7.0,"turns":3.0},{"damage":15.0,"enemies":"Gremlin Nob","floor":8.0,"turns":4.0},{"damage":1.0,"enemies":"Looter","floor":12.0,"turns":2.0},{"damage":25.0,"enemies":"The Guardian","floor":16.0,"turns":7.0},{"damage":9.0,"enemies":"Spheric Guardian","floor":18.0,"turns":4.0},{"damage":2.0,"enemies":"Shell Parasite","floor":24.0,"turns":6.0},{"damage":3.0,"enemies":"Book of Stabbing","floor":25.0,"turns":7.0},{"damage":0.0,"enemies":"Snecko","floor":30.0,"turns":3.0},{"damage":0.0,"enemies":"Sentry and Sphere","floor":31.0,"turns":3.0},{"damage":0.0,"enemies":"Automaton","floor":33.0,"turns":9.0},{"damage":0.0,"enemies":"3 Shapes","floor":35.0,"turns":3.0},{"damage":0.0,"enemies":"3 Darklings","floor":36.0,"turns":3.0},{"damage":0.0,"enemies":"Transient","floor":39.0,"turns":5.0},{"damage":0.0,"enemies":"Nemesis","floor":41.0,"turns":5.0},{"damage":0.0,"enemies":"Writhing Mass","floor":42.0,"turns":5.0},{"damage":0,"enemies":"Maw","floor":44,"turns":6},{"damage":7,"enemies":"Jaw Worm Horde","floor":46,"turns":5},{"damage":0,"enemies":"Spire Growth","floor":47,"turns":3},{"damage":41,"enemies":"Awakened One","floor":50,"turns":13}],"seed_played":"-3508027813854457172","potions_obtained":[{"floor":2.0,"key":"SkillPotion"},{"floor":4.0,"key":"CultistPotion"},{"floor":5.0,"key":"SpeedPotion"},{"floor":18.0,"key":"Block Potion"},{"floor":30.0,"key":"FairyPotion"},{"floor":36.0,"key":"Energy Potion"},{"floor":41.0,"key":"Swift Potion"}],"is_trial":false,"path_per_floor":["M","M","M","M","M","R","M","E","T","?","R","M","R","$","R","B",null,"M","?","?","?","?","R","M","E","T","R","$","R","M","M","R","B",null,"M","M","?","$","M","R","E","M","T","M","R","M","M","?","R","B",null],"character_chosen":"DEFECT","items_purchased":["Heatsinks","Finesse","Oddly Smooth Stone","Gash","PrismaticShard","Meat on the Bone","Defragment","All For One","Calipers"],"campfire_rested":0,"item_purchase_floors":[0,0,0,0,0,14,14,28,28],"current_hp_per_floor":[75,68,62,62,48,48,47,32,32,32,32,31,31,31,31,18,75,66,66,66,66,50,50,48,45,45,45,45,45,45,45,45,45,75,75,75,75,75,75,75,75,75,75,75,75,68,68,68,68,39],"gold":170,"neow_bonus":"","is_daily":false,"chose_seed":false,"campfire_upgraded":10,"win_rate":0.0,"timestamp":1612282736,"path_taken":["M","M","M","M","M","R","M","E","T","?","R","?","R","$","R","BOSS","M","?","?","?","?","R","M","E","T","R","$","R","M","?","R","BOSS","M","M","?","?","M","R","E","M","T","M","R","M","?","?","R","BOSS"],"items_purchased_type":["Card","Card","Relic","Card","Relic","Relic","Card","Card","Relic"],"build_version":"2020-12-22","purchased_purges":3,"victory":true,"max_hp_per_floor":[75,75,75,75,75,75,75,75,75,75,75,75,75,75,75,75,75,75,75,75,75,75,75,75,75,75,75,75,75,75,75,75,75,75,75,75,75,75,75,75,75,75,75,75,75,75,75,75,75,75],"relic_stats":{"Nunchaku":[20],"Centennial Puzzle":[6],"Happy Flower":[29],"counters":[25,113],"Ornamental Fan":[172],"Necronomicon":[31],"obtain_stats":[{"Girya":0,"Calipers":28,"Happy Flower":9,"Oddly Smooth Stone":0,"Runic Capacitor":0,"Incense Burner":0,"Ginger":0,"PrismaticShard":0,"Old Coin":17,"Calling Bell":17,"REME:ComplimentaryCards":0,"Lizard Tail":0,"Nunchaku":17,"Centennial Puzzle":41,"Ornamental Fan":17,"Necronomicon":22,"Coffee Dripper":34,"Toxic Egg 2":8,"Cracked Core":0,"TungstenRod":0,"FossilizedHelix":25,"InkBottle":26,"Meat on the Bone":14},{"Girya":1,"Calipers":13,"Happy Flower":8,"Oddly Smooth Stone":1,"Runic Capacitor":0,"Incense Burner":1,"Ginger":1,"PrismaticShard":1,"Old Coin":10,"Calling Bell":10,"REME:ComplimentaryCards":0,"Lizard Tail":1,"Nunchaku":10,"Centennial Puzzle":20,"Ornamental Fan":10,"Necronomicon":11,"Coffee Dripper":16,"Toxic Egg 2":8,"Cracked Core":0,"TungstenRod":0,"FossilizedHelix":13,"InkBottle":13,"Meat on the Bone":9},{"Girya":1,"Calipers":50,"Happy Flower":24,"Oddly Smooth Stone":1,"Runic Capacitor":0,"Incense Burner":1,"Ginger":1,"PrismaticShard":1,"Old Coin":33,"Calling Bell":33,"REME:ComplimentaryCards":0,"Lizard Tail":1,"Nunchaku":33,"Centennial Puzzle":81,"Ornamental Fan":33,"Necronomicon":37,"Coffee Dripper":65,"Toxic Egg 2":24,"Cracked Core":0,"TungstenRod":0,"FossilizedHelix":50,"InkBottle":50,"Meat on the Bone":26}],"InkBottle":[48],"Meat on the Bone":24},"card_choices":[{"not_picked":["Crescendo","Twin Strike","Deadly Poison"],"picked":"SKIP","floor":1.0},{"not_picked":["Perfected Strike","Burning Pact"],"picked":"EmptyBody","floor":2.0},{"not_picked":["FollowUp","Consecrate"],"picked":"Ball Lightning","floor":3.0},{"not_picked":["Auto Shields","Intimidate","Cleave"],"picked":"SKIP","floor":4.0},{"not_picked":["All Out Attack","Evaluate"],"picked":"Crescendo","floor":5.0},{"not_picked":["Consecrate","Cloak And Dagger","Adaptation"],"picked":"SKIP","floor":7.0},{"not_picked":["Battle Trance+1","Unload"],"picked":"Perseverance+1","floor":8.0},{"not_picked":["Distraction+1","Anger"],"picked":"Good Instincts+1","floor":12.0},{"not_picked":["DeusExMachina+1","Corpse Explosion+1"],"picked":"After Image","floor":16.0},{"not_picked":["JustLucky","Heel Hook"],"picked":"Force Field+1","floor":18.0},{"not_picked":["Streamline","Thunderclap"],"picked":"Flash of Steel+1","floor":24.0},{"not_picked":["Doom and Gloom","Bane"],"picked":"Compile Driver","floor":25.0},{"not_picked":["Storm","Anger+1"],"picked":"Doppelganger+1","floor":30.0},{"not_picked":["Ball Lightning","Flame Barrier+1","FlyingSleeves"],"picked":"SKIP","floor":31.0},{"not_picked":["Limit Break+1","Establishment"],"picked":"Thinking Ahead+1","floor":33.0},{"not_picked":["Deflect+1","Dodge and Roll+1","Cloak And Dagger+1"],"picked":"SKIP","floor":35.0},{"not_picked":["Swivel+1","FearNoEvil"],"picked":"Double Energy+1","floor":36.0},{"not_picked":["Sanctity+1","Deflect+1","Outmaneuver+1"],"picked":"SKIP","floor":39.0},{"not_picked":["Dark Embrace+1","Perfected Strike","Leap+1"],"picked":"SKIP","floor":41.0},{"not_picked":["Steam+1","Sword Boomerang"],"picked":"Skewer+1","floor":42.0},{"not_picked":["Sucker Punch","Buffer","Shrug It Off+1"],"picked":"SKIP","floor":44},{"not_picked":["Iron Wave+1","Darkness+1","Stack+1"],"picked":"SKIP","floor":46},{"not_picked":["Sword Boomerang","FlurryOfBlows+1","Underhanded Strike"],"picked":"SKIP","floor":47}],"player_experience":126254,"relics_obtained":[{"floor":8.0,"key":"Toxic Egg 2"},{"floor":9.0,"key":"Happy Flower"},{"floor":17.0,"key":"Nunchaku"},{"floor":17.0,"key":"Old Coin"},{"floor":17.0,"key":"Ornamental Fan"},{"floor":22.0,"key":"Necronomicon"},{"floor":25.0,"key":"FossilizedHelix"},{"floor":26.0,"key":"InkBottle"},{"floor":41.0,"key":"Centennial Puzzle"}],"event_choices":[{"cards_removed":["Defend_B"],"damage_healed":0.0,"max_hp_gain":0.0,"max_hp_loss":0.0,"gold_gain":0.0,"event_name":"Purifier","player_choice":"Purged","floor":10.0,"gold_loss":0.0,"damage_taken":0.0},{"cards_removed":["Defend_B"],"damage_healed":0.0,"max_hp_gain":0.0,"max_hp_loss":0.0,"gold_gain":0.0,"event_name":"Back to Basics","player_choice":"Elegance","floor":19.0,"gold_loss":0.0,"damage_taken":0.0},{"damage_healed":0.0,"max_hp_gain":0.0,"max_hp_loss":0.0,"gold_gain":0.0,"event_name":"The Library","player_choice":"Read","floor":20.0,"gold_loss":0.0,"damage_taken":0.0,"cards_obtained":["Glacier"]},{"damage_healed":0.0,"max_hp_gain":0.0,"max_hp_loss":0.0,"gold_gain":0.0,"event_name":"Ghosts","player_choice":"Ignored","floor":21.0,"gold_loss":0.0,"damage_taken":0.0},{"damage_healed":0.0,"max_hp_gain":0.0,"max_hp_loss":0.0,"gold_gain":0.0,"event_name":"Cursed Tome","player_choice":"Obtained Book","floor":22.0,"gold_loss":0.0,"damage_taken":16.0},{"damage_healed":0.0,"max_hp_gain":0.0,"max_hp_loss":0.0,"gold_gain":0.0,"event_name":"Wheel of Change","player_choice":"Cursed","floor":37.0,"gold_loss":0.0,"damage_taken":0.0,"cards_obtained":["Decay"]},{"cards_removed":["Ball Lightning"],"damage_healed":0,"gold_gain":0,"player_choice":"Removed Attack","damage_taken":0,"max_hp_gain":0,"max_hp_loss":0,"event_name":"Falling","floor":48,"gold_loss":0}],"is_beta":false,"boss_relics":[{"not_picked":["Tiny House","Snecko Eye"],"picked":"Calling Bell"},{"not_picked":["Philosopher\u0027s Stone","Pandora\u0027s Box"],"picked":"Coffee Dripper"}],"items_purged_floors":[0,0,38],"is_endless":false,"potions_floor_spawned":[2,4,5,7,18,30,36,41,46,47],"ascension_level":4}}