{"host":"hzswyuuwdl03wwzr","time":1612277489,"event":{"mods":["100% Spire Juice","ATMod(∞¢Ë™Mod)","AchievementEnabler","Act Like it!","BaseMod","Gensokyo","Hallownest","Marisa£®ÏF”Í°°ƒß¿Ì…≥£©","Minty Spire (QoL Compilation)","Prisma Mod","Reliquary","Remilia_Scarlet Moed£®¿Ÿ√◊¿Ú—«°§Àπø®¿◊Ãÿ£©3.3.5","Replay The Spire","StSLib","The Animator","The Bug Knight","The Cursed","The Servant 0.9.4","Warlord Emblem","Yakumo Yukari mod","Youmu£®ªÍ∆«—˝√Œ£©","°æπ¶ƒ‹Mod°øªÏ„Á÷Æª∑–ﬁ∏¥≤π∂°","°æ“≈ŒÔø®≈∆°øREMEMod"],"gold_per_floor":[113,113,38,38,54,54,68,68,68,68,68,68,68,83,83,181,181,198,198,198,118,41,41,41,41],"floor_reached":24,"language":"ZHS","playtime":594,"items_purged":["PrismaMod:IllyaCommonAttack"],"score":214,"play_id":"76c0b487-f2dd-496e-b236-3ad463df19d6","local_time":"20210202225129","is_ascension_mode":true,"campfire_choices":[{"data":"PrismaMod:IllyaUncommonDefend","floor":6.0,"key":"SMITH"},{"data":"PrismaMod:IllyaBlindPoisonToss","floor":11.0,"key":"SMITH"},{"floor":15.0,"key":"RECALL"},{"data":"PrismaMod:IllyaUberPoisonChannel","floor":23.0,"key":"SMITH"}],"circlet_count":0,"master_deck":["PrismaMod:IllyaCommonAttack","PrismaMod:IllyaUncommonAttack","PrismaMod:IllyaUncommonDefend+1","PrismaMod:IllyaDualEvoke","PrismaMod:IllyaMaid","Hallownest:skillLeafShield","Hallownest:skillLeafShield","Hallownest:skillLeafShield","Hallownest:skillLeafShield","Hallownest:skillLeafShield","PrismaMod:IllyaBlindPoisonToss+1","PrismaMod:IllyaUberPoisonChannel+1","PrismaMod:IllyaRussianRoulette","Hallownest:skillCityofTearsMap","PrismaMod:IllyaGrail"],"relics":["PrismaMod:PrismaRuby","AT_ATBox","REME_ComplimentaryCards","AT_RedNoBalance","Hallownest:SalubrasBlessingRelic","Hallownest:DreamNailRelic","Empty Cage","Toy Ornithopter"],"acts_visited":["Hallownest:Greenpath","Hallownest:CityofTears"],"potions_floor_usage":[24],"damage_taken":[{"damage":0.0,"enemies":"2_ Uuma","floor":1.0,"turns":7.0},{"damage":0.0,"enemies":"Hallownest:2_MossCreeps","floor":5.0,"turns":4.0},{"damage":0.0,"enemies":"Hallownest:monsterHuskGuard","floor":7.0,"turns":4.0},{"damage":3.0,"enemies":"Hallownest:MossCreep_and_Mosskin","floor":14.0,"turns":4.0},{"damage":35.0,"enemies":"Hallownest:BossFalseKnight","floor":16.0,"turns":8.0},{"damage":28.0,"enemies":"Hallownest:3_Youths","floor":18.0,"turns":6.0},{"damage":35,"enemies":"Hallownest:eliteWatcherKnight","floor":24,"turns":5}],"seed_played":"2484949959055199919","potions_obtained":[{"floor":7.0,"key":"Milkshake"},{"floor":16.0,"key":"Swift Potion"},{"floor":18.0,"key":"DistilledChaos"}],"is_trial":false,"path_per_floor":["M","?","$","?","M","R","M","T","T","?","R","?","$","M","R","B",null,"M","?","?","?","$","R","E"],"character_chosen":"ILLYA","items_purchased":["PrismaMod:IllyaGrail"],"campfire_rested":0,"item_purchase_floors":[22],"current_hp_per_floor":[75,75,75,75,75,75,75,75,75,75,75,75,75,34,34,2,75,9,9,23,23,23,23,0,0],"gold":41,"neow_bonus":"TRANSFORM_CARD","is_daily":false,"chose_seed":false,"campfire_upgraded":3,"win_rate":0.0,"timestamp":1612277489,"path_taken":["M","?","$","?","M","R","M","?","T","?","R","?","$","M","R","BOSS","M","?","?","?","$","R","E"],"items_purchased_type":["Card"],"build_version":"2020-12-22","purchased_purges":1,"victory":false,"max_hp_per_floor":[75,75,75,75,75,75,75,75,75,75,75,75,75,75,75,75,75,75,75,75,75,75,75,75,75],"card_choices":[{"not_picked":["PrismaMod:IllyaFriendMaker","PrismaMod:IllyaBerserCAR"],"picked":"PrismaMod:IllyaMaid","floor":1.0},{"not_picked":["PrismaMod:IllyaRapidFire","PrismaMod:IllyaEvokeAll","PrismaMod:IllyaBerserCAR"],"picked":"SKIP","floor":5.0},{"not_picked":["PrismaMod:IllyaCommandSeal","PrismaMod:IllyaCheapChannelPoison"],"picked":"PrismaMod:IllyaBlindPoisonToss","floor":7.0},{"not_picked":["PrismaMod:IllyaTestament","PrismaMod:IllyaGrailKun","PrismaMod:IllyaMinorZwei"],"picked":"SKIP","floor":14.0},{"not_picked":["PrismaMod:IllyaZwei","PrismaMod:IllyaInstallBerserker"],"picked":"PrismaMod:IllyaUberPoisonChannel","floor":16.0},{"not_picked":["PrismaMod:IllyaDualEvoke+1","PrismaMod:IllyaBlindPoisonToss"],"picked":"PrismaMod:IllyaRussianRoulette","floor":18.0}],"player_experience":42136,"relics_obtained":[{"floor":9.0,"key":"AT_SilverBalance"}],"event_choices":[],"is_beta":false,"boss_relics":[{"not_picked":["AT_TrinityForce","Ectoplasm"],"picked":"Empty Cage"}],"items_purged_floors":[3],"is_endless":false,"potions_floor_spawned":[7,16,18],"killed_by":"Hallownest:eliteWatcherKnight","ascension_level":1}}