{"host":"lktusdb9orijgc6z","time":1612261051,"event":{"mods":["BaseMod","Bestiary","Colored Map","Colored Powertips","Minty Spire (QoL Compilation)","Permanent Neow","Quick Restart","Relic Stats","StSLib","everything is the same but u backflip on backflip","slay the spire mod where everything is the same but ironclad has a cowboy hat"],"gold_per_floor":[110,124,124,141,157,157,2,28,79,92,367,385,18,46,46,141,141,151,164,8,107,107,107,138,148,148,178,75,88,113,131,131,231,231,246,262,317,330,380,410,410,439,439,451,152,152,179,212,212,212,212,212,12,40,40],"floor_reached":56,"language":"ENG","playtime":3322,"items_purged":["Regret","Strike_R","Strike_R","Strike_R"],"score":2215,"play_id":"24ae77bc-5693-42af-b606-db4b6bdaf81f","local_time":"20210202111731","is_ascension_mode":true,"campfire_choices":[{"data":"Cleave","floor":6.0,"key":"SMITH"},{"data":"Feed","floor":15.0,"key":"SMITH"},{"data":"Bludgeon","floor":23.0,"key":"SMITH"},{"data":"Fiend Fire","floor":32.0,"key":"SMITH"},{"data":"Feel No Pain","floor":46.0,"key":"SMITH"},{"floor":49.0,"key":"RECALL"},{"data":"1","floor":52.0,"key":"LIFT"}],"circlet_count":0,"master_deck":["AscendersBane","Strike_R","Strike_R","Defend_R","Defend_R+1","Defend_R+1","Defend_R","Bash+1","Cleave+1","Thunderclap","Pommel Strike","Pommel Strike","Feed+1","Bludgeon+1","Fire Breathing","Intimidate","Brutality","Fiend Fire+1","Corruption","Shrug It Off","Power Through","Ghostly Armor","Rupture+1","Carnage","Metallicize","Impervious","Battle Trance","Exhume","Shrug It Off+1","Heavy Blade+1","Seeing Red","Disarm+1","Disarm+1","Feel No Pain+1","The Bomb+1","Dual Wield+1","Shockwave+1","Panacea+1","Intimidate+1"],"relics":["Burning Blood","Blood Vial","Kunai","Regal Pillow","Oddly Smooth Stone","War Paint","Snecko Eye","Membership Card","Red Skull","Incense Burner","Orichalcum","Pear","Black Star","Dead Branch","Girya","Ornamental Fan","White Beast Statue","FossilizedHelix","Toxic Egg 2","Bird Faced Urn","Medical Kit","Calipers","CaptainsWheel","Centennial Puzzle","Unceasing Top","Art of War"],"acts_visited":["Exordium","TheCity","TheBeyond","TheEnding"],"potions_floor_usage":[55],"damage_taken":[{"damage":0.0,"enemies":"2 Louse","floor":1.0,"turns":4.0},{"damage":1.0,"enemies":"Cultist","floor":2.0,"turns":3.0},{"damage":18.0,"enemies":"Jaw Worm","floor":4.0,"turns":4.0},{"damage":11.0,"enemies":"Red Slaver","floor":5.0,"turns":4.0},{"damage":16.0,"enemies":"Gremlin Nob","floor":8.0,"turns":3.0},{"damage":9.0,"enemies":"2 Fungi Beasts","floor":10.0,"turns":2.0},{"damage":13.0,"enemies":"Blue Slaver","floor":12.0,"turns":2.0},{"damage":36.0,"enemies":"Lagavulin","floor":14.0,"turns":7.0},{"damage":18.0,"enemies":"Slime Boss","floor":16.0,"turns":8.0},{"damage":6.0,"enemies":"Shell Parasite","floor":18.0,"turns":4.0},{"damage":42.0,"enemies":"3 Byrds","floor":19.0,"turns":6.0},{"damage":27.0,"enemies":"Gremlin Leader","floor":24.0,"turns":7.0},{"damage":1.0,"enemies":"Snecko","floor":25.0,"turns":3.0},{"damage":20.0,"enemies":"Slavers","floor":27.0,"turns":4.0},{"damage":0.0,"enemies":"3 Cultists","floor":29.0,"turns":5.0},{"damage":20.0,"enemies":"Gremlin Leader","floor":30.0,"turns":5.0},{"damage":9.0,"enemies":"Sentry and Sphere","floor":31.0,"turns":5.0},{"damage":30.0,"enemies":"Collector","floor":33.0,"turns":7.0},{"damage":16.0,"enemies":"3 Shapes","floor":35.0,"turns":7.0},{"damage":6.0,"enemies":"3 Darklings","floor":36.0,"turns":4.0},{"damage":36.0,"enemies":"2 Orb Walkers","floor":37.0,"turns":6.0},{"damage":9.0,"enemies":"Transient","floor":38.0,"turns":5.0},{"damage":54.0,"enemies":"Mind Bloom Boss Battle","floor":39.0,"turns":8.0},{"damage":2.0,"enemies":"Reptomancer","floor":40.0,"turns":6.0},{"damage":5.0,"enemies":"Giant Head","floor":42.0,"turns":5.0},{"damage":6.0,"enemies":"Spire Growth","floor":44.0,"turns":8.0},{"damage":3.0,"enemies":"Reptomancer","floor":48.0,"turns":6.0},{"damage":4.0,"enemies":"Awakened One","floor":50.0,"turns":7.0},{"damage":0.0,"enemies":"Shield and Spear","floor":54.0,"turns":3.0},{"damage":52,"enemies":"The Heart","floor":55,"turns":7}],"seed_played":"-478213221145603353","potions_obtained":[{"floor":4.0,"key":"Fire Potion"},{"floor":5.0,"key":"Block Potion"},{"floor":12.0,"key":"Dexterity Potion"},{"floor":16.0,"key":"EssenceOfSteel"},{"floor":18.0,"key":"DuplicationPotion"},{"floor":19.0,"key":"PowerPotion"},{"floor":29.0,"key":"SteroidPotion"},{"floor":31.0,"key":"BloodPotion"},{"floor":35.0,"key":"BloodPotion"},{"floor":36.0,"key":"FearPotion"},{"floor":40.0,"key":"Dexterity Potion"},{"floor":54.0,"key":"PowerPotion"}],"is_trial":false,"path_per_floor":["M","M","?","M","M","R","$","E","T","M","?","M","$","E","R","B",null,"M","M","$","?","?","R","E","M","T","E","$","M","E","M","R","B",null,"M","M","?","M","?","E","?","E","T","M","$","R","T","E","R","B",null,"R","$","E","B",null],"character_chosen":"IRONCLAD","items_purchased":["Feed","Brutality","Oddly Smooth Stone","Membership Card","Shrug It Off","Carnage","Metallicize","Medical Kit","Feel No Pain","The Bomb+1","Dual Wield+1","Panacea+1","Centennial Puzzle"],"campfire_rested":0,"item_purchase_floors":[7,13,13,20,20,28,28,45,45,45,45,53,53],"current_hp_per_floor":[80,80,80,68,65,65,65,57,57,59,59,54,54,29,29,19,69,75,45,45,45,45,45,26,37,37,29,29,41,39,42,42,44,101,97,128,102,101,59,69,69,72,72,92,92,92,92,123,123,141,149,149,149,152,126],"gold":40,"neow_bonus":"RANDOM_COMMON_RELIC","is_daily":false,"chose_seed":false,"campfire_upgraded":5,"win_rate":0.0,"timestamp":1612261051,"path_taken":["M","M","?","M","M","R","?","E","T","M","?","M","$","E","R","BOSS","M","M","$","?","?","R","E","M","T","E","$","M","E","M","R","BOSS","M","M","?","M","?","E","?","E","T","M","$","R","?","E","R","BOSS","R","$","E","BOSS"],"items_purchased_type":["Card","Card","Relic","Relic","Card","Card","Card","Relic","Card","Card","Card","Card","Relic"],"build_version":"2020-12-22","purchased_purges":4,"victory":true,"max_hp_per_floor":[80,80,80,80,80,80,80,80,80,83,83,83,83,86,86,86,86,90,94,94,94,94,94,94,98,98,102,102,106,116,120,120,120,120,124,128,132,132,136,140,140,140,140,144,144,144,144,148,148,152,152,152,152,152,152],"relic_stats":{"Regal Pillow":0,"counters":[30,155],"Dead Branch":[257],"War Paint":["Defend_R","Defend_R"],"Orichalcum":[96],"Medical Kit":[14],"Burning Blood":169,"Blood Vial":52,"Centennial Puzzle":[2],"Ornamental Fan":[72],"Bird Faced Urn":[67],"Snecko Eye":[242,253,241,222],"Black Star":4,"Art of War":[2],"Kunai":[46],"obtain_stats":[{"Regal Pillow":9,"Calipers":48,"Incense Burner":26,"Burning Blood":0,"Blood Vial":0,"Centennial Puzzle":53,"Kunai":8,"Toxic Egg 2":42,"Red Skull":24,"Girya":39,"Pear":30,"Dead Branch":37,"Oddly Smooth Stone":13,"War Paint":14,"Orichalcum":27,"Medical Kit":45,"White Beast Statue":40,"CaptainsWheel":48,"Ornamental Fan":40,"Bird Faced Urn":43,"Snecko Eye":17,"Black Star":34,"Art of War":54,"Membership Card":20,"FossilizedHelix":42,"Unceasing Top":54},{"Regal Pillow":5,"Calipers":27,"Incense Burner":13,"Burning Blood":0,"Blood Vial":0,"Centennial Puzzle":28,"Kunai":5,"Toxic Egg 2":25,"Red Skull":12,"Girya":23,"Pear":16,"Dead Branch":21,"Oddly Smooth Stone":7,"War Paint":8,"Orichalcum":14,"Medical Kit":26,"White Beast Statue":24,"CaptainsWheel":27,"Ornamental Fan":24,"Bird Faced Urn":25,"Snecko Eye":9,"Black Star":18,"Art of War":29,"Membership Card":11,"FossilizedHelix":25,"Unceasing Top":29},{"Regal Pillow":18,"Calipers":138,"Incense Burner":57,"Burning Blood":0,"Blood Vial":0,"Centennial Puzzle":145,"Kunai":18,"Toxic Egg 2":124,"Red Skull":54,"Girya":113,"Pear":71,"Dead Branch":100,"Oddly Smooth Stone":22,"War Paint":29,"Orichalcum":61,"Medical Kit":132,"White Beast Statue":119,"CaptainsWheel":138,"Ornamental Fan":119,"Bird Faced Urn":124,"Snecko Eye":37,"Black Star":83,"Art of War":148,"Membership Card":47,"FossilizedHelix":124,"Unceasing Top":148}],"Unceasing Top":[0]},"card_choices":[{"not_picked":["True Grit","Wild Strike"],"picked":"Cleave","floor":1.0},{"not_picked":["Heavy Blade","Twin Strike"],"picked":"Thunderclap","floor":2.0},{"not_picked":["Clash","Perfected Strike"],"picked":"Pommel Strike","floor":4.0},{"not_picked":["Evolve","Second Wind"],"picked":"Pommel Strike","floor":5.0},{"not_picked":["Cleave","Havoc"],"picked":"Bludgeon","floor":8.0},{"not_picked":["Perfected Strike","Havoc"],"picked":"Fire Breathing","floor":10.0},{"not_picked":["Heavy Blade","Pummel"],"picked":"Intimidate","floor":12.0},{"not_picked":["Cleave","Shrug It Off"],"picked":"Fiend Fire","floor":14.0},{"not_picked":["Double Tap","Impervious"],"picked":"Corruption","floor":16.0},{"not_picked":["Rage","Havoc","Power Through"],"picked":"SKIP","floor":18.0},{"not_picked":["Sever Soul+1","Clash","Wild Strike+1"],"picked":"SKIP","floor":19.0},{"not_picked":["Body Slam","Iron Wave+1"],"picked":"Power Through","floor":24.0},{"not_picked":["Body Slam+1","Clash"],"picked":"Ghostly Armor","floor":25.0},{"not_picked":["Feed","Thunderclap"],"picked":"Rupture+1","floor":27.0},{"not_picked":["Twin Strike","Pommel Strike","Perfected Strike"],"picked":"SKIP","floor":29.0},{"not_picked":["Iron Wave","Warcry"],"picked":"Impervious","floor":30.0},{"not_picked":["Pommel Strike+1","Perfected Strike"],"picked":"Battle Trance","floor":31.0},{"not_picked":["Brutality","Corruption"],"picked":"Exhume","floor":33.0},{"not_picked":["Clash+1","Metallicize+1"],"picked":"Shrug It Off+1","floor":35.0},{"not_picked":["Inflame+1","Blood for Blood"],"picked":"Heavy Blade+1","floor":36.0},{"not_picked":["Evolve+1","Iron Wave+1"],"picked":"Seeing Red","floor":37.0},{"not_picked":["Perfected Strike+1","Body Slam+1","Pommel Strike+1"],"picked":"SKIP","floor":38.0},{"not_picked":["Rupture+1","Searing Blow"],"picked":"Disarm+1","floor":39.0},{"not_picked":["Immolate","Iron Wave","Heavy Blade+1"],"picked":"SKIP","floor":40.0},{"not_picked":["Flex+1","Limit Break+1"],"picked":"Disarm+1","floor":42.0},{"not_picked":["Warcry+1","Cleave","Headbutt"],"picked":"SKIP","floor":44.0},{"not_picked":["Warcry+1","Cleave","Headbutt"],"picked":"SKIP","floor":44.0},{"not_picked":["Bloodletting+1","Flex+1"],"picked":"Shockwave+1","floor":48.0},{"not_picked":["Blood for Blood","Flex+1"],"picked":"Intimidate+1","floor":54.0}],"player_experience":741044,"relics_obtained":[{"floor":8.0,"key":"Kunai"},{"floor":9.0,"key":"Regal Pillow"},{"floor":14.0,"key":"War Paint"},{"floor":24.0,"key":"Red Skull"},{"floor":26.0,"key":"Incense Burner"},{"floor":27.0,"key":"Orichalcum"},{"floor":30.0,"key":"Pear"},{"floor":37.0,"key":"Dead Branch"},{"floor":39.0,"key":"Girya"},{"floor":40.0,"key":"Ornamental Fan"},{"floor":40.0,"key":"White Beast Statue"},{"floor":42.0,"key":"FossilizedHelix"},{"floor":42.0,"key":"Toxic Egg 2"},{"floor":43.0,"key":"Bird Faced Urn"},{"floor":48.0,"key":"Calipers"},{"floor":48.0,"key":"CaptainsWheel"},{"floor":54.0,"key":"Unceasing Top"},{"floor":54.0,"key":"Art of War"}],"event_choices":[{"damage_healed":0.0,"max_hp_gain":0.0,"max_hp_loss":0.0,"gold_gain":0.0,"event_name":"Upgrade Shrine","player_choice":"Upgraded","floor":3.0,"gold_loss":0.0,"damage_taken":0.0,"cards_upgraded":["Bash"]},{"damage_healed":0.0,"max_hp_gain":0.0,"max_hp_loss":0.0,"gold_gain":275.0,"event_name":"Golden Shrine","player_choice":"Desecrate","floor":11.0,"gold_loss":0.0,"damage_taken":0.0,"cards_obtained":["Regret"]},{"damage_healed":0.0,"max_hp_gain":0.0,"max_hp_loss":0.0,"gold_gain":99.0,"event_name":"Nest","player_choice":"Stole From Cult","floor":21.0,"gold_loss":0.0,"damage_taken":0.0},{"damage_healed":0.0,"max_hp_gain":0.0,"max_hp_loss":0.0,"gold_gain":0.0,"event_name":"Beggar","player_choice":"Ignored","floor":22.0,"gold_loss":0.0,"damage_taken":0.0},{"damage_healed":0.0,"max_hp_gain":0.0,"max_hp_loss":0.0,"gold_gain":0.0,"event_name":"Mysterious Sphere","player_choice":"Fight","floor":37.0,"gold_loss":0.0,"damage_taken":0.0},{"damage_healed":0.0,"max_hp_gain":0.0,"max_hp_loss":0.0,"gold_gain":0.0,"event_name":"MindBloom","player_choice":"Fight","floor":39.0,"gold_loss":0.0,"damage_taken":0.0},{"damage_healed":0.0,"max_hp_gain":0.0,"max_hp_loss":0.0,"gold_gain":0.0,"event_name":"The Moai Head","player_choice":"Ignored","floor":41.0,"gold_loss":0.0,"damage_taken":0.0}],"is_beta":false,"boss_relics":[{"not_picked":["Cursed Key","Sozu"],"picked":"Snecko Eye"},{"not_picked":["Astrolabe","SlaversCollar"],"picked":"Black Star"}],"items_purged_floors":[13,28,45,53],"is_endless":false,"potions_floor_spawned":[4,5,12,16,18,19,29,31,35,36,40,42,44,48,54],"ascension_level":11}}