{"host":"i2s4iw62z1dejrqn","time":1612252400,"event":{"mods":["AchievementEnabler","BaseMod","Minty Spire (QoL Compilation)","Random Character Button","SuperFastMode"],"gold_per_floor":[111,36,50,63,13,47,47,79,79,108,121,136,165,135,135,239,239,256,268,129,143,53,53,53,53,53],"floor_reached":25,"language":"KOR","playtime":1031,"items_purged":["Defend_P","Defend_P"],"score":428,"play_id":"f460759b-0164-438d-9096-40f975954210","local_time":"20210202165320","is_ascension_mode":true,"campfire_choices":[{"data":"Eruption","floor":7.0,"key":"SMITH"},{"data":"MentalFortress","floor":15.0,"key":"SMITH"},{"data":"Alpha","floor":23.0,"key":"SMITH"}],"circlet_count":0,"master_deck":["Strike_P","Strike_P","Strike_P","Strike_P","Defend_P","Eruption+1","Vigilance","Vengeance","InnerPeace","MentalFortress+1","Alpha+1","MentalFortress","MentalFortress","Purity","RitualDagger"],"relics":["PureWater","NeowsBlessing","StrikeDummy","Meat on the Bone","Gremlin Horn","Ancient Tea Set","Bird Faced Urn","SlaversCollar"],"acts_visited":["Exordium","TheCity"],"potions_floor_usage":[25,25],"damage_taken":[{"damage":0.0,"enemies":"Small Slimes","floor":1.0,"turns":2.0},{"damage":0.0,"enemies":"Cultist","floor":3.0,"turns":1.0},{"damage":0.0,"enemies":"Jaw Worm","floor":4.0,"turns":1.0},{"damage":4.0,"enemies":"3 Sentries","floor":6.0,"turns":6.0},{"damage":12.0,"enemies":"Lagavulin","floor":8.0,"turns":4.0},{"damage":14.0,"enemies":"3 Sentries","floor":10.0,"turns":6.0},{"damage":6.0,"enemies":"Looter","floor":11.0,"turns":2.0},{"damage":0.0,"enemies":"2 Fungi Beasts","floor":12.0,"turns":2.0},{"damage":0.0,"enemies":"Gremlin Nob","floor":13.0,"turns":2.0},{"damage":0.0,"enemies":"Hexaghost","floor":16.0,"turns":7.0},{"damage":13.0,"enemies":"3 Byrds","floor":18.0,"turns":3.0},{"damage":28.0,"enemies":"Shell Parasite","floor":19.0,"turns":4.0},{"damage":23.0,"enemies":"Shelled Parasite and Fungi","floor":21.0,"turns":5.0},{"damage":38,"enemies":"Slavers","floor":25,"turns":2}],"seed_played":"893331043792874833","potions_obtained":[{"floor":1.0,"key":"BlessingOfTheForge"},{"floor":3.0,"key":"StancePotion"},{"floor":6.0,"key":"DistilledChaos"},{"floor":11.0,"key":"GamblersBrew"},{"floor":14.0,"key":"EssenceOfSteel"},{"floor":14.0,"key":"SkillPotion"},{"floor":18.0,"key":"Ancient Potion"},{"floor":21.0,"key":"Strength Potion"}],"is_trial":false,"path_per_floor":["M","$","M","M","?","E","R","E","T","E","M","M","E","?","R","B",null,"M","M","$","M","$","R","?","E"],"character_chosen":"WATCHER","items_purchased":["MentalFortress","Purity"],"campfire_rested":0,"item_purchase_floors":[20,22],"current_hp_per_floor":[65,65,65,65,65,61,61,49,49,47,41,41,41,41,41,43,65,56,42,42,37,37,37,31,0,0],"gold":53,"neow_bonus":"THREE_ENEMY_KILL","is_daily":false,"chose_seed":false,"campfire_upgraded":3,"win_rate":0.0,"timestamp":1612252400,"path_taken":["M","$","M","M","?","E","R","E","T","E","M","M","E","?","R","BOSS","M","M","$","M","$","R","?","E"],"items_purchased_type":["Card","Card"],"build_version":"2020-12-22","purchased_purges":2,"victory":false,"max_hp_per_floor":[72,72,72,72,72,72,72,72,72,72,72,72,72,72,72,72,72,72,72,72,72,72,72,72,72,72],"card_choices":[{"not_picked":["Meditate","DeceiveReality","CrushJoints"],"picked":"SKIP","floor":1.0},{"not_picked":["FollowUp","Halt","BowlingBash"],"picked":"SKIP","floor":3.0},{"not_picked":["FlurryOfBlows","EmptyBody","Halt"],"picked":"SKIP","floor":4.0},{"not_picked":["Conclude","Worship"],"picked":"Vengeance","floor":6.0},{"not_picked":["WreathOfFlame","Tantrum"],"picked":"InnerPeace","floor":8.0},{"not_picked":["Evaluate","Prostrate"],"picked":"MentalFortress","floor":10.0},{"not_picked":["CutThroughFate","EmptyBody","Meditate"],"picked":"SKIP","floor":11.0},{"not_picked":["BowlingBash","Weave","Crescendo"],"picked":"SKIP","floor":12.0},{"not_picked":["WindmillStrike","Evaluate","WaveOfTheHand"],"picked":"SKIP","floor":13.0},{"not_picked":["Scrawl","SpiritShield"],"picked":"Alpha","floor":16.0},{"not_picked":["FlyingSleeves","Protect","Study"],"picked":"SKIP","floor":18.0},{"not_picked":["FollowUp+1","Halt","FlurryOfBlows+1"],"picked":"SKIP","floor":19.0},{"not_picked":["SashWhip","WheelKick"],"picked":"MentalFortress","floor":21.0}],"player_experience":457537,"relics_obtained":[{"floor":6.0,"key":"StrikeDummy"},{"floor":8.0,"key":"Meat on the Bone"},{"floor":9.0,"key":"Gremlin Horn"},{"floor":10.0,"key":"Ancient Tea Set"},{"floor":13.0,"key":"Bird Faced Urn"}],"event_choices":[{"cards_removed":["Defend_P"],"damage_healed":0.0,"max_hp_gain":0.0,"max_hp_loss":0.0,"gold_gain":0.0,"event_name":"The Cleric","player_choice":"Card Removal","floor":5.0,"gold_loss":50.0,"damage_taken":0.0},{"damage_healed":0.0,"max_hp_gain":0.0,"max_hp_loss":0.0,"gold_gain":0.0,"event_name":"The Woman in Blue","player_choice":"Bought 2 Potions","floor":14.0,"gold_loss":0.0,"damage_taken":0.0},{"damage_healed":0.0,"max_hp_gain":0.0,"max_hp_loss":0.0,"gold_gain":0.0,"event_name":"Nest","player_choice":"Joined the Cult","floor":24.0,"gold_loss":0.0,"damage_taken":6.0,"cards_obtained":["RitualDagger"]}],"is_beta":false,"boss_relics":[{"not_picked":["Ectoplasm","Runic Dome"],"picked":"SlaversCollar"}],"items_purged_floors":[2,20],"is_endless":false,"potions_floor_spawned":[1,3,6,11,18,21],"killed_by":"Slavers","ascension_level":8}}