{"host":"5jyeqch4fosnsiz2","time":1612227814,"event":{"mods":["BaseMod","Bestiary","Colored Map","Colored Powertips","Filter the Spire","Minty Spire (QoL Compilation)","Relic Stats","StSLib","Waifu the Spire","ojb\u0027s Better Paths Mod","ojb\u0027s Info Mod"],"gold_per_floor":[115,130,157,170,183,210,221,233,233,233,262,280,66,66,66,167,167,183,56,56,56,71,71,89,44,44,56,84,84,104,114,114,213,213,225,275,275,275,289,321,321,321,321,321,40,54,54,64,64,64,64,64,30,30,30],"floor_reached":54,"language":"ENG","playtime":2378,"items_purged":["Strike_G","Strike_G","Strike_G"],"score":749,"play_id":"a0474018-621d-480e-95c5-001e9df9f213","local_time":"20210201200334","is_ascension_mode":false,"campfire_choices":[{"data":"Well Laid Plans","floor":10,"key":"SMITH"},{"data":"Footwork","floor":15,"key":"SMITH"},{"data":"Blade Dance","floor":23,"key":"SMITH"},{"data":"Wraith Form v2","floor":32,"key":"SMITH"},{"data":"1","floor":44,"key":"LIFT"},{"data":"2","floor":47,"key":"LIFT"},{"floor":49,"key":"RECALL"},{"data":"3","floor":52,"key":"LIFT"}],"circlet_count":0,"master_deck":["Strike_G","Strike_G","Defend_G","Defend_G","Defend_G","Defend_G","Defend_G","Survivor","Backflip","Sucker Punch","Acrobatics","Blade Dance+1","Well Laid Plans+1","Dagger Spray","All Out Attack","Dodge and Roll","Footwork+1","Dagger Spray","A Thousand Cuts","Masterful Stab+1","Flying Knee","Masterful Stab+1","Infinite Blades","Cloak And Dagger","Deflect","Wraith Form v2+1","Ghostly+1","Ghostly","Ghostly","Ghostly","Ghostly","Predator+1","Corpse Explosion","Backflip+1","Footwork"],"relics":["Philosopher\u0027s Stone","Toy Ornithopter","Bottled Flame","Meat on the Bone","Turnip","Runic Dome","MutagenicStrength","InkBottle","Omamori","WristBlade","Girya","Ornamental Fan","Happy Flower"],"acts_visited":["Exordium","TheCity","TheBeyond","TheEnding"],"potions_floor_usage":[6,11,16,16,24,28,31,50,54,54],"damage_taken":[{"damage":3,"enemies":"Cultist","floor":1,"turns":5},{"damage":0,"enemies":"2 Louse","floor":2,"turns":3},{"damage":0,"enemies":"Small Slimes","floor":4,"turns":3},{"damage":8,"enemies":"Exordium Thugs","floor":5,"turns":6},{"damage":36,"enemies":"Gremlin Nob","floor":6,"turns":6},{"damage":1,"enemies":"2 Fungi Beasts","floor":7,"turns":4},{"damage":1,"enemies":"3 Louse","floor":8,"turns":2},{"damage":23,"enemies":"Lagavulin","floor":11,"turns":7},{"damage":1,"enemies":"Blue Slaver","floor":12,"turns":3},{"damage":1,"enemies":"Hexaghost","floor":16,"turns":16},{"damage":5,"enemies":"Shell Parasite","floor":18,"turns":6},{"damage":20,"enemies":"2 Thieves","floor":22,"turns":4},{"damage":21,"enemies":"3 Cultists","floor":24,"turns":4},{"damage":8,"enemies":"Chosen and Byrds","floor":27,"turns":3},{"damage":20,"enemies":"Gremlin Leader","floor":28,"turns":5},{"damage":30,"enemies":"Cultist and Chosen","floor":30,"turns":10},{"damage":3,"enemies":"Snake Plant","floor":31,"turns":6},{"damage":10,"enemies":"Automaton","floor":33,"turns":13},{"damage":1,"enemies":"3 Shapes","floor":35,"turns":2},{"damage":0,"enemies":"Mind Bloom Boss Battle","floor":36,"turns":5},{"damage":0,"enemies":"Orb Walker","floor":39,"turns":3},{"damage":8,"enemies":"Nemesis","floor":40,"turns":9},{"damage":0,"enemies":"Sphere and 2 Shapes","floor":46,"turns":4},{"damage":0,"enemies":"3 Darklings","floor":48,"turns":3},{"damage":2,"enemies":"Donu and Deca","floor":50,"turns":9},{"damage":37,"enemies":"Shield and Spear","floor":54,"turns":3}],"seed_played":"-3648411805356284842","potions_obtained":[{"floor":4,"key":"Block Potion"},{"floor":6,"key":"SkillPotion"},{"floor":11,"key":"SpeedPotion"},{"floor":12,"key":"DistilledChaos"},{"floor":21,"key":"CultistPotion"},{"floor":21,"key":"Strength Potion"},{"floor":27,"key":"Weak Potion"},{"floor":30,"key":"AttackPotion"},{"floor":31,"key":"EntropicBrew"},{"floor":33,"key":"Block Potion"}],"is_trial":false,"path_per_floor":["M","M","T","M","M","E","M","M","T","R","E","M","$","?","R","B",null,"M","$","?","?","M","R","M","$","T","M","E","?","M","M","R","B",null,"M","?","?","?","M","E","?","?","T","R","$","M","R","M","R","B",null,"R","$","E"],"character_chosen":"THE_SILENT","items_purchased":["Footwork","GhostInAJar","Flying Knee","Cloak And Dagger","Happy Flower","Footwork"],"campfire_rested":0,"item_purchase_floors":[13,13,19,25,45,53],"current_hp_per_floor":[67,67,67,67,59,28,27,26,26,26,20,31,31,31,31,40,70,65,65,65,65,45,45,41,41,41,45,42,35,17,19,19,21,35,34,34,34,34,34,26,26,26,26,26,26,26,26,26,26,29,33,33,33,0,0],"gold":30,"neow_bonus":"BOSS_RELIC","is_daily":false,"chose_seed":false,"campfire_upgraded":4,"win_rate":0.0,"timestamp":1612227814,"path_taken":["M","M","?","M","M","E","?","M","T","R","E","M","$","?","R","BOSS","M","$","?","?","?","R","M","$","T","M","E","?","M","M","R","BOSS","M","?","?","?","?","E","?","?","T","R","?","M","R","M","R","BOSS","R","$","E"],"items_purchased_type":["Card","Potion","Card","Card","Relic","Card"],"build_version":"2020-12-22","purchased_purges":3,"victory":false,"max_hp_per_floor":[70,70,70,70,70,70,70,70,70,70,70,70,70,70,70,70,70,70,70,70,70,70,70,70,70,70,70,70,35,35,35,35,35,35,35,35,35,35,35,35,35,33,33,33,33,33,33,33,33,33,33,33,33,33,33],"relic_stats":{"Happy Flower":[6],"counters":[26,144],"Ornamental Fan":[44],"Turnip":[11],"obtain_stats":[{"Girya":36,"Happy Flower":45,"Omamori":28,"Runic Dome":17,"Bottled Flame":6,"WristBlade":34,"Ornamental Fan":40,"MutagenicStrength":20,"Philosopher\u0027s Stone":0,"Turnip":11,"Toy Ornithopter":3,"InkBottle":26,"Ring of the Snake":0,"Meat on the Bone":9},{"Girya":20,"Happy Flower":22,"Omamori":15,"Runic Dome":10,"Bottled Flame":5,"WristBlade":18,"Ornamental Fan":22,"MutagenicStrength":11,"Philosopher\u0027s Stone":0,"Turnip":8,"Toy Ornithopter":2,"InkBottle":13,"Ring of the Snake":0,"Meat on the Bone":7},{"Girya":113,"Happy Flower":125,"Omamori":77,"Runic Dome":55,"Bottled Flame":23,"WristBlade":106,"Ornamental Fan":125,"MutagenicStrength":61,"Philosopher\u0027s Stone":0,"Turnip":36,"Toy Ornithopter":8,"InkBottle":69,"Ring of the Snake":0,"Meat on the Bone":29}],"Toy Ornithopter":40,"InkBottle":[45],"Meat on the Bone":84},"card_choices":[{"not_picked":["Calculated Gamble","Underhanded Strike"],"picked":"Backflip","floor":1},{"not_picked":["Outmaneuver","Quick Slash"],"picked":"Sucker Punch","floor":2},{"not_picked":["Concentrate","Bane"],"picked":"Acrobatics","floor":4},{"not_picked":["Dodge and Roll","After Image"],"picked":"Blade Dance","floor":5},{"not_picked":["Masterful Stab","Escape Plan"],"picked":"Well Laid Plans","floor":6},{"not_picked":["Prepared","Reflex"],"picked":"Dagger Spray","floor":7},{"not_picked":["Dodge and Roll","Deadly Poison"],"picked":"All Out Attack","floor":8},{"not_picked":["Concentrate","Sucker Punch"],"picked":"Choke","floor":11},{"not_picked":["Prepared","Deadly Poison"],"picked":"Dodge and Roll","floor":12},{"not_picked":["Unload","After Image"],"picked":"A Thousand Cuts","floor":16},{"not_picked":["Poisoned Stab","Deflect"],"picked":"Masterful Stab+1","floor":18},{"not_picked":["Slice","Reflex"],"picked":"Masterful Stab+1","floor":22},{"not_picked":["Poisoned Stab+1","PiercingWail"],"picked":"Infinite Blades","floor":24},{"not_picked":["Bouncing Flask","Outmaneuver"],"picked":"Deflect","floor":27},{"not_picked":["PiercingWail+1","Endless Agony"],"picked":"Wraith Form v2","floor":28},{"not_picked":["Acrobatics","Dagger Throw"],"picked":"Predator+1","floor":30},{"not_picked":["Poisoned Stab","Flechettes","Dash"],"picked":"SKIP","floor":31},{"not_picked":["Wraith Form v2","Die Die Die"],"picked":"Corpse Explosion","floor":33},{"not_picked":["Sucker Punch","Dagger Spray+1","Expertise+1"],"picked":"SKIP","floor":35},{"not_picked":["Footwork","Deadly Poison"],"picked":"Backflip+1","floor":39},{"not_picked":["Underhanded Strike+1","Deadly Poison+1","Adrenaline"],"picked":"SKIP","floor":40},{"not_picked":["Setup","Prepared","Endless Agony+1"],"picked":"SKIP","floor":46},{"not_picked":["All Out Attack+1","Underhanded Strike","Crippling Poison"],"picked":"SKIP","floor":48}],"player_experience":373112,"relics_obtained":[{"floor":3,"key":"Toy Ornithopter"},{"floor":6,"key":"Bottled Flame"},{"floor":9,"key":"Meat on the Bone"},{"floor":11,"key":"Turnip"},{"floor":26,"key":"InkBottle"},{"floor":28,"key":"Omamori"},{"floor":36,"key":"Girya"},{"floor":40,"key":"Ornamental Fan"}],"event_choices":[{"cards_removed":["Choke"],"damage_healed":0,"gold_gain":0,"player_choice":"Took Card","damage_taken":0,"max_hp_gain":0,"max_hp_loss":0,"event_name":"NoteForYourself","floor":14,"gold_loss":0,"cards_obtained":["Dagger Spray"]},{"damage_healed":0,"gold_gain":0,"player_choice":"Inject Mutagens","damage_taken":0,"relics_obtained":["MutagenicStrength"],"max_hp_gain":0,"max_hp_loss":0,"event_name":"Drug Dealer","floor":20,"gold_loss":0},{"damage_healed":0,"gold_gain":0,"player_choice":"Got Potions","damage_taken":0,"max_hp_gain":0,"max_hp_loss":0,"event_name":"Lab","floor":21,"gold_loss":0},{"damage_healed":0,"gold_gain":0,"player_choice":"Became a Ghost","damage_taken":0,"max_hp_gain":0,"max_hp_loss":35,"event_name":"Ghosts","floor":29,"gold_loss":0,"cards_obtained":["Ghostly","Ghostly","Ghostly","Ghostly","Ghostly"]},{"damage_healed":0,"gold_gain":0,"player_choice":"Fight","damage_taken":0,"max_hp_gain":0,"max_hp_loss":0,"event_name":"MindBloom","floor":36,"gold_loss":0},{"damage_healed":0,"gold_gain":0,"player_choice":"Ignored","damage_taken":0,"max_hp_gain":0,"max_hp_loss":0,"event_name":"Tomb of Lord Red Mask","floor":37,"gold_loss":0},{"damage_healed":0,"gold_gain":0,"player_choice":"Upgraded","damage_taken":0,"max_hp_gain":0,"max_hp_loss":0,"event_name":"Upgrade Shrine","floor":38,"gold_loss":0,"cards_upgraded":["Ghostly"]},{"cards_removed":["Neutralize"],"damage_healed":0,"gold_gain":0,"player_choice":"Removed Attack","damage_taken":0,"max_hp_gain":0,"max_hp_loss":0,"event_name":"Falling","floor":41,"gold_loss":0},{"damage_healed":0,"gold_gain":0,"player_choice":"Max HP","damage_taken":0,"max_hp_gain":0,"max_hp_loss":2,"event_name":"Winding Halls","floor":42,"gold_loss":0}],"is_beta":false,"boss_relics":[{"not_picked":["Sozu","Snecko Eye"],"picked":"Runic Dome"},{"not_picked":["Cursed Key","Tiny House"],"picked":"WristBlade"}],"items_purged_floors":[13,19,45],"is_endless":false,"potions_floor_spawned":[4,6,11,12,22,27,30,31,33,35,36,48],"killed_by":"Shield and Spear","ascension_level":0}}