{"host":"vyjryxuuuxkt43k4","time":1612278496,"event":{"mods":["AchievementEnabler","BaseMod","Colored Map","DeckTracker","Keyboard Shortcuts","Minty Spire (QoL Compilation)","Permanent Neow","Quick Restart","Rare Cards Sparkle","Relic Stats","StSLib","SuperFastMode","everything is the same but u backflip on backflip"],"gold_per_floor":[114,39,39,50,68,100,100,129,129,208,208,208],"floor_reached":11,"language":"KOR","playtime":233,"items_purged":[],"score":146,"play_id":"dccda4b8-11a6-4eff-b24b-b956bdf399c1","local_time":"20210203000816","is_ascension_mode":true,"campfire_choices":[{"data":"Poisoned Stab","floor":7,"key":"SMITH"}],"circlet_count":0,"master_deck":["AscendersBane","Strike_G","Strike_G","Strike_G","Defend_G","Defend_G","Defend_G","Defend_G","Defend_G","Survivor","Neutralize","Backstab","Crippling Poison","Poisoned Stab+1","Flechettes","Escape Plan"],"relics":["Ring of the Snake","NeowsBlessing","Kunai","Meat on the Bone","Eternal Feather"],"acts_visited":["Exordium"],"potions_floor_usage":[6],"damage_taken":[{"damage":0.0,"enemies":"Jaw Worm","floor":1.0,"turns":1.0},{"damage":0.0,"enemies":"Cultist","floor":4.0,"turns":1.0},{"damage":0.0,"enemies":"2 Louse","floor":5.0,"turns":1.0},{"damage":20,"enemies":"Gremlin Nob","floor":6,"turns":4},{"damage":33,"enemies":"Lagavulin","floor":8,"turns":7},{"damage":7,"enemies":"Gremlin Nob","floor":11,"turns":2}],"seed_played":"-1585174520174829413","potions_obtained":[{"floor":1.0,"key":"BlessingOfTheForge"}],"is_trial":false,"path_per_floor":["M","?","?","M","M","E","R","E","T","?","E"],"character_chosen":"THE_SILENT","items_purchased":[],"campfire_rested":0,"item_purchase_floors":[],"current_hp_per_floor":[59,59,59,59,59,39,39,6,6,6,0,0],"gold":208,"neow_bonus":"THREE_ENEMY_KILL","is_daily":false,"chose_seed":false,"campfire_upgraded":1,"win_rate":0.0,"timestamp":1612278496,"path_taken":["M","?","?","?","M","E","R","E","T","?","E"],"items_purchased_type":[],"build_version":"2020-12-22","purchased_purges":0,"victory":false,"max_hp_per_floor":[66,66,66,66,66,66,66,66,66,66,66,66],"relic_stats":{"counters":[6,16],"Eternal Feather":0,"Kunai":[3],"obtain_stats":[{"NeowsBlessing":0,"Eternal Feather":9,"Kunai":6,"Ring of the Snake":0,"Meat on the Bone":8},{"NeowsBlessing":0,"Eternal Feather":5,"Kunai":4,"Ring of the Snake":0,"Meat on the Bone":5},{"NeowsBlessing":0,"Eternal Feather":14,"Kunai":7,"Ring of the Snake":0,"Meat on the Bone":14}],"Ring of the Snake":[12],"Meat on the Bone":0},"card_choices":[{"not_picked":["Cloak And Dagger","PiercingWail"],"picked":"Backstab","floor":1.0},{"not_picked":["Distraction","Dagger Throw"],"picked":"Crippling Poison","floor":4.0},{"not_picked":["Quick Slash","Choke"],"picked":"Poisoned Stab","floor":5.0},{"not_picked":["Sucker Punch","Concentrate"],"picked":"Flechettes","floor":6},{"not_picked":["Outmaneuver","Quick Slash"],"picked":"Escape Plan","floor":8}],"player_experience":634630,"relics_obtained":[{"floor":6,"key":"Kunai"},{"floor":8,"key":"Meat on the Bone"},{"floor":9,"key":"Eternal Feather"}],"event_choices":[{"cards_removed":["Strike_G"],"damage_healed":0.0,"max_hp_gain":0.0,"max_hp_loss":0.0,"gold_gain":0.0,"event_name":"The Cleric","player_choice":"Card Removal","floor":2.0,"gold_loss":75.0,"damage_taken":0.0},{"cards_removed":["Strike_G"],"damage_healed":0.0,"max_hp_gain":0.0,"max_hp_loss":0.0,"gold_gain":0.0,"event_name":"Bonfire Elementals","player_choice":"Offered Basic","floor":3.0,"gold_loss":0.0,"damage_taken":0.0},{"damage_healed":0,"gold_gain":79,"player_choice":"Gained Gold","damage_taken":0,"max_hp_gain":0,"max_hp_loss":0,"event_name":"Golden Wing","floor":10,"gold_loss":0}],"is_beta":false,"boss_relics":[],"items_purged_floors":[],"is_endless":false,"potions_floor_spawned":[1],"killed_by":"Gremlin Nob","ascension_level":16}}