{"host":"rantoq7h0pygex6x","time":1612271811,"event":{"mods":["AchievementEnabler","BaseMod","BetterRewards","Minty Spire (QoL Compilation)"],"gold_per_floor":[115,56,56,75,90,90,111,111,111,111,261,285,285,85,85,184,184,203,203,203,219,69,69,107,107,107,57,76,76,76],"floor_reached":29,"language":"ENG","playtime":1081,"items_purged":["Defend_B","Strike_B","Doubt","Strike_B"],"score":666,"play_id":"223cecff-9986-4a24-a732-11bc273d25b9","local_time":"20210202211651","is_ascension_mode":true,"campfire_choices":[{"data":"Defragment","floor":6.0,"key":"SMITH"},{"data":"Defragment","floor":8.0,"key":"SMITH"},{"data":"Zap","floor":10.0,"key":"SMITH"},{"floor":15.0,"key":"REST"},{"data":"Defragment","floor":23.0,"key":"SMITH"},{"floor":25,"key":"REST"}],"circlet_count":0,"master_deck":["AscendersBane","Strike_B","Strike_B","Defend_B","Defend_B","Defend_B","Zap+1","Dualcast","Conserve Battery","Skim","Leap","Self Repair","Streamline","Loop","FTL","Stack","Self Repair","Defragment+1","Cold Snap","Conserve Battery","Loop","Defragment+1","Coolheaded","Defragment+1","Amplify","Barrage+1","Capacitor","Buffer","Ball Lightning"],"relics":["Cracked Core","Golden Idol","Pear","Lizard Tail","Art of War"],"acts_visited":["Exordium","TheCity"],"potions_floor_usage":[24,28],"damage_taken":[{"damage":2.0,"enemies":"Cultist","floor":1.0,"turns":4.0},{"damage":3.0,"enemies":"2 Louse","floor":4.0,"turns":3.0},{"damage":6.0,"enemies":"Jaw Worm","floor":5.0,"turns":4.0},{"damage":4.0,"enemies":"Looter","floor":7.0,"turns":3.0},{"damage":24.0,"enemies":"3 Louse","floor":12.0,"turns":3.0},{"damage":17.0,"enemies":"Slime Boss","floor":16.0,"turns":12.0},{"damage":6.0,"enemies":"Spheric Guardian","floor":18.0,"turns":5.0},{"damage":0.0,"enemies":"3 Byrds","floor":20.0,"turns":2.0},{"damage":20.0,"enemies":"Snake Plant","floor":21.0,"turns":5.0},{"damage":63,"enemies":"Book of Stabbing","floor":24,"turns":8},{"damage":37,"enemies":"Shelled Parasite and Fungi","floor":28,"turns":6},{"damage":72,"enemies":"Slavers","floor":29,"turns":3}],"seed_played":"6430984510754840282","potions_obtained":[{"floor":1.0,"key":"Dexterity Potion"},{"floor":4.0,"key":"Fire Potion"},{"floor":18.0,"key":"SmokeBomb"},{"floor":24,"key":"BlessingOfTheForge"}],"is_trial":false,"path_per_floor":["M","$","?","M","M","R","M","R","T","R","?","M","?","$","R","B",null,"M","?","M","M","$","R","E","R","T","$","M","E"],"character_chosen":"DEFECT","items_purchased":["Conserve Battery","Skim","Self Repair","ClockworkSouvenir","Loop","FTL","Stack","Self Repair","Conserve Battery","Defragment","Ball Lightning"],"campfire_rested":2,"item_purchase_floors":[0,0,0,0,0,0,0,0,2,14,27],"current_hp_per_floor":[34,34,10,21,22,22,25,25,35,35,35,25,25,25,49,46,72,80,80,80,67,67,67,18,42,42,42,25,0,0],"gold":76,"neow_bonus":"","is_daily":false,"chose_seed":false,"campfire_upgraded":4,"win_rate":0.0,"timestamp":1612271811,"path_taken":["M","?","?","?","M","R","M","R","T","R","?","M","?","$","R","BOSS","M","?","M","?","?","R","E","R","T","$","M","E"],"items_purchased_type":["Card","Card","Card","Relic","Card","Card","Card","Card","Card","Card","Card"],"build_version":"2020-12-22","purchased_purges":4,"victory":false,"max_hp_per_floor":[71,71,71,71,71,71,71,71,81,81,81,81,81,81,81,81,81,81,81,81,81,81,81,81,81,81,81,81,81,81],"card_choices":[{"not_picked":["Stack","Lockon"],"picked":"Cold Snap","floor":1.0},{"not_picked":["Gash","Turbo"],"picked":"Loop","floor":4.0},{"not_picked":["Redo","Tempest"],"picked":"Defragment","floor":5.0},{"not_picked":["Reprogram","Cold Snap"],"picked":"Coolheaded","floor":7.0},{"not_picked":["Chill","Hello World","Cold Snap"],"picked":"SKIP","floor":12.0},{"not_picked":["Rainbow","Creative AI"],"picked":"Amplify","floor":16.0},{"not_picked":["Go for the Eyes","Beam Cell"],"picked":"Barrage+1","floor":18.0},{"not_picked":["Gash","Stack","Barrage+1"],"picked":"SKIP","floor":21.0},{"not_picked":["Recycle","Genetic Algorithm+1","Beam Cell"],"picked":"SKIP","floor":24},{"not_picked":["Redo","Genetic Algorithm","Heatsinks"],"picked":"SKIP","floor":28}],"player_experience":971359,"relics_obtained":[{"floor":9.0,"key":"Pear"},{"floor":24,"key":"Lizard Tail"},{"floor":26,"key":"Art of War"}],"event_choices":[{"damage_healed":0.0,"max_hp_gain":0.0,"max_hp_loss":0.0,"gold_gain":0.0,"event_name":"Golden Idol","player_choice":"Take Damage","floor":3.0,"gold_loss":0.0,"damage_taken":24.0,"relics_obtained":["Golden Idol"]},{"damage_healed":0.0,"max_hp_gain":0.0,"max_hp_loss":0.0,"gold_gain":150.0,"event_name":"Liars Game","player_choice":"AGREE","floor":11.0,"gold_loss":0.0,"damage_taken":0.0,"cards_obtained":["Doubt"]},{"damage_healed":0.0,"max_hp_gain":0.0,"max_hp_loss":0.0,"gold_gain":0.0,"event_name":"Shining Light","player_choice":"Ignored","floor":13.0,"gold_loss":0.0,"damage_taken":0.0},{"damage_healed":0.0,"max_hp_gain":0.0,"max_hp_loss":0.0,"gold_gain":0.0,"event_name":"Match and Keep!","player_choice":"2 cards matched","floor":19.0,"gold_loss":0.0,"damage_taken":0.0,"cards_obtained":["Capacitor","Buffer"]}],"is_beta":false,"boss_relics":[{"not_picked":["Ectoplasm","Snecko Eye","Pandora\u0027s Box"]}],"items_purged_floors":[0,0,14,22],"is_endless":false,"potions_floor_spawned":[1,4,18,20,24],"killed_by":"Slavers","ascension_level":20}}