{"host":"290egjt91b2tngam","time":1612273024,"event":{"mods":["BaseMod","Colored Map","Colored Powertips","Downfall","Hubris","Infinite Spire","Marisa????????","Minty Spire (QoL Compilation)","Replay The Spire","StSLib","The Bug Knight","The Cursed","The Servant 0.9.4"],"gold_per_floor":[99,114,114,114,133,133,158,92,111,130,149,149,187,187,206,331,331,331,350,369,369,369],"floor_reached":21,"language":"ENG","playtime":847,"items_purged":[],"score":256,"play_id":"c915c088-b946-451d-8390-46ce6eb24353","local_time":"20210202203704","daily_mods":["Specialized","Hoarder","downfall:WorldOfGoo"],"is_ascension_mode":false,"campfire_choices":[{"data":"KidneyShot","floor":1.0,"key":"SMITH"},{"floor":12.0,"key":"REST"}],"circlet_count":0,"master_deck":["Strike_S","Strike_S","Strike_S","Strike_S","Defend_S","Defend_S","Defend_S","Defend_S","KidneyShot+1","Exchange","SilverBlades","SilverBlades","SilverBlades","SilverBlades","SilverBlades","SilverBlades","SilverBlades","SilverBlades","SilverBlades","SilverBlades","SilverBlades","SilverBlades","SilverBlades","SilverBlades","SilverBlades","Starlight","Starlight","Starlight","Injury","Injury","Moonlight+1","Moonlight+1","Moonlight+1","DancingSilver","DancingSilver","DancingSilver","DancingSilver+1","DancingSilver","DancingSilver","Alleviate","Alleviate","Alleviate","SoulSculpture","SoulSculpture","SoulSculpture"],"relics":["Uniform","Golden Idol","hubris:Towel","Tiny Chest","infinitespire:Beetle Shell","hubris:Backtick","Mummified Hand"],"acts_visited":["Exordium","TheCity"],"potions_floor_usage":[],"damage_taken":[{"damage":26.0,"enemies":"Jaw Worm","floor":2.0,"turns":6.0},{"damage":8.0,"enemies":"Small Slimes","floor":5.0,"turns":4.0},{"damage":5.0,"enemies":"downfall:FleeingMerchant","floor":8.0,"turns":4.0},{"damage":0.0,"enemies":"Cultist","floor":9.0,"turns":2.0},{"damage":10.0,"enemies":"Looter","floor":10.0,"turns":3.0},{"damage":5.0,"enemies":"Red Slaver","floor":11.0,"turns":3.0},{"damage":3.0,"enemies":"Lagavulin","floor":13.0,"turns":6.0},{"damage":0.0,"enemies":"2 Fungi Beasts","floor":15.0,"turns":3.0},{"damage":22.0,"enemies":"Fading Forest","floor":16.0,"turns":11.0},{"damage":7.0,"enemies":"Shell Parasite","floor":19.0,"turns":2.0},{"damage":5.0,"enemies":"3 Byrds","floor":20.0,"turns":3.0},{"damage":0,"enemies":"3 Cultists","floor":21,"turns":1}],"seed_played":"-6699970657251824518","potions_obtained":[{"floor":2.0,"key":"BlessingOfTheForge"},{"floor":5.0,"key":"Fruit Juice"},{"floor":11.0,"key":"SteroidPotion"},{"floor":13.0,"key":"Regen Potion"}],"is_trial":false,"path_per_floor":["R","M","?","?","M","?","T","$","M","M","M","R","E","?","M","B",null,"R_BF","M","M","M"],"character_chosen":"THE_SERVANT","items_purchased":["Moonlight+1"],"campfire_rested":1,"item_purchase_floors":[8],"current_hp_per_floor":[65,39,39,39,36,36,36,31,31,21,16,37,34,34,34,30,70,70,63,58,58,58],"gold":369,"neow_bonus":"","is_daily":true,"chose_seed":false,"campfire_upgraded":1,"win_rate":0.0,"timestamp":1612273024,"path_taken":["R","M","?","?","M","?","T","$","M","M","M","R","E","?","M","BOSS","R_BF","M","M","M"],"items_purchased_type":["Card"],"build_version":"2020-12-22","purchased_purges":0,"victory":false,"max_hp_per_floor":[65,65,65,65,70,70,70,70,70,70,70,70,70,70,70,70,70,70,70,70,70,70],"card_choices":[{"not_picked":["Replace","Gouge"],"picked":"Starlight","floor":2.0},{"not_picked":["BestPractice","GearUp","Unruled"],"picked":"SKIP","floor":5.0},{"not_picked":["MoonPhase","TimeWarp","Spin"],"picked":"SKIP","floor":8.0},{"not_picked":["Rewind","SurpressingFire"],"picked":"DancingSilver","floor":9.0},{"not_picked":["Gouge","Misdirection"],"picked":"DancingSilver","floor":10.0},{"not_picked":["Rewind","Unruled"],"picked":"Alleviate","floor":11.0},{"not_picked":["Defy","Hightail","Moondial"],"picked":"SKIP","floor":13.0},{"not_picked":["Replace","Rearm","Starlight"],"picked":"SKIP","floor":15.0},{"not_picked":["TrueSight","Initiator"],"picked":"SoulSculpture","floor":16.0},{"not_picked":["FastForward","DoubleEdge","Replace"],"picked":"SKIP","floor":19.0},{"not_picked":["ShatteredReality","Shuttle+1","Snipe"],"picked":"SKIP","floor":20.0}],"player_experience":749707,"relics_obtained":[{"floor":7.0,"key":"Tiny Chest"},{"floor":13.0,"key":"infinitespire:Beetle Shell"}],"event_choices":[{"damage_healed":0.0,"max_hp_gain":0.0,"max_hp_loss":0.0,"gold_gain":0.0,"event_name":"Golden Idol","player_choice":"Take Wound","floor":4.0,"gold_loss":0.0,"damage_taken":0.0,"relics_obtained":["Golden Idol"],"cards_obtained":["Injury"]},{"cards_removed":["Injury"],"damage_healed":0.0,"max_hp_gain":0.0,"max_hp_loss":0.0,"gold_gain":0.0,"event_name":"Purifier","player_choice":"Purged","floor":14.0,"gold_loss":0.0,"damage_taken":0.0}],"is_beta":false,"boss_relics":[{"not_picked":["Black Star","StoneMask"],"picked":"hubris:Backtick"}],"items_purged_floors":[],"is_endless":false,"potions_floor_spawned":[2,5,11,13],"killed_by":"3 Cultists","ascension_level":0}}