{"host":"5jdby9iqu3ct6557","time":1612242812,"event":{"mods":["BaseMod","DeckTracker","Highlight Path","Minty Spire (QoL Compilation)","Relic Stats","StSLib"],"gold_per_floor":[367,367,148,73,73,73,101,119,119,148,159,159,159,84,84,155,155,172,172,172,172,183,183,218,234,259,286,60,87,98,127,127,127,127],"floor_reached":33,"language":"ENG","playtime":3744,"items_purged":["Strike_B"],"score":658,"play_id":"f89adcef-6342-4e5b-8b79-68e9ba52bb71","local_time":"20210202001332","is_ascension_mode":true,"campfire_choices":[{"data":"Doom and Gloom","floor":6.0,"key":"SMITH"},{"floor":12.0,"key":"REST"},{"floor":15.0,"key":"REST"},{"floor":23.0,"key":"REST"},{"data":"Storm","floor":32,"key":"SMITH"}],"circlet_count":0,"master_deck":["AscendersBane","Strike_B+1","Strike_B+1","Defend_B+1","Defend_B+1","Defend_B+1","Defend_B+1","Zap+1","Dualcast","Leap","Cold Snap","Doom and Gloom+1","Loop+1","Capacitor","Storm+1","White Noise","Sweeping Beam","Multi-Cast","Defragment","Electrodynamics","CurseOfTheBell","Force Field","Ghostly","Ghostly","Ghostly","Self Repair+1","Lockon","Echo Form","Auto Shields","Defragment"],"relics":["Cracked Core","Question Card","Dream Catcher","Calling Bell","Anchor","Gremlin Horn","Shovel","Ginger","Strawberry","Bag of Preparation","Art of War","Kunai","Thread and Needle"],"acts_visited":["Exordium","TheCity"],"potions_floor_usage":[29,29,33,33],"damage_taken":[{"damage":1.0,"enemies":"Cultist","floor":1.0,"turns":3.0},{"damage":16.0,"enemies":"Lagavulin","floor":7.0,"turns":4.0},{"damage":7.0,"enemies":"Jaw Worm","floor":8.0,"turns":3.0},{"damage":30.0,"enemies":"Gremlin Nob","floor":10.0,"turns":4.0},{"damage":0.0,"enemies":"2 Louse","floor":11.0,"turns":2.0},{"damage":26.0,"enemies":"The Guardian","floor":16.0,"turns":8.0},{"damage":10.0,"enemies":"3 Byrds","floor":18.0,"turns":3.0},{"damage":16.0,"enemies":"Chosen","floor":22.0,"turns":8.0},{"damage":4.0,"enemies":"Gremlin Leader","floor":24.0,"turns":5.0},{"damage":6.0,"enemies":"Centurion and Healer","floor":25.0,"turns":8.0},{"damage":9.0,"enemies":"Slavers","floor":27.0,"turns":6.0},{"damage":28,"enemies":"Book of Stabbing","floor":29,"turns":5},{"damage":17,"enemies":"Shelled Parasite and Fungi","floor":30,"turns":7},{"damage":9,"enemies":"Slavers","floor":31,"turns":3},{"damage":44,"enemies":"Champ","floor":33,"turns":9}],"seed_played":"-2794793817333070047","potions_obtained":[{"floor":7.0,"key":"PowerPotion"},{"floor":10.0,"key":"Regen Potion"},{"floor":16.0,"key":"LiquidBronze"},{"floor":18.0,"key":"Swift Potion"},{"floor":25.0,"key":"LiquidBronze"},{"floor":29,"key":"GamblersBrew"},{"floor":30,"key":"Block Potion"}],"is_trial":false,"path_per_floor":["M","?","$","$","?","R","E","M","T","E","M","R","?","?","R","B",null,"M","?","?","?","M","R","E","M","T","E","$","E","M","E","R","B"],"character_chosen":"DEFECT","items_purchased":["Cold Snap","Doom and Gloom","Loop","Art of War","SpeedPotion"],"campfire_rested":3,"item_purchase_floors":[3,3,3,28,28],"current_hp_per_floor":[63,63,63,63,63,63,47,40,40,10,10,29,10,10,29,18,53,43,32,32,32,16,25,31,32,39,39,39,21,24,25,25,0,0],"gold":127,"neow_bonus":"TWO_FIFTY_GOLD","is_daily":false,"chose_seed":false,"campfire_upgraded":2,"win_rate":0.0,"timestamp":1612242812,"path_taken":["M","?","?","$","?","R","E","M","T","E","M","R","?","?","R","BOSS","M","?","?","?","M","R","E","M","T","E","?","E","M","E","R","BOSS"],"items_purchased_type":["Card","Card","Card","Relic","Potion"],"build_version":"2020-12-22","purchased_purges":1,"victory":false,"max_hp_per_floor":[64,64,64,64,64,64,64,64,64,64,64,64,64,64,64,64,64,64,32,32,32,32,32,32,32,39,39,39,39,39,39,39,39,39],"relic_stats":{"Dream Catcher":3,"Shovel":0,"Gremlin Horn":[10,10],"counters":[15,78],"Bag of Preparation":[8],"Art of War":[11],"Ginger":[6],"Kunai":[0],"Question Card":15,"obtain_stats":[{"Gremlin Horn":17,"Thread and Needle":31,"Bag of Preparation":27,"Ginger":24,"Question Card":9,"Calling Bell":17,"Dream Catcher":10,"Anchor":17,"Shovel":17,"Strawberry":26,"Art of War":28,"Kunai":29,"Cracked Core":0},{"Gremlin Horn":6,"Thread and Needle":14,"Bag of Preparation":11,"Ginger":9,"Question Card":3,"Calling Bell":6,"Dream Catcher":4,"Anchor":6,"Shovel":6,"Strawberry":10,"Art of War":11,"Kunai":12,"Cracked Core":0},{"Gremlin Horn":24,"Thread and Needle":69,"Bag of Preparation":54,"Ginger":40,"Question Card":10,"Calling Bell":24,"Dream Catcher":14,"Anchor":24,"Shovel":24,"Strawberry":48,"Art of War":54,"Kunai":59,"Cracked Core":0}]},"card_choices":[{"not_picked":["Beam Cell","Turbo"],"picked":"Leap","floor":1.0},{"not_picked":["Blizzard","Sweeping Beam"],"picked":"Capacitor","floor":7.0},{"not_picked":["Reprogram","Recycle"],"picked":"Storm","floor":8.0},{"not_picked":["Hologram","Streamline","Rebound"],"picked":"White Noise","floor":10.0},{"not_picked":["Aggregate","Go for the Eyes","Ball Lightning"],"picked":"Sweeping Beam","floor":11.0},{"not_picked":["Scrape","Beam Cell","Hologram"],"picked":"Multi-Cast","floor":12.0},{"not_picked":["Aggregate","Ball Lightning","Loop"],"picked":"Defragment","floor":15.0},{"not_picked":["Buffer","Thunder Strike","Seek"],"picked":"Electrodynamics","floor":16.0},{"not_picked":["Go for the Eyes","Leap","Redo"],"picked":"Force Field","floor":18.0},{"not_picked":["Chill","Steam","Coolheaded"],"picked":"Self Repair+1","floor":22.0},{"not_picked":["Barrage","Steam","Cold Snap"],"picked":"Lockon","floor":25.0},{"not_picked":["Hello World+1","Steam+1","Beam Cell"],"picked":"Echo Form","floor":27.0},{"not_picked":["Compile Driver","Rebound","Redo"],"picked":"Auto Shields","floor":29},{"not_picked":["Reinforced Body","Gash","Heatsinks"],"picked":"Defragment","floor":30}],"player_experience":2485760,"relics_obtained":[{"floor":9.0,"key":"Question Card"},{"floor":10.0,"key":"Dream Catcher"},{"floor":17.0,"key":"Anchor"},{"floor":17.0,"key":"Gremlin Horn"},{"floor":17.0,"key":"Shovel"},{"floor":24.0,"key":"Ginger"},{"floor":26.0,"key":"Strawberry"},{"floor":27.0,"key":"Bag of Preparation"},{"floor":29,"key":"Kunai"},{"floor":31,"key":"Thread and Needle"}],"event_choices":[{"damage_healed":0.0,"max_hp_gain":0.0,"max_hp_loss":0.0,"gold_gain":0.0,"event_name":"Upgrade Shrine","player_choice":"Upgraded","floor":2.0,"gold_loss":0.0,"damage_taken":0.0,"cards_upgraded":["Zap"]},{"damage_healed":0.0,"max_hp_gain":0.0,"max_hp_loss":0.0,"gold_gain":0.0,"event_name":"Living Wall","player_choice":"Grow","floor":5.0,"gold_loss":0.0,"damage_taken":0.0,"cards_upgraded":["Loop"]},{"damage_healed":0.0,"max_hp_gain":0.0,"max_hp_loss":0.0,"gold_gain":0.0,"event_name":"Shining Light","player_choice":"Entered Light","floor":13.0,"gold_loss":0.0,"damage_taken":19.0,"cards_upgraded":["Defend_B","Strike_B"]},{"cards_removed":["Strike_B"],"damage_healed":0.0,"max_hp_gain":0.0,"max_hp_loss":0.0,"gold_gain":0.0,"event_name":"The Cleric","player_choice":"Card Removal","floor":14.0,"gold_loss":75.0,"damage_taken":0.0},{"damage_healed":0.0,"max_hp_gain":0.0,"max_hp_loss":32.0,"gold_gain":0.0,"event_name":"Ghosts","player_choice":"Became a Ghost","floor":19.0,"gold_loss":0.0,"damage_taken":0.0,"cards_obtained":["Ghostly","Ghostly","Ghostly"]},{"damage_healed":0.0,"max_hp_gain":0.0,"max_hp_loss":0.0,"gold_gain":0.0,"event_name":"Back to Basics","player_choice":"Simplicity","floor":20.0,"gold_loss":0.0,"damage_taken":0.0,"cards_upgraded":["Strike_B","Defend_B","Defend_B","Defend_B"]},{"damage_healed":0.0,"max_hp_gain":0.0,"max_hp_loss":0.0,"gold_gain":0.0,"event_name":"Cursed Tome","player_choice":"Ignored","floor":21.0,"gold_loss":0.0,"damage_taken":0.0}],"is_beta":false,"boss_relics":[{"not_picked":["Pandora\u0027s Box","Black Star"],"picked":"Calling Bell"}],"items_purged_floors":[4],"is_endless":false,"potions_floor_spawned":[7,10,16,18,25,29,30],"killed_by":"Champ","ascension_level":20}}