{"host":"j4g6ia6asvpyu2b0","time":1612304782,"event":{"mods":["BaseMod","Colored Map","Minty Spire (QoL Compilation)","Permanent Neow","Quick Restart","Relic Stats","StSLib","Unceasing Turn Reminder"],"gold_per_floor":[13,30,30,105,117,148,160,199,211,257,269,281,293,322,334,443,455,487,510,522,547,574,586,631,643,726,757,788,800,822,865,877,988,1000,1022,1034,1066,1127,1139,1179,1191,1218,1230,1588,1600,1640,1652,1680,1692,1704,1704],"floor_reached":50,"language":"ENG","playtime":1064,"items_purged":[],"score":716,"play_id":"789334f2-7696-47d0-9503-e068beeee8ee","local_time":"20210202152622","is_ascension_mode":true,"campfire_choices":[{"data":"Uppercut","floor":7,"key":"SMITH"},{"data":"Bash","floor":12,"key":"SMITH"},{"data":"Disarm","floor":15,"key":"SMITH"},{"data":"Double Tap","floor":23,"key":"SMITH"},{"data":"Spot Weakness","floor":25,"key":"SMITH"},{"data":"True Grit","floor":32,"key":"SMITH"},{"data":"Whirlwind","floor":45,"key":"SMITH"},{"floor":47,"key":"RECALL"},{"data":"Pommel Strike","floor":49,"key":"SMITH"}],"circlet_count":0,"master_deck":["Strike_R","Strike_R","Strike_R","Strike_R","Strike_R","Defend_R","Defend_R","Defend_R","Defend_R","Bash+1","Immolate+1","Disarm+1","Uppercut+1","Thunderclap","Cleave","Anger","Headbutt","Double Tap+1","Intimidate+1","Spot Weakness+1","Flash of Steel","True Grit+1","Headbutt+1","Sword Boomerang+1","Sword Boomerang","Pommel Strike+1","Whirlwind+1","Carnage+1","Feed","Reaper","Shrug It Off","Shrug It Off+1","Shame","Pain","Feel No Pain+1","Rage","Decay","Havoc","Berserk+1","Pommel Strike+1"],"relics":["Burning Blood","MawBank","Eternal Feather","Darkstone Periapt","Tiny Chest","Coffee Dripper","Nunchaku","Frozen Egg 2","Potion Belt","Cursed Key","Red Skull","White Beast Statue","HornCleat","Paper Frog","Old Coin","Bottled Tornado"],"acts_visited":["Exordium","TheCity","TheBeyond"],"potions_floor_usage":[8,10,22,30,33,33,40,44,50,50],"damage_taken":[{"damage":6,"enemies":"Jaw Worm","floor":1,"turns":2},{"damage":0,"enemies":"2 Louse","floor":2,"turns":1},{"damage":1,"enemies":"Cultist","floor":5,"turns":3},{"damage":33,"enemies":"Lagavulin","floor":6,"turns":5},{"damage":0,"enemies":"3 Sentries","floor":8,"turns":3},{"damage":0,"enemies":"Gremlin Nob","floor":10,"turns":2},{"damage":13,"enemies":"Lots of Slimes","floor":14,"turns":2},{"damage":31,"enemies":"Hexaghost","floor":16,"turns":9},{"damage":12,"enemies":"Chosen","floor":18,"turns":4},{"damage":5,"enemies":"Spheric Guardian","floor":19,"turns":3},{"damage":0,"enemies":"3 Cultists","floor":21,"turns":2},{"damage":12,"enemies":"Shelled Parasite and Fungi","floor":22,"turns":5},{"damage":13,"enemies":"Gremlin Leader","floor":24,"turns":4},{"damage":8,"enemies":"Snake Plant","floor":27,"turns":4},{"damage":6,"enemies":"Snecko","floor":28,"turns":3},{"damage":11,"enemies":"Cultist and Chosen","floor":30,"turns":3},{"damage":28,"enemies":"Book of Stabbing","floor":31,"turns":4},{"damage":51,"enemies":"Champ","floor":33,"turns":7},{"damage":10,"enemies":"3 Darklings","floor":35,"turns":3},{"damage":41,"enemies":"3 Shapes","floor":37,"turns":4},{"damage":27,"enemies":"Reptomancer","floor":40,"turns":4},{"damage":22,"enemies":"Spire Growth","floor":42,"turns":5},{"damage":32,"enemies":"2 Orb Walkers","floor":44,"turns":4},{"damage":25,"enemies":"Giant Head","floor":46,"turns":6},{"damage":0,"enemies":"Jaw Worm Horde","floor":48,"turns":1},{"damage":81,"enemies":"Donu and Deca","floor":50,"turns":5}],"seed_played":"4716737881877725495","potions_obtained":[{"floor":1,"key":"Explosive Potion"},{"floor":5,"key":"Ancient Potion"},{"floor":6,"key":"AttackPotion"},{"floor":14,"key":"DistilledChaos"},{"floor":21,"key":"DistilledChaos"},{"floor":27,"key":"Strength Potion"},{"floor":31,"key":"SpeedPotion"},{"floor":35,"key":"GamblersBrew"},{"floor":40,"key":"Regen Potion"},{"floor":42,"key":"Strength Potion"},{"floor":44,"key":"LiquidBronze"},{"floor":46,"key":"SteroidPotion"},{"floor":48,"key":"PowerPotion"}],"is_trial":false,"path_per_floor":["M","M","?","?","M","E","R","E","T","E","$","R","?","M","R","B",null,"M","M","?","M","M","R","E","R","T","M","M","$","M","E","R","B",null,"M","$","M","T","T","E","$","M","T","?","R","E","R","M","R","B"],"character_chosen":"IRONCLAD","items_purchased":[],"campfire_rested":0,"item_purchase_floors":[],"current_hp_per_floor":[80,80,80,69,74,47,47,53,53,59,59,68,68,61,70,45,80,74,75,75,80,74,80,73,80,80,78,78,78,73,51,66,21,80,79,79,47,53,59,53,53,37,43,17,38,19,40,46,70,0,0],"gold":1704,"neow_bonus":"THREE_RARE_CARDS","is_daily":false,"chose_seed":false,"campfire_upgraded":8,"win_rate":0.0,"timestamp":1612304782,"path_taken":["M","M","?","?","M","E","R","E","T","E","$","R","?","M","R","BOSS","M","M","?","M","?","R","E","R","T","M","M","$","M","E","R","BOSS","M","?","M","?","?","E","$","M","T","?","R","E","R","M","R","BOSS"],"items_purchased_type":[],"build_version":"2020-12-22","purchased_purges":0,"victory":false,"max_hp_per_floor":[80,80,80,80,80,80,80,80,80,80,80,80,80,80,80,80,80,80,80,80,80,80,80,80,80,80,80,80,80,80,80,80,80,80,83,83,86,92,98,101,101,101,107,107,107,107,107,107,107,107,107],"relic_stats":{"Darkstone Periapt":18,"Nunchaku":[14],"counters":[26,98],"Eternal Feather":112,"Tiny Chest":1,"MawBank":528,"Cursed Key":3,"obtain_stats":[{"Darkstone Periapt":10,"Potion Belt":31,"Eternal Feather":8,"Frozen Egg 2":26,"Bottled Tornado":46,"MawBank":6,"Cursed Key":34,"Burning Blood":0,"White Beast Statue":39,"Old Coin":44,"Nunchaku":24,"HornCleat":40,"Tiny Chest":13,"Coffee Dripper":17,"Red Skull":38,"Paper Frog":43},{"Darkstone Periapt":6,"Potion Belt":17,"Eternal Feather":5,"Frozen Egg 2":13,"Bottled Tornado":24,"MawBank":4,"Cursed Key":18,"Burning Blood":0,"White Beast Statue":20,"Old Coin":23,"Nunchaku":13,"HornCleat":21,"Tiny Chest":6,"Coffee Dripper":8,"Red Skull":20,"Paper Frog":22},{"Darkstone Periapt":16,"Potion Belt":59,"Eternal Feather":14,"Frozen Egg 2":45,"Bottled Tornado":92,"MawBank":11,"Cursed Key":66,"Burning Blood":0,"White Beast Statue":73,"Old Coin":86,"Nunchaku":45,"HornCleat":77,"Tiny Chest":16,"Coffee Dripper":27,"Red Skull":73,"Paper Frog":82}],"Burning Blood":143},"card_choices":[{"not_picked":["Double Tap","Limit Break"],"picked":"Immolate","floor":0},{"not_picked":["Flex","Clash"],"picked":"Disarm","floor":1},{"not_picked":["Second Wind","Headbutt"],"picked":"Uppercut","floor":2},{"not_picked":["Headbutt","Armaments"],"picked":"Thunderclap","floor":5},{"not_picked":["Clash","Flex"],"picked":"Cleave","floor":6},{"not_picked":["Barricade","Havoc"],"picked":"Anger","floor":8},{"not_picked":["Wild Strike","Brutality"],"picked":"Headbutt","floor":10},{"not_picked":["Perfected Strike","Cleave","Armaments"],"picked":"SKIP","floor":14},{"not_picked":["Exhume","Bludgeon"],"picked":"Double Tap","floor":16},{"not_picked":["Dual Wield","Ghostly Armor"],"picked":"Intimidate+1","floor":18},{"not_picked":["Thunderclap+1","Anger+1"],"picked":"Spot Weakness","floor":19},{"not_picked":["Pummel+1","Pommel Strike"],"picked":"Headbutt+1","floor":21},{"not_picked":["Cleave","Combust"],"picked":"Sword Boomerang+1","floor":22},{"not_picked":["Pommel Strike","Armaments"],"picked":"Sword Boomerang","floor":24},{"not_picked":["Body Slam+1","Clothesline"],"picked":"Pommel Strike","floor":27},{"not_picked":["Wild Strike","Sword Boomerang"],"picked":"Whirlwind","floor":28},{"not_picked":["Evolve+1","Havoc"],"picked":"Carnage+1","floor":30},{"not_picked":["Flex+1","Cleave"],"picked":"Feed","floor":31},{"not_picked":["Double Tap","Impervious"],"picked":"Reaper","floor":33},{"not_picked":["Searing Blow","Warcry+1"],"picked":"Shrug It Off","floor":35},{"not_picked":["Twin Strike+1","Warcry+1"],"picked":"Shrug It Off+1","floor":37},{"not_picked":["Rampage","Havoc"],"picked":"Feel No Pain+1","floor":40},{"not_picked":["Twin Strike+1","Body Slam+1"],"picked":"Rage","floor":42},{"not_picked":["Rupture+1","Hemokinesis"],"picked":"Havoc","floor":44},{"not_picked":["Clash","Wild Strike"],"picked":"Berserk+1","floor":46},{"not_picked":["Iron Wave","Sever Soul"],"picked":"Pommel Strike+1","floor":48}],"player_experience":1108615,"relics_obtained":[{"floor":6,"key":"MawBank"},{"floor":8,"key":"Eternal Feather"},{"floor":10,"key":"Darkstone Periapt"},{"floor":24,"key":"Nunchaku"},{"floor":26,"key":"Frozen Egg 2"},{"floor":31,"key":"Potion Belt"},{"floor":38,"key":"Red Skull"},{"floor":39,"key":"White Beast Statue"},{"floor":40,"key":"HornCleat"},{"floor":43,"key":"Paper Frog"},{"floor":44,"key":"Old Coin"},{"floor":46,"key":"Bottled Tornado"}],"event_choices":[{"damage_healed":0,"gold_gain":0,"player_choice":"Grow","damage_taken":0,"max_hp_gain":0,"max_hp_loss":0,"event_name":"Living Wall","floor":3,"gold_loss":0,"cards_upgraded":["Immolate"]},{"damage_healed":0,"gold_gain":75,"player_choice":"Gather Gold","damage_taken":11,"max_hp_gain":0,"max_hp_loss":0,"event_name":"World of Goop","floor":4,"gold_loss":0},{"damage_healed":0,"gold_gain":0,"player_choice":"Searched \u00271\u0027 times","damage_taken":0,"relics_obtained":["Tiny Chest"],"max_hp_gain":0,"max_hp_loss":0,"event_name":"Dead Adventurer","floor":13,"gold_loss":0},{"damage_healed":0,"gold_gain":0,"player_choice":"2 cards matched","damage_taken":0,"max_hp_gain":0,"max_hp_loss":0,"event_name":"Match and Keep!","floor":20,"gold_loss":0,"cards_obtained":["Flash of Steel","True Grit"]},{"damage_healed":0,"gold_gain":0,"player_choice":"Fight","damage_taken":0,"max_hp_gain":0,"max_hp_loss":0,"event_name":"Mysterious Sphere","floor":44,"gold_loss":0}],"is_beta":false,"boss_relics":[{"not_picked":["Runic Pyramid","Fusion Hammer"],"picked":"Coffee Dripper"},{"not_picked":["Pandora\u0027s Box","Sozu"],"picked":"Cursed Key"}],"items_purged_floors":[],"is_endless":false,"potions_floor_spawned":[1,5,6,14,21,27,31,35,40,42,44,46,48],"killed_by":"Donu and Deca","ascension_level":1}}