{"host":"7cp3z5w0tcrrm8ys","time":1612239994,"event":{"mods":["AchievementEnabler","BaseMod","DeckTracker","Minty Spire (QoL Compilation)","StSLib","SuperFastMode"],"gold_per_floor":[116,116,116,131,56,56,56,56,56,66,83,98,116,16,16,16,16],"floor_reached":16,"language":"KOR","playtime":254,"items_purged":["Strike_R","Strike_R"],"score":184,"play_id":"073bc509-ead4-4b06-8b52-f59b2b523047","local_time":"20210202132634","is_ascension_mode":true,"campfire_choices":[{"data":"Searing Blow","floor":6,"key":"SMITH"},{"data":"Searing Blow+1","floor":8,"key":"SMITH"},{"data":"Searing Blow+2","floor":15,"key":"SMITH"}],"circlet_count":0,"master_deck":["AscendersBane","Strike_R","Defend_R","Defend_R","Defend_R","Defend_R","Bash","Searing Blow+3","Cleave","True Grit"],"relics":["Burning Blood","Bird Faced Urn","Art of War"],"acts_visited":["Exordium"],"potions_floor_usage":[16,16],"damage_taken":[{"damage":3,"enemies":"Cultist","floor":1,"turns":3},{"damage":13,"enemies":"2 Louse","floor":4,"turns":3},{"damage":0,"enemies":"Jaw Worm","floor":10,"turns":3},{"damage":11,"enemies":"Exordium Thugs","floor":11,"turns":4},{"damage":0,"enemies":"2 Fungi Beasts","floor":12,"turns":2},{"damage":7,"enemies":"Red Slaver","floor":13,"turns":3},{"damage":92,"enemies":"Hexaghost","floor":16,"turns":9}],"seed_played":"2699989637471314458","potions_obtained":[{"floor":1,"key":"Regen Potion"},{"floor":4,"key":"ElixirPotion"}],"is_trial":false,"path_per_floor":["M","T","?","M","$","R","?","R","T","M","M","M","M","$","R","B"],"character_chosen":"IRONCLAD","items_purchased":[],"campfire_rested":0,"item_purchase_floors":[],"current_hp_per_floor":[71,71,64,57,57,57,75,75,75,75,70,75,74,74,74,0,0],"gold":16,"neow_bonus":"TRANSFORM_CARD","is_daily":false,"chose_seed":false,"campfire_upgraded":3,"win_rate":0.0,"timestamp":1612239994,"path_taken":["M","?","?","M","$","R","?","R","T","M","M","M","?","?","R","BOSS"],"items_purchased_type":[],"build_version":"2020-12-22","purchased_purges":2,"victory":false,"max_hp_per_floor":[75,75,75,75,75,75,75,75,75,75,75,75,75,75,75,75,75],"card_choices":[{"not_picked":["Metallicize","Armaments"],"picked":"Searing Blow","floor":1},{"not_picked":["Warcry","Armaments"],"picked":"Cleave","floor":4},{"not_picked":["Clash","Perfected Strike","Feed"],"picked":"SKIP","floor":10},{"not_picked":["Havoc","Battle Trance"],"picked":"True Grit","floor":11},{"not_picked":["Heavy Blade","Dropkick","Body Slam"],"picked":"SKIP","floor":12},{"not_picked":["Uppercut","Cleave","Iron Wave"],"picked":"SKIP","floor":13}],"player_experience":805136,"relics_obtained":[{"floor":2,"key":"Bird Faced Urn"},{"floor":9,"key":"Art of War"}],"event_choices":[{"cards_removed":["Strike_R"],"damage_healed":0,"gold_gain":0,"player_choice":"Card Removal","damage_taken":7,"max_hp_gain":0,"max_hp_loss":0,"event_name":"Golden Wing","floor":3,"gold_loss":0},{"cards_removed":["Bloodletting"],"damage_healed":18,"gold_gain":0,"player_choice":"Offered Uncommon","damage_taken":0,"max_hp_gain":0,"max_hp_loss":0,"event_name":"Bonfire Elementals","floor":7,"gold_loss":0}],"is_beta":false,"boss_relics":[],"items_purged_floors":[5,14],"is_endless":false,"potions_floor_spawned":[1,4,13],"killed_by":"Hexaghost","ascension_level":20}}