{"host":"knspyp6dy614fx6e","time":1612244445,"event":{"mods":["ATMod(°¢èªMod)","Aspiration","BaseMod","Better Altar","Better Skull","Better Third Choice","Card Filter","DeckTracker","Dota2Spire","Energized Spire","Jedi Mod","Minty Spire (QoL Compilation)","Quick Restart","Relic Filter Mod","Relic Stats","Reliquary","Shop Mod","Spicy Shops","StSLib","TestMod","Waifu the Spire","¡¾ÒÅÎï¿¨ÅÆ¡¿REMEMod"],"gold_per_floor":[17,36,36,49,63,88,100,100,100,110,142,142,68,96,96,191,191,209,209,227,237,255,286,286,300,300,330,58,58,58,58],"floor_reached":30,"language":"ZHS","playtime":1694,"items_purged":[],"score":491,"play_id":"6a3bd0b9-df28-4190-a648-f0a31336e615","local_time":"20210202134045","is_ascension_mode":true,"campfire_choices":[{"data":"AT_WomanClash","floor":8.0,"key":"SMITH"},{"floor":12.0,"key":"REST"},{"floor":24.0,"key":"REST"},{"data":"Apotheosis","floor":29.0,"key":"SMITH"}],"circlet_count":0,"master_deck":["AscendersBane","Strike_G","Strike_G","Strike_G","Strike_G","Strike_G","Defend_G","Defend_G","Defend_G+1","Defend_G","Defend_G","Survivor","Neutralize","AT_FamilyPortrait","REME_ShadowStrike","Backflip","AT_WomanClash+1","Backstab","Well Laid Plans","Backflip","After Image","Acrobatics","Reflex","Calculated Gamble","Venomology","AT_Desolate","Apotheosis+1","Footwork","Deflect"],"relics":["Ring of the Snake","AT_ATBox","testmod-TestBox","REME_ComplimentaryCards","jedi:scrapmetal","testmod-Fortitude","Sundial","Akabeko","Art of War","REME_DuelDisc","reliquary:PorcupineQuills","jedi:gremlinknob","Blue Candle"],"acts_visited":["Exordium","TheCity"],"potions_floor_usage":[],"damage_taken":[{"damage":0.0,"enemies":"Small Slimes","floor":1.0,"turns":4.0},{"damage":3.0,"enemies":"Jaw Worm","floor":2.0,"turns":3.0},{"damage":0.0,"enemies":"2 Louse","floor":4.0,"turns":3.0},{"damage":11.0,"enemies":"Gremlin Gang","floor":5.0,"turns":5.0},{"damage":27.0,"enemies":"Lagavulin","floor":6.0,"turns":7.0},{"damage":0.0,"enemies":"Exordium Wildlife","floor":7.0,"turns":3.0},{"damage":0.0,"enemies":"Red Slaver","floor":10.0,"turns":1.0},{"damage":12.0,"enemies":"Gremlin Nob","floor":11.0,"turns":3.0},{"damage":0.0,"enemies":"Lagavulin","floor":14.0,"turns":4.0},{"damage":5.0,"enemies":"Hexaghost","floor":16.0,"turns":5.0},{"damage":1.0,"enemies":"Chosen","floor":18.0,"turns":2.0},{"damage":0.0,"enemies":"Spheric Guardian","floor":20.0,"turns":3.0},{"damage":7.0,"enemies":"Centurion and Healer","floor":21.0,"turns":4.0},{"damage":14.0,"enemies":"3 Cultists","floor":22.0,"turns":7.0},{"damage":24.0,"enemies":"REME_1_Revenger","floor":23.0,"turns":7.0},{"damage":6.0,"enemies":"Snecko","floor":25.0,"turns":5.0},{"damage":18.0,"enemies":"Book of Stabbing","floor":27.0,"turns":5.0},{"damage":18,"enemies":"Cultist and Chosen","floor":30,"turns":6}],"seed_played":"-9082818328765924624","potions_obtained":[{"floor":4.0,"key":"FearPotion"},{"floor":7.0,"key":"SpeedPotion"},{"floor":11.0,"key":"Block Potion"}],"is_trial":false,"path_per_floor":["M","M","?","M","M","E","M","R","T","M","E","R","$","E","R","B",null,"M","?","M","M","M","E","R","M","T","E","$","R","M"],"character_chosen":"THE_SILENT","items_purchased":["Akabeko","Apotheosis","Footwork","Deflect"],"campfire_rested":2,"item_purchase_floors":[13,28,28,28],"current_hp_per_floor":[63,60,65,65,54,27,27,27,27,27,15,37,37,37,37,32,64,63,63,63,56,42,18,40,34,34,16,16,16,0,0],"gold":58,"neow_bonus":"RANDOM_COLORLESS_2","is_daily":false,"chose_seed":false,"campfire_upgraded":2,"win_rate":0.0,"timestamp":1612244445,"path_taken":["M","M","?","M","M","E","M","R","T","M","E","R","?","E","R","BOSS","M","?","M","M","M","E","R","M","T","E","$","R","?"],"items_purchased_type":["Relic","Card","Card","Card"],"build_version":"2020-12-22","purchased_purges":0,"victory":false,"max_hp_per_floor":[70,70,75,75,75,75,75,75,75,75,75,75,75,75,75,75,75,75,75,75,75,75,75,75,75,75,75,75,75,75,75],"relic_stats":{"counters":[18,77],"Sundial":[6],"Blue Candle":[0],"Art of War":[7],"obtain_stats":[{"AT_ATBox":0,"testmod-TestBox":0,"Blue Candle":27,"jedi:gremlinknob":26,"REME_DuelDisc":17,"jedi:scrapmetal":6,"Akabeko":13,"testmod-Fortitude":9,"reliquary:PorcupineQuills":23,"Sundial":11,"Art of War":14,"Ring of the Snake":0,"REME_ComplimentaryCards":0},{"AT_ATBox":0,"testmod-TestBox":0,"Blue Candle":17,"jedi:gremlinknob":16,"REME_DuelDisc":10,"jedi:scrapmetal":5,"Akabeko":8,"testmod-Fortitude":6,"reliquary:PorcupineQuills":15,"Sundial":8,"Art of War":9,"Ring of the Snake":0,"REME_ComplimentaryCards":0},{"AT_ATBox":0,"testmod-TestBox":0,"Blue Candle":71,"jedi:gremlinknob":66,"REME_DuelDisc":38,"jedi:scrapmetal":22,"Akabeko":29,"testmod-Fortitude":25,"reliquary:PorcupineQuills":61,"Sundial":29,"Art of War":33,"Ring of the Snake":0,"REME_ComplimentaryCards":0}],"Ring of the Snake":[36]},"card_choices":[{"not_picked":["testmod-Arrangement","AT_FalsePromise"],"picked":"AT_FamilyPortrait","floor":0.0},{"not_picked":["Quick Slash","Acrobatics"],"picked":"REME_ShadowStrike","floor":1.0},{"not_picked":["Caltrops","Quick Slash"],"picked":"Backflip","floor":2.0},{"not_picked":["Outmaneuver","Blade Dance"],"picked":"AT_WomanClash","floor":4.0},{"not_picked":["PiercingWail","Deadly Poison"],"picked":"Backstab","floor":5.0},{"not_picked":["Outmaneuver","Underhanded Strike","PiercingWail"],"picked":"SKIP","floor":6.0},{"not_picked":["Cloak And Dagger","Dagger Throw","Dagger Spray"],"picked":"SKIP","floor":7.0},{"not_picked":["Dagger Spray","Accuracy"],"picked":"Well Laid Plans","floor":10.0},{"not_picked":["Prepared","Dagger Spray"],"picked":"Backflip","floor":11.0},{"not_picked":["Blade Dance","Cloak And Dagger","Slice"],"picked":"SKIP","floor":14.0},{"not_picked":["AT_KingSlayer","aspiration:Lunge"],"picked":"After Image","floor":16.0},{"not_picked":["Outmaneuver","AT_WindFlip"],"picked":"Acrobatics","floor":18.0},{"not_picked":["Well Laid Plans+1","Prepared"],"picked":"Reflex","floor":20.0},{"not_picked":["Cloak And Dagger","Outmaneuver","Dagger Spray"],"picked":"SKIP","floor":21.0},{"not_picked":["Deflect","Quick Slash"],"picked":"Calculated Gamble","floor":22.0},{"not_picked":["Slice","REME_ShadowStrike+1"],"picked":"Venomology","floor":23.0},{"not_picked":["Flying Knee","Dodge and Roll"],"picked":"AT_Desolate","floor":25.0},{"not_picked":["Flying Knee","Caltrops","Dash+1"],"picked":"SKIP","floor":27.0}],"player_experience":299465,"relics_obtained":[{"floor":6.0,"key":"jedi:scrapmetal"},{"floor":9.0,"key":"testmod-Fortitude"},{"floor":11.0,"key":"Sundial"},{"floor":14.0,"key":"Art of War"},{"floor":23.0,"key":"reliquary:PorcupineQuills"},{"floor":26.0,"key":"jedi:gremlinknob"},{"floor":27.0,"key":"Blue Candle"}],"event_choices":[{"damage_healed":0.0,"max_hp_gain":5.0,"max_hp_loss":0.0,"gold_gain":0.0,"event_name":"Big Fish","player_choice":"Donut","floor":3.0,"gold_loss":0.0,"damage_taken":0.0},{"damage_healed":0.0,"max_hp_gain":0.0,"max_hp_loss":0.0,"gold_gain":0.0,"event_name":"The Woman in Blue","player_choice":"Bought 0 Potions","floor":19.0,"gold_loss":0.0,"damage_taken":0.0}],"is_beta":false,"boss_relics":[{"not_picked":["Cursed Key","reliquary:WritOfMandamus"],"picked":"REME_DuelDisc"}],"items_purged_floors":[],"is_endless":false,"potions_floor_spawned":[4,7,11,16,20,21],"killed_by":"Cultist and Chosen","ascension_level":11}}