{"host":"lly094a91h6n5nv5","time":1612260553,"event":{"mods":["AchievementEnabler","BaseMod","Block Reminder","Colored Map","Minty Spire (QoL Compilation)"],"gold_per_floor":[116,116,136,148,175,201,201,226,226,246,246,265,292,302,302,405,405,418,123,123,123,123,151,171,212,212,290,290,317,330,368,368,368,368],"floor_reached":33,"language":"ENG","playtime":2254,"items_purged":[],"score":431,"play_id":"f7719e63-4e86-4279-9fbb-2a2820f1c75c","local_time":"20210202040913","is_ascension_mode":true,"campfire_choices":[{"data":"Pommel Strike","floor":7.0,"key":"SMITH"},{"data":"Metallicize","floor":11.0,"key":"SMITH"},{"data":"Wild Strike","floor":15,"key":"SMITH"},{"data":"True Grit","floor":28,"key":"SMITH"},{"data":"Dual Wield","floor":32,"key":"SMITH"}],"circlet_count":0,"master_deck":["Strike_R+1","Strike_R+1","Strike_R+1","Strike_R+1","Strike_R+1","Defend_R+1","Defend_R+1","Defend_R+1","Defend_R+1","Bash","Perfected Strike+1","Warcry","Pommel Strike+1","Metallicize+1","Dual Wield+1","Shrug It Off","Wild Strike+1","Reaper","Power Through","True Grit+1","Uppercut","Ghostly Armor","Uppercut+1","Twin Strike","Ghostly Armor"],"relics":["Burning Blood","Strawberry","StoneCalendar","Omamori","Bottled Tornado","Gremlin Horn","Runic Dome","Mummified Hand","Nilry\u0027s Codex","Pear","CeramicFish","Champion Belt","Letter Opener","Blood Vial"],"acts_visited":["Exordium","TheCity"],"potions_floor_usage":[16,33,33],"damage_taken":[{"damage":7.0,"enemies":"Small Slimes","floor":1.0,"turns":4.0},{"damage":7.0,"enemies":"Jaw Worm","floor":3.0,"turns":2.0},{"damage":0.0,"enemies":"Cultist","floor":4.0,"turns":2.0},{"damage":20.0,"enemies":"3 Sentries","floor":6.0,"turns":7.0},{"damage":16.0,"enemies":"Gremlin Nob","floor":8.0,"turns":3.0},{"damage":10.0,"enemies":"Blue Slaver","floor":10.0,"turns":5.0},{"damage":2,"enemies":"2 Fungi Beasts","floor":12,"turns":3},{"damage":8,"enemies":"3 Sentries","floor":13,"turns":7},{"damage":2,"enemies":"Looter","floor":14,"turns":3},{"damage":18,"enemies":"Slime Boss","floor":16,"turns":7},{"damage":3,"enemies":"Chosen","floor":18,"turns":3},{"damage":54,"enemies":"Gremlin Leader","floor":23,"turns":7},{"damage":6,"enemies":"Spheric Guardian","floor":24,"turns":4},{"damage":21,"enemies":"Book of Stabbing","floor":25,"turns":6},{"damage":5,"enemies":"Centurion and Healer","floor":29,"turns":5},{"damage":0,"enemies":"Cultist and Chosen","floor":30,"turns":4},{"damage":8,"enemies":"Gremlin Leader","floor":31,"turns":7},{"damage":75,"enemies":"Collector","floor":33,"turns":10}],"seed_played":"6818470570547547710","potions_obtained":[{"floor":0.0,"key":"BlessingOfTheForge"},{"floor":0.0,"key":"LiquidBronze"},{"floor":0.0,"key":"HeartOfIron"},{"floor":1.0,"key":"FearPotion"},{"floor":6.0,"key":"PowerPotion"},{"floor":18,"key":"Regen Potion"}],"is_trial":false,"path_per_floor":["M","?","M","M","T","E","R","E","T","M","R","M","E","M","R","B",null,"M","$","?","?","?","E","M","E","T","T","R","M","M","E","R","B"],"character_chosen":"IRONCLAD","items_purchased":["True Grit","Mummified Hand"],"campfire_rested":0,"item_purchase_floors":[19,19],"current_hp_per_floor":[79,63,62,68,75,61,61,51,51,47,47,51,49,53,53,41,76,83,83,67,67,67,29,29,20,20,20,20,21,37,47,47,0,0],"gold":368,"neow_bonus":"THREE_SMALL_POTIONS","is_daily":false,"chose_seed":false,"campfire_upgraded":5,"win_rate":0.0,"timestamp":1612260553,"path_taken":["M","?","M","M","?","E","R","E","T","M","R","?","E","M","R","BOSS","M","$","?","?","?","E","M","E","T","?","R","M","M","E","R","BOSS"],"items_purchased_type":["Card","Relic"],"build_version":"2020-12-22","purchased_purges":0,"victory":false,"max_hp_per_floor":[80,80,80,80,87,87,87,87,87,87,87,87,87,87,87,87,87,87,87,87,87,87,97,97,97,97,97,97,97,97,97,97,97,97],"card_choices":[{"not_picked":["Clash","Warcry"],"picked":"Perfected Strike","floor":1.0},{"not_picked":["Flex","Feel No Pain"],"picked":"Warcry","floor":3.0},{"not_picked":["Bludgeon","Burning Pact"],"picked":"Pommel Strike","floor":4.0},{"not_picked":["Flex","Clothesline","Havoc"],"picked":"SKIP","floor":6.0},{"not_picked":["Havoc","Clash"],"picked":"Metallicize","floor":8.0},{"not_picked":["Dropkick","Flex"],"picked":"Dual Wield","floor":10.0},{"not_picked":["Sword Boomerang","Body Slam"],"picked":"Shrug It Off","floor":12},{"not_picked":["Sentinel","Body Slam","Sword Boomerang"],"picked":"SKIP","floor":13},{"not_picked":["Bludgeon","Armaments"],"picked":"Wild Strike","floor":14},{"not_picked":["Fiend Fire","Corruption"],"picked":"Reaper","floor":16},{"not_picked":["Inflame","Warcry"],"picked":"Power Through","floor":18},{"not_picked":["Havoc+1","Clash+1"],"picked":"Uppercut","floor":23},{"not_picked":["Headbutt+1","Clothesline+1"],"picked":"Ghostly Armor","floor":24},{"not_picked":["Wild Strike","Thunderclap"],"picked":"Uppercut+1","floor":25},{"not_picked":["Blood for Blood","Evolve"],"picked":"Twin Strike","floor":29},{"not_picked":["Infernal Blade","Headbutt","Anger"],"picked":"SKIP","floor":30},{"not_picked":["Iron Wave","Immolate"],"picked":"Ghostly Armor","floor":31}],"player_experience":125774,"relics_obtained":[{"floor":5.0,"key":"Strawberry"},{"floor":6.0,"key":"StoneCalendar"},{"floor":8.0,"key":"Omamori"},{"floor":9.0,"key":"Bottled Tornado"},{"floor":13,"key":"Gremlin Horn"},{"floor":20,"key":"Nilry\u0027s Codex"},{"floor":23,"key":"Pear"},{"floor":25,"key":"CeramicFish"},{"floor":26,"key":"Champion Belt"},{"floor":27,"key":"Letter Opener"},{"floor":31,"key":"Blood Vial"}],"event_choices":[{"damage_healed":0.0,"max_hp_gain":0.0,"max_hp_loss":0.0,"gold_gain":0.0,"event_name":"Shining Light","player_choice":"Entered Light","floor":2.0,"gold_loss":0.0,"damage_taken":16.0,"cards_upgraded":["Perfected Strike","Strike_R"]},{"damage_healed":0,"gold_gain":0,"player_choice":"Obtained Book","damage_taken":16,"max_hp_gain":0,"max_hp_loss":0,"event_name":"Cursed Tome","floor":20,"gold_loss":0},{"damage_healed":0,"gold_gain":0,"player_choice":"Simplicity","damage_taken":0,"max_hp_gain":0,"max_hp_loss":0,"event_name":"Back to Basics","floor":21,"gold_loss":0,"cards_upgraded":["Strike_R","Strike_R","Strike_R","Strike_R","Defend_R","Defend_R","Defend_R","Defend_R"]},{"damage_healed":0,"gold_gain":0,"player_choice":"Ignored","damage_taken":0,"max_hp_gain":0,"max_hp_loss":0,"event_name":"Ghosts","floor":22,"gold_loss":0}],"is_beta":false,"boss_relics":[{"not_picked":["Busted Crown","Snecko Eye"],"picked":"Runic Dome"}],"items_purged_floors":[],"is_endless":false,"potions_floor_spawned":[1,6,8,13,18,25,29,30],"killed_by":"Collector","ascension_level":5}}