{"host":"1mv6gj0zv8k9e9tz","time":1612271515,"event":{"mods":["AchievementEnabler","BaseMod","Better Third Choice","Colored Map","DeckTracker","Highlight Path","KOR Keyword Fix","Keyboard Shortcuts","Minty Spire (QoL Compilation)","Permanent Neow","Quick Restart","Rare Cards Sparkle","StSLib","SuperFastMode","everything is the same but u backflip on backflip"],"gold_per_floor":[116,116,116,132,144,144,160,160,160,160,177,188,203,215,215,293,293,313,313,323,152,171,171,191,191,241,241,260,260,272,197,197,276,276,294,319,334,18,36,66,66,66,114,36,63,63,63,79,79,79,79,79,16,45,45,45],"floor_reached":55,"language":"KOR","playtime":1769,"items_purged":["Strike_B"],"score":1272,"play_id":"608e8d78-f2de-4784-ab21-35ca7a5bc2c8","local_time":"20210202221155","is_ascension_mode":true,"campfire_choices":[{"data":"Dualcast","floor":6.0,"key":"SMITH"},{"data":"Zap","floor":8.0,"key":"SMITH"},{"data":"Buffer","floor":10.0,"key":"SMITH"},{"data":"Tempest","floor":15.0,"key":"SMITH"},{"data":"Defragment","floor":23.0,"key":"SMITH"},{"data":"Capacitor","floor":25.0,"key":"SMITH"},{"floor":29.0,"key":"REST"},{"data":"Coolheaded","floor":32.0,"key":"SMITH"},{"floor":42.0,"key":"REST"},{"floor":46.0,"key":"RECALL"},{"data":"Buffer","floor":49.0,"key":"SMITH"},{"data":"Hologram","floor":52.0,"key":"SMITH"}],"circlet_count":0,"master_deck":["AscendersBane","Strike_B","Defend_B","Defend_B","Zap+1","Dualcast+1","Tempest+1","Buffer+1","Coolheaded+1","FTL","Ball Lightning","Hologram+1","Ball Lightning","Cold Snap","Conserve Battery","Electrodynamics","CurseOfTheBell","Chill","Defragment+1","Capacitor+1","Chaos+1","Melter","Buffer+1","Glacier","Self Repair","Hologram","Apotheosis+1","Biased Cognition+1","Storm+1","Conserve Battery+1"],"relics":["Cracked Core","The Courier","Calling Bell","Smiling Mask","Cables","Du-Vu Doll","Blood Vial","Medical Kit","PreservedInsect","Nuclear Battery","Incense Burner","Bronze Scales","Mummified Hand","Toxic Egg 2","Juzu Bracelet","Frozen Egg 2","Bag of Preparation"],"acts_visited":["Exordium","TheCity","TheBeyond","TheEnding"],"potions_floor_usage":[55],"damage_taken":[{"damage":0.0,"enemies":"Small Slimes","floor":1.0,"turns":3.0},{"damage":7.0,"enemies":"Jaw Worm","floor":4.0,"turns":3.0},{"damage":9.0,"enemies":"2 Louse","floor":5.0,"turns":2.0},{"damage":0.0,"enemies":"Exordium Wildlife","floor":7.0,"turns":3.0},{"damage":6.0,"enemies":"Looter","floor":11.0,"turns":3.0},{"damage":0.0,"enemies":"Large Slime","floor":12.0,"turns":4.0},{"damage":0.0,"enemies":"3 Louse","floor":13.0,"turns":2.0},{"damage":10.0,"enemies":"Exordium Thugs","floor":14.0,"turns":3.0},{"damage":0.0,"enemies":"Slime Boss","floor":16.0,"turns":5.0},{"damage":3.0,"enemies":"3 Byrds","floor":18.0,"turns":2.0},{"damage":18.0,"enemies":"2 Thieves","floor":20.0,"turns":2.0},{"damage":13.0,"enemies":"Snecko","floor":22.0,"turns":3.0},{"damage":0.0,"enemies":"3 Cultists","floor":24.0,"turns":3.0},{"damage":15.0,"enemies":"Centurion and Healer","floor":28.0,"turns":3.0},{"damage":3.0,"enemies":"Cultist and Chosen","floor":30.0,"turns":4.0},{"damage":9.0,"enemies":"Automaton","floor":33.0,"turns":9.0},{"damage":32.0,"enemies":"3 Darklings","floor":35.0,"turns":4.0},{"damage":0.0,"enemies":"Mind Bloom Boss Battle","floor":36.0,"turns":9.0},{"damage":0.0,"enemies":"3 Shapes","floor":37.0,"turns":4.0},{"damage":1.0,"enemies":"Jaw Worm Horde","floor":39.0,"turns":2.0},{"damage":10.0,"enemies":"Reptomancer","floor":40.0,"turns":9.0},{"damage":0.0,"enemies":"Giant Head","floor":45.0,"turns":8.0},{"damage":0.0,"enemies":"Transient","floor":48.0,"turns":5.0},{"damage":13.0,"enemies":"Donu and Deca","floor":50.0,"turns":7.0},{"damage":0.0,"enemies":"Shield and Spear","floor":54.0,"turns":2.0},{"damage":73,"enemies":"The Heart","floor":55,"turns":6}],"seed_played":"-3944544036354822562","potions_obtained":[{"floor":1.0,"key":"DistilledChaos"},{"floor":11.0,"key":"Swift Potion"},{"floor":14.0,"key":"EssenceOfDarkness"},{"floor":18.0,"key":"Explosive Potion"},{"floor":20.0,"key":"DuplicationPotion"},{"floor":28.0,"key":"FearPotion"},{"floor":36.0,"key":"EssenceOfSteel"},{"floor":45.0,"key":"EssenceOfSteel"},{"floor":48.0,"key":"DuplicationPotion"}],"is_trial":false,"path_per_floor":["M","?","T","M","M","R","M","R","T","R","M","M","M","M","R","B",null,"M","?","M","$","M","R","M","R","T","?","M","R","M","?","R","B",null,"M","?","M","$","M","E","?","R","T","$","E","R","?","M","R","B",null,"R","$","E","B"],"character_chosen":"DEFECT","items_purchased":["Medical Kit","Bronze Scales","Mummified Hand","Fruit Juice","LiquidBronze"],"campfire_rested":2,"item_purchase_floors":[21,38,38,44,53],"current_hp_per_floor":[68,61,61,54,45,45,45,45,45,45,39,39,39,29,29,29,58,55,55,39,39,28,28,30,30,30,30,17,37,36,36,36,29,58,28,30,32,32,33,32,32,52,52,57,69,69,69,73,73,67,72,72,72,73,0,0],"gold":45,"neow_bonus":"TRANSFORM_TWO_CARDS","is_daily":false,"chose_seed":false,"campfire_upgraded":9,"win_rate":0.0,"timestamp":1612271515,"path_taken":["M","?","?","M","M","R","M","R","T","R","M","M","M","M","R","BOSS","M","?","M","$","M","R","M","R","T","?","M","R","M","?","R","BOSS","M","?","M","$","M","E","?","R","T","?","E","R","?","M","R","BOSS","R","$","E","BOSS"],"items_purchased_type":["Relic","Relic","Relic","Potion","Potion"],"build_version":"2020-12-22","purchased_purges":1,"victory":false,"max_hp_per_floor":[68,68,68,68,68,68,68,68,68,68,68,68,68,68,68,68,68,68,68,68,68,68,68,68,68,68,68,68,68,68,68,68,68,68,68,68,68,68,68,68,68,68,68,73,73,73,73,73,73,73,73,73,73,73,73,73],"card_choices":[{"not_picked":["Scrape","Steam","Doom and Gloom"],"picked":"SKIP","floor":1.0},{"not_picked":["Leap","Fusion"],"picked":"Coolheaded","floor":4.0},{"not_picked":["Go for the Eyes","Tempest"],"picked":"FTL","floor":5.0},{"not_picked":["Redo","Self Repair"],"picked":"Ball Lightning","floor":7.0},{"not_picked":["Reprogram","Barrage"],"picked":"Hologram","floor":11.0},{"not_picked":["Static Discharge","Sweeping Beam"],"picked":"Ball Lightning","floor":12.0},{"not_picked":["Reprogram","Sweeping Beam"],"picked":"Cold Snap","floor":13.0},{"not_picked":["Turbo","Beam Cell"],"picked":"Conserve Battery","floor":14.0},{"not_picked":["Amplify","Rainbow"],"picked":"Electrodynamics","floor":16.0},{"not_picked":["Coolheaded","Compile Driver+1"],"picked":"Chill","floor":18.0},{"not_picked":["Tempest","Aggregate"],"picked":"Defragment","floor":20.0},{"not_picked":["Steam Power","Ball Lightning"],"picked":"Capacitor","floor":22.0},{"not_picked":["Doom and Gloom","Streamline"],"picked":"Chaos+1","floor":24.0},{"not_picked":["Aggregate","Rebound"],"picked":"Melter","floor":28.0},{"not_picked":["Sunder","Static Discharge","Hologram"],"picked":"SKIP","floor":30.0},{"not_picked":["Meteor Strike","Creative AI"],"picked":"Buffer","floor":33.0},{"not_picked":["Coolheaded","Lockon"],"picked":"Glacier","floor":35.0},{"not_picked":["Redo","Compile Driver"],"picked":"Self Repair","floor":36.0},{"not_picked":["Redo","Beam Cell"],"picked":"Hologram","floor":37.0},{"not_picked":["Chaos","Leap","Sweeping Beam"],"picked":"SKIP","floor":39.0},{"not_picked":["Cold Snap","Reprogram+1","Aggregate+1"],"picked":"SKIP","floor":40.0},{"not_picked":["Master of Strategy+1","Secret Weapon+1"],"picked":"Apotheosis+1","floor":41.0},{"not_picked":["Force Field+1","Leap+1"],"picked":"Biased Cognition+1","floor":45.0},{"not_picked":["Turbo+1","Beam Cell"],"picked":"Storm+1","floor":48.0},{"not_picked":["Steam+1","Go for the Eyes"],"picked":"Conserve Battery+1","floor":54.0}],"player_experience":610932,"relics_obtained":[{"floor":9.0,"key":"The Courier"},{"floor":17.0,"key":"Smiling Mask"},{"floor":17.0,"key":"Cables"},{"floor":17.0,"key":"Du-Vu Doll"},{"floor":26.0,"key":"PreservedInsect"},{"floor":36.0,"key":"Incense Burner"},{"floor":40.0,"key":"Toxic Egg 2"},{"floor":43.0,"key":"Juzu Bracelet"},{"floor":45.0,"key":"Frozen Egg 2"},{"floor":54.0,"key":"Bag of Preparation"}],"event_choices":[{"cards_removed":["Defend_B"],"damage_healed":0.0,"max_hp_gain":0.0,"max_hp_loss":0.0,"gold_gain":0.0,"event_name":"Golden Wing","player_choice":"Card Removal","floor":2.0,"gold_loss":0.0,"damage_taken":7.0},{"damage_healed":0.0,"max_hp_gain":0.0,"max_hp_loss":0.0,"gold_gain":0.0,"event_name":"The Mausoleum","player_choice":"Opened","floor":19.0,"gold_loss":0.0,"damage_taken":0.0,"relics_obtained":["Blood Vial"]},{"damage_healed":0.0,"max_hp_gain":0.0,"max_hp_loss":0.0,"gold_gain":0.0,"event_name":"Vampires","player_choice":"Ignored","floor":27.0,"gold_loss":0.0,"damage_taken":0.0},{"cards_removed":["Strike_B"],"damage_healed":0.0,"max_hp_gain":0.0,"max_hp_loss":0.0,"gold_gain":0.0,"event_name":"Beggar","player_choice":"Gave Gold","floor":31.0,"gold_loss":75.0,"damage_taken":0.0},{"damage_healed":0.0,"max_hp_gain":0.0,"max_hp_loss":0.0,"gold_gain":0.0,"event_name":"MindBloom","player_choice":"Fight","floor":36.0,"gold_loss":0.0,"damage_taken":0.0},{"damage_healed":0.0,"max_hp_gain":0.0,"max_hp_loss":0.0,"gold_gain":0.0,"event_name":"SensoryStone","player_choice":"Memory 1","floor":41.0,"gold_loss":0.0,"damage_taken":0.0},{"damage_healed":0.0,"max_hp_gain":0.0,"max_hp_loss":0.0,"gold_gain":0.0,"event_name":"Mysterious Sphere","player_choice":"Ignored","floor":47.0,"gold_loss":0.0,"damage_taken":0.0}],"is_beta":false,"boss_relics":[{"not_picked":["Busted Crown","Astrolabe"],"picked":"Calling Bell"},{"not_picked":["Runic Pyramid","Empty Cage"],"picked":"Nuclear Battery"}],"items_purged_floors":[21],"is_endless":false,"potions_floor_spawned":[1,11,14,18,20,28,36,45,48],"killed_by":"The Heart","ascension_level":13}}