{"host":"27wa8ufp4ryspt1p","time":1612238088,"event":{"mods":["2.2 Compatiblity","A Penny For Your Troubles","Abigail Mod","Act Like it!","Aspiration","BaseMod","Better Altar","Better Match","Better Note","Better Skull","Better Third Choice","Colored Map","Conspire","Curses Come First","Dota2Spire","Downfall-Rebalance","Elementarium","Energized Spire","Fox Events","Friendly Minions","Gensokyo","GifTheSpireLib","Gold Saver","Halation","Hallownest","HololiveMod","Hubris","Humility","Infinite Spire","Keyboard Shortcuts","Menagerie","Mimic Mod","Minty Spire (QoL Compilation)","Pale of the Ancients","Poor People Problems","Quarter Circle Forward PUNCH!","Reimu??????","Relic Filter Mod","Relic Sorter","Relic Stats","Reliquary","Replay The Spire","Reworked Bosses","Shop Mod","Spicy Shops","Spikes Relics","Spire Arcade","StSLib","Stuff the Spire","SuperFastMode","The Cursed","The Exalted","The Judge","The Necromancer","Trackpad","Waifu the Spire","Wandering Minibosses","[IsaacMod]????","??????REMEMod","????"],"gold_per_floor":[1072,1152,497,597,611,611,624,638,669,703,703,717,717,717,717,744,744,818,818,829,829,606,706,706,706],"floor_reached":24,"language":"SPA","playtime":687,"items_purged":[],"score":399,"play_id":"89c93fab-8417-4763-944e-c53a0c356f23","local_time":"20210201215448","daily_mods":["SealedDeck","Colorless Cards","Heirloom","Elite Swarm","Lethality"],"is_ascension_mode":true,"campfire_choices":[{"data":"AbbyMod:ConsumeFlesh","floor":6,"key":"SMITH"},{"data":"AbbyMod:PreciousMemories","floor":11,"key":"SMITH"},{"floor":13,"key":"RECALL"},{"data":"AbbyMod:ConsumeFlesh","floor":17,"key":"SMITH"}],"circlet_count":0,"master_deck":["AscendersBane","DoctorFetus","Flash of Steel","AbbyMod:Keyblade","AbbyMod:LargeTentacle","Dramatic Entrance","AbbyMod:TeddyBear","AbbyMod:EyesOfMadness","Enlightenment","expansioncontent:DefensiveMode","AbbyMod:PreciousMemories+1","AbbyMod:FamiliarShield","AbbyMod:VoidWhispers","AbbyMod:PapaProtection","AbbyMod:TeddyBear+1","AbbyMod:AttoSecond","AbbyMod:ConsumeFlesh+1","AbbyMod:ConsumeFlesh+1","AbbyMod:ConsumeFlesh","expansioncontent:GuardianWhirl","AbbyMod:PapaProtection","Poisoned Strike","AbbyMod:FlyingMascot","expansioncontent:DashGenerateEvil","AbbyMod:EyesOfMadness","Doubt","StuffTheSpire:CelestialWarden","AbbyMod:EyesOfMadness"],"relics":["AbbyMod:Salem_Diary","HushsDoor","REME_ComplimentaryCards","SuspiciousGoo","SatanicBible","MerchantsRug","StuffTheSpire:Saxophone","Dota2Spire:LinkenSphere","Hololive_Finger","ClockworkSouvenir"],"acts_visited":["Hallownest:Greenpath","Hallownest:CityofTears"],"potions_floor_usage":[8],"damage_taken":[{"damage":0.0,"enemies":"2_ Uuma","floor":1.0,"turns":1.0},{"damage":0,"enemies":"Hallownest:monsterHuskWarrior","floor":5,"turns":3},{"damage":0,"enemies":"Hallownest:2_Baldur","floor":7,"turns":2},{"damage":2,"enemies":"Hallownest:2_Tiktiks_1_Baldur_1_Crawlid","floor":8,"turns":2},{"damage":20,"enemies":"Hallownest:monsterMossCharger","floor":9,"turns":7},{"damage":14,"enemies":"Hallownest:eliteCrystalGuardian","floor":10,"turns":5},{"damage":10,"enemies":"Hallownest:monsterMossCharger","floor":12,"turns":4},{"damage":68,"enemies":"Hallownest:BossHornet","floor":18,"turns":7},{"damage":60,"enemies":"Hallownest:Guard_and_Sentry","floor":20,"turns":6},{"damage":57,"enemies":"Hallownest:3_Youths","floor":24,"turns":2}],"seed_played":"-7310862722627769066","potions_obtained":[{"floor":1.0,"key":"SkillPotion"},{"floor":7,"key":"sneckomod:MuddlingPotion"},{"floor":12,"key":"Death Potion"},{"floor":20,"key":"Swift Potion"}],"is_trial":true,"path_per_floor":["M","?","$","?","M","R","M","M","MIM","E","R","M","R","PTL","PTL","$","R","B",null,"M","?","$","?","M"],"character_chosen":"Ab_Foreigner","items_purchased":["AbbyMod:TeddyBear+1","AbbyMod:AttoSecond","MerchantsRug","StuffTheSpire:Saxophone","halation:NonexistentMirror","AbbyMod:ConsumeFlesh","AbbyMod:FlyingMascot","ClockworkSouvenir","AbbyMod:EyesOfMadness"],"campfire_rested":0,"item_purchase_floors":[3,3,3,3,3,3,16,22,22],"current_hp_per_floor":[50,50,50,50,56,56,56,55,54,61,61,59,59,59,59,59,59,31,63,42,42,42,42,0,0],"gold":706,"neow_bonus":"","is_daily":false,"chose_seed":false,"campfire_upgraded":3,"win_rate":0.0,"timestamp":1612238088,"path_taken":["?","?","$","?","M","R","M","M","MIM","E","R","M","R","PTL","PTL","$","R","BOSS","M","?","$","?","M"],"items_purchased_type":["Card","Card","Relic","Relic","Relic","Card","Card","Relic","Card"],"build_version":"2020-12-22","purchased_purges":0,"victory":false,"max_hp_per_floor":[55,55,55,55,56,56,56,57,61,65,65,69,69,69,69,69,69,74,74,79,79,79,79,79,79],"relic_stats":{"counters":[10,39],"obtain_stats":[{"KeepersGift":0,"MerchantsRug":3,"halation:NonexistentMirror":3,"AbbyMod:Salem_Diary":0,"SuspiciousGoo":0,"StuffTheSpire:Saxophone":3,"Dota2Spire:LinkenSphere":10,"Hololive_Finger":19,"HushsDoor":0,"REME_ComplimentaryCards":0,"SatanicBible":0,"ClockworkSouvenir":22},{"KeepersGift":0,"MerchantsRug":1,"halation:NonexistentMirror":1,"AbbyMod:Salem_Diary":0,"SuspiciousGoo":0,"StuffTheSpire:Saxophone":1,"Dota2Spire:LinkenSphere":6,"Hololive_Finger":8,"HushsDoor":0,"REME_ComplimentaryCards":0,"SatanicBible":0,"ClockworkSouvenir":9},{"KeepersGift":0,"MerchantsRug":1,"halation:NonexistentMirror":1,"AbbyMod:Salem_Diary":0,"SuspiciousGoo":0,"StuffTheSpire:Saxophone":1,"Dota2Spire:LinkenSphere":20,"Hololive_Finger":31,"HushsDoor":0,"REME_ComplimentaryCards":0,"SatanicBible":0,"ClockworkSouvenir":37}]},"card_choices":[{"not_picked":[],"picked":"DoctorFetus","floor":0.0},{"not_picked":["AbbyMod:FamiliarShield","AbbyMod:AceInTheHole"],"picked":"AbbyMod:PapaProtection","floor":1.0},{"not_picked":["AbbyMod:EyesOfMadness","Madness"],"picked":"expansioncontent:GuardianWhirl","floor":5},{"not_picked":["PlatinumSkin","AbbyMod:FamiliarShield","AbbyMod:TeddyBear"],"picked":"SKIP","floor":7},{"not_picked":["AbbyMod:LargeTentacle","Battery","AbbyMod:HeroCreationA"],"picked":"SKIP","floor":8},{"not_picked":["AbbyMod:HeroCreationA","AbbyMod:TeddyBear"],"picked":"AbbyMod:PapaProtection","floor":9},{"not_picked":["AbbyMod:Ab_PuppyEyes","REME_BattleFury"],"picked":"Poisoned Strike","floor":10},{"not_picked":["AbbyMod:AceInTheHole","expansioncontent:LastStand","AbbyMod:SanityCheck"],"picked":"SKIP","floor":12},{"not_picked":["hubris:EnhanceAbility","REME_AllRoundStrike"],"picked":"expansioncontent:DashGenerateEvil","floor":18},{"not_picked":["Jack Of All Trades","AbbyMod:LossOfSanity"],"picked":"AbbyMod:EyesOfMadness","floor":20}],"player_experience":3988922,"relics_obtained":[{"floor":10,"key":"Dota2Spire:LinkenSphere"}],"event_choices":[],"is_beta":false,"boss_relics":[{"not_picked":["conspire:RoyalGoblet","Bromod:ArcaneEnergize"],"picked":"Hololive_Finger"},{"not_picked":[]}],"items_purged_floors":[],"is_endless":false,"potions_floor_spawned":[1,7,12,20],"killed_by":"Hallownest:3_Youths","ascension_level":20,"is_humility":true}}