{"host":"b2j09bgckbzjrujr","time":1612248575,"event":{"mods":["AchievementEnabler","Aspiration","BaseMod","BetterRewards","Colored Map","Colored Powertips","Conspire","Friendly Minions","Infinite Spire","Marisa£®ÏF”Í°°ƒß¿Ì…≥£©","Minty Spire (QoL Compilation)","Quick Restart","Rare Cards Sparkle","Reimu£®≤©¿ˆ¡È√Œ£©","Remilia£®¿Ÿ√◊¿Ú—«£©","Replay The Spire","Shop Mod","StSLib","SuperFastMode","TestMod","The Cursed","The Jungle","The Servant 0.9.4","Waifu the Spire","Youmu£®ªÍ∆«—˝√Œ£©","Yuyuko","[IsaacMod]“‘»ˆº‚À˛","°æπ¶ƒ‹Mod°øªÏ„Á÷Æª∑–ﬁ∏¥≤π∂°"],"gold_per_floor":[129,529,529,544,567,623,138,138,138,103,140,140,158,176,176,390,453,491,530,530,530,136,322,359,417,442,442,498,498,271,297,297,332,332],"floor_reached":33,"language":"ZHS","playtime":1428,"items_purged":["Strike_R","Defend_R"],"score":545,"play_id":"b0889592-7039-47b0-83b0-7a2abbd2101a","local_time":"20210202144935","is_ascension_mode":true,"campfire_choices":[{"floor":8,"key":"REST"},{"floor":15,"key":"RECALL"},{"floor":27,"key":"REST"}],"circlet_count":0,"master_deck":["AscendersBane","Strike_R+1","Strike_R+1","Strike_R","Defend_R","Defend_R","Bash","Body Slam+1","ReplayTheSpireMod:Strike From Hell+1"],"relics":["Burning Blood","HushsDoor","testmod-BalancedPeriapt","Replay:Kaleidoscope","SalivaCoin","Torii","Mastiff:ReiMu","GuppysPaw","Guide Book","BloodBag","Omamori","Vajra","Thread and Needle","Mercury Hourglass","RuthlessExorcism:ReiMu","MerchantsRug","infinitespire:EmpoweringShard","Bottled Flame","Empty Cage","SteamSale","MealTicket","Quantum Egg","PreservedInsect","infinitespire:Broken Mirror","Orichalcum","Iron Hammer","BFFS","aspiration:HatOfInfinitePower"],"acts_visited":["Exordium","TheCity"],"potions_floor_usage":[16,16,16,33,33,33],"damage_taken":[{"damage":8,"enemies":"Jaw Worm","floor":1,"turns":3},{"damage":0,"enemies":"Cultist","floor":4,"turns":4},{"damage":1,"enemies":"2 Louse","floor":5,"turns":3},{"damage":50,"enemies":"Lagavulin","floor":6,"turns":6},{"damage":12,"enemies":"Gremlin Nob","floor":11,"turns":3},{"damage":0,"enemies":"2 Fungi Beasts","floor":13,"turns":3},{"damage":10,"enemies":"Exordium Thugs","floor":14,"turns":2},{"damage":51,"enemies":"Hexaghost","floor":16,"turns":10},{"damage":0,"enemies":"Spheric Guardian","floor":18,"turns":4},{"damage":0,"enemies":"Shell Parasite","floor":19,"turns":5},{"damage":5,"enemies":"Gremlin Leader","floor":23,"turns":8},{"damage":10,"enemies":"Snecko","floor":24,"turns":5},{"damage":25,"enemies":"Slavers","floor":25,"turns":4},{"damage":31,"enemies":"Book of Stabbing","floor":28,"turns":4},{"damage":9,"enemies":"Snake Plant","floor":31,"turns":2},{"damage":61,"enemies":"conspire:MysteriousRune","floor":33,"turns":5}],"seed_played":"-5293890155935386930","potions_obtained":[{"floor":6,"key":"Reflective Coating"},{"floor":11,"key":"testmod-TestPotion"},{"floor":14,"key":"testmod-TestPotion"},{"floor":23,"key":"BloodPotion"},{"floor":28,"key":"FearPotion"},{"floor":31,"key":"Strength Potion"}],"is_trial":false,"path_per_floor":["M","?","?","M","M","E","$","R","T","?","E","$","M","M","R","B",null,"M","M","?","?","$","E","M","E","T","R","E","?","$","M","R_BF","B"],"character_chosen":"IRONCLAD","items_purchased":["Replay:Kaleidoscope","SalivaCoin","BargainBundle","Mastiff:ReiMu","GuppysPaw","Guide Book","Mercury Hourglass","RuthlessExorcism:ReiMu","MerchantsRug","SteamSale","MealTicket","Quantum Egg","BFFS","aspiration:HatOfInfinitePower"],"campfire_rested":2,"item_purchase_floors":[0,0,0,0,0,0,7,7,7,22,22,22,30,30],"current_hp_per_floor":[22,22,22,28,33,35,35,59,59,79,73,73,79,75,75,30,40,46,52,52,52,52,53,49,30,30,48,23,23,38,35,53,0,0],"gold":332,"neow_bonus":"","is_daily":false,"chose_seed":false,"campfire_upgraded":0,"win_rate":0.0,"timestamp":1612248575,"path_taken":["M","?","?","?","M","E","$","R","T","?","E","?","M","M","R","BOSS","M","M","?","?","$","E","M","E","T","R","E","?","$","M","R_BF","BOSS"],"items_purchased_type":["Relic","Relic","Relic","Relic","Relic","Relic","Relic","Relic","Relic","Relic","Relic","Relic","Relic","Relic"],"build_version":"2020-12-22","purchased_purges":2,"victory":false,"max_hp_per_floor":[80,80,80,80,80,80,80,80,80,80,80,80,80,80,80,79,70,70,70,70,70,70,60,60,60,60,60,60,60,60,60,60,60,60],"card_choices":[{"not_picked":["Twin Strike","Anger"],"picked":"Body Slam","floor":1},{"not_picked":["Shrug It Off","Anger","Wild Strike"],"picked":"SKIP","floor":4},{"not_picked":["Run Through","Headbutt","Body Slam"],"picked":"SKIP","floor":5},{"not_picked":["Rage","Demon Form","Demonic Infusion"],"picked":"SKIP","floor":6},{"not_picked":["Thunderclap","Pommel Strike","Rampage"],"picked":"SKIP","floor":11},{"not_picked":["Replay:Undeath\u0027s Touch","Cleave","Havoc"],"picked":"SKIP","floor":13},{"not_picked":["True Grit","Sentinel","Shrug It Off"],"picked":"SKIP","floor":14},{"not_picked":["infinitespire:OneForAll","True Grit","Entrench+1"],"picked":"SKIP","floor":18},{"not_picked":["Pommel Strike","Warcry","Infernal Blade+1"],"picked":"SKIP","floor":19},{"not_picked":["Evolve","ReplayTheSpireMod:Corrosion Curse","Second Wind"],"picked":"SKIP","floor":23},{"not_picked":["Clash","Hemokinesis","Shrug It Off"],"picked":"SKIP","floor":24},{"not_picked":["Whirlwind","Heavy Blade+1","True Grit+1"],"picked":"SKIP","floor":25},{"not_picked":["Clothesline","Combust"],"picked":"ReplayTheSpireMod:Strike From Hell+1","floor":28},{"not_picked":["Entrench","Life Link","Reckless Charge"],"picked":"SKIP","floor":31}],"player_experience":97374,"relics_obtained":[{"floor":6,"key":"Thread and Needle"},{"floor":9,"key":"infinitespire:EmpoweringShard"},{"floor":11,"key":"Bottled Flame"},{"floor":23,"key":"PreservedInsect"},{"floor":25,"key":"infinitespire:Broken Mirror"},{"floor":26,"key":"Orichalcum"},{"floor":28,"key":"Iron Hammer"}],"event_choices":[{"damage_healed":0,"gold_gain":400,"player_choice":"Sell","damage_taken":0,"max_hp_gain":0,"max_hp_loss":0,"event_name":"∂˜¬ÂÀπµƒ≈Ã◊”","floor":2,"relics_lost":["testmod-TestBox"],"gold_loss":0},{"damage_healed":20,"gold_gain":0,"player_choice":"Healed","damage_taken":0,"max_hp_gain":0,"max_hp_loss":0,"event_name":"The Cleric","floor":10,"gold_loss":35},{"damage_healed":0,"gold_gain":0,"player_choice":"Ignored","damage_taken":0,"max_hp_gain":0,"max_hp_loss":0,"event_name":"Ghosts","floor":29,"gold_loss":0}],"is_beta":false,"boss_relics":[{"not_picked":["Replay:Drink Me","ReplayTheSpireMod:SealedPack"],"picked":"Empty Cage"},{"not_picked":[]}],"items_purged_floors":[0,22],"is_endless":false,"potions_floor_spawned":[6,11,14,23,28,31],"killed_by":"conspire:MysteriousRune","ascension_level":10}}