{"host":"j7ar7kkzojniygbp","time":1612292413,"event":{"mods":["AchievementEnabler","Aspiration","BaseMod","Colored Map","Conjunction","Conspire","Downfall","Halation","Hermit","Hubris","Infinite Spire","Minty Spire (QoL Compilation)","Replay The Spire","Shop Mod","StSLib","The Blue Laboratory","The Cursed","The Necromancer"],"gold_per_floor":[119,119,148,161,14,43,43,43,68,83,109,123,123,138,138,138,138],"floor_reached":16,"language":"ENG","playtime":1781,"items_purged":[],"score":150,"play_id":"ea5fe620-485f-49f7-b2e6-0612068f7a5e","local_time":"20210202200013","is_ascension_mode":false,"campfire_choices":[{"floor":7,"key":"REST"},{"floor":15,"key":"REST"}],"circlet_count":0,"master_deck":["conspire:GhostlyStrike","conspire:GhostlyStrike","conspire:GhostlyStrike","conspire:GhostlyStrike","conspire:GhostlyDefend","conspire:GhostlyDefend","conspire:GhostlyDefend","conspire:GhostlyDefend","Eruption","Vigilance","PathToVictory","EmptyBody","ThirdEye","Conclude","FearNoEvil","Sanctity","Pray"],"relics":["PureWater","aspiration:Lifesprig","Garlic","Oddly Smooth Stone","TungstenRod","Blue Doll","Toy Ornithopter"],"acts_visited":["Exordium"],"potions_floor_usage":[12],"damage_taken":[{"damage":0,"enemies":"Small Slimes","floor":1,"turns":3},{"damage":30,"enemies":"conspire:MimicChest","floor":3,"turns":5},{"damage":0,"enemies":"2 Louse","floor":4,"turns":2},{"damage":26,"enemies":"Lagavulin","floor":6,"turns":10},{"damage":0,"enemies":"Jaw Worm","floor":10,"turns":3},{"damage":0,"enemies":"Large Slime","floor":12,"turns":5},{"damage":3,"enemies":"conspire:2 RoseBushes","floor":14,"turns":4},{"damage":79,"enemies":"Fading Forest","floor":16,"turns":7}],"seed_played":"8863519596266783754","potions_obtained":[{"floor":4,"key":"sneckomod:MuddlingPotion"},{"floor":6,"key":"FearPotion"},{"floor":12,"key":"LiquidMemories"}],"is_trial":false,"path_per_floor":["M","?","?","M","$","E","R","?","T","M","T","M","$","M","R","B"],"character_chosen":"WATCHER","items_purchased":["Oddly Smooth Stone"],"campfire_rested":2,"item_purchase_floors":[5],"current_hp_per_floor":[79,76,46,46,46,20,43,43,43,43,43,48,48,45,68,0,0],"gold":138,"neow_bonus":"TEN_PERCENT_HP_BONUS","is_daily":false,"chose_seed":false,"campfire_upgraded":0,"win_rate":0.0,"timestamp":1612292413,"path_taken":["M","?","?","?","$","E","R","?","T","M","?","M","?","?","R","BOSS"],"items_purchased_type":["Relic"],"build_version":"2020-12-22","purchased_purges":0,"victory":false,"max_hp_per_floor":[79,79,79,79,79,79,79,79,79,79,79,79,79,79,79,79,79],"card_choices":[{"not_picked":["Consecrate","Collect"],"picked":"PathToVictory","floor":1},{"not_picked":["Weave","CrushJoints"],"picked":"EmptyBody","floor":3},{"not_picked":["FlyingSleeves","FlurryOfBlows"],"picked":"ThirdEye","floor":4},{"not_picked":["Replay:Cycle","MasterReality"],"picked":"Conclude","floor":6},{"not_picked":["Halt","BowlingBash"],"picked":"FearNoEvil","floor":10},{"not_picked":["FollowUp","SignatureMove"],"picked":"Sanctity","floor":12},{"not_picked":["CrushJoints","FearNoEvil"],"picked":"Pray","floor":14}],"player_experience":17664,"relics_obtained":[{"floor":3,"key":"Garlic"},{"floor":6,"key":"TungstenRod"},{"floor":9,"key":"Blue Doll"},{"floor":11,"key":"Toy Ornithopter"}],"event_choices":[{"damage_healed":0,"gold_gain":0,"player_choice":"Success","damage_taken":3,"relics_obtained":["aspiration:Lifesprig"],"max_hp_gain":0,"max_hp_loss":0,"event_name":"Scrap Ooze","floor":2,"gold_loss":0},{"damage_healed":0,"gold_gain":0,"player_choice":"Agree","damage_taken":0,"max_hp_gain":0,"max_hp_loss":0,"event_name":"conspire:LoneGhost","floor":8,"gold_loss":0}],"is_beta":false,"boss_relics":[],"items_purged_floors":[],"is_endless":false,"potions_floor_spawned":[4,6,12],"killed_by":"Fading Forest","ascension_level":0}}