{"host":"nxma0dbhh74lxenq","time":1612279232,"event":{"mods":["Astrologer","BaseMod","Beaked The Cultist","CapriCore","Colored Map","DeckTracker","Gremlin Mod","HololiveMod","KinomotoSakuraMod(ñÿîVñ{?)","Koishi","Mad Scientist","Minty Spire (QoL Compilation)","Prisma Mod","StSLib","SuperFastMode","The Bladedancer","The Cursed","The Immortal","The Mystic","YoumuÅiç∞ÈÆódöÎÅj"],"gold_per_floor":[77,96,21,45,75,75,109,109,109,153,153,181,206,45,45,117,117,131,131,131,151,178,178,223,267,267,307,337,337,337,356,356,485,485,498,498,510,510,529,529,542,572,598,598,598,74,74,93,93,93,123],"floor_reached":52,"language":"JPN","playtime":1902,"items_purged":[],"score":2555,"play_id":"3ca680b3-4de5-4a3f-ad76-e4364680b538","local_time":"20210203002032","is_ascension_mode":true,"campfire_choices":[{"data":"Hololive_CallHoshimachiSuisei","floor":6,"key":"SMITH"},{"floor":11,"key":"REST"},{"data":"Hololive_CallYozoraMel","floor":15,"key":"SMITH"},{"data":"Hololive_CallHoushouMarine","floor":23,"key":"SMITH"},{"data":"Hololive_CallShirakamiFubuki","floor":30,"key":"SMITH"},{"data":"Hololive_CallHimemoriLuna","floor":32,"key":"SMITH"},{"data":"Hololive_Nanodesu","floor":40,"key":"SMITH"},{"data":"Hololive_CallArtia","floor":45,"key":"SMITH"},{"data":"Hololive_SummonFox","floor":47,"key":"SMITH"},{"data":"Hololive_CallManoAloe","floor":49,"key":"SMITH"}],"circlet_count":0,"master_deck":["AscendersBane","Hololive_Defend","Hololive_CallYogiri","Hololive_CallArtia+1","Hololive_CallAkaiHaato","Hololive_CallOkamiMio","Hololive_CallAkaiHaato","Hololive_CallHoshimachiSuisei+1","Hololive_CallSakuraMiko","Hololive_CallShirakamiFubuki+1","Hololive_CallRoboco","Hololive_Breathe","Hololive_CallMomosuzuNene+13","Hololive_OvertimeWork","Hololive_CallTokinoSora","Hololive_CallMurasakiShion","Hololive_CallYozoraMel+1","Hololive_CallHoushouMarine+1","Hololive_CallManoAloe+1","Hololive_Psychosis+1","Hololive_Nanodesu+1","Hololive_FlyingPonyTail","RitualDagger+1","Hololive_CocoNews","Hololive_Thief","Hololive_StrengthChampion","Hololive_AWSL","Hololive_FlyingPonyTail+1","Hololive_CallHimemoriLuna+1","Hololive_CallAmaneKanata+1","Hololive_StarCraft","Hololive_Rebound","Hololive_CallTokoyamiTowa","Hololive_CallOzoraSubaru+1","Hololive_CallTsunomakiWatame+1","Hololive_CallShiroganeNoel","Hololive_CallMinatoAqua","Hololive_Rebound+1","Hololive_CallAiraniIofifteen+1","Hololive_MaximGun","Hololive_CallInugamiKorone","Dark Shackles","Hololive_SummonFox+1","Hololive_HuntDinosaur"],"relics":["Hololive_TheStar","Unceasing Top","Calipers","Ice Cream","Boot","Orrery","Philosopher\u0027s Stone","FossilizedHelix","Akabeko","Prayer Wheel","Dream Catcher","MealTicket","Nilry\u0027s Codex","Coffee Dripper","Bottled Flame","Whetstone","Juzu Bracelet","Potion Belt"],"acts_visited":["Exordium","TheCity","TheBeyond"],"potions_floor_usage":[21,51,51,51],"damage_taken":[{"damage":0,"enemies":"2 Louse","floor":1,"turns":3},{"damage":0,"enemies":"Jaw Worm","floor":2,"turns":3},{"damage":0,"enemies":"Small Slimes","floor":4,"turns":4},{"damage":0,"enemies":"Exordium Wildlife","floor":5,"turns":3},{"damage":0,"enemies":"Lagavulin","floor":7,"turns":4},{"damage":0,"enemies":"3 Sentries","floor":10,"turns":4},{"damage":0,"enemies":"Blue Slaver","floor":12,"turns":2},{"damage":0,"enemies":"Gremlin Nob","floor":13,"turns":3},{"damage":0,"enemies":"Hexaghost","floor":16,"turns":6},{"damage":0,"enemies":"2 Thieves","floor":18,"turns":3},{"damage":0,"enemies":"3 Byrds","floor":21,"turns":3},{"damage":0,"enemies":"Centurion and Healer","floor":24,"turns":6},{"damage":0,"enemies":"Gremlin Leader","floor":25,"turns":4},{"damage":0,"enemies":"Slavers","floor":27,"turns":4},{"damage":0,"enemies":"Snecko","floor":28,"turns":3},{"damage":0,"enemies":"3 Cultists","floor":31,"turns":4},{"damage":0,"enemies":"Automaton","floor":33,"turns":9},{"damage":0,"enemies":"Orb Walker","floor":35,"turns":2},{"damage":0,"enemies":"3 Shapes","floor":37,"turns":3},{"damage":0,"enemies":"Jaw Worm Horde","floor":39,"turns":3},{"damage":0,"enemies":"Spire Growth","floor":41,"turns":4},{"damage":0,"enemies":"Reptomancer","floor":42,"turns":4},{"damage":0,"enemies":"Sphere and 2 Shapes","floor":48,"turns":4},{"damage":0,"enemies":"Time Eater","floor":50,"turns":8},{"damage":0,"enemies":"Donu and Deca","floor":51,"turns":8}],"seed_played":"-3381118176848362650","potions_obtained":[{"floor":1,"key":"SpeedPotion"},{"floor":5,"key":"DistilledChaos"},{"floor":13,"key":"Block Potion"},{"floor":16,"key":"LiquidBronze"},{"floor":21,"key":"EssenceOfSteel"}],"is_trial":false,"path_per_floor":["M","M","?","M","M","R","E","?","T","E","R","M","E","$","R","B",null,"M","?","T","M","T","R","M","E","T","E","M","?","R","M","R","B",null,"M","?","M","T","M","R","M","E","T","?","R","$","R","M","R","B","B",null],"character_chosen":"Hololive_HololiveCharacter","items_purchased":["Orrery","Hololive_CallInugamiKorone","Potion Belt","Block Potion","ColorlessPotion","Dark Shackles","Hololive_SummonFox"],"campfire_rested":1,"item_purchase_floors":[14,46,46,46,46,46,46],"current_hp_per_floor":[21,21,21,21,21,21,21,3,3,3,12,12,12,12,12,30,30,30,24,24,29,29,29,30,30,30,30,30,9,9,31,31,32,32,33,31,32,32,33,33,34,35,35,35,35,35,35,36,36,37,38],"gold":123,"neow_bonus":"REMOVE_TWO","is_daily":false,"chose_seed":false,"campfire_upgraded":9,"win_rate":0.0,"timestamp":1612279232,"path_taken":["M","M","?","M","M","R","E","?","T","E","R","M","E","$","R","BOSS","M","?","?","M","?","R","M","E","T","E","M","?","R","M","R","BOSS","M","?","M","?","M","R","M","E","T","?","R","$","R","M","R","BOSS","BOSS"],"items_purchased_type":["Relic","Card","Relic","Potion","Potion","Card","Card"],"build_version":"2020-12-22","purchased_purges":0,"victory":true,"max_hp_per_floor":[30,30,30,30,30,30,30,30,30,30,30,30,30,30,30,30,30,30,30,30,30,30,30,30,30,30,30,30,30,30,31,31,32,32,33,31,32,32,33,33,34,35,35,35,35,35,35,36,36,37,38],"card_choices":[{"not_picked":["Hololive_CocoNews","Hololive_OvertimeWork","Hololive_FlyingPonyTail"],"picked":"Hololive_CallHoshimachiSuisei","floor":1},{"not_picked":["Hololive_RevenueBasedLive","Hololive_CallManoAloe","Hololive_CallFriendA"],"picked":"Hololive_CallSakuraMiko","floor":2},{"not_picked":["Hololive_CallOkamiMio","Hololive_CallMurasakiShion","Hololive_CallHimemoriLuna"],"picked":"Hololive_CallShirakamiFubuki","floor":4},{"not_picked":["Hololive_CocoNews","Hololive_CallKiryuuCoco","Hololive_Breathe"],"picked":"Hololive_CallRoboco","floor":5},{"not_picked":["Hololive_CallSakuraMiko","Hololive_Psychosis","Hololive_DiamondStrike"],"picked":"Hololive_Breathe","floor":7},{"not_picked":["Hololive_CallAiraniIofifteen","Hololive_CallHoushouMarine","Hololive_Psychosis"],"picked":"Hololive_CallMomosuzuNene","floor":10},{"not_picked":["Hololive_RevenueBasedLive","Hololive_Psychosis","Hololive_Sequa"],"picked":"Hololive_OvertimeWork","floor":12},{"not_picked":["Hololive_BringToTrial","Hololive_CocoNews","Hololive_CallCivia"],"picked":"Hololive_CallTokinoSora","floor":13},{"not_picked":["Hololive_HighAtkLowDef","Hololive_RevenueBasedLive","Hololive_CallShirakamiFubuki"],"picked":"Hololive_CallMurasakiShion","floor":14},{"not_picked":["Hololive_HuntDinosaur","Hololive_Spy","Hololive_StrengthChampion"],"picked":"Hololive_CallYozoraMel","floor":14},{"not_picked":["Hololive_CallMoonaHoshinova","Hololive_FlyingPonyTail","Hololive_StrengthChampion"],"picked":"Hololive_CallHoushouMarine","floor":14},{"not_picked":["Hololive_CocoNews","Hololive_IdolExercise","Hololive_SoulCatcher"],"picked":"Hololive_CallManoAloe","floor":14},{"not_picked":["Hololive_BringToTrial","Hololive_FlareMind","Hololive_Drill"],"picked":"Hololive_Psychosis","floor":14},{"not_picked":["Hololive_Recruit","Hololive_ScarfAndHalo","Hololive_HighAtkLowDef"],"picked":"Hololive_Nanodesu","floor":16},{"not_picked":["Hololive_StrengthChampion","Hololive_Drill","Hololive_Trident+1"],"picked":"Hololive_FlyingPonyTail","floor":18},{"not_picked":["Hololive_Drill","Hololive_Sequa","Hololive_Trident","Hololive_HuntDinosaur+1"],"picked":"SKIP","floor":21},{"not_picked":["Hololive_RevenueBasedLive","Hololive_SoulCatcher","Hololive_Rebound"],"picked":"Hololive_CocoNews","floor":24},{"not_picked":["Hololive_Drill","Hololive_HuntDinosaur","Hololive_CallArtia"],"picked":"Hololive_Thief","floor":25},{"not_picked":["Hololive_CallMurasakiShion","Hololive_Psychosis","Hololive_ManjiGathering"],"picked":"Hololive_StrengthChampion","floor":27},{"not_picked":["Hololive_RevenueBasedLive","Hololive_CallMoonaHoshinova","Hololive_CocoNews"],"picked":"Hololive_AWSL","floor":28},{"not_picked":["Hololive_OvertimeWork","Hololive_RevenueBasedLive+1","Hololive_StrengthChampion"],"picked":"Hololive_FlyingPonyTail+1","floor":28},{"not_picked":["Hololive_HuntDinosaur","Hololive_CallDoris","Hololive_CallSpadeEcho"],"picked":"Hololive_CallHimemoriLuna","floor":31},{"not_picked":["Hololive_Drill","Hololive_HuntDinosaur","Hololive_Breathe"],"picked":"Hololive_CallAmaneKanata+1","floor":31},{"not_picked":["Hololive_HighAtkLowDef","Hololive_Thief","Hololive_AWSL"],"picked":"Hololive_StarCraft","floor":33},{"not_picked":["Hololive_LuckPotion","Hololive_Sequa","Hololive_CallMomosuzuNene"],"picked":"Hololive_Rebound","floor":35},{"not_picked":["Hololive_RevenueBasedLive","Hololive_Psychosis+1","Hololive_LuckPotion"],"picked":"Hololive_CallTokoyamiTowa","floor":35},{"not_picked":["Hololive_StrengthChampion","Hololive_RevenueBasedLive","Hololive_Thief"],"picked":"Hololive_CallOzoraSubaru+1","floor":37},{"not_picked":["Hololive_StrengthChampion+1","Hololive_RevenueBasedLive","Hololive_OvertimeWork"],"picked":"Hololive_CallTsunomakiWatame+1","floor":37},{"not_picked":["Hololive_LuckPotion","Hololive_BringToTrial","Hololive_Trident"],"picked":"Hololive_CallShiroganeNoel","floor":39},{"not_picked":["Hololive_CallHoushouMarine","Hololive_Sequa+1","Hololive_Rebound"],"picked":"Hololive_CallMinatoAqua","floor":39},{"not_picked":["Hololive_Sequa","Hololive_FlyingPonyTail","Hololive_CallTsunomakiWatame"],"picked":"Hololive_Rebound+1","floor":41},{"not_picked":["Hololive_OvertimeWork+1","Hololive_RevenueBasedLive","Hololive_HuntDinosaur+1"],"picked":"Hololive_CallAiraniIofifteen+1","floor":41},{"not_picked":["Hololive_Drill","Hololive_BringToTrial+1","Hololive_AWSL"],"picked":"Hololive_MaximGun","floor":42},{"not_picked":["Hololive_Drill+1","Hololive_CallMurasakiShion","Hololive_ILoveYou"],"picked":"Hololive_HuntDinosaur","floor":48},{"not_picked":["Hololive_StrengthChampion","Hololive_CallTsunomakiWatame","Hololive_CallAiraniIofifteen+1","Hololive_LuckPotion"],"picked":"SKIP","floor":48}],"player_experience":570062,"relics_obtained":[{"floor":7,"key":"Unceasing Top"},{"floor":9,"key":"Calipers"},{"floor":10,"key":"Ice Cream"},{"floor":13,"key":"Boot"},{"floor":20,"key":"FossilizedHelix"},{"floor":22,"key":"Akabeko"},{"floor":25,"key":"Prayer Wheel"},{"floor":26,"key":"Dream Catcher"},{"floor":27,"key":"MealTicket"},{"floor":29,"key":"Nilry\u0027s Codex"},{"floor":38,"key":"Bottled Flame"},{"floor":42,"key":"Whetstone"},{"floor":43,"key":"Juzu Bracelet"}],"event_choices":[{"cards_removed":["Hololive_Strike"],"damage_healed":0,"gold_gain":0,"player_choice":"Card Removal","damage_taken":0,"max_hp_gain":0,"max_hp_loss":0,"event_name":"The Cleric","floor":3,"gold_loss":75},{"damage_healed":0,"gold_gain":0,"player_choice":"Fled","damage_taken":18,"max_hp_gain":0,"max_hp_loss":0,"event_name":"Scrap Ooze","floor":8,"gold_loss":0},{"damage_healed":0,"gold_gain":0,"player_choice":"Joined the Cult","damage_taken":6,"max_hp_gain":0,"max_hp_loss":0,"event_name":"Nest","floor":19,"gold_loss":0,"cards_obtained":["RitualDagger"]},{"damage_healed":0,"gold_gain":0,"player_choice":"Obtained Book","damage_taken":21,"max_hp_gain":0,"max_hp_loss":0,"event_name":"Cursed Tome","floor":29,"gold_loss":0},{"damage_healed":0,"gold_gain":0,"player_choice":"Max HP","damage_taken":0,"max_hp_gain":0,"max_hp_loss":2,"event_name":"Winding Halls","floor":36,"gold_loss":0},{"cards_removed":["Hololive_ILoveYou"],"damage_healed":0,"gold_gain":0,"player_choice":"Removed Skill","damage_taken":0,"max_hp_gain":0,"max_hp_loss":0,"event_name":"Falling","floor":44,"gold_loss":0}],"is_beta":false,"boss_relics":[{"not_picked":["Hololive_Finger","Calling Bell"],"picked":"Philosopher\u0027s Stone"},{"not_picked":["Astrolabe","beaked:MawFillet"],"picked":"Coffee Dripper"}],"items_purged_floors":[],"is_endless":false,"potions_floor_spawned":[1,5,7,13,16,21,25,27,35,37,39],"ascension_level":20}}