{"host":"d744ndivyohnro60","time":1612240445,"event":{"mods":["BaseMod","Bestiary","Colored Powertips","Minty Spire (QoL Compilation)","Relic Stats"],"gold_per_floor":[115,65,75,88,13,31,31,31,58,88,88,12,38,49,49,153,153,170,170,170,24,41,68,68,95,95,95,112,140,140,90,90,187,187,199,212,212,1211,430,430,461,461,484,156,79,94,109,135,135,135],"floor_reached":51,"language":"ENG","playtime":2374,"items_purged":["Defend_B","Normality","Normality"],"score":984,"play_id":"7b09bdd1-5c10-4f81-a30a-b67d1a72810f","local_time":"20210201233405","is_ascension_mode":true,"campfire_choices":[{"floor":15,"key":"REST"},{"floor":24,"key":"REST"},{"floor":27,"key":"RECALL"},{"floor":32,"key":"REST"},{"floor":40,"key":"REST"},{"floor":42,"key":"REST"},{"floor":49,"key":"REST"}],"circlet_count":0,"master_deck":["Strike_B","Defend_B","Defend_B","Zap","Dualcast","Sweeping Beam","Coolheaded","Leap","Tempest+1","Core Surge","Self Repair","Stack+1","Electrodynamics","Heatsinks+1","Thunder Strike+1","Conserve Battery+1","Melter","Self Repair+1","Undo","Ball Lightning","Storm","Leap","Fission","Cold Snap+1","Conserve Battery+1","Defragment+1","Panache+1","Beam Cell","Ball Lightning","Storm+1","Turbo","Steam+1","Fission"],"relics":["Fusion Hammer","PreservedInsect","Strawberry","HornCleat","Omamori","Astrolabe","MealTicket","Ginger","Anchor","Bag of Preparation","Bottled Flame","Frozen Egg 2","Calling Bell","Nunchaku","Matryoshka","WingedGreaves","Pear","OrangePellets","Akabeko","Happy Flower","Regal Pillow","DataDisk","Bronze Scales"],"acts_visited":["Exordium","TheCity","TheBeyond"],"potions_floor_usage":[10,13,18,25,25,33,36,41,46,48,50],"damage_taken":[{"damage":2,"enemies":"Jaw Worm","floor":1,"turns":3},{"damage":3,"enemies":"2 Louse","floor":3,"turns":2},{"damage":12,"enemies":"Small Slimes","floor":4,"turns":2},{"damage":6,"enemies":"Exordium Thugs","floor":6,"turns":4},{"damage":7,"enemies":"Lagavulin","floor":10,"turns":4},{"damage":0,"enemies":"3 Sentries","floor":13,"turns":4},{"damage":0,"enemies":"Large Slime","floor":14,"turns":3},{"damage":64,"enemies":"Hexaghost","floor":16,"turns":13},{"damage":18,"enemies":"2 Thieves","floor":18,"turns":3},{"damage":0,"enemies":"Spheric Guardian","floor":22,"turns":3},{"damage":0,"enemies":"Gremlin Leader","floor":23,"turns":4},{"damage":6,"enemies":"Slavers","floor":25,"turns":4},{"damage":14,"enemies":"Snake Plant","floor":28,"turns":3},{"damage":30,"enemies":"Gremlin Leader","floor":29,"turns":6},{"damage":35,"enemies":"Automaton","floor":33,"turns":9},{"damage":37,"enemies":"3 Darklings","floor":35,"turns":4},{"damage":15,"enemies":"Orb Walker","floor":36,"turns":5},{"damage":75,"enemies":"Giant Head","floor":41,"turns":8},{"damage":0,"enemies":"Transient","floor":46,"turns":5},{"damage":5,"enemies":"Spire Growth","floor":47,"turns":4},{"damage":22,"enemies":"Reptomancer","floor":48,"turns":5},{"damage":78,"enemies":"Time Eater","floor":50,"turns":10}],"seed_played":"8670197399129024035","potions_obtained":[{"floor":1,"key":"DistilledChaos"},{"floor":6,"key":"Block Potion"},{"floor":14,"key":"Dexterity Potion"},{"floor":16,"key":"ColorlessPotion"},{"floor":18,"key":"Explosive Potion"},{"floor":22,"key":"SteroidPotion"},{"floor":25,"key":"EssenceOfSteel"},{"floor":33,"key":"GamblersBrew"},{"floor":35,"key":"LiquidBronze"},{"floor":46,"key":"Explosive Potion"},{"floor":47,"key":"SpeedPotion"}],"is_trial":false,"path_per_floor":["M","?","M","M","$","M","$","?","T","E","$","?","E","M","R","B",null,"M","?","?","$","M","E","R","E","T","R","M","E","?","?","R","B",null,"M","M","?","?","$","R","E","R","T","$","$","M","M","E","R","B",null],"character_chosen":"DEFECT","items_purchased":["MealTicket","Defragment+1","Pear","OrangePellets","Panache+1","SkillPotion","DataDisk","Ball Lightning","Storm+1"],"campfire_rested":6,"item_purchase_floors":[21,39,39,39,39,39,44,44,45],"current_hp_per_floor":[73,73,70,58,58,52,52,52,52,52,52,52,52,59,82,25,82,71,71,71,71,78,78,82,82,82,82,68,55,55,55,79,44,82,62,54,54,54,79,92,34,61,61,76,91,92,92,87,92,31],"gold":135,"neow_bonus":"BOSS_RELIC","is_daily":false,"chose_seed":false,"campfire_upgraded":0,"win_rate":0.0,"timestamp":1612240445,"path_taken":["M","?","M","M","$","M","$","?","T","E","$","?","E","M","R","BOSS","M","?","?","$","?","E","R","E","T","R","M","E","?","?","R","BOSS","M","?","?","?","$","R","E","R","T","?","$","M","?","E","R","BOSS"],"items_purchased_type":["Relic","Card","Relic","Relic","Card","Potion","Relic","Card","Card"],"build_version":"2020-12-22","purchased_purges":3,"victory":true,"max_hp_per_floor":[75,75,75,75,75,75,75,75,75,82,82,82,82,82,82,82,82,82,82,82,82,82,82,82,82,82,82,82,82,82,82,82,82,82,82,82,82,82,92,92,92,92,92,92,92,92,92,92,92,92],"relic_stats":{"OrangePellets":[0],"Nunchaku":[5],"Regal Pillow":0,"Happy Flower":[8],"counters":[22,108],"Astrolabe":["Heatsinks","Thunder Strike","Conserve Battery"],"Bronze Scales":[36],"MealTicket":45,"PreservedInsect":375,"Bag of Preparation":[20],"Ginger":[8],"obtain_stats":[{"Regal Pillow":43,"Pear":39,"Happy Flower":43,"Astrolabe":17,"PreservedInsect":9,"Omamori":13,"Bag of Preparation":26,"Ginger":23,"Frozen Egg 2":30,"Akabeko":41,"Calling Bell":34,"OrangePellets":39,"Anchor":25,"Bottled Flame":29,"Nunchaku":34,"DataDisk":44,"HornCleat":12,"Matryoshka":34,"Strawberry":10,"Bronze Scales":48,"MealTicket":21,"Fusion Hammer":0,"WingedGreaves":34,"Cracked Core":0},{"Regal Pillow":18,"Pear":17,"Happy Flower":18,"Astrolabe":8,"PreservedInsect":4,"Omamori":6,"Bag of Preparation":12,"Ginger":11,"Frozen Egg 2":14,"Akabeko":18,"Calling Bell":15,"OrangePellets":17,"Anchor":12,"Bottled Flame":14,"Nunchaku":15,"DataDisk":18,"HornCleat":5,"Matryoshka":15,"Strawberry":5,"Bronze Scales":21,"MealTicket":9,"Fusion Hammer":0,"WingedGreaves":15,"Cracked Core":0},{"Regal Pillow":84,"Pear":76,"Happy Flower":84,"Astrolabe":35,"PreservedInsect":11,"Omamori":19,"Bag of Preparation":49,"Ginger":45,"Frozen Egg 2":58,"Akabeko":84,"Calling Bell":67,"OrangePellets":76,"Anchor":49,"Bottled Flame":58,"Nunchaku":67,"DataDisk":84,"HornCleat":15,"Matryoshka":67,"Strawberry":15,"Bronze Scales":98,"MealTicket":38,"Fusion Hammer":0,"WingedGreaves":67,"Cracked Core":0}]},"card_choices":[{"not_picked":["Rip and Tear","Stack"],"picked":"Sweeping Beam","floor":1},{"not_picked":["Genetic Algorithm","Beam Cell"],"picked":"Coolheaded","floor":3},{"not_picked":["Cold Snap","Go for the Eyes"],"picked":"Leap","floor":4},{"not_picked":["Hologram","Consume"],"picked":"Tempest","floor":6},{"not_picked":["Recycle","Redo"],"picked":"Core Surge","floor":10},{"not_picked":["Amplify","Storm"],"picked":"Self Repair","floor":13},{"not_picked":["Rebound","Streamline"],"picked":"Stack","floor":14},{"not_picked":["Multi-Cast","Creative AI"],"picked":"Electrodynamics","floor":16},{"not_picked":["Chill","Hologram+1"],"picked":"Melter","floor":18},{"not_picked":["Chill","Conserve Battery"],"picked":"Self Repair+1","floor":22},{"not_picked":["Self Repair","Steam"],"picked":"Undo","floor":23},{"not_picked":["Streamline+1","Rainbow"],"picked":"Ball Lightning","floor":25},{"not_picked":["Steam Power","Steam"],"picked":"Storm","floor":28},{"not_picked":["Sweeping Beam","Recycle"],"picked":"Leap","floor":29},{"not_picked":["Hyperbeam","All For One"],"picked":"Fission","floor":33},{"not_picked":["Reprogram+1","Streamline"],"picked":"Cold Snap+1","floor":35},{"not_picked":["Chaos+1","Coolheaded"],"picked":"Conserve Battery+1","floor":36},{"not_picked":["Recycle","Doom and Gloom"],"picked":"Beam Cell","floor":41},{"not_picked":["Barrage+1","Consume"],"picked":"Turbo","floor":46},{"not_picked":["Blizzard+1","Genetic Algorithm"],"picked":"Steam+1","floor":47},{"not_picked":["Darkness","Storm+1"],"picked":"Fission","floor":48}],"player_experience":197838,"relics_obtained":[{"floor":9,"key":"PreservedInsect"},{"floor":10,"key":"Strawberry"},{"floor":13,"key":"Omamori"},{"floor":23,"key":"Ginger"},{"floor":25,"key":"Anchor"},{"floor":26,"key":"Bag of Preparation"},{"floor":29,"key":"Bottled Flame"},{"floor":34,"key":"Nunchaku"},{"floor":34,"key":"Matryoshka"},{"floor":34,"key":"WingedGreaves"},{"floor":41,"key":"Akabeko"},{"floor":43,"key":"Happy Flower"},{"floor":43,"key":"Regal Pillow"},{"floor":48,"key":"Bronze Scales"}],"event_choices":[{"cards_removed":["Strike_B"],"damage_healed":0,"gold_gain":0,"player_choice":"Card Removal","damage_taken":0,"max_hp_gain":0,"max_hp_loss":0,"event_name":"The Cleric","floor":2,"gold_loss":50},{"damage_healed":0,"gold_gain":0,"player_choice":"Grow","damage_taken":0,"max_hp_gain":0,"max_hp_loss":0,"event_name":"Living Wall","floor":8,"gold_loss":0,"cards_upgraded":["Tempest"]},{"damage_healed":0,"gold_gain":0,"player_choice":"Paid Gold","damage_taken":0,"relics_obtained":["HornCleat"],"max_hp_gain":0,"max_hp_loss":0,"event_name":"WeMeetAgain","floor":12,"gold_loss":76},{"damage_healed":0,"gold_gain":0,"player_choice":"Smashed Altar","damage_taken":0,"max_hp_gain":0,"max_hp_loss":0,"event_name":"Forgotten Altar","floor":19,"gold_loss":0,"cards_obtained":["Decay"]},{"damage_healed":0,"gold_gain":0,"player_choice":"Forge","damage_taken":0,"max_hp_gain":0,"max_hp_loss":0,"event_name":"Accursed Blacksmith","floor":20,"gold_loss":0,"cards_upgraded":["Stack"]},{"damage_healed":0,"gold_gain":0,"player_choice":"Opened","damage_taken":0,"relics_obtained":["Frozen Egg 2"],"max_hp_gain":0,"max_hp_loss":0,"event_name":"The Mausoleum","floor":30,"gold_loss":0},{"damage_healed":0,"gold_gain":0,"player_choice":"Bet on Murderer","damage_taken":0,"max_hp_gain":0,"max_hp_loss":0,"event_name":"The Joust","floor":31,"gold_loss":50},{"damage_healed":0,"gold_gain":0,"player_choice":"Ignored","damage_taken":0,"max_hp_gain":0,"max_hp_loss":0,"event_name":"Tomb of Lord Red Mask","floor":37,"gold_loss":0},{"damage_healed":0,"gold_gain":999,"player_choice":"Gold","damage_taken":0,"max_hp_gain":0,"max_hp_loss":0,"event_name":"MindBloom","floor":38,"gold_loss":0,"cards_obtained":["Normality","Normality"]}],"is_beta":false,"boss_relics":[{"not_picked":["Inserter","SacredBark"],"picked":"Astrolabe"},{"not_picked":["Tiny House","Black Star"],"picked":"Calling Bell"}],"items_purged_floors":[5,39,44],"is_endless":false,"potions_floor_spawned":[1,6,14,16,18,22,25,33,35,46,47],"ascension_level":3}}