{"host":"44ptf306keujqm0c","time":1612240822,"event":{"mods":["Aspiration","BaseMod","Highlight Path","Marisa（F雨　魔理沙）","Minty Spire (QoL Compilation)","Remilia（蕾米莉亚）","Replay The Spire","StSLib","The Administrix","The Construct","The Cursed","The Jungle","The Runesmith","The Servant 0.9.4","WarShipGirlsR/战舰少女R mod","[IsaacMod]以撒尖塔"],"gold_per_floor":[109,109,120,137,154,186,186,186,186],"floor_reached":8,"language":"ZHS","playtime":737,"items_purged":[],"score":316,"play_id":"c0f7caae-7e2d-4bb5-b4bd-b98dcb34492e","local_time":"20210202124022","daily_mods":["Shiny","Diverse","Heirloom","Cursed Run","Uncertain Future"],"is_ascension_mode":true,"campfire_choices":[{"data":"TricksterDevil","floor":7,"key":"SMITH"}],"circlet_count":0,"master_deck":["AscendersBane","TricksterDevil+1","BloodRain","EquivalentExchange","KillingBlow","BatForm","BloodyCatastrophe","ChaoticDestiny","BloodySeventeenLaser","HellCatastrophe","ScarletCoffin","DemonKingCradle","ForecastOfChange","CurseOfVladTepes","TransientEternity","ScarletMeister","QueenOfMidnight","BloodyHallows","CeilingFear","HeartBreak","Runesmith:GenerateForcefield","Runesmith:MetallurgicalResearch","Runesmith:CraftIndustria","Runesmith:Supernova","Runesmith:ReplicatingBarrier","Runesmith:LastStand","Runesmith:CreatorForm","Runesmith:Duplicate","Runesmith:FissionHammer","Runesmith:DuctTape","Runesmith:CraftMedicinae","Runesmith:CraftPrismatica","Runesmith:UnlimitedPower","Runesmith:GrandSlam","Runesmith:ArcReactor","Runesmith:LightningRod","TheCursedMod:CollectTribute","TheCursedMod:ShockAndAwe","TheCursedMod:ParallelWorld","TheCursedMod:ManaCirculation","TheCursedMod:Neurasthenia","TheCursedMod:CursedRelics","TheCursedMod:CircleOfAbyss","TheCursedMod:UltimatePain","TheCursedMod:OutForBlood","TheCursedMod:StunningStrike","TheCursedMod:DarkBarrier","TheCursedMod:AntiAging","TheCursedMod:ForbiddenAlchemy","TheCursedMod:DemonSword","TheCursedMod:VoidForm","TheCursedMod:DemonicPact","TheCursedMod:NeowsMight","AdministrixMod:WifeLightning","AdministrixMod:Mastermind","AdministrixMod:Schism","AdministrixMod:FalseDeath","AdministrixMod:ImmortalClarity","AdministrixMod:BattleforgedBonds","AdministrixMod:HaveItAll","AdministrixMod:LifeforceNet","AdministrixMod:DeathByGlamour","AdministrixMod:StarSwordSoul","AdministrixMod:GirlsDoItBetter","AdministrixMod:BrewingCloister","AdministrixMod:TenDesires","AdministrixMod:FaithfulFlames","AdministrixMod:AmassedMasks","AdministrixMod:HopeInTheDark","AdministrixMod:CosmosControl","AdministrixMod:FearOfDeath","AdministrixMod:LuminaryPath","AdministrixMod:NewbornDivinity","construct:GatlingGun","construct:HammerDown","construct:BatteryCore","construct:ShiftingStance","construct:SpinDrive","construct:LongRangeLance","construct:GoldenBullet","construct:ShieldBurst","construct:HastyRepair","construct:MassProduction","construct:Reserves","construct:SiegeForm","construct:ShieldGenerator","construct:MemoryTap","construct:PanicFire","construct:Multistage","construct:HyperBeam","construct:Bunker","construct:ClockworkEgg","rmod:lastglory","rmod:windflower","rmod:supriseattacks","rmod:auspiciousomen","rmod:acesubmarine","rmod:timeschanged","rmod:seals","rmod:desperatesituation","rmod:secretscript","rmod:stealaluminum","rmod:expeditionaryescort","rmod:ridicule","rmod:u235","rmod:highspeedmaneuver","rmod:abidefaith","rmod:saltedfish","rmod:fletcher","Sunlight","Duplication","MurderousAura","LightFlow","Dilation","FlawlessForm","FloweringNight","Solidify","SoulSculpture","ForgedInTime","PendulumOfEternity","Initiator","Deny","KillingDoll","TheWorld","StarDustReverie","AbsoluteMagnitude","CollectingQuirk","SuperNova","BlazingStar","UltimateShortwave","CasketOfStar","MaximisePower","TreasureHunter","MillisecondPulsars","SatelliteIllusion","JA","BigCrunch","EscapeVelocity","ManaRampage","BinaryStars","FinalSpark","Devotion","LessonLearned","Vault","Establishment","Judgement","MasterReality","Blasphemy","Scrawl","Wish","Brilliance","Replay:AllIn","Alpha","Replay:LoomingThreat","DeusExMachina","ConjureBlade","Ragnarok","Omniscience","SpiritShield","DevaForm","Hyperbeam","Machine Learning","Buffer","All For One","Core Surge","Multi-Cast","Thunder Strike","ElectricPowerLearning","Electrodynamics","ReplayTheSpireMod:Omega Cannon","Rainbow","ReplayTheSpireMod:Fabricate Wheel","Mirror Shield","Seek","Echo Form","Reboot","Fission","Biased Cognition","ReplayRNGCard","Meteor Strike","Amplify","Creative AI","ReplayTheSpireMod:Necrosis","Corpse Explosion","ReplayTheSpireMod:From All Sides","Adrenaline","Wraith Form v2","Venomology","Replay:Bag of Tricks","Malaise","Phantasmal Killer","Unload","Bullet Time","Grand Finale","Die Die Die","Atom Bomb","Envenom","Doppelganger","Burst","Tools of the Trade","After Image","Poison Darts","A Thousand Cuts","aspiration:Lunge","Night Terror","Storm of Steel","Glass Knife","Double Tap","Fiend Fire","Eclipse","Demonic Infusion","Exhume","Bludgeon","Limit Break","Hemogenesis","Demon Form","Berserk","Impervious","Juggernaut","Brutality","Offering","Feed","Replay:Many Hands","Corruption","Barricade","Reaper","Immolate","BloodyBrimstone"],"relics":["Cursed Key","Darkstone Periapt","Du-Vu Doll","HushsDoor","Pocketwatch","Damocles","Replay:Mystery Machine","Blood Vial","Counterbalance","aspiration:FetidBarrel","Geode","Juzu Bracelet"],"acts_visited":["Exordium"],"potions_floor_usage":[8,8],"damage_taken":[{"damage":0.0,"enemies":"Cultist","floor":1.0,"turns":2.0},{"damage":6.0,"enemies":"2 Louse","floor":3.0,"turns":4.0},{"damage":10,"enemies":"Jaw Worm","floor":4,"turns":4},{"damage":9,"enemies":"2 Fungi Beasts","floor":5,"turns":2},{"damage":0,"enemies":"Gremlin Nob","floor":6,"turns":3},{"damage":0,"enemies":"3 Sentries","floor":8,"turns":2}],"seed_played":"-5312859374825086372","potions_obtained":[{"floor":4,"key":"Block Potion"}],"is_trial":true,"path_per_floor":["M","$","M","M","M","E","R","E"],"character_chosen":"DEFECT","items_purchased":[],"campfire_rested":0,"item_purchase_floors":[],"current_hp_per_floor":[64,64,58,50,43,45,45,0,0],"gold":186,"neow_bonus":"","is_daily":false,"chose_seed":false,"campfire_upgraded":1,"win_rate":0.0,"timestamp":1612240822,"path_taken":["M","?","M","M","M","E","R","E"],"items_purchased_type":[],"build_version":"2020-12-22","purchased_purges":0,"victory":false,"max_hp_per_floor":[71,71,71,71,71,71,71,71,71],"card_choices":[{"not_picked":[],"picked":"BloodyBrimstone","floor":0.0},{"not_picked":["DoubleSpark","Rewind","VampireFantasy"],"picked":"SKIP","floor":1.0},{"not_picked":["construct:ModeShift","AdministrixMod:ImmortalClarity","TheCursedMod:LuckyCharm"],"picked":"SKIP","floor":3.0},{"not_picked":["Barrage","rmod:aviationdawn","MagicChant"],"picked":"SKIP","floor":4},{"not_picked":["Flex","TheCursedMod:TacticalStrike","VampireKiss"],"picked":"SKIP","floor":5},{"not_picked":["Phantasmal Killer","construct:Forcefield","AdministrixMod:ShadowPlay"],"picked":"SKIP","floor":6}],"player_experience":67160,"relics_obtained":[{"floor":1.0,"key":"Replay:Mystery Machine"},{"floor":3.0,"key":"Blood Vial"},{"floor":4,"key":"Counterbalance"},{"floor":5,"key":"aspiration:FetidBarrel"},{"floor":6,"key":"Geode"},{"floor":6,"key":"Juzu Bracelet"}],"event_choices":[],"is_beta":false,"boss_relics":[],"items_purged_floors":[],"is_endless":true,"potions_floor_spawned":[4,5],"killed_by":"3 Sentries","ascension_level":20}}