{"host":"gf8hyl7jhl0is674","time":1612300268,"event":{"mods":["2.2 Compatiblity","Act Like it!","Aspiration","BaseMod","CapriCore","Chen","Colored Map","Gensokyo","Hallownest","Jorbs\u0027s Wanderer Trilogy","Koishi","Marisa????????","Minty Spire (QoL Compilation)","Onozuka Komachi Mod","Permanent Neow","Reimu??????","StSLib","The Administrix","The Blue Laboratory","The Immortal","The Jungle","The Servant 0.9.4","Waifu the Spire","Yakumo Yukari mod"],"gold_per_floor":[113,38,38,50,61,61,96,110,110,129,160,85,50,50,50,147,147,165,178,67,67,27,58,58,68,117,117,127,127,138,150,150,253,253,269,58,58,58,78,106,120,35,62,81,111,111,129,147,147,147,147,147,37,63,63],"floor_reached":56,"language":"ENG","playtime":3079,"items_purged":["Defend_B","Cloak And Dagger","Concentrate","Flechettes+1"],"score":1264,"play_id":"6ee57f6d-a2a7-4088-b20f-30aa131f28a8","local_time":"20210202141108","is_ascension_mode":false,"campfire_choices":[{"data":"Flechettes","floor":6,"key":"SMITH"},{"floor":15,"key":"RECALL"},{"data":"Echo Form","floor":27,"key":"SMITH"},{"data":"Genetic Algorithm","floor":29,"key":"SMITH"},{"data":"Glacier","floor":32,"key":"SMITH"},{"floor":46,"key":"REST"},{"data":"Machine Learning","floor":49,"key":"SMITH"},{"floor":52,"key":"REST"}],"circlet_count":0,"master_deck":["Glacier+1","Genetic Algorithm+1","Doom and Gloom+1","Hallownest:skillGreenpathMap+1","Echo Form+1","Scrape+1","All For One+1","Dagger Throw+1","Poisoned Stab+1","Glacier+1","Capacitor+1","Core Surge+1","Machine Learning+1","Sunder+1"],"relics":["Snecko Eye","Hallownest:BankAccountRelic","Tea:ReiMu","Molten Egg 2","Prayer Wheel","Empty Cage","Medical Kit","ZunR:ReiMu","Ornamental Fan","SlaversCollar","Oddly Smooth Stone","Anchor","War Paint","Shuriken","aspiration:Lifesprig"],"acts_visited":["Hallownest:Greenpath","TheCity","Hallownest:KingdomsEdge","TheEnding"],"potions_floor_usage":[16,16,33,54,55,55,55],"damage_taken":[{"damage":14,"enemies":"Hallownest:2_MossCreeps","floor":1,"turns":6},{"damage":0,"enemies":"Hallownest:2_Tiktiks_and_1_Crawlid","floor":4,"turns":3},{"damage":0,"enemies":"2_ Uuma","floor":5,"turns":4},{"damage":10,"enemies":"Hallownest:eliteCrystalGuardian","floor":7,"turns":5},{"damage":0,"enemies":"Hallownest:monsterMossCharger","floor":8,"turns":2},{"damage":0,"enemies":"Hallownest:1_Ooma_and_2_Uuma","floor":10,"turns":4},{"damage":4,"enemies":"Hallownest:eliteVengeflyKing","floor":11,"turns":8},{"damage":44,"enemies":"Hallownest:BossHornet","floor":16,"turns":8},{"damage":3,"enemies":"3 Byrds","floor":18,"turns":4},{"damage":0,"enemies":"Spheric Guardian","floor":19,"turns":2},{"damage":1,"enemies":"Book of Stabbing","floor":23,"turns":4},{"damage":0,"enemies":"Snake Plant","floor":25,"turns":3},{"damage":0,"enemies":"Cultist and Chosen","floor":28,"turns":3},{"damage":0,"enemies":"Shelled Parasite and Fungi","floor":30,"turns":3},{"damage":0,"enemies":"Snake Plant","floor":31,"turns":3},{"damage":0,"enemies":"Automaton","floor":33,"turns":8},{"damage":0,"enemies":"Hallownest:Shield_Heavy","floor":35,"turns":3},{"damage":7,"enemies":"Hallownest:3_Siblings","floor":39,"turns":4},{"damage":4,"enemies":"Hallownest:eliteCollector","floor":40,"turns":5},{"damage":0,"enemies":"Hallownest:2_Wandering_and_1_Horned","floor":41,"turns":4},{"damage":0,"enemies":"Hallownest:2_Wing_and_1_Kings","floor":44,"turns":4},{"damage":0,"enemies":"Hallownest:StalkingDevout","floor":45,"turns":5},{"damage":0,"enemies":"Hallownest:Shield_Sturdy","floor":47,"turns":4},{"damage":0,"enemies":"Hallownest:2_Soldiers_and_1_Guardian","floor":48,"turns":5},{"damage":12,"enemies":"Hallownest:BossHollowKnight","floor":50,"turns":7},{"damage":26,"enemies":"Shield and Spear","floor":54,"turns":4},{"damage":22,"enemies":"The Heart","floor":55,"turns":8}],"seed_played":"-5059400422552123185","potions_obtained":[{"floor":1,"key":"GamblersBrew"},{"floor":8,"key":"blueLaboratory:AbyssPotion"},{"floor":11,"key":"Weak Potion"},{"floor":19,"key":"blueLaboratory:LouseDecoction"},{"floor":23,"key":"blueLaboratory:PlasmaFuel"},{"floor":25,"key":"blueLaboratory:BubblePotion"},{"floor":39,"key":"blueLaboratory:BottleOfRum"},{"floor":54,"key":"Fire Potion"}],"is_trial":false,"path_per_floor":["M","?","?","M","M","R","E","M","T","M","E","?","$","?","R","B",null,"M","M","$","?","?","E","?","M","T","R","M","R","M","M","R","B",null,"M","$","?","?","M","E","M","$","T","M","E","R","M","M","R","B",null,"R","$","E","B",null],"character_chosen":"DEFECT","items_purchased":["Medical Kit","Oddly Smooth Stone"],"campfire_rested":2,"item_purchase_floors":[20,36],"current_hp_per_floor":[61,61,61,61,61,61,51,51,51,51,47,47,47,47,47,3,68,65,65,65,65,65,64,64,64,64,64,64,64,64,64,64,64,68,68,68,68,68,61,57,57,57,57,57,57,68,68,68,68,56,68,68,68,42,20],"gold":63,"neow_bonus":"BOSS_RELIC","is_daily":false,"chose_seed":false,"campfire_upgraded":5,"win_rate":0.0,"timestamp":1612300268,"path_taken":["M","?","?","?","M","R","E","M","T","?","E","?","$","?","R","BOSS","M","M","$","?","?","E","?","M","T","R","M","R","M","M","R","BOSS","M","$","?","?","M","E","M","$","T","?","E","R","M","M","R","BOSS","R","$","E","BOSS"],"items_purchased_type":["Relic","Relic"],"build_version":"2020-12-22","purchased_purges":4,"victory":true,"max_hp_per_floor":[75,75,75,75,75,75,75,75,75,75,75,75,75,68,68,68,68,68,68,68,68,68,68,68,68,68,68,68,68,68,68,68,68,68,68,68,68,68,68,68,68,68,68,68,68,68,68,68,68,68,68,68,68,68,68],"card_choices":[{"not_picked":["Tempest","Cold Snap","Compile Driver"],"picked":"SKIP","floor":1},{"not_picked":["Loop","Double Energy","Leap"],"picked":"SKIP","floor":4},{"not_picked":["Leap","Hologram","Steam"],"picked":"SKIP","floor":5},{"not_picked":["Chill","Fusion"],"picked":"Glacier","floor":7},{"not_picked":["Beam Cell","Cold Snap"],"picked":"Genetic Algorithm","floor":8},{"not_picked":["Gash+1","Biased Cognition","Compile Driver+1"],"picked":"SKIP","floor":10},{"not_picked":["Sweeping Beam+1","Fusion"],"picked":"Doom and Gloom+1","floor":11},{"not_picked":["Creative AI","Electrodynamics"],"picked":"Echo Form","floor":16},{"not_picked":["Barrage+1","FTL+1","Sweeping Beam+1"],"picked":"SKIP","floor":18},{"not_picked":["Scrape+1","Go for the Eyes+1","Melter+1"],"picked":"SKIP","floor":18},{"not_picked":["Go for the Eyes+1","Melter+1"],"picked":"Scrape+1","floor":18},{"not_picked":["Barrage+1","FTL+1","Sweeping Beam+1"],"picked":"SKIP","floor":18},{"not_picked":["aspiration:Polymerization","Steam","Gash+1"],"picked":"SKIP","floor":19},{"not_picked":["Melter+1","Amplify","Stack"],"picked":"SKIP","floor":19},{"not_picked":["Steam","Rebound+1","Cold Snap+1"],"picked":"SKIP","floor":23},{"not_picked":["Tempest+1","Storm","Ball Lightning+1"],"picked":"SKIP","floor":25},{"not_picked":["Steam","Cold Snap+1","Conserve Battery"],"picked":"SKIP","floor":25},{"not_picked":["Redo","Ball Lightning+1","Self Repair"],"picked":"SKIP","floor":28},{"not_picked":["Barrage+1","Hologram","Aggregate+1"],"picked":"SKIP","floor":28},{"not_picked":["Leap","Seek","Sweeping Beam+1"],"picked":"SKIP","floor":30},{"not_picked":["Streamline+1","BootSequence","Rebound+1"],"picked":"SKIP","floor":30},{"not_picked":["Go for the Eyes+1","Stack","Streamline+1"],"picked":"SKIP","floor":31},{"not_picked":["Conserve Battery","Sweeping Beam+1","Beam Cell+1"],"picked":"SKIP","floor":31},{"not_picked":["Seek","Creative AI"],"picked":"All For One+1","floor":33},{"not_picked":["Melter+1","Glacier+1","Redo+1"],"picked":"SKIP","floor":35},{"not_picked":["Streamline+1","Steam Power+1","Conserve Battery+1"],"picked":"SKIP","floor":35},{"not_picked":["Tempest+1","Turbo","FTL+1"],"picked":"SKIP","floor":39},{"not_picked":["Cold Snap+1","Gash+1","Streamline+1"],"picked":"SKIP","floor":39},{"not_picked":["Stack+1","Streamline+1"],"picked":"Glacier","floor":40},{"not_picked":["Compile Driver+1","Beam Cell+1","aspiration:Polymerization"],"picked":"SKIP","floor":41},{"not_picked":["Turbo+1","Redo","Rip and Tear+1"],"picked":"SKIP","floor":41},{"not_picked":["Darkness","Reprogram"],"picked":"Capacitor+1","floor":44},{"not_picked":["Doom and Gloom+1","Coolheaded","Force Field+1"],"picked":"SKIP","floor":44},{"not_picked":["Recycle","Scrape+1"],"picked":"Core Surge+1","floor":45},{"not_picked":["Go for the Eyes+1","Streamline+1","Lockon+1"],"picked":"SKIP","floor":47},{"not_picked":["Beam Cell+1","Streamline+1","Barrage+1"],"picked":"SKIP","floor":47},{"not_picked":["Stack","Beam Cell+1"],"picked":"Machine Learning","floor":48},{"not_picked":["Sweeping Beam+1","BootSequence+1"],"picked":"Sunder+1","floor":48},{"not_picked":["Compile Driver+1","Barrage+1","Leap"],"picked":"SKIP","floor":54}],"player_experience":407402,"relics_obtained":[{"floor":7,"key":"Tea:ReiMu"},{"floor":9,"key":"Molten Egg 2"},{"floor":11,"key":"Prayer Wheel"},{"floor":23,"key":"Ornamental Fan"},{"floor":40,"key":"Anchor"},{"floor":43,"key":"War Paint"},{"floor":45,"key":"Shuriken"},{"floor":54,"key":"aspiration:Lifesprig"}],"event_choices":[{"damage_healed":0,"gold_gain":0,"player_choice":"Ignored","damage_taken":0,"max_hp_gain":0,"max_hp_loss":0,"event_name":"Ghosts","floor":21,"gold_loss":0},{"damage_healed":0,"gold_gain":0,"player_choice":"Keep O-miki","damage_taken":0,"relics_obtained":["ZunR:ReiMu"],"max_hp_gain":0,"max_hp_loss":0,"event_name":"ZunEvent","floor":22,"gold_loss":40},{"damage_healed":0,"gold_gain":0,"cards_transformed":["Zap","Dualcast"],"player_choice":"Became Test Subject","damage_taken":0,"max_hp_gain":0,"max_hp_loss":0,"event_name":"Drug Dealer","floor":24,"gold_loss":0,"cards_obtained":["Coolheaded","Ball Lightning"]}],"is_beta":false,"boss_relics":[{"not_picked":["aspiration:PoetsPen_weak","Nuclear Battery"],"picked":"Empty Cage"},{"not_picked":["aspiration:Stellarator","Sozu"],"picked":"SlaversCollar"}],"items_purged_floors":[13,36,42,53],"is_endless":false,"potions_floor_spawned":[1,8,11,19,23,25,31,39,40,47,48,54],"ascension_level":0}}