{"host":"820xk69ekh5gtclf","time":1612224883,"event":{"mods":["Ascension Unlocker","BaseMod","Curses Come First","Custom Start","Downfall","Minty Spire (QoL Compilation)","StSLib"],"gold_per_floor":[119,119,129,142,157,157,190,190,217,242,255,255,269,302,302,373,373,388,401,401,401,401],"floor_reached":20,"language":"ENG","playtime":1489,"items_purged":[],"score":387,"play_id":"e2dbd1e7-e967-4254-b257-854a21acdead","local_time":"20210201191443","is_ascension_mode":true,"campfire_choices":[{"data":"bronze:DarkDash","floor":6.0,"key":"SMITH"},{"data":"bronze:BugBarrage","floor":8.0,"key":"SMITH"},{"data":"bronze:Constructor","floor":12.0,"key":"SMITH"},{"data":"bronze:Goto","floor":15.0,"key":"SMITH"}],"circlet_count":0,"master_deck":["AscendersBane","bronze:Strike","bronze:Strike","bronze:Strike","bronze:Strike","bronze:Defend","bronze:Defend","bronze:Defend","bronze:Defend","bronze:Replicate","bronze:Goto+1","bronze:OilSpill","bronze:OilSpill","bronze:Overload","bronze:DarkDash+1","bronze:BugBarrage+1","bronze:Constructor+1","bronze:Refactor","bronze:Virus","bronze:DelayedSlice"],"relics":["bronze:BronzeCore","NeowsBlessing","Bronze Scales","MealTicket","Toy Ornithopter","Tiny Chest","bronze:ElectromagneticCoil"],"acts_visited":["Exordium","TheCity"],"potions_floor_usage":[],"damage_taken":[{"damage":0.0,"enemies":"Jaw Worm","floor":1.0,"turns":1.0},{"damage":0.0,"enemies":"Cultist","floor":3.0,"turns":1.0},{"damage":0.0,"enemies":"Small Slimes","floor":4.0,"turns":2.0},{"damage":2.0,"enemies":"3 Louse","floor":5.0,"turns":3.0},{"damage":6.0,"enemies":"Gremlin Nob","floor":7.0,"turns":3.0},{"damage":0.0,"enemies":"Lagavulin","floor":10.0,"turns":4.0},{"damage":0.0,"enemies":"Exordium Thugs","floor":11.0,"turns":3.0},{"damage":0.0,"enemies":"2 Fungi Beasts","floor":13.0,"turns":2.0},{"damage":10.0,"enemies":"3 Sentries","floor":14.0,"turns":4.0},{"damage":16.0,"enemies":"The Guardian","floor":16.0,"turns":9.0},{"damage":0.0,"enemies":"Shell Parasite","floor":18.0,"turns":3.0},{"damage":0,"enemies":"Chosen","floor":19,"turns":4}],"seed_played":"-4804243636126905960","potions_obtained":[{"floor":1.0,"key":"bronze:CleanCodePotion"},{"floor":3.0,"key":"PowerPotion"},{"floor":4.0,"key":"FearPotion"},{"floor":10.0,"key":"SkillPotion"},{"floor":13.0,"key":"Explosive Potion"},{"floor":19,"key":"PowerPotion"}],"is_trial":false,"path_per_floor":["M","?","M","M","M","R","E","R","T","E","M","R","M","E","R","B",null,"M","M","$"],"character_chosen":"THE_AUTOMATON","items_purchased":[],"campfire_rested":0,"item_purchase_floors":[],"current_hp_per_floor":[57,53,53,53,51,51,45,45,45,45,45,45,45,40,40,24,53,58,58,63,63,63],"gold":401,"neow_bonus":"THREE_ENEMY_KILL","is_daily":false,"chose_seed":false,"campfire_upgraded":4,"win_rate":0.0,"timestamp":1612224883,"path_taken":["M","?","?","M","M","R","E","R","T","E","M","R","M","E","R","BOSS","M","M","$"],"items_purchased_type":[],"build_version":"2020-12-22","purchased_purges":0,"victory":false,"max_hp_per_floor":[63,63,63,63,63,63,63,63,63,63,63,63,63,63,63,63,63,63,63,63,63,63],"card_choices":[{"not_picked":["bronze:ForLoop","bronze:Refactor"],"picked":"bronze:OilSpill","floor":1.0},{"not_picked":["bronze:Safeguard","bronze:Flail"],"picked":"bronze:OilSpill","floor":3.0},{"not_picked":["bronze:MaxOutput","bronze:Overheat"],"picked":"bronze:Overload","floor":4.0},{"not_picked":["bronze:Boost","bronze:Invalidate"],"picked":"bronze:DarkDash","floor":5.0},{"not_picked":["bronze:Boost","bronze:Return"],"picked":"bronze:BugBarrage","floor":7.0},{"not_picked":["bronze:Optimize","bronze:BronzeArmor","bronze:DelayedGuard"],"picked":"SKIP","floor":10.0},{"not_picked":["bronze:Branch","bronze:DigitalCarnage"],"picked":"bronze:Constructor","floor":11.0},{"not_picked":["bronze:Iterate","bronze:NullPointer"],"picked":"bronze:Refactor","floor":13.0},{"not_picked":["bronze:BuggyMess","bronze:Allocate","bronze:Flail"],"picked":"SKIP","floor":14.0},{"not_picked":["bronze:InfiniteLoop","bronze:CleanCode"],"picked":"bronze:Virus","floor":16.0},{"not_picked":["bronze:BuggyMess","bronze:Safeguard"],"picked":"bronze:DelayedSlice","floor":18.0},{"not_picked":["bronze:FineTuning","bronze:MaxOutput","bronze:WildBeam"],"picked":"SKIP","floor":19}],"player_experience":2301870,"relics_obtained":[{"floor":7.0,"key":"Bronze Scales"},{"floor":9.0,"key":"MealTicket"},{"floor":10.0,"key":"Toy Ornithopter"},{"floor":14.0,"key":"Tiny Chest"}],"event_choices":[{"damage_healed":0.0,"max_hp_gain":0.0,"max_hp_loss":0.0,"gold_gain":0.0,"event_name":"The Woman in Blue","player_choice":"Bought 0 Potions","floor":2.0,"gold_loss":0.0,"damage_taken":0.0}],"is_beta":false,"boss_relics":[{"not_picked":["Cursed Key","Philosopher\u0027s Stone"],"picked":"bronze:ElectromagneticCoil"}],"items_purged_floors":[],"is_endless":false,"potions_floor_spawned":[1,3,4,10,13,19],"ascension_level":15}}