{"host":"lv3zv4svf9qrs9uo","time":1612226292,"event":{"mods":["AchievementEnabler","BaseMod","Minty Spire (QoL Compilation)"],"gold_per_floor":[12,26,43,43,43,77,77,77,102,102,146,146,166,178,178,278,278,296,340,365,385,394,394,419,419,419],"floor_reached":25,"language":"ENG","playtime":2153,"items_purged":[],"score":258,"play_id":"88e5d93b-9f75-4bde-af45-21b20aa3da26","local_time":"20210201163812","is_ascension_mode":false,"campfire_choices":[{"data":"ClearTheMind","floor":8,"key":"SMITH"},{"floor":15,"key":"REST"},{"floor":23,"key":"REST"}],"circlet_count":0,"master_deck":["Strike_P","Strike_P","Eruption","Vigilance","ClearTheMind+1","CutThroughFate","InnerPeace","FlurryOfBlows","Meditate"],"relics":["PureWater","CeramicFish","PreservedInsect","MealTicket","Turnip","Empty Cage","Red Mask","Tiny Chest"],"acts_visited":["Exordium","TheCity"],"potions_floor_usage":[6,6,10,16,19,19,21,25,25],"damage_taken":[{"damage":2,"enemies":"Small Slimes","floor":1,"turns":2},{"damage":0,"enemies":"Jaw Worm","floor":2,"turns":4},{"damage":0,"enemies":"Cultist","floor":3,"turns":2},{"damage":33,"enemies":"Gremlin Nob","floor":6,"turns":5},{"damage":0,"enemies":"Red Slaver","floor":10,"turns":1},{"damage":13,"enemies":"Lagavulin","floor":11,"turns":3},{"damage":0,"enemies":"Looter","floor":13,"turns":2},{"damage":0,"enemies":"Large Slime","floor":14,"turns":3},{"damage":34,"enemies":"Slime Boss","floor":16,"turns":10},{"damage":2,"enemies":"Chosen","floor":18,"turns":3},{"damage":28,"enemies":"Masked Bandits","floor":19,"turns":4},{"damage":16,"enemies":"Shell Parasite","floor":20,"turns":6},{"damage":25,"enemies":"Snecko","floor":21,"turns":6},{"damage":0,"enemies":"Gremlin Leader","floor":24,"turns":4},{"damage":32,"enemies":"Cultist and Chosen","floor":25,"turns":4}],"seed_played":"7930345180018817689","potions_obtained":[{"floor":2,"key":"EntropicBrew"},{"floor":6,"key":"Strength Potion"},{"floor":14,"key":"PowerPotion"},{"floor":19,"key":"GamblersBrew"},{"floor":20,"key":"ColorlessPotion"},{"floor":24,"key":"ColorlessPotion"}],"is_trial":false,"path_per_floor":["M","M","M","?","?","E","?","R","T","M","E","?","M","M","R","B",null,"M","?","M","M","?","R","E","M"],"character_chosen":"WATCHER","items_purchased":[],"campfire_rested":2,"item_purchase_floors":[],"current_hp_per_floor":[70,70,70,70,63,30,27,27,27,27,14,14,14,14,35,1,72,70,42,26,1,1,22,22,0,0],"gold":419,"neow_bonus":"REMOVE_TWO","is_daily":false,"chose_seed":false,"campfire_upgraded":1,"win_rate":0.0,"timestamp":1612226292,"path_taken":["M","M","M","?","?","E","?","R","T","M","E","?","?","M","R","BOSS","M","?","M","M","?","R","E","M"],"items_purchased_type":[],"build_version":"2020-12-22","purchased_purges":0,"victory":false,"max_hp_per_floor":[72,72,72,72,72,72,72,72,72,72,72,72,72,72,72,72,72,72,72,72,72,72,72,72,72,72],"card_choices":[{"not_picked":["Protect","SashWhip","Sanctity"],"picked":"SKIP","floor":1},{"not_picked":["CrushJoints","FollowUp","Consecrate"],"picked":"SKIP","floor":2},{"not_picked":["SashWhip","Halt","WaveOfTheHand"],"picked":"SKIP","floor":3},{"not_picked":["SpiritShield","ReachHeaven"],"picked":"ClearTheMind","floor":6},{"not_picked":["SashWhip","Wireheading"],"picked":"CutThroughFate","floor":11},{"not_picked":["LikeWater","InnerPeace","Evaluate"],"picked":"SKIP","floor":13},{"not_picked":["SandsOfTime","ReachHeaven","EmptyBody"],"picked":"SKIP","floor":14},{"not_picked":["EmptyFist","Protect+1","BattleHymn"],"picked":"SKIP","floor":18},{"not_picked":["Prostrate","FollowUp"],"picked":"InnerPeace","floor":19},{"not_picked":["Prostrate","CutThroughFate"],"picked":"FlurryOfBlows","floor":20},{"not_picked":["InnerPeace","Evaluate","TalkToTheHand"],"picked":"SKIP","floor":21},{"not_picked":["Study","Alpha","LikeWater"],"picked":"SKIP","floor":24}],"player_experience":482728,"relics_obtained":[{"floor":6,"key":"CeramicFish"},{"floor":9,"key":"MealTicket"},{"floor":11,"key":"Turnip"},{"floor":19,"key":"Red Mask"},{"floor":24,"key":"Tiny Chest"}],"event_choices":[{"damage_healed":0,"gold_gain":0,"player_choice":"Ignored","damage_taken":0,"max_hp_gain":0,"max_hp_loss":0,"event_name":"Liars Game","floor":4,"gold_loss":0},{"cards_removed":["Strike_P"],"damage_healed":0,"gold_gain":0,"player_choice":"Card Removal","damage_taken":7,"max_hp_gain":0,"max_hp_loss":0,"event_name":"Golden Wing","floor":5,"gold_loss":0},{"damage_healed":0,"gold_gain":0,"player_choice":"Success","damage_taken":3,"relics_obtained":["PreservedInsect"],"max_hp_gain":0,"max_hp_loss":0,"event_name":"Scrap Ooze","floor":7,"gold_loss":0},{"damage_healed":0,"gold_gain":0,"player_choice":"0 cards matched","damage_taken":0,"max_hp_gain":0,"max_hp_loss":0,"event_name":"Match and Keep!","floor":12,"gold_loss":0,"cards_obtained":[]},{"damage_healed":0,"gold_gain":0,"player_choice":"Fought Bandits","damage_taken":0,"max_hp_gain":0,"max_hp_loss":0,"event_name":"Masked Bandits","floor":19,"gold_loss":0},{"damage_healed":0,"gold_gain":0,"cards_transformed":["Defend_P"],"player_choice":"Transformed","damage_taken":0,"max_hp_gain":0,"max_hp_loss":0,"event_name":"Transmorgrifier","floor":22,"gold_loss":0,"cards_obtained":["Meditate"]}],"is_beta":false,"boss_relics":[{"not_picked":["Cursed Key","Pandora\u0027s Box"],"picked":"Empty Cage"}],"items_purged_floors":[],"is_endless":false,"potions_floor_spawned":[2,6,10,14,19,20,24],"killed_by":"Cultist and Chosen","ascension_level":0}}