{"host":"jhy70w0yh8dayqay","time":1612260147,"event":{"mods":["AchievementEnabler","BaseMod","Colored Map","Colored Powertips","DeckTracker","Minty Spire (QoL Compilation)","Permanent Neow","SuperFastMode"],"gold_per_floor":[116,191,210,220,230,230,83,93,139,165,185,185,185,203,203,306,306,321,321,336,353,206,206,206,206],"floor_reached":24,"language":"KOR","playtime":724,"items_purged":["Strike_B","Defend_B"],"score":310,"play_id":"b69534a6-4b79-4d09-b0f8-b882f1f26d1f","local_time":"20210202190227","is_ascension_mode":true,"campfire_choices":[{"data":"Zap","floor":6.0,"key":"SMITH"},{"data":"Dualcast","floor":12.0,"key":"SMITH"},{"data":"Streamline","floor":15,"key":"SMITH"},{"data":"Biased Cognition","floor":23,"key":"SMITH"}],"circlet_count":0,"master_deck":["AscendersBane","Strike_B","Strike_B","Defend_B","Defend_B","Defend_B","Zap+1","Dualcast+1","Gash","Rip and Tear","Streamline+1","Sweeping Beam","Self Repair","Seek+1","Turbo+1","Stack+1","Glacier+1","Biased Cognition+1","Leap+1","Consume+1","Coolheaded+1","Rebound"],"relics":["Cracked Core","Bag of Marbles","Toxic Egg 2","Inserter"],"acts_visited":["Exordium","TheCity"],"potions_floor_usage":[14,16,21],"damage_taken":[{"damage":1.0,"enemies":"Small Slimes","floor":1.0,"turns":3.0},{"damage":0.0,"enemies":"Cultist","floor":3.0,"turns":3.0},{"damage":0.0,"enemies":"2 Louse","floor":4.0,"turns":3.0},{"damage":6.0,"enemies":"Exordium Wildlife","floor":5.0,"turns":3.0},{"damage":1.0,"enemies":"2 Fungi Beasts","floor":8.0,"turns":4.0},{"damage":16.0,"enemies":"Gremlin Nob","floor":10.0,"turns":3.0},{"damage":0.0,"enemies":"Lots of Slimes","floor":11.0,"turns":1.0},{"damage":0,"enemies":"Looter","floor":14,"turns":2},{"damage":24,"enemies":"Slime Boss","floor":16,"turns":9},{"damage":0,"enemies":"Chosen","floor":18,"turns":4},{"damage":12,"enemies":"Shell Parasite","floor":20,"turns":4},{"damage":15,"enemies":"Snake Plant","floor":21,"turns":5},{"damage":75,"enemies":"Gremlin Leader","floor":24,"turns":7}],"seed_played":"-5916094541648054461","potions_obtained":[{"floor":3.0,"key":"FocusPotion"},{"floor":4.0,"key":"Energy Potion"},{"floor":11.0,"key":"Block Potion"},{"floor":18,"key":"SneckoOil"},{"floor":20,"key":"DistilledChaos"}],"is_trial":false,"path_per_floor":["M","?","M","M","M","R","$","M","T","E","M","R","?","M","R","B",null,"M","?","M","M","$","R","E"],"character_chosen":"DEFECT","items_purchased":["Self Repair","Rebound"],"campfire_rested":0,"item_purchase_floors":[7,22],"current_hp_per_floor":[67,56,56,56,50,50,50,56,56,40,40,40,40,47,47,30,64,71,71,66,58,58,58,0,0],"gold":206,"neow_bonus":"REMOVE_CARD","is_daily":false,"chose_seed":false,"campfire_upgraded":4,"win_rate":0.0,"timestamp":1612260147,"path_taken":["M","?","M","M","M","R","$","M","T","E","M","R","?","M","R","BOSS","M","?","M","M","$","R","E"],"items_purchased_type":["Card","Card"],"build_version":"2020-12-22","purchased_purges":2,"victory":false,"max_hp_per_floor":[75,75,75,75,75,75,75,75,75,75,75,75,75,75,75,75,75,75,75,75,75,75,75,75,75],"card_choices":[{"not_picked":["Self Repair","Steam Power"],"picked":"Gash","floor":1.0},{"not_picked":["Hello World","Leap"],"picked":"Rip and Tear","floor":3.0},{"not_picked":["Conserve Battery","Chaos"],"picked":"Streamline","floor":4.0},{"not_picked":["Turbo","Steam"],"picked":"Sweeping Beam","floor":5.0},{"not_picked":["Scrape","Force Field","Stack"],"picked":"SKIP","floor":8.0},{"not_picked":["Fusion+1","Compile Driver"],"picked":"Seek+1","floor":10.0},{"not_picked":["Reinforced Body+1","Beam Cell"],"picked":"Turbo+1","floor":11.0},{"not_picked":["Stack+1","Barrage"],"picked":"Glacier+1","floor":14},{"not_picked":["Creative AI","Meteor Strike"],"picked":"Biased Cognition","floor":16},{"not_picked":["Stack+1","Capacitor"],"picked":"Leap+1","floor":18},{"not_picked":["Gash+1","Rainbow+1"],"picked":"Consume+1","floor":20},{"not_picked":["Glacier+1","Redo+1"],"picked":"Coolheaded+1","floor":21}],"player_experience":478773,"relics_obtained":[{"floor":9.0,"key":"Bag of Marbles"},{"floor":10.0,"key":"Toxic Egg 2"}],"event_choices":[{"damage_healed":0.0,"max_hp_gain":0.0,"max_hp_loss":0.0,"gold_gain":75.0,"event_name":"World of Goop","player_choice":"Gather Gold","floor":2.0,"gold_loss":0.0,"damage_taken":11.0},{"damage_healed":0,"gold_gain":0,"player_choice":"1 cards matched","damage_taken":0,"max_hp_gain":0,"max_hp_loss":0,"event_name":"Match and Keep!","floor":13,"gold_loss":0,"cards_obtained":["Stack"]},{"damage_healed":0,"gold_gain":0,"player_choice":"Ignored","damage_taken":0,"max_hp_gain":0,"max_hp_loss":0,"event_name":"Vampires","floor":19,"gold_loss":0}],"is_beta":false,"boss_relics":[{"not_picked":["Runic Pyramid","Black Star"],"picked":"Inserter"}],"items_purged_floors":[7,22],"is_endless":false,"potions_floor_spawned":[3,4,8,11,18,20],"killed_by":"Gremlin Leader","ascension_level":11}}