{"host":"pjo7dfabux0g0646","time":1612238438,"event":{"mods":["AchievementEnabler","BaseMod","Downfall","Hermit","Minty Spire (QoL Compilation)","StSLib","The Cursed","The Hierophant"],"gold_per_floor":[99,110,121,121,121,146,146,157,157,157,157],"floor_reached":9,"language":"SPA","playtime":383,"items_purged":[],"score":64,"play_id":"8300a9f6-5678-4650-9aa9-4b50263012e0","local_time":"20210202010038","is_ascension_mode":true,"campfire_choices":[{"floor":1,"key":"RECALL"}],"circlet_count":0,"master_deck":["Slimebound:Strike_Slimebound","Slimebound:Strike_Slimebound","Slimebound:Strike_Slimebound","Slimebound:Tackle","Slimebound:Defend_Slimebound","Slimebound:Defend_Slimebound","Slimebound:Defend_Slimebound","Slimebound:Defend_Slimebound","Slimebound:Split+1","Slimebound:CorrosiveSpit","Slimebound:HauntingLick","Slimebound:SplitSpecialist","Slimebound:LeadByExample","Slimebound:SplitMire"],"relics":["Slimebound:AbsorbEndCombat","downfall:ShatteredFragment","Torii","The Courier"],"acts_visited":["Exordium"],"potions_floor_usage":[9,9],"damage_taken":[{"damage":10,"enemies":"Jaw Worm","floor":2,"turns":4},{"damage":2,"enemies":"Small Slimes","floor":3,"turns":3},{"damage":31,"enemies":"Gremlin Nob","floor":6,"turns":4},{"damage":0,"enemies":"Cultist","floor":8,"turns":3},{"damage":8,"enemies":"Lagavulin","floor":9,"turns":3}],"seed_played":"3800721221049039176","potions_obtained":[{"floor":6,"key":"SkillPotion"},{"floor":8,"key":"FearPotion"}],"is_trial":false,"path_per_floor":["R","M","M","?","?","E","T","M","E"],"character_chosen":"SLIMEBOUND","items_purchased":[],"campfire_rested":0,"item_purchase_floors":[],"current_hp_per_floor":[65,56,60,60,42,15,15,17,17,17,17],"gold":157,"neow_bonus":"UPGRADE_CARD","is_daily":false,"chose_seed":false,"campfire_upgraded":0,"win_rate":0.0,"timestamp":1612238438,"path_taken":["R","M","M","?","?","E","T","M","E"],"items_purchased_type":[],"build_version":"2020-12-22","purchased_purges":0,"victory":false,"max_hp_per_floor":[65,65,65,65,65,65,65,65,65,65,65],"card_choices":[{"not_picked":["Slimebound:SplitBruiser","Slimebound:SplitAcid"],"picked":"Slimebound:HauntingLick","floor":2},{"not_picked":["Slimebound:SamplingLick","Slimebound:Equalize"],"picked":"Slimebound:SplitSpecialist","floor":3},{"not_picked":["Slimebound:Darklings","Slimebound:HauntingLick"],"picked":"Slimebound:LeadByExample","floor":6},{"not_picked":["Slimebound:FinishingTackle","Slimebound:SplitBruiser"],"picked":"Slimebound:SplitMire","floor":8}],"player_experience":322500,"relics_obtained":[{"floor":6,"key":"Torii"},{"floor":7,"key":"The Courier"}],"event_choices":[],"is_beta":false,"boss_relics":[],"items_purged_floors":[],"is_endless":false,"potions_floor_spawned":[6,8],"killed_by":"Lagavulin","ascension_level":1}}