{"host":"hzswyuuwdl03wwzr","time":1612287529,"event":{"mods":["100% Spire Juice","ATMod(∞¢Ë™Mod)","AchievementEnabler","Act Like it!","BaseMod","Gensokyo","Hallownest","Marisa£®ÏF”Í°°ƒß¿Ì…≥£©","Minty Spire (QoL Compilation)","Prisma Mod","Reliquary","Remilia_Scarlet Moed£®¿Ÿ√◊¿Ú—«°§Àπø®¿◊Ãÿ£©3.3.5","Replay The Spire","StSLib","The Animator","The Bug Knight","The Cursed","The Servant 0.9.4","Warlord Emblem","Yakumo Yukari mod","Youmu£®ªÍ∆«—˝√Œ£©","°æπ¶ƒ‹Mod°øªÏ„Á÷Æª∑–ﬁ∏¥≤π∂°","°æ“≈ŒÔø®≈∆°øREMEMod"],"gold_per_floor":[117,117,117,135,101,101,118,153,153,153,194,223,260,272,284,399,411,442,454,478,503,538,597,609,621,621],"floor_reached":25,"language":"ZHS","playtime":2071,"items_purged":[],"score":326,"play_id":"426e17cf-9af6-4f9e-99de-a8874f59320b","local_time":"20210203013849","is_ascension_mode":true,"campfire_choices":[{"data":"PrismaMod:IllyaGrail","floor":6,"key":"SMITH"},{"floor":15,"key":"RECALL"},{"data":"PrismaMod:IllyaUberPoisonChannel","floor":24,"key":"SMITH"}],"circlet_count":0,"master_deck":["PrismaMod:IllyaCommonAttack","PrismaMod:IllyaCommonAttack","PrismaMod:IllyaCommonAttack","PrismaMod:IllyaCommonAttack","PrismaMod:IllyaCommonAttack","PrismaMod:IllyaUncommonAttack","PrismaMod:IllyaUncommonDefend+1","PrismaMod:IllyaInstallCaster","PrismaMod:IllyaRussianRoulette","Hallownest:skillLeafShield","Hallownest:skillLeafShield","Hallownest:skillLeafShield","Hallownest:skillLeafShield","Hallownest:skillLeafShield","PrismaMod:IllyaGrail+1","PrismaMod:IllyaSaphire","PrismaMod:IllyaCarnivalPrismaAstolfo","PrismaMod:IllyaHassanGift","PrismaMod:IllyaUberChannel","PrismaMod:IllyaSaphire","PrismaMod:IllyaFeed","PrismaMod:IllyaUberPoisonChannel+1"],"relics":["PrismaMod:PrismaRuby","AT_ATBox","REME_ComplimentaryCards","Hallownest:DreamNailRelic","Divine Protection","ReplayFunnel","MawBank","Replay:Bottled Eggs","reliquary:Firecrackers","Hallownest:SalubrasBlessingRelic","Honey Jar","Lantern","reliquary:Aerogel"],"acts_visited":["Hallownest:Greenpath","Gensokyo:Gensokyoer"],"potions_floor_usage":[16,23,23,23,25],"damage_taken":[{"damage":12,"enemies":"Hallownest:monsterHuskGuard","floor":1,"turns":5},{"damage":0,"enemies":"2_ Uuma","floor":4,"turns":5},{"damage":0,"enemies":"Hallownest:monsterHuskWarrior","floor":7,"turns":3},{"damage":10,"enemies":"Hallownest:eliteCrystalGuardian","floor":8,"turns":6},{"damage":11,"enemies":"Hallownest:eliteMossKnight","floor":11,"turns":7},{"damage":0,"enemies":"Hallownest:monsterAspidMother","floor":12,"turns":6},{"damage":4,"enemies":"Hallownest:eliteMossKnight","floor":13,"turns":7},{"damage":5,"enemies":"Hallownest:BossBrokenVessel","floor":16,"turns":12},{"damage":10,"enemies":"Gensokyo:CosmicMonolith","floor":18,"turns":6},{"damage":7,"enemies":"Gensokyo:AngelMirror","floor":20,"turns":5},{"damage":42,"enemies":"Gensokyo:Chomper_and_Gloop","floor":21,"turns":5},{"damage":9,"enemies":"Gensokyo:Tenshi","floor":23,"turns":5},{"damage":15,"enemies":"Gensokyo:Mirror_and_Dog","floor":25,"turns":2}],"seed_played":"-4771998258014870807","potions_obtained":[{"floor":1,"key":"Weak Potion"},{"floor":8,"key":"Energy Potion"},{"floor":11,"key":"DistilledChaos"},{"floor":13,"key":"AttackPotion"},{"floor":16,"key":"SkillPotion"},{"floor":18,"key":"Explosive Potion"}],"is_trial":false,"path_per_floor":["M","?","?","M","$","R","M","E","T","?","?","M","E","?","R","B",null,"M","?","M","M","T","E","R","M"],"character_chosen":"ILLYA","items_purchased":["PrismaMod:IllyaGrail"],"campfire_rested":0,"item_purchase_floors":[5],"current_hp_per_floor":[63,63,63,63,63,63,63,53,53,49,38,38,34,34,34,29,75,65,65,60,20,20,19,19,5,5],"gold":621,"neow_bonus":"ONE_RANDOM_RARE_CARD","is_daily":false,"chose_seed":false,"campfire_upgraded":2,"win_rate":0.0,"timestamp":1612287529,"path_taken":["M","?","?","M","$","R","?","E","T","?","?","M","E","?","R","BOSS","M","?","?","M","?","E","R","M"],"items_purchased_type":["Card"],"build_version":"2020-12-22","purchased_purges":0,"victory":false,"max_hp_per_floor":[75,75,75,75,75,75,75,75,75,75,75,75,75,75,75,75,75,75,75,75,77,77,77,77,77,77],"card_choices":[{"not_picked":["PrismaMod:IllyaMinorRapidFire","PrismaMod:IllyaBoysLove"],"picked":"PrismaMod:IllyaRussianRoulette","floor":1},{"not_picked":["PrismaMod:IllyaCheapChannelPoison","PrismaMod:IllyaPartialInstallAssassin","PrismaMod:IllyaTestament"],"picked":"SKIP","floor":4},{"not_picked":["PrismaMod:IllyaStunPoison","PrismaMod:IllyaGun","PrismaMod:IllyaBerserCAR"],"picked":"SKIP","floor":7},{"not_picked":["PrismaMod:IllyaMinorZwei","PrismaMod:IllyaEvokeAll"],"picked":"PrismaMod:IllyaSaphire","floor":8},{"not_picked":["PrismaMod:IllyaAOECommonAttack","PrismaMod:IllyaDevil","PrismaMod:IllyaFriendMaker"],"picked":"SKIP","floor":11},{"not_picked":["PrismaMod:IllyaPoisoningPhantasm","PrismaMod:IllyaCheapDefend","PrismaMod:IllyaMinorRapidFire"],"picked":"SKIP","floor":12},{"not_picked":["PrismaMod:IllyaEvokeAll","PrismaMod:IllyaRussianRoulette"],"picked":"PrismaMod:IllyaCarnivalPrismaAstolfo","floor":13},{"not_picked":["PrismaMod:IllyaUncommonAttack","PrismaMod:IllyaBoysLove","PrismaMod:IllyaRubysPotion"],"picked":"PrismaMod:IllyaHassanGift","floor":18},{"not_picked":["PrismaMod:IllyaAOECommonAttack","PrismaMod:IllyaUberPoisonBlock","PrismaMod:IllyaHassanGift"],"picked":"PrismaMod:IllyaSaphire","floor":20},{"not_picked":["PrismaMod:IllyaPoisonBomb","PrismaMod:IllyaBoysLove","PrismaMod:IllyaPoisonTippedWeapons+1"],"picked":"PrismaMod:IllyaFeed","floor":21},{"not_picked":["PrismaMod:IllyaGun","PrismaMod:IllyaCommandSeal+1","PrismaMod:IllyaAOECommonAttack"],"picked":"PrismaMod:IllyaUberPoisonChannel","floor":23}],"player_experience":48970,"relics_obtained":[{"floor":8,"key":"Divine Protection"},{"floor":11,"key":"Replay:Bottled Eggs"},{"floor":13,"key":"reliquary:Firecrackers"},{"floor":22,"key":"Lantern"},{"floor":23,"key":"reliquary:Aerogel"}],"event_choices":[],"is_beta":false,"boss_relics":[{"not_picked":["SacredBark","reliquary:WritOfMandamus"],"picked":"Honey Jar"}],"items_purged_floors":[],"is_endless":false,"potions_floor_spawned":[1,8,11,13,16,18],"killed_by":"Gensokyo:Mirror_and_Dog","ascension_level":1}}