{"host":"kag8mfq4or8nkqb2","time":1612273642,"event":{"mods":["2.2 Compatiblity","BaseMod","Colored Map","Colored Powertips","Downfall","Minty Spire (QoL Compilation)","Relic Stats","StSLib"],"gold_per_floor":[99,99,99,99,99,9,9,9,0,20,31,45,45,72,87,163,163,63,63,81,93,293,293,316,70,100,100,100,100],"floor_reached":27,"language":"ENG","playtime":6501,"items_purged":["Pain","Guardian:Defend_Guardian"],"score":386,"play_id":"e1031075-63b0-4e06-b881-25ff49d2cb05","local_time":"20210202134722","is_ascension_mode":true,"campfire_choices":[{"data":"Guardian:CurlUp","floor":1,"key":"SMITH"},{"data":"Guardian:Recover","floor":13,"key":"SMITH"},{"floor":18,"key":"DIG"}],"circlet_count":0,"master_deck":["AscendersBane","Guardian:Defend_Guardian","Guardian:Defend_Guardian","Guardian:Defend_Guardian","Guardian:CurlUp+1","Guardian:TwinSlam","Guardian:Harden","Guardian:Recover+1","Guardian:SpikerProtocol","Guardian:BronzeOrb+1","Guardian:Planning","Guardian:ArmoredProtocol","Guardian:Incinerate+1","Guardian:Gem_Orange","Slimebound:Tackle+1","Slimebound:Tackle+1","Slimebound:Tackle+1","Guardian:FuturePlans","Guardian:SpikerProtocol","Finesse","Guardian:Gem_Green","Guardian:BronzeArmor"],"relics":["Guardian:ModeShifter","downfall:HeartsMalice","WarpedTongs","Shovel","Fusion Hammer","downfall:HeartBlessingGreen","Orichalcum","Whetstone","Bag of Marbles"],"acts_visited":["Exordium","TheCity"],"potions_floor_usage":[14,16,16,26],"damage_taken":[{"damage":0,"enemies":"Small Slimes","floor":2,"turns":1},{"damage":0,"enemies":"Cultist","floor":4,"turns":1},{"damage":0,"enemies":"Jaw Worm","floor":5,"turns":1},{"damage":3,"enemies":"downfall:FleeingMerchant","floor":6,"turns":4},{"damage":0,"enemies":"downfall:FleeingMerchant","floor":9,"turns":4},{"damage":9,"enemies":"Large Slime","floor":10,"turns":8},{"damage":5,"enemies":"Exordium Wildlife","floor":11,"turns":6},{"damage":4,"enemies":"Exordium Thugs","floor":12,"turns":4},{"damage":12,"enemies":"3 Sentries","floor":14,"turns":15},{"damage":2,"enemies":"Large Slime","floor":15,"turns":8},{"damage":24,"enemies":"IC_STATUS_ARCHETYPE","floor":16,"turns":14},{"damage":13,"enemies":"Chosen","floor":20,"turns":5},{"damage":8,"enemies":"Spheric Guardian","floor":21,"turns":5},{"damage":0,"enemies":"Spheric Guardian","floor":22,"turns":6},{"damage":0,"enemies":"downfall:FleeingMerchant","floor":25,"turns":4},{"damage":30,"enemies":"Gremlin Leader","floor":26,"turns":12},{"damage":6,"enemies":"3 Cultists","floor":27,"turns":5}],"seed_played":"-6592226939394541218","potions_obtained":[{"floor":10,"key":"DistilledChaos"},{"floor":12,"key":"Ancient Potion"},{"floor":14,"key":"AttackPotion"},{"floor":16,"key":"Dexterity Potion"},{"floor":20,"key":"Fruit Juice"},{"floor":26,"key":"LiquidMemories"}],"is_trial":false,"path_per_floor":["R","M","?","M","M","$","T","?","$","M","M","M","R","E","M","B",null,"R","?","M","M","?","?","T","$","E","M"],"character_chosen":"GUARDIAN","items_purchased":["Finesse","Guardian:Gem_Green"],"campfire_rested":0,"item_purchase_floors":[25,25],"current_hp_per_floor":[65,65,65,65,65,62,62,62,62,53,48,44,44,32,30,6,56,56,56,43,35,35,35,35,35,5,0,0,0],"gold":100,"neow_bonus":"THREE_ENEMY_KILL","is_daily":false,"chose_seed":false,"campfire_upgraded":2,"win_rate":0.0,"timestamp":1612273642,"path_taken":["R","M","?","?","M","$","T","?","$","M","M","M","R","E","M","BOSS","R","?","M","M","?","?","T","$","E","?"],"items_purchased_type":["Card","Card"],"build_version":"2020-12-22","purchased_purges":2,"victory":false,"max_hp_per_floor":[72,72,72,72,72,72,72,72,72,72,72,72,72,72,72,72,72,72,72,72,72,72,72,72,72,72,72,72,72],"relic_stats":{"Shovel":1,"counters":[17,100],"Whetstone":["Guardian:BronzeOrb","Guardian:Incinerate"],"Orichalcum":[0],"obtain_stats":[{"Shovel":14,"Guardian:ModeShifter":0,"downfall:HeartsMalice":0,"downfall:HeartBlessingGreen":18,"Fusion Hammer":17,"Bag of Marbles":26,"Whetstone":24,"Orichalcum":18,"WarpedTongs":3},{"Shovel":9,"Guardian:ModeShifter":0,"downfall:HeartsMalice":0,"downfall:HeartBlessingGreen":11,"Fusion Hammer":11,"Bag of Marbles":16,"Whetstone":14,"Orichalcum":11,"WarpedTongs":1},{"Shovel":41,"Guardian:ModeShifter":0,"downfall:HeartsMalice":0,"downfall:HeartBlessingGreen":63,"Fusion Hammer":63,"Bag of Marbles":95,"Whetstone":79,"Orichalcum":63,"WarpedTongs":0}],"WarpedTongs":[91]},"card_choices":[{"not_picked":["Guardian:BronzeOrb","Guardian:Gem_Fragmented"],"picked":"Guardian:Harden","floor":2},{"not_picked":["Guardian:RollAttack","Guardian:Reroute"],"picked":"Guardian:Recover","floor":4},{"not_picked":["Guardian:PrimingBeam","Guardian:Suspension"],"picked":"Guardian:SpikerProtocol","floor":5},{"not_picked":["Guardian:CrystalBeam","Guardian:RefractedBeam","Guardian:Preprogram"],"picked":"SKIP","floor":6},{"not_picked":["Guardian:PrismaticBeam","Guardian:GemFire"],"picked":"Guardian:BronzeOrb","floor":9},{"not_picked":["Guardian:TemporalShield","Guardian:MultiBeam"],"picked":"Guardian:Planning","floor":10},{"not_picked":["Guardian:Planning","Guardian:MultiBeam","Guardian:PrismaticBarrier"],"picked":"SKIP","floor":11},{"not_picked":["Guardian:Recover","Guardian:Preprogram"],"picked":"Guardian:Gem_Cyan","floor":12},{"not_picked":["Guardian:GemFire","Guardian:ChargeUp"],"picked":"Guardian:ArmoredProtocol","floor":14},{"not_picked":["Guardian:Gem_Lightblue","Guardian:Suspension"],"picked":"Guardian:Incinerate","floor":15},{"not_picked":["Guardian:Gem_Synthetic","Guardian:TimeSifter"],"picked":"Guardian:Gem_Orange","floor":16},{"not_picked":["Guardian:PrismaticBarrier","Guardian:Incinerate"],"picked":"Guardian:FuturePlans","floor":20},{"not_picked":["Guardian:Suspension","Guardian:TemporalShield"],"picked":"Guardian:SpikerProtocol","floor":21},{"not_picked":["Guardian:Planning","Guardian:RollAttack","Guardian:GuardianWhirl"],"picked":"SKIP","floor":25},{"not_picked":["Guardian:RollAttack+1","Guardian:Gem_Red"],"picked":"Guardian:BronzeArmor","floor":26}],"player_experience":1081388,"relics_obtained":[{"floor":14,"key":"Shovel"},{"floor":18,"key":"Orichalcum"},{"floor":24,"key":"Whetstone"},{"floor":26,"key":"Bag of Marbles"}],"event_choices":[{"cards_removed":["Guardian:Strike_Guardian"],"damage_healed":0,"gold_gain":0,"player_choice":"Card Removal","damage_taken":0,"max_hp_gain":0,"max_hp_loss":0,"event_name":"The Cleric","floor":8,"gold_loss":0}],"is_beta":false,"boss_relics":[{"not_picked":["Coffee Dripper","Guardian:ModeShifterPlus"],"picked":"Fusion Hammer"}],"items_purged_floors":[6,25],"is_endless":false,"potions_floor_spawned":[10,12,14,16,20,22,26],"killed_by":"3 Cultists","ascension_level":14}}