{"host":"bd3tl98ed0kk4173","time":1612273539,"event":{"mods":["Arknights","Aspiration","Astrologer","Bartender","BaseMod","Beaked The Cultist","Better Altar","Better Match","Better Note","Better Sensory Stone","Better Skull","Better Third Choice","BetterRewards","CapriCore","Colored Map","Colored Powertips","Conspire","Emptier Cage","Energized Spire","GifTheSpireLib","GungeonMod","Halation","HexUI Lib","Highlight Path","Hubris","Infinite Spire","Jedi Mod","Jorbs\u0027s Wanderer Trilogy","Koishi","Magitek Elite","Melee Mod","Minty Spire (QoL Compilation)","Permanent Neow","Quick Restart","Rare Cards Sparkle","Reliquary","Replay The Spire","SacredBarkPlus","Spicy Shops","Spire Arcade","StSLib","Stuff the Spire","The Animator","The Blue Laboratory","The Death Knight","The Disciple","The Judge","The Problem Sleuth","The Sage","The Valiant","??????REMEMod"],"gold_per_floor":[109,50,64,80,7,17,17,17,17,17,17,143,153,0,0,159,159,180,1,1,1,20,20,52,52,52,52,52,84,84,84,84,189,189,189],"floor_reached":34,"language":"ENG","playtime":2135,"items_purged":["infinitespire:Pacifist"],"score":465,"play_id":"450cd651-daeb-43d2-87b0-caca97fd2f5f","local_time":"20210202084539","is_ascension_mode":false,"campfire_choices":[{"data":"Fading_Blow","floor":7.0,"key":"SMITH"},{"data":"Coeurl_Form","floor":11.0,"key":"SMITH"},{"data":"Breathe_Deep","floor":15.0,"key":"SMITH"},{"data":"StuffTheSpire:Harmony","floor":23.0,"key":"SMITH"},{"floor":25.0,"key":"REST"},{"data":"Perfect_Balance","floor":28.0,"key":"SMITH"},{"data":"StuffTheSpire:FreeRealEstate","floor":32,"key":"SMITH"}],"circlet_count":0,"master_deck":["Strike_Bartender","Strike_Bartender","Strike_Bartender","Strike_Bartender","Defend_Bartender","Defend_Bartender","Defend_Bartender","Defend_Bartender","Somersault+1","Coeurl_Form+1","Press_Forward+1","Training_Dummy","With_A_Twist","Fading_Blow+1","StuffTheSpire:FreeRealEstate+1","Breathe_Deep+1","Momentum","Perfect_Balance+1","StuffTheSpire:Harmony+1","Raptor_Form+1","Center_Self+1","Bitters+1","Liquid_Armor"],"relics":["Sneakers","REME_ComplimentaryCards","Sundial","hubris:Icosahedron","StuffTheSpire:Saxophone","aspiration:RitualDagger","ReplayTheSpireMod:CursedCoin","Replay:Baseball","Chameleon Ring","reliquary:WeakTea","DemoMod:GlassGuonStoneRelic","Omamori","infinitespire:EvilPickle"],"acts_visited":["Exordium","TheCity","TheBeyond"],"potions_floor_usage":[],"damage_taken":[{"damage":23.0,"enemies":"infinitespire:Voidling","floor":1.0,"turns":6.0},{"damage":0.0,"enemies":"Jaw Worm","floor":3.0,"turns":3.0},{"damage":0.0,"enemies":"2 Louse","floor":4.0,"turns":3.0},{"damage":1.0,"enemies":"conspire:2 RoseBushes","floor":6.0,"turns":5.0},{"damage":0.0,"enemies":"Exordium Thugs","floor":12.0,"turns":3.0},{"damage":0.0,"enemies":"Looter","floor":13.0,"turns":1.0},{"damage":0.0,"enemies":"Fading Forest","floor":16.0,"turns":11.0},{"damage":25.0,"enemies":"conspire:FuzzyDice","floor":18.0,"turns":4.0},{"damage":9.0,"enemies":"Spheric Guardian","floor":22.0,"turns":3.0},{"damage":24.0,"enemies":"Snake Plant","floor":24.0,"turns":5.0},{"damage":30,"enemies":"Shelled Parasite and Fungi","floor":29,"turns":6},{"damage":6,"enemies":"Pondfish","floor":33,"turns":2}],"seed_played":"937709213689917024","potions_obtained":[{"floor":6.0,"key":"jedi:StrikingPotion"},{"floor":12.0,"key":"SkillPotion"},{"floor":13.0,"key":"blueLaboratory:BubblePotion"},{"floor":22.0,"key":"BlessingOfTheForge"},{"floor":29,"key":"jedi:StrikingPotion"}],"is_trial":false,"path_per_floor":["M","$","M","M","$","M","R","?","T","?","R","M","M","$","R","B",null,"M","$","?","?","M","R","M","R","T","AVR","R","M","T","?","R","B",null],"character_chosen":"BARTENDER","items_purchased":["Press_Forward","With_A_Twist","StuffTheSpire:Saxophone","ReplayTheSpireMod:CursedCoin","Replay:Baseball","Fire Potion"],"campfire_rested":1,"item_purchase_floors":[2,5,14,19,19,19],"current_hp_per_floor":[51,51,51,51,51,50,50,50,50,50,50,50,50,50,50,70,70,48,48,55,55,49,49,31,52,52,52,52,28,28,28,28,25,70,70],"gold":189,"neow_bonus":"UPGRADE_CARD","is_daily":false,"chose_seed":false,"campfire_upgraded":6,"win_rate":0.0,"timestamp":1612273539,"path_taken":["M","$","?","M","$","M","R","?","T","?","R","?","M","?","R","BOSS","M","$","?","?","?","R","M","R","T","AVR","R","M","?","?","R","BOSS"],"items_purchased_type":["Card","Card","Relic","Relic","Relic","Potion"],"build_version":"2020-12-22","purchased_purges":1,"victory":false,"max_hp_per_floor":[70,70,70,70,70,70,70,70,70,70,70,70,70,70,70,70,70,70,70,70,70,70,70,70,70,70,70,70,70,70,70,70,70,70,70],"card_choices":[{"not_picked":["Dragonkick","Waterkick"],"picked":"Coeurl_Form","floor":1.0},{"not_picked":["Press_Forward","Vortex"],"picked":"Training_Dummy","floor":3.0},{"not_picked":["Alacrity","Ball_Of_Ice","Pony_Shot"],"picked":"SKIP","floor":4.0},{"not_picked":["Hook","Meditate"],"picked":"Fading_Blow","floor":6.0},{"not_picked":["Replay:Parry","REME_TwoStrings"],"picked":"StuffTheSpire:FreeRealEstate","floor":8.0},{"not_picked":["Step_Of_The_Wind","Alacrity"],"picked":"Breathe_Deep","floor":12.0},{"not_picked":["Insight_B","Fading_Blow"],"picked":"Momentum","floor":13.0},{"not_picked":["Cross","Sucker_Punch"],"picked":"Perfect_Balance","floor":18.0},{"not_picked":["Training_Dummy","Rope_A_Dope"],"picked":"Raptor_Form+1","floor":22.0},{"not_picked":["Dragonkick","On_The_Rocks+1"],"picked":"Center_Self+1","floor":24.0},{"not_picked":["Scowl","Press_Forward"],"picked":"Bitters+1","floor":29},{"not_picked":["Form_Shift","Moonsault_Kick"],"picked":"Liquid_Armor","floor":33}],"player_experience":104562,"relics_obtained":[{"floor":9.0,"key":"Sundial"},{"floor":26.0,"key":"Chameleon Ring"},{"floor":30,"key":"Omamori"}],"event_choices":[{"damage_healed":0.0,"max_hp_gain":0.0,"max_hp_loss":0.0,"gold_gain":1.0,"event_name":"betterStone:BetterStone","player_choice":"1","floor":8.0,"gold_loss":0.0,"damage_taken":0.0},{"damage_healed":0.0,"max_hp_gain":0.0,"max_hp_loss":0.0,"gold_gain":0.0,"event_name":"Upgrade Shrine","player_choice":"Upgraded","floor":21.0,"gold_loss":0.0,"damage_taken":0.0,"cards_upgraded":["Press_Forward"]},{"cards_removed":["StuffTheSpire:FreeRealEstate"],"damage_healed":0,"gold_gain":0,"player_choice":"Give","damage_taken":0,"max_hp_gain":0,"max_hp_loss":0,"event_name":"betterNote:BetterNote","floor":31,"gold_loss":0,"cards_obtained":["astrologer:Judgement"]}],"is_beta":false,"boss_relics":[{"not_picked":["hubris:GrandSneckoEye","infinitespire:Cupcake"],"picked":"aspiration:RitualDagger"},{"not_picked":["jedi:hotpepper","halation:SmartPhone","Empty Cage"]}],"items_purged_floors":[19],"is_endless":false,"potions_floor_spawned":[6,12,13,22,29],"ascension_level":0}}