{"host":"a1eatafr7pisesky","time":1612266402,"event":{"mods":["AchievementEnabler","BaseMod","Colored Map","Keyboard Shortcuts","Minty Spire (QoL Compilation)","Say the Spire","StSLib","SuperFastMode","everything is the same but u backflip on backflip"],"gold_per_floor":[112,112,37,112,128,128,163,63,113,132,143,174,174,193,193,268,268,287,287,301,33,33,33],"floor_reached":22,"language":"KOR","playtime":594,"items_purged":["Strike_R","Strike_R"],"score":372,"play_id":"16cdc451-cd8a-48f2-94ae-4944f408db11","local_time":"20210202204642","is_ascension_mode":true,"campfire_choices":[{"data":"Searing Blow","floor":6.0,"key":"SMITH"},{"data":"Searing Blow+1","floor":13.0,"key":"SMITH"},{"data":"Searing Blow+2","floor":15.0,"key":"SMITH"}],"circlet_count":0,"master_deck":["AscendersBane","Strike_R","Strike_R","Strike_R","Defend_R","Defend_R","Defend_R","Defend_R","Bash","Ghostly Armor","Searing Blow+3","Armaments","Second Wind","Shrug It Off","Fire Breathing","Double Tap","Shockwave"],"relics":["Burning Blood","NeowsBlessing","Boot","Kunai","Toy Ornithopter","Darkstone Periapt","SlaversCollar","Enchiridion","Anchor"],"acts_visited":["Exordium","TheCity"],"potions_floor_usage":[22,22],"damage_taken":[{"damage":0.0,"enemies":"Small Slimes","floor":1.0,"turns":1.0},{"damage":0.0,"enemies":"2 Louse","floor":5.0,"turns":1.0},{"damage":0.0,"enemies":"Lagavulin","floor":7.0,"turns":1.0},{"damage":14.0,"enemies":"Jaw Worm","floor":10.0,"turns":5.0},{"damage":8.0,"enemies":"Blue Slaver","floor":11.0,"turns":3.0},{"damage":40.0,"enemies":"3 Sentries","floor":12.0,"turns":12.0},{"damage":5.0,"enemies":"Gremlin Gang","floor":14.0,"turns":5.0},{"damage":22.0,"enemies":"Slime Boss","floor":16.0,"turns":10.0},{"damage":43.0,"enemies":"Spheric Guardian","floor":18.0,"turns":6.0},{"damage":5.0,"enemies":"3 Byrds","floor":20.0,"turns":7.0},{"damage":16,"enemies":"Cultist and Chosen","floor":22,"turns":8}],"seed_played":"-5183622258158735793","potions_obtained":[{"floor":1.0,"key":"Weak Potion"},{"floor":11.0,"key":"LiquidMemories"},{"floor":18.0,"key":"SkillPotion"}],"is_trial":false,"path_per_floor":["M","?","$","?","M","R","E","$","T","M","M","E","R","M","R","B",null,"M","?","M","$","M"],"character_chosen":"IRONCLAD","items_purchased":["Anchor","GamblersBrew","Weak Potion"],"campfire_rested":0,"item_purchase_floors":[21,21,21],"current_hp_per_floor":[74,56,56,45,51,51,57,57,57,49,47,13,13,19,19,8,58,21,5,11,11,5,5],"gold":33,"neow_bonus":"THREE_ENEMY_KILL","is_daily":false,"chose_seed":false,"campfire_upgraded":3,"win_rate":0.0,"timestamp":1612266402,"path_taken":["M","?","$","?","M","R","E","$","T","M","M","E","R","M","R","BOSS","M","?","M","$","M"],"items_purchased_type":["Relic","Potion","Potion"],"build_version":"2020-12-22","purchased_purges":2,"victory":false,"max_hp_per_floor":[75,75,75,75,75,75,75,75,75,75,75,75,75,75,75,75,75,75,75,75,75,75,75],"card_choices":[{"not_picked":["Infernal Blade","Clash"],"picked":"Ghostly Armor","floor":1.0},{"not_picked":["Armaments","Cleave"],"picked":"Searing Blow","floor":5.0},{"not_picked":["Juggernaut","Warcry"],"picked":"Armaments","floor":7.0},{"not_picked":["Twin Strike","Wild Strike","Whirlwind"],"picked":"SKIP","floor":10.0},{"not_picked":["Armaments","True Grit"],"picked":"Second Wind","floor":11.0},{"not_picked":["Spot Weakness","Anger"],"picked":"Shrug It Off","floor":12.0},{"not_picked":["Shrug It Off","Second Wind"],"picked":"Fire Breathing","floor":14.0},{"not_picked":["Fiend Fire","Feed"],"picked":"Double Tap","floor":16.0},{"not_picked":["Anger","Clash"],"picked":"Shockwave","floor":18.0},{"not_picked":["Dual Wield","Thunderclap","Pummel"],"picked":"SKIP","floor":20.0}],"player_experience":390891,"relics_obtained":[{"floor":7.0,"key":"Kunai"},{"floor":9.0,"key":"Toy Ornithopter"},{"floor":12.0,"key":"Darkstone Periapt"},{"floor":19.0,"key":"Enchiridion"}],"event_choices":[{"damage_healed":0.0,"max_hp_gain":0.0,"max_hp_loss":0.0,"gold_gain":0.0,"event_name":"Scrap Ooze","player_choice":"Success","floor":2.0,"gold_loss":0.0,"damage_taken":18.0,"relics_obtained":["Boot"]},{"damage_healed":0.0,"max_hp_gain":0.0,"max_hp_loss":0.0,"gold_gain":75.0,"event_name":"World of Goop","player_choice":"Gather Gold","floor":4.0,"gold_loss":0.0,"damage_taken":11.0},{"damage_healed":0.0,"max_hp_gain":0.0,"max_hp_loss":0.0,"gold_gain":0.0,"event_name":"Cursed Tome","player_choice":"Obtained Book","floor":19.0,"gold_loss":0.0,"damage_taken":16.0}],"is_beta":false,"boss_relics":[{"not_picked":["Velvet Choker","Ectoplasm"],"picked":"SlaversCollar"}],"items_purged_floors":[3,8],"is_endless":false,"potions_floor_spawned":[1,11,12,18],"killed_by":"Cultist and Chosen","ascension_level":14}}