{"host":"zsf7u5n6ehqeseos","time":1612306695,"event":{"mods":["AchievementEnabler","BaseMod","Colored Map","Colored Powertips","Googly Eyes","Minty Spire (QoL Compilation)"],"gold_per_floor":[117,36,52,52,72,72,38,69,69,88,157,157,187,201,201,298,298,316,316,316,331,351,380,380,380,380,398,398,431,431,431,431,527,527,540,540,554,573,620,620,620],"floor_reached":40,"language":"ENG","playtime":2401,"items_purged":[],"score":678,"play_id":"3a2bcf0e-bbdf-4aee-ab1b-8c19bcb21360","local_time":"20210202235815","is_ascension_mode":true,"campfire_choices":[{"data":"Defragment","floor":6.0,"key":"SMITH"},{"data":"Hello World","floor":12.0,"key":"SMITH"},{"floor":15.0,"key":"REST"},{"floor":25.0,"key":"REST"},{"data":"Zap","floor":28.0,"key":"SMITH"},{"data":"Buffer","floor":30.0,"key":"SMITH"},{"data":"Dualcast","floor":32.0,"key":"SMITH"}],"circlet_count":0,"master_deck":["Strike_B","Strike_B","Strike_B","Strike_B","Defend_B","Defend_B","Defend_B","Defend_B","Zap+1","Dualcast+1","Ball Lightning","Defragment+1","Ball Lightning","Turbo","Doom and Gloom","Hello World+1","Turbo","Coolheaded","Echo Form","Barrage","Conserve Battery","Coolheaded","Compile Driver+1","Ball Lightning","Shame","Defragment+1","Buffer+1","Thunder Strike","CurseOfTheBell","Chill","Stack","White Noise","Redo+1"],"relics":["Cracked Core","NeowsBlessing","FaceOfCleric","Eternal Feather","Art of War","Shuriken","Regal Pillow","Inserter","Du-Vu Doll","StoneCalendar","Happy Flower","InkBottle","Cables","Pear","Calling Bell","Blood Vial","Kunai","Gambling Chip","Calipers"],"acts_visited":["Exordium","TheCity","TheBeyond"],"potions_floor_usage":[],"damage_taken":[{"damage":0.0,"enemies":"Small Slimes","floor":1.0,"turns":1.0},{"damage":0.0,"enemies":"Cultist","floor":3.0,"turns":1.0},{"damage":0.0,"enemies":"Jaw Worm","floor":5.0,"turns":1.0},{"damage":25.0,"enemies":"3 Sentries","floor":8.0,"turns":5.0},{"damage":9.0,"enemies":"Red Slaver","floor":10.0,"turns":3.0},{"damage":3.0,"enemies":"Gremlin Nob","floor":13.0,"turns":3.0},{"damage":12.0,"enemies":"Large Slime","floor":14.0,"turns":4.0},{"damage":0.0,"enemies":"Slime Boss","floor":16.0,"turns":5.0},{"damage":25.0,"enemies":"Shell Parasite","floor":18.0,"turns":4.0},{"damage":2.0,"enemies":"Chosen","floor":21.0,"turns":4.0},{"damage":2.0,"enemies":"Snecko","floor":22.0,"turns":5.0},{"damage":41.0,"enemies":"Slavers","floor":23.0,"turns":5.0},{"damage":24.0,"enemies":"Sentry and Sphere","floor":27.0,"turns":4.0},{"damage":31.0,"enemies":"Book of Stabbing","floor":29.0,"turns":5.0},{"damage":29.0,"enemies":"Automaton","floor":33.0,"turns":6.0},{"damage":13.0,"enemies":"Orb Walker","floor":35.0,"turns":4.0},{"damage":9.0,"enemies":"3 Darklings","floor":37.0,"turns":5.0},{"damage":5.0,"enemies":"4 Shapes","floor":38.0,"turns":6.0},{"damage":58.0,"enemies":"2 Orb Walkers","floor":39.0,"turns":6.0},{"damage":43,"enemies":"Reptomancer","floor":40,"turns":2}],"seed_played":"6021274421182343950","potions_obtained":[{"floor":1.0,"key":"Swift Potion"},{"floor":10.0,"key":"AttackPotion"},{"floor":21.0,"key":"Energy Potion"},{"floor":29.0,"key":"BlessingOfTheForge"},{"floor":33.0,"key":"Swift Potion"},{"floor":37.0,"key":"FearPotion"}],"is_trial":false,"path_per_floor":["M","$","M","?","M","R","$","E","T","M","T","R","E","M","R","B",null,"M","T","?","M","M","E","?","R","T","M","R","E","R","T","R","B",null,"M","?","M","M","?","E"],"character_chosen":"DEFECT","items_purchased":["Defragment","Ball Lightning","Hello World"],"campfire_rested":2,"item_purchase_floors":[2,2,7],"current_hp_per_floor":[68,68,68,68,69,69,69,45,45,37,37,46,44,33,80,81,81,57,57,57,56,55,15,15,70,70,47,62,32,47,57,72,44,85,75,99,91,89,34,0,0],"gold":620,"neow_bonus":"THREE_ENEMY_KILL","is_daily":false,"chose_seed":false,"campfire_upgraded":5,"win_rate":0.0,"timestamp":1612306695,"path_taken":["M","$","M","?","M","R","?","E","T","M","?","R","E","?","R","BOSS","M","?","?","M","M","E","?","R","T","M","R","E","R","?","R","BOSS","M","?","?","?","?","E"],"items_purchased_type":["Card","Card","Card"],"build_version":"2020-12-22","purchased_purges":0,"victory":false,"max_hp_per_floor":[75,75,75,75,76,76,76,77,77,78,78,78,79,80,80,81,81,82,82,82,83,84,85,85,85,85,86,86,87,87,97,97,98,98,99,99,100,101,102,102,102],"card_choices":[{"not_picked":["Static Discharge","Fusion"],"picked":"Ball Lightning","floor":1.0},{"not_picked":["Gash","Static Discharge"],"picked":"Turbo","floor":3.0},{"not_picked":["Barrage","Sweeping Beam"],"picked":"Doom and Gloom","floor":5.0},{"not_picked":["Hologram","Compile Driver"],"picked":"Turbo","floor":8.0},{"not_picked":["Auto Shields","Sweeping Beam","Go for the Eyes"],"picked":"SKIP","floor":10.0},{"not_picked":["Hologram","Redo"],"picked":"Coolheaded","floor":13.0},{"not_picked":["Reinforced Body","Steam","Streamline"],"picked":"SKIP","floor":14.0},{"not_picked":["Core Surge","Rainbow"],"picked":"Echo Form","floor":16.0},{"not_picked":["Sweeping Beam+1","White Noise"],"picked":"Barrage","floor":18.0},{"not_picked":["Blizzard","Reinforced Body"],"picked":"Coolheaded","floor":21.0},{"not_picked":["Reinforced Body+1","Hologram"],"picked":"Compile Driver+1","floor":22.0},{"not_picked":["Sweeping Beam","Streamline+1"],"picked":"Ball Lightning","floor":23.0},{"not_picked":["Steam","Cold Snap+1"],"picked":"Defragment+1","floor":27.0},{"not_picked":["Barrage","Ball Lightning"],"picked":"Buffer","floor":29.0},{"not_picked":["Multi-Cast","Echo Form"],"picked":"Thunder Strike","floor":33.0},{"not_picked":["Leap","Turbo"],"picked":"Chill","floor":35.0},{"not_picked":["Hello World+1","Glacier+1"],"picked":"Stack","floor":37.0},{"not_picked":["Sweeping Beam","Leap"],"picked":"White Noise","floor":38.0},{"not_picked":["Storm+1","Meteor Strike"],"picked":"Redo+1","floor":39.0}],"player_experience":207311,"relics_obtained":[{"floor":8.0,"key":"Eternal Feather"},{"floor":9.0,"key":"Art of War"},{"floor":11.0,"key":"Shuriken"},{"floor":13.0,"key":"Regal Pillow"},{"floor":19.0,"key":"Du-Vu Doll"},{"floor":23.0,"key":"StoneCalendar"},{"floor":26.0,"key":"InkBottle"},{"floor":29.0,"key":"Cables"},{"floor":31.0,"key":"Pear"},{"floor":34.0,"key":"Blood Vial"},{"floor":34.0,"key":"Kunai"},{"floor":34.0,"key":"Gambling Chip"},{"floor":39.0,"key":"Calipers"}],"event_choices":[{"damage_healed":0.0,"max_hp_gain":0.0,"max_hp_loss":0.0,"gold_gain":0.0,"event_name":"FaceTrader","player_choice":"Trade","floor":4.0,"gold_loss":0.0,"damage_taken":0.0,"relics_obtained":["FaceOfCleric"]},{"damage_healed":0.0,"max_hp_gain":0.0,"max_hp_loss":0.0,"gold_gain":0.0,"event_name":"The Library","player_choice":"Read","floor":20.0,"gold_loss":0.0,"damage_taken":0.0,"cards_obtained":["Conserve Battery"]},{"damage_healed":0.0,"max_hp_gain":0.0,"max_hp_loss":0.0,"gold_gain":0.0,"event_name":"Addict","player_choice":"Stole Relic","floor":24.0,"gold_loss":0.0,"damage_taken":0.0,"relics_obtained":["Happy Flower"],"cards_obtained":["Shame"]},{"damage_healed":24.0,"max_hp_gain":0.0,"max_hp_loss":0.0,"gold_gain":0.0,"event_name":"Wheel of Change","player_choice":"Full Heal","floor":36.0,"gold_loss":0.0,"damage_taken":0.0},{"damage_healed":0.0,"max_hp_gain":0.0,"max_hp_loss":0.0,"gold_gain":0.0,"event_name":"Mysterious Sphere","player_choice":"Fight","floor":39.0,"gold_loss":0.0,"damage_taken":0.0}],"is_beta":false,"boss_relics":[{"not_picked":["Empty Cage","Snecko Eye"],"picked":"Inserter"},{"not_picked":["FrozenCore","Busted Crown"],"picked":"Calling Bell"}],"items_purged_floors":[],"is_endless":false,"potions_floor_spawned":[1,10,21,29,33,37],"killed_by":"Reptomancer","ascension_level":7}}