{"host":"o3n4et6u1y1w2h5j","time":1612243140,"event":{"mods":["AchievementEnabler","BaseMod","Block Reminder","Minty Spire (QoL Compilation)","Rare Cards Sparkle","Relic Stats","StSLib"],"gold_per_floor":[119,135,135,149,7,7,0,33,57,91,105,120,9,29,29,125,125,145,145,145,17,17,42,42,141,167,67,67,86,86,52,52,156,156,169,134,134,134,134,168,182,215,215,265,265,312,331,351,351,351,351],"floor_reached":50,"language":"ENG","playtime":3079,"items_purged":["Strike_G","Writhe"],"score":549,"play_id":"9c5d90ff-b455-491f-bed3-abbd254b8dfa","local_time":"20210201211900","is_ascension_mode":false,"campfire_choices":[{"data":"Bouncing Flask","floor":6,"key":"SMITH"},{"data":"Footwork","floor":15,"key":"SMITH"},{"data":"Catalyst","floor":24,"key":"SMITH"},{"data":"Doppelganger","floor":28,"key":"SMITH"},{"data":"Bouncing Flask","floor":30,"key":"SMITH"},{"data":"Noxious Fumes","floor":32,"key":"SMITH"},{"floor":49,"key":"RECALL"}],"circlet_count":0,"master_deck":["Survivor","Neutralize","Backflip","Blur","Bouncing Flask+1","Dash","Caltrops","Dagger Spray","Blur","Footwork+1","Bouncing Flask+1","Backflip","Doppelganger+1","Cloak And Dagger","Catalyst+1","Footwork+1","Catalyst+1","Noxious Fumes+1","Burst","Bullet Time+1","After Image","Bouncing Flask+1","Flying Knee","Expertise","Poisoned Stab","Cloak And Dagger","Expertise","Dodge and Roll+1","Well Laid Plans","The Bomb","Bullet Time","Well Laid Plans+1","Corpse Explosion"],"relics":["Ring of the Serpent","NeowsBlessing","MealTicket","Gremlin Horn","Nunchaku","Bronze Scales","Anchor","HornCleat","CaptainsWheel","Pandora\u0027s Box","War Paint","Kunai","StoneCalendar","The Specimen","Incense Burner"],"acts_visited":["Exordium","TheCity","TheBeyond"],"potions_floor_usage":[10,10,16,23,33,41,46,46,48,50],"damage_taken":[{"damage":0,"enemies":"2 Louse","floor":1,"turns":1},{"damage":0,"enemies":"Cultist","floor":2,"turns":1},{"damage":0,"enemies":"Jaw Worm","floor":4,"turns":1},{"damage":0,"enemies":"Looter","floor":7,"turns":4},{"damage":32,"enemies":"Gremlin Nob","floor":8,"turns":5},{"damage":6,"enemies":"3 Sentries","floor":10,"turns":9},{"damage":0,"enemies":"Exordium Wildlife","floor":11,"turns":3},{"damage":0,"enemies":"2 Fungi Beasts","floor":12,"turns":3},{"damage":6,"enemies":"Blue Slaver","floor":14,"turns":3},{"damage":1,"enemies":"The Guardian","floor":16,"turns":8},{"damage":22,"enemies":"2 Thieves","floor":18,"turns":5},{"damage":20,"enemies":"Book of Stabbing","floor":23,"turns":5},{"damage":0,"enemies":"Chosen","floor":29,"turns":4},{"damage":22,"enemies":"Automaton","floor":33,"turns":8},{"damage":18,"enemies":"3 Darklings","floor":35,"turns":7},{"damage":6,"enemies":"Giant Head","floor":40,"turns":5},{"damage":13,"enemies":"3 Shapes","floor":41,"turns":3},{"damage":11,"enemies":"Nemesis","floor":42,"turns":5},{"damage":0,"enemies":"Mind Bloom Boss Battle","floor":44,"turns":5},{"damage":9,"enemies":"2 Orb Walkers","floor":46,"turns":4},{"damage":0,"enemies":"Sphere and 2 Shapes","floor":47,"turns":3},{"damage":0,"enemies":"4 Shapes","floor":48,"turns":5},{"damage":42,"enemies":"Awakened One","floor":50,"turns":6}],"seed_played":"-7987240483295066627","potions_obtained":[{"floor":4,"key":"SkillPotion"},{"floor":8,"key":"EntropicBrew"},{"floor":12,"key":"Weak Potion"},{"floor":33,"key":"Poison Potion"},{"floor":35,"key":"SkillPotion"},{"floor":44,"key":"ColorlessPotion"},{"floor":46,"key":"ColorlessPotion"},{"floor":47,"key":"Energy Potion"}],"is_trial":false,"path_per_floor":["M","M","?","M","$","R","M","E","T","E","M","M","$","M","R","B",null,"M","?","?","$","T","E","R","?","T","$","R","M","R","$","R","B",null,"M","$","?","$","?","E","M","E","T","?","?","?","M","M","R","B"],"character_chosen":"THE_SILENT","items_purchased":["Bouncing Flask","Footwork","Bouncing Flask","Catalyst","AttackPotion","Noxious Fumes","Well Laid Plans"],"campfire_rested":0,"item_purchase_floors":[5,13,13,21,21,31,36],"current_hp_per_floor":[70,70,70,70,70,70,70,38,38,32,32,32,47,41,41,40,70,48,48,48,63,63,43,43,43,43,58,58,58,58,70,70,48,70,52,67,67,70,70,64,51,40,40,40,40,31,31,31,31,0,0],"gold":351,"neow_bonus":"THREE_ENEMY_KILL","is_daily":false,"chose_seed":false,"campfire_upgraded":6,"win_rate":0.0,"timestamp":1612243140,"path_taken":["M","M","?","M","?","R","M","E","T","E","?","?","$","M","R","BOSS","M","?","?","$","?","E","R","?","T","$","R","M","R","$","R","BOSS","M","$","?","$","?","E","M","E","T","?","?","?","M","M","R","BOSS"],"items_purchased_type":["Card","Card","Card","Card","Potion","Card","Card"],"build_version":"2020-12-22","purchased_purges":2,"victory":false,"max_hp_per_floor":[70,70,70,70,70,70,70,70,70,70,70,70,70,70,70,70,70,70,70,70,70,70,70,70,70,70,70,70,70,70,70,70,70,70,70,70,70,70,70,70,70,70,70,70,70,70,70,70,70,70,70],"relic_stats":{"Nunchaku":[9],"Gremlin Horn":[17,17],"counters":[23,103],"Bronze Scales":[315],"MealTicket":75,"Pandora\u0027s Box":["Bullet Time","After Image","Bouncing Flask","Poisoned Stab","Flying Knee","Expertise","Poisoned Stab","Cloak And Dagger","Expertise"],"StoneCalendar":[0],"Kunai":[2],"War Paint":["Bouncing Flask","Bullet Time"],"obtain_stats":[{"NeowsBlessing":0,"Gremlin Horn":8,"The Specimen":44,"StoneCalendar":43,"Incense Burner":46,"War Paint":40,"Nunchaku":9,"Anchor":20,"CaptainsWheel":23,"HornCleat":22,"Bronze Scales":10,"MealTicket":3,"Pandora\u0027s Box":34,"Kunai":42,"Ring of the Serpent":17,"Ring of the Snake":0},{"NeowsBlessing":0,"Gremlin Horn":5,"The Specimen":19,"StoneCalendar":18,"Incense Burner":20,"War Paint":16,"Nunchaku":5,"Anchor":11,"CaptainsWheel":12,"HornCleat":11,"Bronze Scales":6,"MealTicket":2,"Pandora\u0027s Box":14,"Kunai":18,"Ring of the Serpent":10,"Ring of the Snake":0},{"NeowsBlessing":0,"Gremlin Horn":12,"The Specimen":85,"StoneCalendar":80,"Incense Burner":89,"War Paint":72,"Nunchaku":12,"Anchor":43,"CaptainsWheel":48,"HornCleat":43,"Bronze Scales":21,"MealTicket":2,"Pandora\u0027s Box":60,"Kunai":80,"Ring of the Serpent":38,"Ring of the Snake":0}]},"card_choices":[{"not_picked":["Dodge and Roll","Tactician"],"picked":"Caltrops","floor":1},{"not_picked":["Prepared","Slice"],"picked":"Backflip","floor":2},{"not_picked":["Calculated Gamble","Underhanded Strike"],"picked":"Blur","floor":4},{"not_picked":["Dodge and Roll","Leg Sweep"],"picked":"Dash","floor":7},{"not_picked":["Storm of Steel","Deflect"],"picked":"Caltrops","floor":8},{"not_picked":["Dash","Backflip"],"picked":"Dagger Spray","floor":10},{"not_picked":["Caltrops","Deflect","Outmaneuver"],"picked":"SKIP","floor":11},{"not_picked":["Infinite Blades","Poisoned Stab"],"picked":"Blur","floor":12},{"not_picked":["Dagger Throw","Backstab"],"picked":"Backflip","floor":14},{"not_picked":["Storm of Steel","Unload"],"picked":"Doppelganger","floor":16},{"not_picked":["Prepared","Underhanded Strike"],"picked":"Cloak And Dagger","floor":18},{"not_picked":["PiercingWail+1","Skewer"],"picked":"Footwork+1","floor":23},{"not_picked":["Masterful Stab+1","Flechettes"],"picked":"Catalyst+1","floor":29},{"not_picked":["Glass Knife","Adrenaline"],"picked":"Burst","floor":33},{"not_picked":["Tactician+1","Slice"],"picked":"Dodge and Roll+1","floor":35},{"not_picked":["Dramatic Entrance","Swift Strike"],"picked":"The Bomb","floor":37},{"not_picked":["Slice+1","Outmaneuver"],"picked":"Bullet Time","floor":40},{"not_picked":["Blade Dance+1","Endless Agony","Flechettes+1"],"picked":"SKIP","floor":41},{"not_picked":["Deflect","Poisoned Stab"],"picked":"Well Laid Plans+1","floor":42},{"not_picked":["Backflip","Noxious Fumes","Riddle With Holes"],"picked":"SKIP","floor":47},{"not_picked":["Riddle With Holes","Leg Sweep"],"picked":"Corpse Explosion","floor":48}],"player_experience":44744,"relics_obtained":[{"floor":8,"key":"Gremlin Horn"},{"floor":9,"key":"Nunchaku"},{"floor":10,"key":"Bronze Scales"},{"floor":22,"key":"HornCleat"},{"floor":23,"key":"CaptainsWheel"},{"floor":40,"key":"War Paint"},{"floor":42,"key":"Kunai"},{"floor":43,"key":"StoneCalendar"},{"floor":44,"key":"The Specimen"},{"floor":46,"key":"Incense Burner"}],"event_choices":[{"cards_removed":["Caltrops"],"damage_healed":0,"gold_gain":0,"player_choice":"Gave Card","damage_taken":0,"relics_obtained":["MealTicket"],"max_hp_gain":0,"max_hp_loss":0,"event_name":"WeMeetAgain","floor":3,"gold_loss":0},{"damage_healed":0,"gold_gain":0,"player_choice":"Ignored","damage_taken":0,"max_hp_gain":0,"max_hp_loss":0,"event_name":"Ghosts","floor":19,"gold_loss":0},{"damage_healed":0,"gold_gain":0,"player_choice":"Opened","damage_taken":0,"relics_obtained":["Anchor"],"max_hp_gain":0,"max_hp_loss":0,"event_name":"The Mausoleum","floor":20,"gold_loss":0,"cards_obtained":["Writhe"]},{"damage_healed":0,"gold_gain":99,"player_choice":"Stole From Cult","damage_taken":0,"max_hp_gain":0,"max_hp_loss":0,"event_name":"Nest","floor":25,"gold_loss":0},{"damage_healed":0,"gold_gain":0,"player_choice":"Memory 1","damage_taken":0,"max_hp_gain":0,"max_hp_loss":0,"event_name":"SensoryStone","floor":37,"gold_loss":0},{"cards_removed":["Poisoned Stab"],"damage_healed":0,"gold_gain":0,"player_choice":"Removed Attack","damage_taken":0,"max_hp_gain":0,"max_hp_loss":0,"event_name":"Falling","floor":39,"gold_loss":0},{"damage_healed":0,"gold_gain":0,"player_choice":"Fight","damage_taken":0,"max_hp_gain":0,"max_hp_loss":0,"event_name":"MindBloom","floor":44,"gold_loss":0},{"damage_healed":0,"gold_gain":0,"player_choice":"Ignored","damage_taken":0,"max_hp_gain":0,"max_hp_loss":0,"event_name":"Tomb of Lord Red Mask","floor":45,"gold_loss":0},{"damage_healed":0,"gold_gain":0,"player_choice":"Fight","damage_taken":0,"max_hp_gain":0,"max_hp_loss":0,"event_name":"Mysterious Sphere","floor":46,"gold_loss":0}],"is_beta":false,"boss_relics":[{"not_picked":["Runic Dome","SacredBark"],"picked":"Ring of the Serpent"},{"not_picked":["Astrolabe","Philosopher\u0027s Stone"],"picked":"Pandora\u0027s Box"}],"items_purged_floors":[5,27],"is_endless":false,"potions_floor_spawned":[4,8,11,12,14,33,35,44,46,47],"killed_by":"Awakened One","ascension_level":0}}