{"host":"i09pxcjttd31eh4q","time":1612265832,"event":{"mods":["AchievementEnabler","BaseMod","Colored Map","Keyboard Shortcuts","Minty Spire (QoL Compilation)","StSLib","SuperFastMode"],"gold_per_floor":[114,114,39,39,56,56,88,108,108,108,108,140,140,152,152,226,226,243,262,22,72,84,84,9,9,32,81,96,96,96,96],"floor_reached":30,"language":"KOR","playtime":404,"items_purged":["Strike_B"],"score":522,"play_id":"8b13299d-cf02-43bb-b2f0-c7de53660bec","local_time":"20210202203712","is_ascension_mode":true,"campfire_choices":[{"data":"Ball Lightning","floor":6.0,"key":"SMITH"},{"data":"Rip and Tear","floor":10.0,"key":"SMITH"},{"data":"Dualcast","floor":13.0,"key":"SMITH"},{"data":"Force Field","floor":15.0,"key":"SMITH"},{"data":"BootSequence","floor":23,"key":"SMITH"},{"data":"Sweeping Beam","floor":25,"key":"SMITH"},{"data":"Meteor Strike","floor":29,"key":"SMITH"}],"circlet_count":0,"master_deck":["AscendersBane","Strike_B+1","Defend_B","Defend_B+1","Defend_B+1","Zap+1","Dualcast+1","Ball Lightning+1","Force Field+1","Compile Driver","Rip and Tear+1","Core Surge","BootSequence+1","Meteor Strike+1","Redo+1","Sweeping Beam+1","Conserve Battery+1"],"relics":["Cracked Core","NeowsBlessing","White Beast Statue","War Paint","Turnip","Coffee Dripper","Runic Capacitor","Bag of Preparation","Nunchaku"],"acts_visited":["Exordium","TheCity"],"potions_floor_usage":[22,28],"damage_taken":[{"damage":0.0,"enemies":"Small Slimes","floor":1.0,"turns":1.0},{"damage":0.0,"enemies":"2 Louse","floor":5.0,"turns":1.0},{"damage":0.0,"enemies":"3 Sentries","floor":7.0,"turns":2.0},{"damage":2.0,"enemies":"Jaw Worm","floor":8.0,"turns":4.0},{"damage":5.0,"enemies":"Lagavulin","floor":12.0,"turns":5.0},{"damage":0.0,"enemies":"Blue Slaver","floor":14.0,"turns":2.0},{"damage":33.0,"enemies":"Slime Boss","floor":16.0,"turns":7.0},{"damage":6.0,"enemies":"Spheric Guardian","floor":18.0,"turns":4.0},{"damage":24.0,"enemies":"Chosen","floor":19.0,"turns":5.0},{"damage":22,"enemies":"Snake Plant","floor":22,"turns":4},{"damage":10,"enemies":"Snecko","floor":28,"turns":3},{"damage":0,"enemies":"3 Cultists","floor":30,"turns":2}],"seed_played":"-5968478489075615169","potions_obtained":[{"floor":1.0,"key":"Weak Potion"},{"floor":8.0,"key":"Weak Potion"},{"floor":12.0,"key":"Energy Potion"},{"floor":14.0,"key":"FairyPotion"},{"floor":16.0,"key":"Strength Potion"},{"floor":18.0,"key":"EssenceOfDarkness"},{"floor":19.0,"key":"Fruit Juice"},{"floor":22,"key":"Energy Potion"},{"floor":28,"key":"LiquidMemories"}],"is_trial":false,"path_per_floor":["M","?","?","?","M","R","E","M","T","R","?","E","R","M","R","B",null,"M","M","$","?","M","R","?","R","T","T","M","R","M"],"character_chosen":"DEFECT","items_purchased":["Runic Capacitor"],"campfire_rested":0,"item_purchase_floors":[20],"current_hp_per_floor":[64,43,43,36,36,36,36,34,34,34,34,29,29,29,29,21,59,53,29,29,29,12,12,12,12,12,12,2,2,2,2],"gold":96,"neow_bonus":"THREE_ENEMY_KILL","is_daily":false,"chose_seed":false,"campfire_upgraded":7,"win_rate":0.0,"timestamp":1612265832,"path_taken":["M","?","?","?","M","R","E","M","T","R","?","E","R","M","R","BOSS","M","M","$","?","M","R","?","R","T","?","?","R","M"],"items_purchased_type":["Relic"],"build_version":"2020-12-22","purchased_purges":1,"victory":false,"max_hp_per_floor":[71,71,71,71,71,71,71,71,71,71,71,71,71,71,71,71,71,71,71,71,71,76,76,76,76,76,76,76,76,76,76],"card_choices":[{"not_picked":["Self Repair","Compile Driver"],"picked":"Ball Lightning","floor":1.0},{"not_picked":["Steam","Steam Power"],"picked":"Force Field","floor":5.0},{"not_picked":["Redo","Tempest"],"picked":"Compile Driver","floor":7.0},{"not_picked":["Scrape","Gash"],"picked":"Rip and Tear","floor":8.0},{"not_picked":["Force Field","Leap"],"picked":"Core Surge","floor":12.0},{"not_picked":["Cold Snap","Steam"],"picked":"BootSequence","floor":14.0},{"not_picked":["Amplify","Buffer"],"picked":"Meteor Strike","floor":16.0},{"not_picked":["Hologram","Stack"],"picked":"Redo+1","floor":18.0},{"not_picked":["Gash","Hyperbeam"],"picked":"Sweeping Beam","floor":19.0},{"not_picked":["Leap","Barrage"],"picked":"Conserve Battery+1","floor":22},{"not_picked":["Streamline","Compile Driver","Barrage"],"picked":"SKIP","floor":28}],"player_experience":881716,"relics_obtained":[{"floor":7.0,"key":"White Beast Statue"},{"floor":9.0,"key":"War Paint"},{"floor":12.0,"key":"Turnip"},{"floor":26,"key":"Bag of Preparation"},{"floor":27,"key":"Nunchaku"}],"event_choices":[{"damage_healed":0.0,"max_hp_gain":0.0,"max_hp_loss":0.0,"gold_gain":0.0,"event_name":"Shining Light","player_choice":"Entered Light","floor":2.0,"gold_loss":0.0,"damage_taken":21.0,"cards_upgraded":["Zap","Strike_B"]},{"cards_removed":["Strike_B"],"damage_healed":0.0,"max_hp_gain":0.0,"max_hp_loss":0.0,"gold_gain":0.0,"event_name":"The Cleric","player_choice":"Card Removal","floor":3.0,"gold_loss":75.0,"damage_taken":0.0},{"cards_removed":["Strike_B"],"damage_healed":0.0,"max_hp_gain":0.0,"max_hp_loss":0.0,"gold_gain":0.0,"event_name":"Golden Wing","player_choice":"Card Removal","floor":4.0,"gold_loss":0.0,"damage_taken":7.0},{"damage_healed":0.0,"max_hp_gain":0.0,"max_hp_loss":0.0,"gold_gain":0.0,"event_name":"Liars Game","player_choice":"Ignored","floor":11.0,"gold_loss":0.0,"damage_taken":0.0},{"damage_healed":0,"gold_gain":50,"player_choice":"Stole From Cult","damage_taken":0,"max_hp_gain":0,"max_hp_loss":0,"event_name":"Nest","floor":21,"gold_loss":0},{"cards_removed":["Defend_B"],"damage_healed":0,"gold_gain":0,"player_choice":"Gave Gold","damage_taken":0,"max_hp_gain":0,"max_hp_loss":0,"event_name":"Beggar","floor":24,"gold_loss":75}],"is_beta":false,"boss_relics":[{"not_picked":["Fusion Hammer","Runic Dome"],"picked":"Coffee Dripper"}],"items_purged_floors":[20],"is_endless":false,"potions_floor_spawned":[1,8,12,14,16,18,19,22,28],"killed_by":"3 Cultists","ascension_level":20}}