{"host":"andja9kgajlggmm4","time":1612275865,"event":{"mods":["BaseMod","Downfall","Hubris","Infinite Spire","MarisaÅiñ∂âJÅ@ñÇóùçπÅj","Minty Spire (QoL Compilation)","StSLib","The Cursed","The Servant 0.9.4"],"gold_per_floor":[110,60,80,80,9,9,9,9,9,9,29,57,67,67,67,164,164,176,188,203,203,57,57,57,84,84,146,160,175,188,188,188],"floor_reached":31,"language":"ENG","playtime":1509,"items_purged":[],"score":256,"play_id":"28a19652-0a57-4519-9985-2b87c99d57de","local_time":"20210202152425","is_ascension_mode":false,"campfire_choices":[{"data":"Metamorphosis","floor":6,"key":"SMITH"},{"data":"hubris:ReadiedAction","floor":8,"key":"SMITH"},{"data":"Bash","floor":15,"key":"SMITH"},{"data":"Rampage","floor":23,"key":"SMITH"}],"circlet_count":0,"master_deck":["Strike_R","Strike_R","Strike_R","Strike_R","Strike_R","Defend_R+1","Defend_R","Defend_R","Bash+1","Metamorphosis+1","Headbutt","hubris:ReadiedAction","Headbutt","hubris:ReadiedAction+1","Clash","Burning Pact","Warcry","Offering","CurseOfTheBell","Flex","Rampage+1","Clash","Iron Wave","Shrug It Off","Cleave+1","Shrug It Off","Battle Trance","Shrug It Off+1"],"relics":["Burning Blood","War Paint","Potion Belt","WarpedTongs","Bird Faced Urn","Spirit Poop","Calling Bell","Orichalcum","Mercury Hourglass","StoneCalendar","Nunchaku","Question Card","hubris:MobiusCoin"],"acts_visited":["Exordium","TheCity"],"potions_floor_usage":[16,25,25,27],"damage_taken":[{"damage":0,"enemies":"2 Louse","floor":1,"turns":4},{"damage":3,"enemies":"Small Slimes","floor":3,"turns":4},{"damage":2,"enemies":"Cultist","floor":11,"turns":2},{"damage":21,"enemies":"Gremlin Nob","floor":12,"turns":5},{"damage":8,"enemies":"Blue Slaver","floor":13,"turns":3},{"damage":12,"enemies":"Hexaghost","floor":16,"turns":5},{"damage":17,"enemies":"Spheric Guardian","floor":18,"turns":5},{"damage":10,"enemies":"3 Byrds","floor":19,"turns":4},{"damage":30,"enemies":"Snake Plant","floor":20,"turns":3},{"damage":31,"enemies":"Book of Stabbing","floor":25,"turns":5},{"damage":18,"enemies":"Snecko","floor":27,"turns":4},{"damage":12,"enemies":"Centurion and Healer","floor":28,"turns":6},{"damage":7,"enemies":"3 Cultists","floor":29,"turns":5},{"damage":2,"enemies":"Snecko","floor":30,"turns":4},{"damage":18,"enemies":"Centurion and Healer","floor":31,"turns":2}],"seed_played":"4260456265632616889","potions_obtained":[{"floor":11,"key":"BloodPotion"},{"floor":12,"key":"Strength Potion"},{"floor":16,"key":"Swift Potion"},{"floor":18,"key":"Swift Potion"},{"floor":27,"key":"ColorlessPotion"},{"floor":30,"key":"Guardian:BlockOnCardUsePotion"}],"is_trial":false,"path_per_floor":["M","?","M","?","$","R","$","R","T","?","M","E","M","?","R","B",null,"M","M","M","?","$","R","$","E","T","M","M","M","M","M"],"character_chosen":"IRONCLAD","items_purchased":["Headbutt","hubris:ReadiedAction","Nunchaku"],"campfire_rested":0,"item_purchase_floors":[5,5,22],"current_hp_per_floor":[80,80,80,55,55,55,55,55,55,55,59,44,42,42,42,36,80,69,65,41,41,41,41,41,32,32,20,14,13,17,0,0],"gold":188,"neow_bonus":"RANDOM_COLORLESS_2","is_daily":false,"chose_seed":false,"campfire_upgraded":4,"win_rate":0.0,"timestamp":1612275865,"path_taken":["M","?","M","?","$","R","$","R","T","?","M","E","?","?","R","BOSS","M","?","?","?","$","R","?","E","T","M","?","?","M","?"],"items_purchased_type":["Card","Card","Relic"],"build_version":"2020-12-22","purchased_purges":0,"victory":false,"max_hp_per_floor":[80,80,80,80,80,80,80,80,80,80,80,80,80,80,80,80,80,80,80,80,80,80,80,80,80,80,80,80,80,80,80,80],"card_choices":[{"not_picked":["Transmutation","Secret Weapon"],"picked":"Metamorphosis","floor":0},{"not_picked":["Perfected Strike","Power Through"],"picked":"Headbutt","floor":1},{"not_picked":["hubris:SharpeningStone","Ghostly Armor"],"picked":"hubris:ReadiedAction","floor":3},{"not_picked":["Searing Blow","Perfected Strike"],"picked":"Clash","floor":11},{"not_picked":["Hemokinesis","Dark Embrace"],"picked":"Burning Pact","floor":12},{"not_picked":["Cleave","Sword Boomerang"],"picked":"Warcry","floor":13},{"not_picked":["Impervious","Brutality"],"picked":"Offering","floor":16},{"not_picked":["Perfected Strike","Warcry"],"picked":"Flex","floor":18},{"not_picked":["Hemokinesis","Uppercut"],"picked":"Rampage","floor":19},{"not_picked":["Infernal Blade","Heavy Blade"],"picked":"Clash","floor":20},{"not_picked":["Inflame","hubris:SharpeningStone"],"picked":"Shrug It Off","floor":25},{"not_picked":["Pommel Strike","Fire Breathing","Perfected Strike"],"picked":"Cleave+1","floor":27},{"not_picked":["hubris:ReadiedAction","Cleave","Burning Pact"],"picked":"Shrug It Off","floor":28},{"not_picked":["Infernal Blade","Clothesline+1","Entrench"],"picked":"Battle Trance","floor":29},{"not_picked":["Body Slam","Perfected Strike","Limit Break"],"picked":"Shrug It Off+1","floor":30}],"player_experience":10953,"relics_obtained":[{"floor":9,"key":"Potion Belt"},{"floor":12,"key":"Bird Faced Urn"},{"floor":17,"key":"Orichalcum"},{"floor":17,"key":"Mercury Hourglass"},{"floor":17,"key":"StoneCalendar"},{"floor":25,"key":"Question Card"},{"floor":26,"key":"hubris:MobiusCoin"}],"event_choices":[{"cards_removed":["hubris:Compulsion"],"damage_healed":0,"gold_gain":0,"player_choice":"Card Removal","damage_taken":0,"max_hp_gain":0,"max_hp_loss":0,"event_name":"The Cleric","floor":2,"gold_loss":50},{"damage_healed":0,"gold_gain":0,"player_choice":"Success","damage_taken":25,"relics_obtained":["War Paint"],"max_hp_gain":0,"max_hp_loss":0,"event_name":"Scrap Ooze","floor":4,"gold_loss":0},{"damage_healed":0,"gold_gain":0,"player_choice":"Rummage","damage_taken":0,"relics_obtained":["WarpedTongs"],"max_hp_gain":0,"max_hp_loss":0,"event_name":"Accursed Blacksmith","floor":10,"gold_loss":0,"cards_obtained":["Pain"]},{"cards_removed":["Pain"],"damage_healed":0,"gold_gain":0,"player_choice":"Offered Curse","damage_taken":0,"relics_obtained":["Spirit Poop"],"max_hp_gain":0,"max_hp_loss":0,"event_name":"Bonfire Elementals","floor":14,"gold_loss":0},{"cards_removed":["Defend_R"],"damage_healed":0,"gold_gain":0,"player_choice":"Took Card","damage_taken":0,"max_hp_gain":0,"max_hp_loss":0,"event_name":"NoteForYourself","floor":21,"gold_loss":0,"cards_obtained":["Iron Wave"]}],"is_beta":false,"boss_relics":[{"not_picked":["Cursed Key","Empty Cage"],"picked":"Calling Bell"}],"items_purged_floors":[],"is_endless":false,"potions_floor_spawned":[11,12,16,18,27,30],"killed_by":"Centurion and Healer","ascension_level":0}}