{"host":"qqj8xvc6rh6p9rdh","time":1612248815,"event":{"mods":["Act Like it!","BaseMod","Dio Mod","Friendly Minions","Hermit","Minty Spire (QoL Compilation)","Small Relic Pack","StSLib","The Animator"],"gold_per_floor":[128,53,53,53,70,97,110,145,196,196,196],"floor_reached":10,"language":"ENG","playtime":379,"items_purged":["animator:Strike"],"score":202,"play_id":"72a40405-5093-4d0f-8771-6d4d2a5aa4e0","local_time":"20210202145335","is_ascension_mode":true,"campfire_choices":[],"circlet_count":0,"master_deck":["AscendersBane","animator:Strike_Fate","animator:Defend_Fate","animator:Strike","animator:Strike","animator:Defend","animator:Defend","animator:Defend","animator:Alexander","animator:Rider","animator:ShinjiMatou","animator:Saber"],"relics":["animator:LivingPicture","animator:TheMissingPiece","NeowsBlessing","GremlinMask","Tiny Chest","animator:ShionDessert","animator:Buoy"],"acts_visited":["Exordium"],"potions_floor_usage":[8],"damage_taken":[{"damage":0,"enemies":"2 Louse","floor":1,"turns":1},{"damage":0,"enemies":"Jaw Worm","floor":5,"turns":1},{"damage":0,"enemies":"Gremlin Nob","floor":6,"turns":1},{"damage":10,"enemies":"Cultist","floor":7,"turns":5},{"damage":53,"enemies":"Lagavulin","floor":8,"turns":6},{"damage":0,"enemies":"3 Sentries","floor":10,"turns":1}],"seed_played":"1770097801327706379","potions_obtained":[{"floor":7,"key":"Fruit Juice"}],"is_trial":false,"path_per_floor":["M","$","?","?","M","E","M","E","T","E"],"character_chosen":"THE_ANIMATOR","items_purchased":[],"campfire_rested":0,"item_purchase_floors":[],"current_hp_per_floor":[54,54,59,59,59,59,50,2,2,2,2],"gold":196,"neow_bonus":"THREE_ENEMY_KILL","is_daily":false,"chose_seed":false,"campfire_upgraded":0,"win_rate":0.0,"timestamp":1612248815,"path_taken":["M","$","?","?","?","E","M","E","T","E"],"items_purchased_type":[],"build_version":"2020-12-22","purchased_purges":1,"victory":false,"max_hp_per_floor":[60,60,65,65,65,65,66,71,71,71,71],"card_choices":[{"not_picked":["animator:Assassin","animator:Gillette"],"picked":"animator:ShinjiMatou","floor":1},{"not_picked":["animator:Priestess","animator:RoyMustang","animator:DwarfShaman"],"picked":"SKIP","floor":5},{"not_picked":["animator:RinTohsaka","animator:UneriGinkaku","animator:Darkness"],"picked":"SKIP","floor":6},{"not_picked":["animator:Alexander","animator:Caster"],"picked":"animator:Saber","floor":7},{"not_picked":["animator:Megumin","animator:HomuraAkemi","animator:YuiTsuruno"],"picked":"SKIP","floor":8}],"player_experience":820478,"relics_obtained":[{"floor":6,"key":"Tiny Chest"},{"floor":8,"key":"animator:ShionDessert"},{"floor":9,"key":"animator:Buoy"}],"event_choices":[{"damage_healed":0,"gold_gain":0,"player_choice":"Donut","damage_taken":0,"max_hp_gain":5,"max_hp_loss":0,"event_name":"Big Fish","floor":3,"gold_loss":0},{"damage_healed":0,"gold_gain":0,"player_choice":"Trade","damage_taken":0,"relics_obtained":["GremlinMask"],"max_hp_gain":0,"max_hp_loss":0,"event_name":"FaceTrader","floor":4,"gold_loss":0}],"is_beta":false,"boss_relics":[],"items_purged_floors":[2],"is_endless":false,"potions_floor_spawned":[7],"killed_by":"3 Sentries","ascension_level":20}}