{"host":"ypzb5vvnu9f3ii1t","time":1612273199,"event":{"mods":["AchievementEnabler","BaseMod","Colored Map","DeckTracker","Keyboard Shortcuts","Minty Spire (QoL Compilation)","Permanent Neow","Quick Restart","SuperFastMode"],"gold_per_floor":[117,128,143,154,154,154,154,154,154,154,154,154,173,248,248,351,651,665,677,363,374,21,21,21,21,21,21,21,21,40,56,68,181,193,223,235,185,204,214,214,48,48,48,48,60,60,60,20,20,20],"floor_reached":51,"language":"KOR","playtime":1695,"items_purged":[],"score":958,"play_id":"fa624dae-c44f-496f-93a1-7f1f5c6d57d2","local_time":"20210202223959","daily_mods":["Hoarder","Vintage","Heirloom","Time Dilation","Flight"],"is_ascension_mode":false,"campfire_choices":[{"floor":6.0,"key":"DIG"},{"floor":7.0,"key":"DIG"},{"floor":8.0,"key":"DIG"},{"floor":10.0,"key":"DIG"},{"floor":15.0,"key":"REST"},{"floor":23.0,"key":"DIG"},{"floor":24.0,"key":"DIG"},{"floor":25.0,"key":"DIG"},{"floor":28.0,"key":"DIG"},{"floor":29.0,"key":"DIG"},{"floor":32.0,"key":"DIG"},{"floor":40.0,"key":"DIG"},{"floor":42.0,"key":"DIG"},{"data":"1","floor":46,"key":"LIFT"},{"data":"2","floor":47,"key":"LIFT"},{"data":"3","floor":49,"key":"LIFT"}],"circlet_count":0,"master_deck":["Strike_P","Strike_P","Strike_P","Strike_P","Defend_P","Defend_P+1","Defend_P+1","Defend_P","Eruption","Vigilance","DevaForm","DevaForm","DevaForm","CurseOfTheBell","CurseOfTheBell","CurseOfTheBell","Ghostly","Ghostly","Ghostly","Ghostly","Ghostly","Ghostly","Ghostly","Ghostly","Ghostly","Ghostly","Ghostly","Ghostly","Ghostly","Ghostly","Ghostly","Ghostly","Ghostly","Ghostly","PathToVictory","PathToVictory","PathToVictory","PathToVictory","PathToVictory","PathToVictory","PathToVictory","PathToVictory","PathToVictory"],"relics":["PureWater","Shovel","Vajra","War Paint","Oddly Smooth Stone","Ornamental Fan","Singing Bowl","CaptainsWheel","InkBottle","Mummified Hand","Potion Belt","Bag of Preparation","Calling Bell","MealTicket","TeardropLocket","Old Coin","Happy Flower","Thread and Needle","FossilizedHelix","Question Card","Membership Card","Blue Candle","Blood Vial","TungstenRod","Bottled Tornado","Nunchaku","Molten Egg 2","Akabeko","Incense Burner","Shuriken","MawBank","Centennial Puzzle","Black Star","Ancient Tea Set","CeramicFish","Bag of Marbles","Bronze Scales","Lantern","Girya","Bottled Lightning","The Courier"],"acts_visited":["Exordium","TheCity","TheBeyond"],"potions_floor_usage":[50,50,50,50,50,50,50,50],"damage_taken":[{"damage":2.0,"enemies":"Small Slimes","floor":1.0,"turns":2.0},{"damage":0.0,"enemies":"2 Louse","floor":2.0,"turns":2.0},{"damage":0.0,"enemies":"Cultist","floor":3.0,"turns":2.0},{"damage":23.0,"enemies":"Large Slime","floor":4.0,"turns":2.0},{"damage":12.0,"enemies":"Gremlin Gang","floor":13.0,"turns":3.0},{"damage":0.0,"enemies":"Slime Boss","floor":16.0,"turns":4.0},{"damage":16.0,"enemies":"2 Thieves","floor":18.0,"turns":4.0},{"damage":8.0,"enemies":"Shell Parasite","floor":19.0,"turns":9.0},{"damage":16.0,"enemies":"Centurion and Healer","floor":21.0,"turns":7.0},{"damage":0.0,"enemies":"Shelled Parasite and Fungi","floor":30.0,"turns":8.0},{"damage":0.0,"enemies":"Snake Plant","floor":31.0,"turns":8.0},{"damage":0.0,"enemies":"Automaton","floor":33.0,"turns":13.0},{"damage":0.0,"enemies":"3 Shapes","floor":35.0,"turns":22.0},{"damage":0.0,"enemies":"Orb Walker","floor":38.0,"turns":6.0},{"damage":0.0,"enemies":"Writhing Mass","floor":39.0,"turns":7.0},{"damage":0,"enemies":"Jaw Worm Horde","floor":45,"turns":6},{"damage":0,"enemies":"Time Eater","floor":50,"turns":10}],"seed_played":"7940341567274478753","potions_obtained":[{"floor":2.0,"key":"LiquidBronze"},{"floor":4.0,"key":"SkillPotion"},{"floor":21.0,"key":"ColorlessPotion"},{"floor":30.0,"key":"FearPotion"},{"floor":31.0,"key":"EssenceOfSteel"},{"floor":45,"key":"Energy Potion"}],"is_trial":true,"path_per_floor":["M","M","M","M","$","R","R","R","T","R","$","$","M","?","R","B",null,"M","M","$","M","$","R","R","R","T","?","R","R","M","M","R","B",null,"M","?","$","M","M","R","$","R","T","?","M","R","R","$","R","B",null],"character_chosen":"WATCHER","items_purchased":["FossilizedHelix","Membership Card","Blue Candle","Blood Vial","PathToVictory","AttackPotion","AttackPotion","PathToVictory","Lantern","EntropicBrew","SkillPotion","PathToVictory","DuplicationPotion"],"campfire_rested":1,"item_purchase_floors":[20,22,22,22,37,37,37,41,41,41,41,48,48],"current_hp_per_floor":[70,70,70,47,47,47,47,47,47,47,47,47,35,24,45,45,72,56,48,63,47,62,62,62,62,62,36,36,36,36,36,36,38,38,38,38,38,38,38,38,38,38,38,38,38,38,38,38,38,38],"gold":20,"neow_bonus":"","is_daily":false,"chose_seed":false,"campfire_upgraded":0,"win_rate":0.0,"timestamp":1612273199,"path_taken":["M","M","M","M","$","R","R","R","T","R","$","$","M","?","R","BOSS","M","M","$","M","$","R","R","R","T","?","R","R","M","M","R","BOSS","M","?","$","M","?","R","$","R","T","?","?","R","R","$","R","BOSS"],"items_purchased_type":["Relic","Relic","Relic","Relic","Card","Potion","Potion","Card","Relic","Potion","Potion","Card","Potion"],"build_version":"2020-12-22","purchased_purges":0,"victory":true,"max_hp_per_floor":[72,72,72,72,72,72,72,72,72,72,72,72,72,72,72,72,72,72,72,72,72,72,72,72,72,72,36,36,36,36,36,36,38,38,38,38,38,38,38,38,38,38,38,38,38,38,38,38,38,38],"card_choices":[{"not_picked":["Ragnarok","Blasphemy"],"picked":"DevaForm","floor":16.0},{"not_picked":["MasterReality","Scrawl","Brilliance+1","Blasphemy"],"picked":"Singing Bowl","floor":33.0}],"player_experience":163784,"relics_obtained":[{"floor":1.0,"key":"Vajra"},{"floor":2.0,"key":"War Paint"},{"floor":3.0,"key":"Oddly Smooth Stone"},{"floor":4.0,"key":"Ornamental Fan"},{"floor":6.0,"key":"Singing Bowl"},{"floor":7.0,"key":"CaptainsWheel"},{"floor":8.0,"key":"InkBottle"},{"floor":9.0,"key":"Mummified Hand"},{"floor":10.0,"key":"Potion Belt"},{"floor":13.0,"key":"Bag of Preparation"},{"floor":17.0,"key":"MealTicket"},{"floor":17.0,"key":"TeardropLocket"},{"floor":17.0,"key":"Old Coin"},{"floor":18.0,"key":"Happy Flower"},{"floor":19.0,"key":"Thread and Needle"},{"floor":21.0,"key":"Question Card"},{"floor":23.0,"key":"TungstenRod"},{"floor":24.0,"key":"Bottled Tornado"},{"floor":25.0,"key":"Nunchaku"},{"floor":26.0,"key":"Molten Egg 2"},{"floor":28.0,"key":"Akabeko"},{"floor":29.0,"key":"Incense Burner"},{"floor":30.0,"key":"Shuriken"},{"floor":31.0,"key":"MawBank"},{"floor":32.0,"key":"Centennial Puzzle"},{"floor":35.0,"key":"Ancient Tea Set"},{"floor":38.0,"key":"CeramicFish"},{"floor":39.0,"key":"Bag of Marbles"},{"floor":40.0,"key":"Bronze Scales"},{"floor":42.0,"key":"Girya"},{"floor":43.0,"key":"Bottled Lightning"},{"floor":45,"key":"The Courier"}],"event_choices":[{"damage_healed":0.0,"max_hp_gain":0.0,"max_hp_loss":0.0,"gold_gain":75.0,"event_name":"World of Goop","player_choice":"Gather Gold","floor":14.0,"gold_loss":0.0,"damage_taken":11.0},{"damage_healed":0.0,"max_hp_gain":0.0,"max_hp_loss":36.0,"gold_gain":0.0,"event_name":"Ghosts","player_choice":"Became a Ghost","floor":27.0,"gold_loss":0.0,"damage_taken":0.0,"cards_obtained":["Ghostly","Ghostly","Ghostly","Ghostly","Ghostly"]},{"damage_healed":0.0,"max_hp_gain":0.0,"max_hp_loss":0.0,"gold_gain":0.0,"event_name":"Duplicator","player_choice":"Copied","floor":36.0,"gold_loss":0.0,"damage_taken":0.0,"cards_obtained":["Ghostly"]},{"damage_healed":0,"gold_gain":0,"player_choice":"0 cards matched","damage_taken":0,"max_hp_gain":0,"max_hp_loss":0,"event_name":"Match and Keep!","floor":44,"gold_loss":0,"cards_obtained":[]}],"is_beta":false,"boss_relics":[{"not_picked":["Tiny House","Velvet Choker"],"picked":"Calling Bell"},{"not_picked":["Coffee Dripper","Pandora\u0027s Box"],"picked":"Black Star"}],"items_purged_floors":[],"is_endless":false,"potions_floor_spawned":[2,4,21,30,31,45],"ascension_level":0}}