{"host":"k7udt7atmcuzf6l0","time":1612228971,"event":{"mods":["AchievementEnabler","BaseMod","BetterRewards","Colored Map","Colored Powertips","Highlight Path","Minty Spire (QoL Compilation)","Quick Restart","Rare Cards Sparkle","Relic Stats","StSLib","UnlockEverythingMod"],"gold_per_floor":[116,116,129,94,107,107,137,212,212,62,89,89,101,115,115,211,211,222,222,222,240,92,125,125,135,160,177,177,192,208,208,208],"floor_reached":31,"language":"ZHS","playtime":984,"items_purged":[],"score":267,"play_id":"34b74f5c-9dca-4e0d-805b-af9d49f716b8","local_time":"20210202092251","is_ascension_mode":false,"campfire_choices":[{"data":"Spot Weakness","floor":6.0,"key":"SMITH"},{"data":"Rupture","floor":12.0,"key":"SMITH"},{"data":"Armaments","floor":15.0,"key":"SMITH"},{"data":"Double Tap","floor":24.0,"key":"SMITH"},{"data":"Clash","floor":28.0,"key":"SMITH"}],"circlet_count":0,"master_deck":["Strike_R+1","Strike_R+1","Strike_R+1","Strike_R+1","Strike_R+1","Defend_R+1","Defend_R+1","Defend_R+1","Bash","Spot Weakness+1","Inflame+1","Rupture+1","Armaments+1","Combust","Battle Trance","Double Tap+1","Clash+1","Bloodletting+1","Clothesline+1","Sword Boomerang","Pummel+1"],"relics":["Burning Blood","Oddly Smooth Stone","Pear","Bag of Marbles","Self Forming Clay","Runic Cube","Nilry\u0027s Codex","Brimstone","Potion Belt","Smiling Mask"],"acts_visited":["Exordium","TheCity"],"potions_floor_usage":[30,30,31],"damage_taken":[{"damage":6.0,"enemies":"Cultist","floor":1.0,"turns":3.0},{"damage":9.0,"enemies":"2 Louse","floor":3.0,"turns":3.0},{"damage":3.0,"enemies":"Jaw Worm","floor":5.0,"turns":3.0},{"damage":28.0,"enemies":"3 Sentries","floor":7.0,"turns":6.0},{"damage":21.0,"enemies":"Lagavulin","floor":11.0,"turns":4.0},{"damage":0.0,"enemies":"Exordium Wildlife","floor":13.0,"turns":4.0},{"damage":6.0,"enemies":"Looter","floor":14.0,"turns":3.0},{"damage":8.0,"enemies":"Slime Boss","floor":16.0,"turns":7.0},{"damage":11.0,"enemies":"Shell Parasite","floor":18.0,"turns":5.0},{"damage":12.0,"enemies":"Chosen","floor":21.0,"turns":4.0},{"damage":46.0,"enemies":"Book of Stabbing","floor":23.0,"turns":5.0},{"damage":3.0,"enemies":"Centurion and Healer","floor":25.0,"turns":4.0},{"damage":12.0,"enemies":"Snecko","floor":27.0,"turns":3.0},{"damage":25.0,"enemies":"Snake Plant","floor":29.0,"turns":3.0},{"damage":17,"enemies":"Centurion and Healer","floor":30,"turns":4},{"damage":21,"enemies":"3 Cultists","floor":31,"turns":4}],"seed_played":"3925274549047128136","potions_obtained":[{"floor":3.0,"key":"SteroidPotion"},{"floor":7.0,"key":"DuplicationPotion"},{"floor":13.0,"key":"SpeedPotion"},{"floor":16.0,"key":"SteroidPotion"},{"floor":25.0,"key":"FairyPotion"},{"floor":27.0,"key":"SneckoOil"},{"floor":29.0,"key":"SpeedPotion"}],"is_trial":false,"path_per_floor":["M","?","M","?","M","R","E","?","T","$","E","R","M","M","R","B",null,"M","?","?","M","$","E","R","M","T","M","R","M","M","M"],"character_chosen":"IRONCLAD","items_purchased":["Bag of Marbles","Brimstone"],"campfire_rested":0,"item_purchase_floors":[10,22],"current_hp_per_floor":[80,64,61,80,80,80,58,47,57,57,42,42,48,48,48,46,90,85,85,69,63,63,23,23,26,26,20,20,32,21,0,0],"gold":208,"neow_bonus":"TRANSFORM_CARD","is_daily":false,"chose_seed":false,"campfire_upgraded":5,"win_rate":0.0,"timestamp":1612228971,"path_taken":["M","?","M","?","M","R","E","?","T","$","E","R","?","M","R","BOSS","M","?","?","M","$","E","R","M","T","M","R","M","M","M"],"items_purchased_type":["Relic","Relic"],"build_version":"2020-12-22","purchased_purges":0,"victory":false,"max_hp_per_floor":[80,80,80,80,80,80,80,80,90,90,90,90,90,90,90,90,90,90,90,90,90,90,90,90,90,90,90,90,90,90,90,90],"relic_stats":{"counters":[16,65],"Self Forming Clay":[138],"Smiling Mask":0,"obtain_stats":[{"Potion Belt":23,"Pear":9,"Self Forming Clay":11,"Nilry\u0027s Codex":20,"Brimstone":22,"Oddly Smooth Stone":7,"Bag of Marbles":10,"Smiling Mask":26,"Burning Blood":0,"Runic Cube":17},{"Potion Belt":11,"Pear":4,"Self Forming Clay":5,"Nilry\u0027s Codex":9,"Brimstone":10,"Oddly Smooth Stone":4,"Bag of Marbles":4,"Smiling Mask":12,"Burning Blood":0,"Runic Cube":8},{"Potion Belt":47,"Pear":15,"Self Forming Clay":19,"Nilry\u0027s Codex":38,"Brimstone":42,"Oddly Smooth Stone":15,"Bag of Marbles":15,"Smiling Mask":51,"Burning Blood":0,"Runic Cube":33}],"Burning Blood":87,"Runic Cube":[34]},"card_choices":[{"not_picked":["Warcry","Shrug It Off"],"picked":"Inflame","floor":1.0},{"not_picked":["Clothesline","Warcry"],"picked":"Rupture","floor":3.0},{"not_picked":["Wild Strike","Thunderclap","Rupture"],"picked":"SKIP","floor":5.0},{"not_picked":["Pummel","Disarm"],"picked":"Armaments","floor":7.0},{"not_picked":["Pummel","Rampage"],"picked":"Combust","floor":11.0},{"not_picked":["Heavy Blade","Rampage"],"picked":"Battle Trance","floor":13.0},{"not_picked":["Havoc","Feel No Pain","Perfected Strike"],"picked":"SKIP","floor":14.0},{"not_picked":["Fiend Fire","Barricade"],"picked":"Double Tap","floor":16.0},{"not_picked":["Perfected Strike+1","Flame Barrier"],"picked":"Clash","floor":18.0},{"not_picked":["Disarm","Evolve","Rampage"],"picked":"SKIP","floor":21.0},{"not_picked":["Disarm","Fire Breathing"],"picked":"Bloodletting+1","floor":23.0},{"not_picked":["Dropkick","Metallicize","Blood for Blood"],"picked":"SKIP","floor":25.0},{"not_picked":["Carnage+1","Havoc"],"picked":"Clothesline+1","floor":27.0},{"not_picked":["Sentinel+1","Flex"],"picked":"Sword Boomerang","floor":29.0},{"not_picked":["Second Wind","Wild Strike+1"],"picked":"Pummel+1","floor":30}],"player_experience":28349,"relics_obtained":[{"floor":7.0,"key":"Oddly Smooth Stone"},{"floor":9.0,"key":"Pear"},{"floor":11.0,"key":"Self Forming Clay"},{"floor":20.0,"key":"Nilry\u0027s Codex"},{"floor":23.0,"key":"Potion Belt"},{"floor":26.0,"key":"Smiling Mask"}],"event_choices":[{"damage_healed":0.0,"max_hp_gain":0.0,"max_hp_loss":0.0,"gold_gain":0.0,"event_name":"Shining Light","player_choice":"Entered Light","floor":2.0,"gold_loss":0.0,"damage_taken":16.0,"cards_upgraded":["Inflame","Defend_R"]},{"damage_healed":20.0,"max_hp_gain":0.0,"max_hp_loss":0.0,"gold_gain":0.0,"event_name":"The Cleric","player_choice":"Healed","floor":4.0,"gold_loss":35.0,"damage_taken":0.0},{"damage_healed":0.0,"max_hp_gain":0.0,"max_hp_loss":0.0,"gold_gain":75.0,"event_name":"World of Goop","player_choice":"Gather Gold","floor":8.0,"gold_loss":0.0,"damage_taken":11.0},{"damage_healed":0.0,"max_hp_gain":0.0,"max_hp_loss":0.0,"gold_gain":0.0,"event_name":"Back to Basics","player_choice":"Simplicity","floor":19.0,"gold_loss":0.0,"damage_taken":0.0,"cards_upgraded":["Strike_R","Strike_R","Strike_R","Strike_R","Strike_R","Defend_R","Defend_R"]},{"damage_healed":0.0,"max_hp_gain":0.0,"max_hp_loss":0.0,"gold_gain":0.0,"event_name":"Cursed Tome","player_choice":"Obtained Book","floor":20.0,"gold_loss":0.0,"damage_taken":16.0}],"is_beta":false,"boss_relics":[{"not_picked":["Empty Cage","SlaversCollar"],"picked":"Runic Cube"}],"items_purged_floors":[],"is_endless":false,"potions_floor_spawned":[3,7,13,16,25,27,29],"killed_by":"3 Cultists","ascension_level":0}}