{"host":"a1eatafr7pisesky","time":1612265723,"event":{"mods":["AchievementEnabler","BaseMod","Colored Map","Keyboard Shortcuts","Minty Spire (QoL Compilation)","Say the Spire","StSLib","SuperFastMode","everything is the same but u backflip on backflip"],"gold_per_floor":[118,118,8,8,27,27,27,38,38,52,52,78,88,88,88,88,88],"floor_reached":16,"language":"KOR","playtime":363,"items_purged":["Strike_R"],"score":173,"play_id":"1fd3baef-d4f1-459e-9403-b704dec9da19","local_time":"20210202203523","is_ascension_mode":true,"campfire_choices":[{"data":"Shockwave","floor":6,"key":"SMITH"},{"floor":11,"key":"REST"},{"data":"Dark Embrace","floor":15,"key":"SMITH"}],"circlet_count":0,"master_deck":["AscendersBane","Strike_R","Strike_R","Defend_R+1","Defend_R","Bash","Thunderclap","Dark Embrace+1","Power Through+1","Shockwave+1","Burning Pact"],"relics":["Burning Blood","Singing Bowl","War Paint","Strawberry"],"acts_visited":["Exordium"],"potions_floor_usage":[14,14],"damage_taken":[{"damage":6.0,"enemies":"Cultist","floor":1.0,"turns":3.0},{"damage":0,"enemies":"2 Louse","floor":5,"turns":4},{"damage":14,"enemies":"Jaw Worm","floor":8,"turns":5},{"damage":25,"enemies":"Exordium Thugs","floor":10,"turns":6},{"damage":42,"enemies":"3 Sentries","floor":12,"turns":11},{"damage":13,"enemies":"2 Fungi Beasts","floor":13,"turns":4},{"damage":0,"enemies":"Gremlin Gang","floor":14,"turns":3},{"damage":33,"enemies":"Hexaghost","floor":16,"turns":9}],"seed_played":"8564781316989368953","potions_obtained":[{"floor":5,"key":"Fire Potion"},{"floor":12,"key":"SmokeBomb"}],"is_trial":false,"path_per_floor":["M","T","$","?","M","R","?","M","T","M","R","E","M","M","R","B"],"character_chosen":"IRONCLAD","items_purchased":["Dark Embrace"],"campfire_rested":1,"item_purchase_floors":[3],"current_hp_per_floor":[68,68,68,68,68,68,61,55,55,38,59,32,25,31,31,0,0],"gold":88,"neow_bonus":"REMOVE_TWO","is_daily":false,"chose_seed":false,"campfire_upgraded":2,"win_rate":0.0,"timestamp":1612265723,"path_taken":["M","?","$","?","M","R","?","?","T","M","R","E","M","M","R","BOSS"],"items_purchased_type":["Card"],"build_version":"2020-12-22","purchased_purges":1,"victory":false,"max_hp_per_floor":[68,68,68,68,68,68,68,70,70,72,72,81,81,81,81,81,81],"card_choices":[{"not_picked":["Armaments","Flame Barrier"],"picked":"Thunderclap","floor":1.0},{"not_picked":["Anger","Heavy Blade"],"picked":"Shockwave","floor":5},{"not_picked":["Clash","Rage","Heavy Blade"],"picked":"Singing Bowl","floor":8},{"not_picked":["Thunderclap","Headbutt","Twin Strike"],"picked":"Singing Bowl","floor":10},{"not_picked":["Sentinel","Clothesline","Anger"],"picked":"Singing Bowl","floor":12},{"not_picked":["Perfected Strike","Sword Boomerang"],"picked":"Burning Pact","floor":13}],"player_experience":390528,"relics_obtained":[{"floor":2.0,"key":"Singing Bowl"},{"floor":9,"key":"War Paint"},{"floor":12,"key":"Strawberry"}],"event_choices":[{"damage_healed":0,"gold_gain":0,"cards_transformed":["Strike_R"],"player_choice":"Change","damage_taken":0,"max_hp_gain":0,"max_hp_loss":0,"event_name":"Living Wall","floor":4,"gold_loss":0,"cards_obtained":["Power Through"]},{"cards_removed":["Defend_R"],"damage_healed":0,"gold_gain":0,"player_choice":"Card Removal","damage_taken":7,"max_hp_gain":0,"max_hp_loss":0,"event_name":"Golden Wing","floor":7,"gold_loss":0}],"is_beta":false,"boss_relics":[],"items_purged_floors":[3],"is_endless":false,"potions_floor_spawned":[5,12],"killed_by":"Hexaghost","ascension_level":14}}