{"host":"ez9lh5a3k31ytd04","time":1612244301,"event":{"mods":["Act Like it!","Aspiration","BaseMod","Downfall","Energized Spire","Minty Spire (QoL Compilation)","Relic Filter Mod","Reliquary","Replay The Spire","StSLib","¡¾ÒÅÎï¿¨ÅÆ¡¿REMEMod"],"gold_per_floor":[116,116,130,149,162,191,191],"floor_reached":6,"language":"ZHS","playtime":212,"items_purged":[],"score":65,"play_id":"80465a0e-5ebb-4013-a01e-35951f4c464f","local_time":"20210202133821","is_ascension_mode":true,"campfire_choices":[],"circlet_count":0,"master_deck":["Strike_R","Strike_R","Strike_R","Strike_R","Strike_R","Defend_R","Defend_R","Defend_R","Defend_R","Bash","ReplayTheSpireMod:Muscle Training","Pain","Thunderclap","Inflame"],"relics":["Burning Blood","REME_ComplimentaryCards","NeowsBlessing","WarpedTongs"],"acts_visited":["Exordium"],"potions_floor_usage":[6],"damage_taken":[{"damage":0.0,"enemies":"Cultist","floor":1.0,"turns":1.0},{"damage":2,"enemies":"2 Louse","floor":3,"turns":1},{"damage":0,"enemies":"Jaw Worm","floor":4,"turns":1},{"damage":12,"enemies":"Blue Slaver","floor":5,"turns":4},{"damage":25,"enemies":"Lagavulin","floor":6,"turns":5}],"seed_played":"-483625034989581658","potions_obtained":[{"floor":1.0,"key":"Milkshake"},{"floor":3,"key":"AttackPotion"},{"floor":5,"key":"Explosive Potion"}],"is_trial":false,"path_per_floor":["M","?","M","M","M","E"],"character_chosen":"IRONCLAD","items_purchased":[],"campfire_rested":0,"item_purchase_floors":[],"current_hp_per_floor":[78,78,80,80,74,55,55],"gold":191,"neow_bonus":"THREE_ENEMY_KILL","is_daily":false,"chose_seed":false,"campfire_upgraded":0,"win_rate":0.0,"timestamp":1612244301,"path_taken":["M","?","M","M","?","E"],"items_purchased_type":[],"build_version":"2020-12-22","purchased_purges":0,"victory":false,"max_hp_per_floor":[80,80,80,80,80,80,80],"card_choices":[{"not_picked":["True Grit","Warcry"],"picked":"ReplayTheSpireMod:Muscle Training","floor":1.0},{"not_picked":["Intimidate","Dark Embrace"],"picked":"Thunderclap","floor":3},{"not_picked":["Reckless Charge","REME_SingleHolding"],"picked":"Inflame","floor":4},{"not_picked":["ReplayReversal","Sentinel","Burning Pact"],"picked":"SKIP","floor":5}],"player_experience":42994,"relics_obtained":[],"event_choices":[{"damage_healed":0,"gold_gain":0,"player_choice":"Rummage","damage_taken":0,"relics_obtained":["WarpedTongs"],"max_hp_gain":0,"max_hp_loss":0,"event_name":"Accursed Blacksmith","floor":2,"gold_loss":0,"cards_obtained":["Pain"]}],"is_beta":false,"boss_relics":[],"items_purged_floors":[],"is_endless":false,"potions_floor_spawned":[1,3,5],"killed_by":"Lagavulin","ascension_level":7}}