{"host":"rqs2099buorjjoja","time":1612237732,"event":{"mods":["AchievementEnabler","Aspiration","BaseMod","Beaked The Cultist","Colored Powertips","Downfall","Hermit","Hubris","Infinite Spire","Jorbs\u0027s Wanderer Trilogy","Minty Spire (QoL Compilation)","Quick Restart","Rare Cards Sparkle","Replay The Spire","StSLib","The Bug Knight","The Construct","The Necromancer","The Servant 0.9.4"],"gold_per_floor":[117,128,128,138,157,157,183,203,203,203,218,62,62,62,62,163,163,163,163,17,17,17,17,17,17,17,17,17,17,17,17,17,17,17,17,17,17,17,17,0,0,0,0,0,0,0,0,0,0,0,0],"floor_reached":50,"language":"ENG","playtime":4695,"items_purged":[],"score":479,"play_id":"f799d394-9edd-4a9a-b92a-ff851e86b567","local_time":"20210201224852","is_ascension_mode":false,"campfire_choices":[{"data":"Death_Coil","floor":6,"key":"SMITH"},{"data":"1","floor":10,"key":"LIFT"},{"data":"2","floor":13,"key":"LIFT"},{"data":"3","floor":15,"key":"LIFT"},{"data":"Summon_Death_Knight","floor":23,"key":"SMITH"},{"floor":30,"key":"REST"},{"floor":42,"key":"REST"},{"data":"Summon_Undead","floor":46,"key":"SMITH"},{"data":"Slay_Living","floor":49,"key":"SMITH"}],"circlet_count":0,"master_deck":["Strike_W","Strike_W","Strike_W","Defend_W","Defend_W","Defend_W","Defend_W","Negative_Energy_Arrows","Bone_Wall","Death_Coil+1","Slay_Living+1","Negative_Energy_Javelin","Finger_Of_Death","Life_Drain","Summon_Death_Knight+1","Death_Coil","Spectral_Armor","Blood_Curse+1","Deaths_Shadow+1","Finger_Of_Death","Negative_Energy_Sphere","Strike_G","Grasp_Heart","Vampiric_Strike","Summon_Death_Knight+1","Life_Tap","Parasite","Finger_Of_Death+1","Madness","Madness","Summon_Undead+1","Summon_Lich","Bone_Armory+1"],"relics":["Vampire_Amulet","NeowsBlessing","infinitespire:Broken Mirror","Girya","Bag of Marbles","Ectoplasm","Pen Nib","construct:BoolHorns","hubris:ScarierMask","Red Mask","Ornamental Fan"],"acts_visited":["Exordium","TheCity","TheBeyond"],"potions_floor_usage":[5,24,29,29,37,50,50],"damage_taken":[{"damage":0,"enemies":"2 Louse","floor":1,"turns":1},{"damage":0,"enemies":"Cultist","floor":2,"turns":1},{"damage":0,"enemies":"Small Slimes","floor":4,"turns":1},{"damage":0,"enemies":"Gremlin Gang","floor":5,"turns":3},{"damage":42,"enemies":"Lagavulin","floor":7,"turns":10},{"damage":6,"enemies":"3 Louse","floor":8,"turns":4},{"damage":10,"enemies":"Red Slaver","floor":11,"turns":4},{"damage":36,"enemies":"The Guardian","floor":16,"turns":7},{"damage":5,"enemies":"3 Byrds","floor":18,"turns":4},{"damage":0,"enemies":"Chosen","floor":19,"turns":4},{"damage":9,"enemies":"Centurion and Healer","floor":21,"turns":4},{"damage":6,"enemies":"Sentry and Sphere","floor":22,"turns":4},{"damage":0,"enemies":"Snake Plant","floor":24,"turns":2},{"damage":0,"enemies":"3 Cultists","floor":25,"turns":4},{"damage":22,"enemies":"Centurion and Healer","floor":27,"turns":4},{"damage":17,"enemies":"Shelled Parasite and Fungi","floor":29,"turns":3},{"damage":0,"enemies":"Snake Plant","floor":31,"turns":2},{"damage":37,"enemies":"Collector","floor":33,"turns":5},{"damage":0,"enemies":"3 Darklings","floor":35,"turns":3},{"damage":9,"enemies":"Orb Walker","floor":36,"turns":2},{"damage":17,"enemies":"Writhing Mass","floor":37,"turns":4},{"damage":8,"enemies":"Spire Growth","floor":39,"turns":3},{"damage":2,"enemies":"Transient","floor":45,"turns":5},{"damage":7,"enemies":"3 Darklings","floor":47,"turns":4},{"damage":9,"enemies":"4 Shapes","floor":48,"turns":2},{"damage":75,"enemies":"Time Eater","floor":50,"turns":6}],"seed_played":"-4822132368057715932","potions_obtained":[{"floor":2,"key":"Explosive Potion"},{"floor":8,"key":"Swift Potion"},{"floor":22,"key":"Ancient Potion"},{"floor":27,"key":"Weak Potion"},{"floor":31,"key":"Elixir"},{"floor":33,"key":"Ancient Potion"},{"floor":36,"key":"construct:ShiftPotion"},{"floor":37,"key":"Swift Potion"}],"is_trial":false,"path_per_floor":["M","M","?","M","M","R","E","M","T","R","M","$","R","?","R","B",null,"M","M","$","M","M","R","M","M","T","M","?","M","R","M","R","B",null,"M","M","M","?","M","?","?","R","T","$","M","R","M","M","R","B"],"character_chosen":"NECROMANCER","items_purchased":["Bag of Marbles","Pen Nib"],"campfire_rested":2,"item_purchase_floors":[12,20],"current_hp_per_floor":[75,75,75,75,75,75,35,41,41,41,43,43,43,75,75,47,75,72,75,75,74,71,71,75,75,75,61,61,54,75,75,75,48,75,75,68,59,59,57,57,48,70,70,70,75,75,75,72,72,0,0],"gold":0,"neow_bonus":"THREE_ENEMY_KILL","is_daily":false,"chose_seed":false,"campfire_upgraded":4,"win_rate":0.0,"timestamp":1612237732,"path_taken":["M","M","?","M","?","R","E","M","T","R","M","$","R","?","R","BOSS","M","M","$","?","M","R","M","?","T","M","?","?","R","M","R","BOSS","M","M","M","?","M","?","?","R","T","?","M","R","M","M","R","BOSS"],"items_purchased_type":["Relic","Relic"],"build_version":"2020-12-22","purchased_purges":0,"victory":false,"max_hp_per_floor":[75,75,75,75,75,75,75,75,75,75,75,75,75,75,75,75,75,75,75,75,75,75,75,75,75,75,75,75,75,75,75,75,75,75,75,75,75,75,75,75,75,75,75,75,75,75,75,75,75,75,75],"card_choices":[{"not_picked":["Shackles_Of_Pain","Epidemic"],"picked":"Death_Coil","floor":1},{"not_picked":["Flesh_Made_Foul","Bones_to_Steel"],"picked":"Slay_Living","floor":2},{"not_picked":["Necromantic_Selection","Consume_Illness"],"picked":"Negative_Energy_Javelin","floor":4},{"not_picked":["Shackles_Of_Pain","Negative_Energy_Mist"],"picked":"Finger_Of_Death","floor":5},{"not_picked":["Blood_Whip","Uncharnel"],"picked":"Life_Drain","floor":7},{"not_picked":["Death_Coil","Shackles_Of_Pain"],"picked":"Summon_Death_Knight","floor":8},{"not_picked":["Blood_Curse","Bone_Shift"],"picked":"Death_Coil","floor":11},{"not_picked":["Negative_Energy_Shield+1","Plague_Bolt"],"picked":"Blood_Curse","floor":18},{"not_picked":["Epidemic+1","Bone_Prison"],"picked":"Spectral_Armor","floor":19},{"not_picked":["Scare","Negative_Energy_Shield"],"picked":"Blood_Curse+1","floor":21},{"not_picked":["Requiem","Consume_Illness+1","Chill_Blood"],"picked":"SKIP","floor":22},{"not_picked":["Siphon_Strength","Shade_Step+1"],"picked":"Deaths_Shadow+1","floor":24},{"not_picked":["Negative_Energy_Shield","Consume_Illness+1"],"picked":"Finger_Of_Death","floor":25},{"not_picked":["Necromantic_Selection","Acid_Javelin"],"picked":"Negative_Energy_Sphere","floor":27},{"not_picked":["Shackles_Of_Pain","Bone_Armor"],"picked":"Grasp_Heart","floor":29},{"not_picked":["Bone_Spikes","Plague_Bolt+1"],"picked":"Vampiric_Strike","floor":31},{"not_picked":["Hellfire","Blood_Magic"],"picked":"Summon_Death_Knight","floor":33},{"not_picked":["Death_Coil+1","Negative_Energy_Sphere+1"],"picked":"Life_Tap","floor":35},{"not_picked":["Flesh_Made_Foul+1","Corrupt","Scare+1"],"picked":"SKIP","floor":36},{"not_picked":["Life_Tap","Death_Coil+1"],"picked":"Finger_Of_Death+1","floor":37},{"not_picked":["Bone_Spikes+1","Bone_Shift","Blood_Curse"],"picked":"SKIP","floor":39},{"not_picked":["Finger_Of_Death+1","Bones_to_Steel+1"],"picked":"Summon_Undead","floor":45},{"not_picked":["Bone_Bullets","Death_March_Dance"],"picked":"Summon_Lich","floor":47},{"not_picked":["Consume_Illness","Bone_Shift+1"],"picked":"Bone_Armory+1","floor":48}],"player_experience":189812,"relics_obtained":[{"floor":7,"key":"infinitespire:Broken Mirror"},{"floor":9,"key":"Girya"},{"floor":26,"key":"construct:BoolHorns"},{"floor":43,"key":"Ornamental Fan"}],"event_choices":[{"cards_removed":["Strike_W"],"damage_healed":0,"gold_gain":0,"player_choice":"Purged","damage_taken":0,"max_hp_gain":0,"max_hp_loss":0,"event_name":"Purifier","floor":3,"gold_loss":0},{"damage_healed":32,"gold_gain":0,"player_choice":"Full Heal","damage_taken":0,"max_hp_gain":0,"max_hp_loss":0,"event_name":"Wheel of Change","floor":14,"gold_loss":0},{"cards_removed":["Blood_Curse"],"damage_healed":0,"gold_gain":0,"player_choice":"Took Card","damage_taken":0,"max_hp_gain":0,"max_hp_loss":0,"event_name":"NoteForYourself","floor":28,"gold_loss":0,"cards_obtained":["Strike_G"]},{"damage_healed":0,"gold_gain":0,"player_choice":"Paid","damage_taken":0,"relics_obtained":["Red Mask"],"max_hp_gain":0,"max_hp_loss":0,"event_name":"Tomb of Lord Red Mask","floor":40,"gold_loss":17},{"damage_healed":0,"gold_gain":0,"player_choice":"Embrace Madness","damage_taken":9,"max_hp_gain":0,"max_hp_loss":0,"event_name":"Winding Halls","floor":41,"gold_loss":0,"cards_obtained":["Madness","Madness"]}],"is_beta":false,"boss_relics":[{"not_picked":["ChewingGum","Painkiller Herb"],"picked":"Ectoplasm"},{"not_picked":["Calling Bell","hubris:Stopwatch"],"picked":"hubris:ScarierMask"}],"items_purged_floors":[],"is_endless":false,"potions_floor_spawned":[2,8,22,27,31,33,36,37],"killed_by":"Time Eater","ascension_level":0}}