{"host":"570h1xlbg9sstasg","time":1612291671,"event":{"mods":["AchievementEnabler","BaseMod","Bestiary","Block Reminder","Colored Powertips","Curses Come First","Highlight Path","Minty Spire (QoL Compilation)","Quick Restart","Random Character Button","Relic Stats","StSLib"],"gold_per_floor":[112,187,21,35,35,35,50,85,85,104,104,120,13,13,13,112,112,123,51,51,64,64,64,64,64,90,90,104,104,29,29,29,131,131,148,203,219,47,63,63,63,163,163,163,163],"floor_reached":44,"language":"ENG","playtime":1523,"items_purged":["Strike_B","Shame"],"score":605,"play_id":"ab500d6f-97ef-40e4-8eaf-fd2a617767d1","local_time":"20210202204751","is_ascension_mode":true,"campfire_choices":[{"data":"Apotheosis","floor":6,"key":"SMITH"},{"floor":11,"key":"REST"},{"floor":15,"key":"REST"},{"floor":23,"key":"RECALL"},{"floor":25,"key":"REST"},{"floor":27,"key":"REST"},{"floor":32,"key":"REST"},{"floor":40,"key":"REST"}],"circlet_count":0,"master_deck":["Strike_B","Strike_B","Strike_B","Defend_B","Defend_B","Defend_B","Defend_B","Zap","Dualcast","Apotheosis+1","Go for the Eyes","Defragment","Lockon","Stack","Coolheaded","White Noise","Rainbow","Force Field","Hello World","Undo","Core Surge","Storm","Ghostly","Ghostly","Ghostly","Ghostly","Ghostly","Conserve Battery","Capacitor","Coolheaded+1","Creative AI","Tempest+1","Capacitor","Madness","Madness","Doubt"],"relics":["Cracked Core","Unceasing Top","Darkstone Periapt","Du-Vu Doll","Fusion Hammer","Ice Cream","Boot","Thread and Needle","Mercury Hourglass","Cursed Key","Bird Faced Urn"],"acts_visited":["Exordium","TheCity","TheBeyond"],"potions_floor_usage":[8,12,36],"damage_taken":[{"damage":7,"enemies":"Jaw Worm","floor":1,"turns":3},{"damage":0,"enemies":"Cultist","floor":4,"turns":3},{"damage":1,"enemies":"2 Louse","floor":7,"turns":3},{"damage":11,"enemies":"Lagavulin","floor":8,"turns":5},{"damage":18,"enemies":"Exordium Wildlife","floor":10,"turns":4},{"damage":0,"enemies":"3 Louse","floor":12,"turns":1},{"damage":8,"enemies":"The Guardian","floor":16,"turns":9},{"damage":1,"enemies":"Spheric Guardian","floor":18,"turns":5},{"damage":0,"enemies":"2 Thieves","floor":21,"turns":5},{"damage":1,"enemies":"Snecko","floor":28,"turns":4},{"damage":8,"enemies":"Collector","floor":33,"turns":11},{"damage":0,"enemies":"3 Darklings","floor":35,"turns":6},{"damage":0,"enemies":"2 Orb Walkers","floor":36,"turns":6},{"damage":0,"enemies":"Orb Walker","floor":37,"turns":3},{"damage":7,"enemies":"3 Darklings","floor":39,"turns":5},{"damage":68,"enemies":"Reptomancer","floor":44,"turns":2}],"seed_played":"-7153425238332738445","potions_obtained":[{"floor":4,"key":"PowerPotion"},{"floor":10,"key":"Explosive Potion"},{"floor":28,"key":"DistilledChaos"},{"floor":37,"key":"Ancient Potion"},{"floor":39,"key":"Strength Potion"}],"is_trial":false,"path_per_floor":["M","?","$","M","T","R","M","E","T","M","R","M","$","?","R","B",null,"M","$","?","M","?","R","T","R","T","R","M","T","$","?","R","B",null,"M","?","M","$","M","R","?","?","T","E"],"character_chosen":"DEFECT","items_purchased":["Defragment","Lockon","Stack","Hello World","Undo","Storm","Capacitor"],"campfire_rested":6,"item_purchase_floors":[3,3,3,13,13,19,38],"current_hp_per_floor":[43,32,32,32,32,32,31,20,20,2,24,24,24,49,71,63,72,71,71,37,37,37,37,37,37,37,37,36,36,36,42,43,35,41,41,41,43,43,38,43,38,38,44,0,0],"gold":163,"neow_bonus":"RANDOM_COLORLESS_2","is_daily":false,"chose_seed":false,"campfire_upgraded":1,"win_rate":0.0,"timestamp":1612291671,"path_taken":["M","?","$","M","?","R","M","E","T","?","R","M","$","?","R","BOSS","M","$","?","M","?","R","?","R","T","R","?","?","?","?","R","BOSS","M","?","M","$","M","R","?","?","T","E"],"items_purchased_type":["Card","Card","Card","Card","Card","Card","Card"],"build_version":"2020-12-22","purchased_purges":2,"victory":false,"max_hp_per_floor":[75,75,75,75,75,75,75,75,75,75,75,75,75,75,75,75,75,75,75,37,37,37,37,37,37,37,37,37,37,37,43,43,43,43,43,43,43,43,43,43,43,43,49,49,49],"relic_stats":{"Darkstone Periapt":12,"counters":[16,74],"Bird Faced Urn":[10],"Boot":[8],"Cursed Key":1,"obtain_stats":[{"Darkstone Periapt":8,"Du-Vu Doll":9,"Ice Cream":24,"Bird Faced Urn":36,"Thread and Needle":29,"Fusion Hammer":17,"Cracked Core":0,"Boot":26,"Cursed Key":34,"Unceasing Top":5,"Mercury Hourglass":31},{"Darkstone Periapt":4,"Du-Vu Doll":4,"Ice Cream":9,"Bird Faced Urn":13,"Thread and Needle":10,"Fusion Hammer":7,"Cracked Core":0,"Boot":9,"Cursed Key":11,"Unceasing Top":2,"Mercury Hourglass":10},{"Darkstone Periapt":14,"Du-Vu Doll":14,"Ice Cream":38,"Bird Faced Urn":64,"Thread and Needle":42,"Fusion Hammer":28,"Cracked Core":0,"Boot":38,"Cursed Key":53,"Unceasing Top":6,"Mercury Hourglass":42}],"Unceasing Top":[3],"Mercury Hourglass":[214]},"card_choices":[{"not_picked":["Metamorphosis","Transmutation"],"picked":"Apotheosis","floor":0},{"not_picked":["Turbo","Stack"],"picked":"Go for the Eyes","floor":1},{"not_picked":["Stack","Gash","Scrape"],"picked":"SKIP","floor":4},{"not_picked":["Rebound","Beam Cell"],"picked":"Coolheaded","floor":7},{"not_picked":["Recycle","Fusion"],"picked":"White Noise","floor":8},{"not_picked":["Turbo","Glacier"],"picked":"Rainbow","floor":10},{"not_picked":["Recycle","Beam Cell"],"picked":"Force Field","floor":12},{"not_picked":["Meteor Strike","All For One"],"picked":"Core Surge","floor":16},{"not_picked":["Streamline+1","Beam Cell+1","Scrape+1"],"picked":"SKIP","floor":18},{"not_picked":["Go for the Eyes","Blizzard"],"picked":"Conserve Battery","floor":21},{"not_picked":["Force Field","Turbo"],"picked":"Coolheaded+1","floor":28},{"not_picked":["Thunder Strike","Buffer"],"picked":"Creative AI","floor":33},{"not_picked":["Turbo","Leap+1","Steam+1"],"picked":"SKIP","floor":35},{"not_picked":["Steam","Beam Cell"],"picked":"Tempest+1","floor":36},{"not_picked":["Gash","Rebound+1","Go for the Eyes+1"],"picked":"SKIP","floor":37},{"not_picked":["Go for the Eyes","Beam Cell","BootSequence"],"picked":"SKIP","floor":39}],"player_experience":376564,"relics_obtained":[{"floor":5,"key":"Unceasing Top"},{"floor":8,"key":"Darkstone Periapt"},{"floor":9,"key":"Du-Vu Doll"},{"floor":24,"key":"Ice Cream"},{"floor":26,"key":"Boot"},{"floor":29,"key":"Thread and Needle"},{"floor":36,"key":"Bird Faced Urn"}],"event_choices":[{"damage_healed":0,"gold_gain":75,"player_choice":"Gather Gold","damage_taken":11,"max_hp_gain":0,"max_hp_loss":0,"event_name":"World of Goop","floor":2,"gold_loss":0},{"damage_healed":25,"gold_gain":0,"player_choice":"Banana","damage_taken":0,"max_hp_gain":0,"max_hp_loss":0,"event_name":"Big Fish","floor":14,"gold_loss":0},{"damage_healed":0,"gold_gain":0,"player_choice":"Became a Ghost","damage_taken":0,"max_hp_gain":0,"max_hp_loss":38,"event_name":"Ghosts","floor":20,"gold_loss":0,"cards_obtained":["Ghostly","Ghostly","Ghostly","Ghostly","Ghostly"]},{"damage_healed":0,"gold_gain":0,"player_choice":"Read","damage_taken":0,"max_hp_gain":0,"max_hp_loss":0,"event_name":"The Library","floor":22,"gold_loss":0,"cards_obtained":["Capacitor"]},{"damage_healed":0,"gold_gain":0,"player_choice":"Stole Relic","damage_taken":0,"relics_obtained":["Mercury Hourglass"],"max_hp_gain":0,"max_hp_loss":0,"event_name":"Addict","floor":31,"gold_loss":0,"cards_obtained":["Shame"]},{"damage_healed":0,"gold_gain":0,"player_choice":"Fight","damage_taken":0,"max_hp_gain":0,"max_hp_loss":0,"event_name":"Mysterious Sphere","floor":36,"gold_loss":0},{"damage_healed":0,"gold_gain":0,"player_choice":"Embrace Madness","damage_taken":5,"max_hp_gain":0,"max_hp_loss":0,"event_name":"Winding Halls","floor":41,"gold_loss":0,"cards_obtained":["Madness","Madness"]},{"damage_healed":0,"gold_gain":100,"player_choice":"Pray","damage_taken":0,"max_hp_gain":0,"max_hp_loss":0,"event_name":"Golden Shrine","floor":42,"gold_loss":0}],"is_beta":false,"boss_relics":[{"not_picked":["Snecko Eye","Busted Crown"],"picked":"Fusion Hammer"},{"not_picked":["Runic Pyramid","Empty Cage"],"picked":"Cursed Key"}],"items_purged_floors":[30,38],"is_endless":false,"potions_floor_spawned":[4,10,28,37,39],"killed_by":"Reptomancer","ascension_level":6}}