{"host":"oehe2dxjvdgux73m","time":1612274161,"event":{"mods":["AchievementEnabler","BaseMod","Colored Map","Colored Powertips","DeckTracker","Keyboard Shortcuts","Minty Spire (QoL Compilation)","Permanent Neow","Quick Restart","StSLib","SuperFastMode"],"gold_per_floor":[114,133,145,27,102,102,120,120,146,146,177,177,207,207,207,207,207],"floor_reached":16,"language":"KOR","playtime":384,"items_purged":["Strike_G"],"score":266,"play_id":"4311311a-50de-46a1-a9b3-ae6ce8ba3bf0","local_time":"20210202225601","is_ascension_mode":true,"campfire_choices":[{"data":"Cloak And Dagger","floor":6.0,"key":"SMITH"},{"data":"Choke","floor":8.0,"key":"SMITH"},{"data":"Blade Dance","floor":10.0,"key":"SMITH"},{"data":"Neutralize","floor":12.0,"key":"SMITH"},{"floor":15.0,"key":"REST"}],"circlet_count":0,"master_deck":["AscendersBane","Strike_G","Strike_G","Defend_G","Defend_G","Defend_G","Defend_G","Defend_G","Survivor","Neutralize+1","Dodge and Roll","Die Die Die","Cloak And Dagger+1","Blade Dance+1","PiercingWail","Choke+1","Blur","Dodge and Roll","Prepared+1"],"relics":["Ring of the Snake","Boot","Art of War","TungstenRod"],"acts_visited":["Exordium"],"potions_floor_usage":[16],"damage_taken":[{"damage":0.0,"enemies":"2 Louse","floor":1.0,"turns":1.0},{"damage":0.0,"enemies":"Small Slimes","floor":2.0,"turns":3.0},{"damage":0.0,"enemies":"Cultist","floor":3.0,"turns":4.0},{"damage":1.0,"enemies":"Exordium Thugs","floor":7.0,"turns":3.0},{"damage":0.0,"enemies":"Gremlin Nob","floor":11.0,"turns":3.0},{"damage":14.0,"enemies":"3 Sentries","floor":13.0,"turns":6.0},{"damage":37,"enemies":"Hexaghost","floor":16,"turns":14}],"seed_played":"3940605011828008204","potions_obtained":[{"floor":2.0,"key":"ColorlessPotion"},{"floor":3.0,"key":"CultistPotion"},{"floor":11.0,"key":"SteroidPotion"}],"is_trial":false,"path_per_floor":["M","M","M","$","?","R","M","R","T","R","E","R","E","?","R","B"],"character_chosen":"THE_SILENT","items_purchased":["Choke"],"campfire_rested":1,"item_purchase_floors":[4],"current_hp_per_floor":[44,44,44,44,33,33,32,32,32,32,32,32,18,18,37,0,0],"gold":207,"neow_bonus":"TRANSFORM_TWO_CARDS","is_daily":false,"chose_seed":false,"campfire_upgraded":4,"win_rate":0.0,"timestamp":1612274161,"path_taken":["M","M","M","$","?","R","M","R","T","R","E","R","E","?","R","BOSS"],"items_purchased_type":["Card"],"build_version":"2020-12-22","purchased_purges":1,"victory":false,"max_hp_per_floor":[66,66,66,66,66,66,66,66,66,66,66,66,66,66,66,66,66],"card_choices":[{"not_picked":["Dodge and Roll","Acrobatics"],"picked":"Cloak And Dagger","floor":1.0},{"not_picked":["Terror","Calculated Gamble"],"picked":"Blade Dance","floor":2.0},{"not_picked":["Predator","Slice"],"picked":"PiercingWail","floor":3.0},{"not_picked":["Leg Sweep","Flying Knee"],"picked":"Blur","floor":7.0},{"not_picked":["All Out Attack","Bane"],"picked":"Dodge and Roll","floor":11.0},{"not_picked":["Sucker Punch","Concentrate"],"picked":"Prepared","floor":13.0}],"player_experience":353416,"relics_obtained":[{"floor":9.0,"key":"Boot"},{"floor":11.0,"key":"Art of War"},{"floor":13.0,"key":"TungstenRod"}],"event_choices":[{"damage_healed":0.0,"max_hp_gain":0.0,"max_hp_loss":0.0,"gold_gain":75.0,"event_name":"World of Goop","player_choice":"Gather Gold","floor":5.0,"gold_loss":0.0,"damage_taken":11.0},{"damage_healed":0.0,"max_hp_gain":0.0,"max_hp_loss":0.0,"gold_gain":0.0,"event_name":"Accursed Blacksmith","player_choice":"Forge","floor":14.0,"gold_loss":0.0,"damage_taken":0.0,"cards_upgraded":["Prepared"]}],"is_beta":false,"boss_relics":[],"items_purged_floors":[4],"is_endless":false,"potions_floor_spawned":[2,3,11],"killed_by":"Hexaghost","ascension_level":20}}