{"host":"utqe55yv0jihe4d6","time":1612303269,"event":{"mods":["2.2 Compatiblity","AchievementEnabler","BaseMod","Block Reminder","Colored Map","Colored Powertips","Minty Spire (QoL Compilation)","Quick Restart","Rare Cards Sparkle","Relic Stats","SuperFastMode"],"gold_per_floor":[111,111,186,203,0,0,0,0],"floor_reached":7,"language":"ENG","playtime":100,"items_purged":[],"score":78,"play_id":"62ae3e71-d12d-41c6-9a9e-12b6dd022fcc","local_time":"20210202170109","is_ascension_mode":true,"campfire_choices":[{"data":"Blood for Blood","floor":6,"key":"SMITH"}],"circlet_count":0,"master_deck":["AscendersBane","Strike_R+1","Strike_R+1","Strike_R","Strike_R","Strike_R","Defend_R","Defend_R","Defend_R","Defend_R","Bash","Double Tap","Carnage","Blood for Blood+1","Power Through"],"relics":["Burning Blood","Toolbox"],"acts_visited":["Exordium"],"potions_floor_usage":[],"damage_taken":[{"damage":11,"enemies":"2 Louse","floor":1,"turns":3},{"damage":0,"enemies":"Small Slimes","floor":4,"turns":2},{"damage":55,"enemies":"Gremlin Nob","floor":7,"turns":4}],"seed_played":"8252557347465492284","potions_obtained":[],"is_trial":false,"path_per_floor":["M","?","?","M","$","R","E"],"character_chosen":"IRONCLAD","items_purchased":["Toolbox","Power Through"],"campfire_rested":0,"item_purchase_floors":[5,5],"current_hp_per_floor":[63,40,29,35,35,35,0,0],"gold":0,"neow_bonus":"ONE_RANDOM_RARE_CARD","is_daily":false,"chose_seed":false,"campfire_upgraded":1,"win_rate":0.0,"timestamp":1612303269,"path_taken":["M","?","?","M","$","R","E"],"items_purchased_type":["Relic","Card"],"build_version":"2020-12-22","purchased_purges":0,"victory":false,"max_hp_per_floor":[75,75,75,75,75,75,75,75],"relic_stats":{"counters":[3,9],"obtain_stats":[{"Toolbox":5,"Burning Blood":0},{"Toolbox":2,"Burning Blood":0},{"Toolbox":5,"Burning Blood":0}],"Burning Blood":12},"card_choices":[{"not_picked":["Clothesline","Heavy Blade"],"picked":"Carnage","floor":1},{"not_picked":["Heavy Blade","Clash"],"picked":"Blood for Blood","floor":4}],"player_experience":2991525,"relics_obtained":[],"event_choices":[{"damage_healed":0,"gold_gain":0,"player_choice":"Entered Light","damage_taken":23,"max_hp_gain":0,"max_hp_loss":0,"event_name":"Shining Light","floor":2,"gold_loss":0,"cards_upgraded":["Strike_R","Strike_R"]},{"damage_healed":0,"gold_gain":75,"player_choice":"Gather Gold","damage_taken":11,"max_hp_gain":0,"max_hp_loss":0,"event_name":"World of Goop","floor":3,"gold_loss":0}],"is_beta":false,"boss_relics":[],"items_purged_floors":[],"is_endless":false,"potions_floor_spawned":[],"killed_by":"Gremlin Nob","ascension_level":20}}