{"host":"0ntunplbxyg40l63","time":1612266820,"event":{"mods":["BaseMod","Colored Powertips","Downfall","Minty Spire (QoL Compilation)","StSLib"],"gold_per_floor":[99,99,156,256,256,267,267,68,68,53,53,38,38,55,66,163,163,63,63,163,175,123,133,133,133,163,63,63,15,27,39,53,156,156,156,176,223,223,237,237,237,256,256,256,256,288,304,330,350,350,350,350],"floor_reached":50,"language":"ENG","playtime":2698,"items_purged":[],"score":554,"play_id":"f47534b1-0c78-4510-8644-c47a05640255","local_time":"20210202115340","is_ascension_mode":false,"campfire_choices":[{"data":"champ:Execute","floor":1,"key":"SMITH"},{"data":"champ:BladeFlurry","floor":9,"key":"SMITH"},{"floor":11,"key":"RECALL"},{"data":"champ:IronFortress","floor":13,"key":"SMITH"},{"data":"champ:EndlessRage","floor":18,"key":"SMITH"},{"data":"champ:MurderStrike","floor":27,"key":"SMITH"},{"data":"champ:GladiatorForm","floor":35,"key":"SMITH"},{"data":"champ:RecklessLeap","floor":40,"key":"SMITH"}],"circlet_count":0,"master_deck":["champ:Strike","champ:Strike","champ:Strike","champ:Strike","champ:Defend","champ:Execute+1","champ:Taunt","champ:BladeFlurry+1","champ:RisingSlash","champ:BerserkersShout","champ:PerfectedStrike","champ:Backstep","champ:EndlessRage+1","champ:Shatter","champ:DefensiveShout","champ:SetATrap","champ:BerserkersShout","champ:SwordThrow+1","RitualDagger","champ:FocusedDefense","champ:MurderStrike+1","J.A.X.","champ:SkillfulDodge","champ:GutPunch","champ:FlashCut","champ:AdrenalArmor+1","downfall:Bewildered","champ:HeartStrike+1","champ:BladeFlurry","champ:Backstep+1","champ:SetATrap","champ:FaceSlap+1","champ:GladiatorForm+1","champ:BringItOn+1","champ:AdrenalArmor","champ:RecklessLeap+1","champ:FocusedDefense","Doubt","expansioncontent:GuardianWhirl","expansioncontent:InvincibleStrength","expansioncontent:YouAreMine","champ:TripleStrike","champ:FocusedDefense+1","champ:EnragedBash+1","champ:BringItOn"],"relics":["champ:ChampionCrown","downfall:HeartsMalice","Vajra","Happy Flower","champ:BerserkersGuideToSlaughter","Shuriken","Velvet Choker","downfall:HeartBlessingRed","MutagenicStrength","PreservedInsect","sneckomod:BabySnecko","Ancient Tea Set","downfall:HeartBlessingGreen","SacredBark","Pocketwatch","Question Card","CaptainsWheel"],"acts_visited":["Exordium","TheCity","TheBeyond"],"potions_floor_usage":[8,16,26,31,33,33,33,36,50,50],"damage_taken":[{"damage":0,"enemies":"2 Louse","floor":2,"turns":1},{"damage":0,"enemies":"3 Sentries","floor":3,"turns":1},{"damage":0,"enemies":"Jaw Worm","floor":5,"turns":1},{"damage":15,"enemies":"Cultist","floor":6,"turns":2},{"damage":35,"enemies":"downfall:FleeingMerchant","floor":8,"turns":4},{"damage":35,"enemies":"downfall:FleeingMerchant","floor":10,"turns":4},{"damage":3,"enemies":"downfall:FleeingMerchant","floor":12,"turns":4},{"damage":25,"enemies":"downfall:FleeingMerchant","floor":14,"turns":4},{"damage":12,"enemies":"Large Slime","floor":15,"turns":4},{"damage":23,"enemies":"IC_STATUS_ARCHETYPE","floor":16,"turns":5},{"damage":46,"enemies":"downfall:Augmenter","floor":20,"turns":6},{"damage":20,"enemies":"Shell Parasite","floor":21,"turns":3},{"damage":14,"enemies":"Snake Plant","floor":23,"turns":3},{"damage":19,"enemies":"Gremlin Leader","floor":26,"turns":4},{"damage":25,"enemies":"Centurion and Healer","floor":30,"turns":4},{"damage":40,"enemies":"Snecko","floor":31,"turns":5},{"damage":0,"enemies":"3 Cultists","floor":32,"turns":4},{"damage":53,"enemies":"SI_MIRROR_ARCHETYPE","floor":33,"turns":7},{"damage":27,"enemies":"3 Darklings","floor":36,"turns":4},{"damage":61,"enemies":"2 Orb Walkers","floor":37,"turns":5},{"damage":30,"enemies":"3 Shapes","floor":39,"turns":4},{"damage":1,"enemies":"Jaw Worm Horde","floor":42,"turns":3},{"damage":49,"enemies":"Reptomancer","floor":46,"turns":5},{"damage":2,"enemies":"4 Shapes","floor":47,"turns":3},{"damage":47,"enemies":"Giant Head","floor":48,"turns":7},{"damage":57,"enemies":"Transient","floor":49,"turns":5},{"damage":44,"enemies":"DF_ARCHETYPE_ORBS","floor":50,"turns":5}],"seed_played":"-1230430940920524139","potions_obtained":[{"floor":3,"key":"SteroidPotion"},{"floor":15,"key":"hexamod:SoulburnPotion"},{"floor":16,"key":"FearPotion"},{"floor":21,"key":"EssenceOfSteel"},{"floor":23,"key":"Fire Potion"},{"floor":26,"key":"BlessingOfTheForge"},{"floor":32,"key":"hexamod:SoulburnPotion"},{"floor":33,"key":"Block Potion"},{"floor":42,"key":"Strength Potion"},{"floor":48,"key":"Explosive Potion"}],"is_trial":false,"path_per_floor":["R","M","?","?","M","M","T","$","R","$","R","$","R","$","M","B",null,"R","?","?","M","$","M","T","?","E","R","?","$","M","M","M","B",null,"R","M","?","?","M","R","T","M","?","?","?","E","M","E","M","B"],"character_chosen":"THE_CHAMP","items_purchased":["champ:EndlessRage","champ:BerserkersGuideToSlaughter","Shuriken","champ:SetATrap","champ:FlashCut","champ:BladeFlurry"],"campfire_rested":0,"item_purchase_floors":[8,8,14,14,22,29],"current_hp_per_floor":[90,90,90,90,90,90,90,90,90,80,80,87,87,65,68,60,90,90,84,68,63,63,64,64,64,70,70,70,70,70,55,60,37,90,90,90,54,54,44,44,44,53,90,80,80,56,59,47,30,0,0,0],"gold":350,"neow_bonus":"THREE_ENEMY_KILL","is_daily":false,"chose_seed":false,"campfire_upgraded":7,"win_rate":0.0,"timestamp":1612266820,"path_taken":["R","M","?","?","M","M","T","$","R","?","R","$","R","?","M","BOSS","R","?","?","M","$","M","T","?","E","R","?","$","M","M","M","BOSS","R","M","?","?","?","R","T","M","?","?","?","E","M","E","M","BOSS"],"items_purchased_type":["Card","Relic","Relic","Card","Card","Card"],"build_version":"2020-12-22","purchased_purges":0,"victory":false,"max_hp_per_floor":[90,90,90,90,90,90,90,90,90,90,90,90,90,90,90,90,90,90,90,90,90,90,90,90,90,90,90,90,90,90,90,90,90,90,90,90,90,90,90,90,90,90,90,90,90,90,90,90,90,90,90,90],"card_choices":[{"not_picked":["champ:Encircle","champ:ShieldWall"],"picked":"champ:BladeFlurry","floor":2},{"not_picked":["champ:StanceDance","champ:TornadoPunch"],"picked":"champ:RisingSlash","floor":3},{"not_picked":["champ:Circumvent","champ:Shatter"],"picked":"champ:BerserkersShout","floor":5},{"not_picked":["champ:DefensiveShout","champ:TornadoPunch"],"picked":"champ:PerfectedStrike","floor":6},{"not_picked":["champ:Duel","champ:CheapShot"],"picked":"champ:Backstep","floor":8},{"not_picked":["champ:FalseCounter","champ:EnGarde"],"picked":"champ:Shatter","floor":10},{"not_picked":["champ:PreemptiveStrike","champ:CalledShot"],"picked":"champ:IronFortress","floor":12},{"not_picked":["champ:Shatter","champ:Backstep"],"picked":"champ:DefensiveShout","floor":14},{"not_picked":["champ:Endure","champ:Circumvent"],"picked":"champ:BerserkersShout","floor":15},{"not_picked":["champ:StrikeOfGenius","champ:GladiatorForm"],"picked":"champ:SwordThrow","floor":16},{"not_picked":[],"picked":"J.A.X.","floor":20},{"not_picked":["champ:Shatter","champ:FocusedDefense"],"picked":"champ:SkillfulDodge","floor":20},{"not_picked":["champ:ShieldSlam","champ:SkillfulDodge+1"],"picked":"champ:GutPunch","floor":21},{"not_picked":["champ:EnGarde","champ:TornadoPunch"],"picked":"champ:AdrenalArmor+1","floor":23},{"not_picked":["champ:SteelEdge","champ:GutPunch+1"],"picked":"champ:HeartStrike+1","floor":26},{"not_picked":["champ:Haymaker","champ:PreciseThrust"],"picked":"champ:Backstep+1","floor":30},{"not_picked":["champ:BerserkersShout","champ:PreciseThrust"],"picked":"champ:SetATrap","floor":31},{"not_picked":["champ:ArenaPreparation","champ:PreciseThrust"],"picked":"champ:FaceSlap+1","floor":32},{"not_picked":["champ:LastStand","champ:SteelEdge"],"picked":"champ:GladiatorForm","floor":33},{"not_picked":["champ:DeathBlow+1","champ:Haymaker+1"],"picked":"champ:BringItOn+1","floor":36},{"not_picked":["champ:GutPunch","champ:RapidStrikes+1"],"picked":"champ:AdrenalArmor","floor":37},{"not_picked":["champ:EnGarde+1","champ:CrownThrow"],"picked":"champ:RecklessLeap","floor":39},{"not_picked":["champ:Shatter+1","champ:DefensiveShout+1"],"picked":"champ:FocusedDefense","floor":42},{"not_picked":["expansioncontent:PolyBeam","expansioncontent:PrepareCrush"],"picked":"expansioncontent:GuardianWhirl","floor":44},{"not_picked":["expansioncontent:Chronoboost","expansioncontent:PolyBeam"],"picked":"expansioncontent:InvincibleStrength","floor":44},{"not_picked":["expansioncontent:InvincibleStrength","expansioncontent:Chronoboost"],"picked":"expansioncontent:YouAreMine","floor":44},{"not_picked":["champ:CrookedStrike+1","champ:Shatter+1"],"picked":"champ:TripleStrike","floor":46},{"not_picked":["champ:FocusedBerserking","champ:BringItOn","champ:PerfectedStrike+1"],"picked":"champ:FocusedDefense+1","floor":47},{"not_picked":["champ:ShieldWall+1","champ:BladeFlurry","champ:SetATrap+1"],"picked":"champ:EnragedBash+1","floor":48},{"not_picked":["champ:Shatter+1","champ:SkillfulDodge","champ:Backstep"],"picked":"champ:BringItOn","floor":49}],"player_experience":36611,"relics_obtained":[{"floor":7,"key":"Happy Flower"},{"floor":20,"key":"MutagenicStrength"},{"floor":24,"key":"PreservedInsect"},{"floor":26,"key":"Ancient Tea Set"},{"floor":37,"key":"Pocketwatch"},{"floor":46,"key":"Question Card"},{"floor":48,"key":"CaptainsWheel"}],"event_choices":[{"damage_healed":0,"gold_gain":0,"player_choice":"Fight","damage_taken":0,"max_hp_gain":0,"max_hp_loss":0,"event_name":"Mysterious Sphere","floor":37,"gold_loss":0},{"cards_removed":["champ:IronFortress"],"damage_healed":0,"gold_gain":0,"player_choice":"Removed Power","damage_taken":0,"max_hp_gain":0,"max_hp_loss":0,"event_name":"Falling","floor":45,"gold_loss":0}],"is_beta":false,"boss_relics":[{"not_picked":["Empty Cage","Sozu"],"picked":"Velvet Choker"},{"not_picked":["Cursed Key","Astrolabe"],"picked":"SacredBark"}],"items_purged_floors":[],"is_endless":false,"potions_floor_spawned":[3,15,16,21,23,26,32,33,42,48],"killed_by":"DF_ARCHETYPE_ORBS","ascension_level":0}}