{"host":"zsnmfqgcm92hlreo","time":1612307810,"event":{"mods":["AchievementEnabler","Act Like it!","BaseMod","Bestiary","Block Reminder","Colored Map","Colored Powertips","Hermit","Jorbs\u0027s Wanderer Trilogy","Minty Spire (QoL Compilation)","Permanent Neow","Quick Restart","Relic Stats","StSLib","Weighted Paths"],"gold_per_floor":[113,125,139,151,151,151,182,182,182,182,182],"floor_reached":10,"language":"ENG","playtime":494,"items_purged":[],"score":136,"play_id":"7e483072-071a-46e2-91ce-1aa99b2990a7","local_time":"20210202171650","is_ascension_mode":true,"campfire_choices":[{"data":"Glass Knife","floor":6.0,"key":"SMITH"},{"data":"Neutralize","floor":8.0,"key":"SMITH"}],"circlet_count":0,"master_deck":["AscendersBane","Strike_G","Strike_G","Strike_G","Strike_G","Strike_G","Defend_G","Defend_G","Defend_G","Defend_G","Defend_G","Survivor","Neutralize+1","Glass Knife+1","Dagger Spray","Dodge and Roll","Eviscerate","Blade Dance"],"relics":["Ring of the Snake","Paper Crane","Letter Opener"],"acts_visited":["Exordium"],"potions_floor_usage":[10,10],"damage_taken":[{"damage":6.0,"enemies":"Jaw Worm","floor":1.0,"turns":4.0},{"damage":0.0,"enemies":"2 Louse","floor":2.0,"turns":3.0},{"damage":0.0,"enemies":"Cultist","floor":3.0,"turns":3.0},{"damage":10.0,"enemies":"Exordium Wildlife","floor":4.0,"turns":4.0},{"damage":8.0,"enemies":"3 Sentries","floor":7.0,"turns":8.0},{"damage":34,"enemies":"Lagavulin","floor":10,"turns":6}],"seed_played":"5277315260382740279","potions_obtained":[{"floor":1.0,"key":"ColorlessPotion"},{"floor":7.0,"key":"PowerPotion"}],"is_trial":false,"path_per_floor":["M","M","M","M","?","R","E","R","T","E"],"character_chosen":"THE_SILENT","items_purchased":[],"campfire_rested":0,"item_purchase_floors":[],"current_hp_per_floor":[53,53,53,43,36,36,28,28,28,0,0],"gold":182,"neow_bonus":"THREE_RARE_CARDS","is_daily":false,"chose_seed":false,"campfire_upgraded":2,"win_rate":0.0,"timestamp":1612307810,"path_taken":["M","M","M","M","?","R","E","R","T","E"],"items_purchased_type":[],"build_version":"2020-12-22","purchased_purges":0,"victory":false,"max_hp_per_floor":[66,66,66,66,66,66,66,66,66,66,66],"relic_stats":{"counters":[6,28],"Letter Opener":[0],"obtain_stats":[{"Letter Opener":9,"Paper Crane":7,"Ring of the Snake":0},{"Letter Opener":5,"Paper Crane":5,"Ring of the Snake":0},{"Letter Opener":22,"Paper Crane":22,"Ring of the Snake":0}],"Ring of the Snake":[12]},"card_choices":[{"not_picked":["Grand Finale","Malaise"],"picked":"Glass Knife","floor":0.0},{"not_picked":["Crippling Poison","Quick Slash"],"picked":"Dagger Spray","floor":1.0},{"not_picked":["Outmaneuver","Bane"],"picked":"Dodge and Roll","floor":2.0},{"not_picked":["Choke","Deflect"],"picked":"Eviscerate","floor":3.0},{"not_picked":["Dagger Spray","Catalyst"],"picked":"Blade Dance","floor":4.0},{"not_picked":["Reflex","Bouncing Flask","Eviscerate"],"picked":"SKIP","floor":7.0}],"player_experience":992538,"relics_obtained":[{"floor":7.0,"key":"Paper Crane"},{"floor":9.0,"key":"Letter Opener"}],"event_choices":[{"cards_removed":["Writhe"],"damage_healed":0.0,"max_hp_gain":0.0,"max_hp_loss":0.0,"gold_gain":0.0,"event_name":"Golden Wing","player_choice":"Card Removal","floor":5.0,"gold_loss":0.0,"damage_taken":7.0}],"is_beta":false,"boss_relics":[],"items_purged_floors":[],"is_endless":false,"potions_floor_spawned":[1,7],"killed_by":"Lagavulin","ascension_level":20}}