{"host":"lq2h7q9ca6uwu60x","time":1612255162,"event":{"mods":["Act Like it!","BaseMod","Gensokyo","Koishi","Marisa£®ÏF”Í°°ƒß¿Ì…≥£©","Minty Spire (QoL Compilation)","StSLib"],"gold_per_floor":[115,126,126,126,126,158,158,171,245,257,272,272,112,42,42,147,147,159,159,39,39,39,68,68,68,116,5,23,49,66,66,66,368,368,388,388,388,23,23,23,51,51,51,84,103,114,114,14,14,14,14,14,14,47,47],"floor_reached":56,"language":"ZHS","playtime":2383,"items_purged":["Koishi:BasicDefend","Koishi:BasicDefend"],"score":1913,"play_id":"31941826-6d4d-4be2-8060-858fc292bbee","local_time":"20210202163922","is_ascension_mode":true,"campfire_choices":[{"data":"Koishi:HauntingSlash","floor":7.0,"key":"SMITH"},{"data":"Koishi:TraumaticStroke","floor":12.0,"key":"SMITH"},{"floor":15,"key":"RECALL"},{"data":"Koishi:UnseenTerror","floor":32,"key":"SMITH"},{"data":"Koishi:TerrifyingSpectre","floor":40,"key":"SMITH"},{"data":"Gensokyo:PrivateSquare","floor":42,"key":"SMITH"},{"data":"Koishi:Catatonia","floor":49,"key":"SMITH"},{"data":"Koishi:Untouchable","floor":52,"key":"SMITH"}],"circlet_count":0,"master_deck":["Koishi:BasicDefend","Koishi:HauntingSlash+1","Koishi:TraumaticStroke+1","Necronomicurse","Koishi:PerfectMindControl","Koishi:TremblingHands","Koishi:RoseHell","Koishi:StingingMind+1","Koishi:Untouchable+1","Koishi:UnseenTerror+1","Koishi:TerrifyingSpectre+1","Koishi:TerrifyingSpectre+1","Gensokyo:PrivateSquare+1","Koishi:Untouchable+1","Koishi:Catatonia+1"],"relics":["Koishi:ImaginaryFriend","NeowsBlessing","Gensokyo:Justice","Lantern","Koishi:TeethAndClaws","Necronomicon","Art of War","Runic Pyramid","Gensokyo:FoxMask","Gensokyo:DirgeOfMelancholy","StoneCalendar","Gensokyo:MosesMiracle","Omamori","Calling Bell","Happy Flower","Blue Candle","Unceasing Top","Incense Burner","TungstenRod","Pantograph","Thread and Needle","Juzu Bracelet","Gensokyo:TheCrow","Centennial Puzzle"],"acts_visited":["Exordium","Gensokyo:Gensokyo","Gensokyo:Gensokyoer","TheEnding"],"potions_floor_usage":[18,54,55,55,55],"damage_taken":[{"damage":0.0,"enemies":"Gensokyo:Python","floor":1.0,"turns":1.0},{"damage":0.0,"enemies":"Gensokyo:Gryphon","floor":2.0,"turns":1.0},{"damage":0.0,"enemies":"Gensokyo:Cirno","floor":6.0,"turns":2.0},{"damage":0.0,"enemies":"Gensokyo:3_Fairies","floor":8.0,"turns":3.0},{"damage":9.0,"enemies":"Gensokyo:Gryphon_and_Rabbit","floor":10.0,"turns":4.0},{"damage":0.0,"enemies":"Gensokyo:3_Kodama","floor":11.0,"turns":3.0},{"damage":0,"enemies":"Gensokyo:Reimu","floor":16,"turns":6},{"damage":0,"enemies":"Gensokyo:AngelMirror","floor":18,"turns":1},{"damage":0,"enemies":"Gensokyo:Koishi","floor":23,"turns":6},{"damage":2,"enemies":"Gensokyo:2_Gloops","floor":28,"turns":3},{"damage":0,"enemies":"Gensokyo:Wraith","floor":30,"turns":4},{"damage":0,"enemies":"Gensokyo:Eiki","floor":33,"turns":7},{"damage":8,"enemies":"Gensokyo:AncientGuardian","floor":35,"turns":6},{"damage":0,"enemies":"Gensokyo:Kasen","floor":41,"turns":7},{"damage":0,"enemies":"Gensokyo:Marisa","floor":44,"turns":6},{"damage":0,"enemies":"Gensokyo:3_Boulders","floor":45,"turns":5},{"damage":0,"enemies":"Gensokyo:SeedOfUnknown","floor":46,"turns":5},{"damage":0,"enemies":"Gensokyo:Shinki","floor":50,"turns":9},{"damage":0,"enemies":"Shield and Spear","floor":54,"turns":6},{"damage":0,"enemies":"The Heart","floor":55,"turns":7}],"seed_played":"-2591777695305467598","potions_obtained":[{"floor":8.0,"key":"CultistPotion"},{"floor":10.0,"key":"Explosive Potion"},{"floor":18,"key":"SteroidPotion"},{"floor":35,"key":"GamblersBrew"},{"floor":41,"key":"DuplicationPotion"},{"floor":54,"key":"ColorlessPotion"}],"is_trial":false,"path_per_floor":["M","M","?","?","?","E","R","M","T","M","M","R","?","?","R","B",null,"M","?","?","?","$","E","?","?","T","COS","M","T","M","?","R","B",null,"M","?","?","$","?","R","E","R","T","E","M","M","?","$","R","B",null,"R","$","E","B",null],"character_chosen":"KOISHI","items_purchased":["TungstenRod"],"campfire_rested":0,"item_purchase_floors":[38],"current_hp_per_floor":[54,54,30,30,48,49,49,51,51,48,52,52,52,52,52,58,60,60,60,60,60,60,60,60,60,60,60,60,60,60,60,60,60,60,60,60,60,60,52,52,60,60,60,60,60,60,60,60,60,60,60,60,60,60,60],"gold":47,"neow_bonus":"THREE_ENEMY_KILL","is_daily":false,"chose_seed":false,"campfire_upgraded":7,"win_rate":0.0,"timestamp":1612255162,"path_taken":["M","M","?","?","?","E","R","M","T","M","?","R","?","?","R","BOSS","M","?","?","?","?","E","?","?","T","COS","?","?","?","?","R","BOSS","M","?","?","$","?","R","E","R","T","E","M","M","?","?","R","BOSS","R","$","E","BOSS"],"items_purchased_type":["Relic"],"build_version":"2020-12-22","purchased_purges":2,"victory":true,"max_hp_per_floor":[60,60,60,60,60,60,60,60,60,60,60,60,60,60,60,60,60,60,60,60,60,60,60,60,60,60,60,60,60,60,60,60,60,60,60,60,60,60,60,60,60,60,60,60,60,60,60,60,60,60,60,60,60,60,60],"card_choices":[{"not_picked":["Koishi:PhantomBarrier","Koishi:HeartfeltFancy","Koishi:ReflexRadar"],"picked":"SKIP","floor":1.0},{"not_picked":["Koishi:HeartfeltFancy","Koishi:SpiritedAway","Koishi:FourthEye"],"picked":"SKIP","floor":2.0},{"not_picked":["Koishi:IdleWhim","Koishi:SpiritedAway","Koishi:BloodcurdlingScream"],"picked":"SKIP","floor":6.0},{"not_picked":["Koishi:SubconsciousSweep","Koishi:RacingHeart","Koishi:ReflexRadar"],"picked":"SKIP","floor":8.0},{"not_picked":["Koishi:PhilosophyOfTheDespised","Koishi:ParalyzingFear"],"picked":"Koishi:TraumaticStroke","floor":10.0},{"not_picked":["Koishi:PhantomStrike","Koishi:Jaunt"],"picked":"Koishi:Whimsy","floor":11.0},{"not_picked":["Koishi:SuperEgo","Koishi:ConfinedInnocent"],"picked":"Koishi:PerfectMindControl","floor":16},{"not_picked":["Koishi:Vanish","Koishi:PhantomBarrier"],"picked":"Koishi:TremblingHands","floor":18},{"not_picked":["Koishi:EmbryosDream+1","Koishi:PhantomStrike"],"picked":"Koishi:StingingMind+1","floor":23},{"not_picked":["Koishi:ParalyzingFear+1","Koishi:DreadfulBlow"],"picked":"Koishi:UnseenTerror","floor":28},{"not_picked":["Koishi:HeartfeltFancy","Koishi:RacingHeart","Koishi:ApparitionsStalkTheNight+1"],"picked":"SKIP","floor":30},{"not_picked":["Koishi:MindStellarRelief","Koishi:MentalBreakdown"],"picked":"Koishi:TerrifyingSpectre","floor":33},{"not_picked":["Koishi:VengefulSpirit+1","Koishi:DreadfulBlow+1","Koishi:SubterraneanRose"],"picked":"SKIP","floor":35},{"not_picked":["Koishi:VengefulSpirit+1","Koishi:PhantomBarrier","Koishi:TremblingHands+1"],"picked":"SKIP","floor":41},{"not_picked":["Koishi:UnconsciousUprising","Koishi:BloodcurdlingScream+1","Koishi:Ego"],"picked":"SKIP","floor":44},{"not_picked":["Koishi:FleetingPhantom+1","Koishi:Prune"],"picked":"Koishi:Untouchable+1","floor":45},{"not_picked":["Koishi:Possession","Koishi:SubconsciousSweep"],"picked":"Koishi:Catatonia","floor":46},{"not_picked":["Koishi:CatchAndRose","Koishi:SpiritedAway+1","Koishi:PhantomStrike+1"],"picked":"SKIP","floor":54}],"player_experience":835607,"relics_obtained":[{"floor":6.0,"key":"Lantern"},{"floor":9.0,"key":"Koishi:TeethAndClaws"},{"floor":23,"key":"StoneCalendar"},{"floor":29,"key":"Omamori"},{"floor":33,"key":"Gensokyo:MosesMiracle"},{"floor":34,"key":"Happy Flower"},{"floor":34,"key":"Blue Candle"},{"floor":34,"key":"Unceasing Top"},{"floor":41,"key":"Pantograph"},{"floor":43,"key":"Thread and Needle"},{"floor":44,"key":"Juzu Bracelet"},{"floor":54,"key":"Centennial Puzzle"}],"event_choices":[],"is_beta":false,"boss_relics":[{"not_picked":["Sozu","Cursed Key"],"picked":"Runic Pyramid"},{"not_picked":["Velvet Choker","Empty Cage"],"picked":"Calling Bell"}],"items_purged_floors":[38,48],"is_endless":false,"potions_floor_spawned":[8,10,18,35,41,46,54],"ascension_level":6}}