{"host":"1mv6gj0zv8k9e9tz","time":1612274310,"event":{"mods":["AchievementEnabler","BaseMod","Better Third Choice","Colored Map","DeckTracker","Highlight Path","KOR Keyword Fix","Keyboard Shortcuts","Minty Spire (QoL Compilation)","Permanent Neow","Quick Restart","Rare Cards Sparkle","StSLib","SuperFastMode","everything is the same but u backflip on backflip"],"gold_per_floor":[119,138,158,123,123,123,154,169,169,169,181,181,214,233,233,304,304,317,331,331,349,365,365,380,380,380,380,409,429,529,581,581,658,658,673,726,726,285,310,310,326,326,397,397,425,442,166,178,178,178,178,178,0,32,32],"floor_reached":56,"language":"KOR","playtime":2357,"items_purged":["Barrage"],"score":1838,"play_id":"32645288-8d18-4b07-b344-3c304e40caf2","local_time":"20210202225830","is_ascension_mode":true,"campfire_choices":[{"data":"Zap","floor":6.0,"key":"SMITH"},{"data":"Static Discharge","floor":10.0,"key":"SMITH"},{"data":"Dualcast","floor":12.0,"key":"SMITH"},{"data":"Double Energy","floor":15.0,"key":"SMITH"},{"data":"Defragment","floor":23.0,"key":"SMITH"},{"floor":25.0,"key":"REST"},{"data":"Buffer","floor":32.0,"key":"SMITH"},{"floor":40.0,"key":"RECALL"},{"data":"Buffer","floor":42.0,"key":"SMITH"},{"data":"Capacitor","floor":44.0,"key":"SMITH"},{"data":"Reboot","floor":49.0,"key":"SMITH"},{"data":"Electrodynamics","floor":52.0,"key":"SMITH"}],"circlet_count":0,"master_deck":["AscendersBane","Zap+1","Dualcast+1","Electrodynamics+1","Conserve Battery","Ball Lightning","Melter","Static Discharge+1","Ball Lightning","Double Energy+1","Reboot+1","Buffer+1","Reinforced Body","Auto Shields","Recycle","Cold Snap+1","Glacier","Chill","Defragment+1","BootSequence+1","Coolheaded+1","Leap+1","Echo Form","Turbo+1","Coolheaded+1","Capacitor+1","Buffer+1","Hologram+1","Storm","Consume+1","Stack+1","Steam Power+1","Static Discharge+1"],"relics":["Cracked Core","War Paint","Bronze Scales","Question Card","Pandora\u0027s Box","Toxic Egg 2","Mercury Hourglass","CaptainsWheel","Blue Candle","Nuclear Battery","Gambling Chip","Mango","Pocketwatch","Darkstone Periapt","Potion Belt","OrangePellets"],"acts_visited":["Exordium","TheCity","TheBeyond","TheEnding"],"potions_floor_usage":[55,55,55,55],"damage_taken":[{"damage":3.0,"enemies":"Jaw Worm","floor":1.0,"turns":4.0},{"damage":10.0,"enemies":"2 Louse","floor":2.0,"turns":2.0},{"damage":0.0,"enemies":"Small Slimes","floor":3.0,"turns":2.0},{"damage":8.0,"enemies":"3 Sentries","floor":7.0,"turns":3.0},{"damage":5.0,"enemies":"Gremlin Gang","floor":8.0,"turns":3.0},{"damage":7.0,"enemies":"2 Fungi Beasts","floor":11.0,"turns":3.0},{"damage":20.0,"enemies":"Gremlin Nob","floor":13.0,"turns":3.0},{"damage":0.0,"enemies":"Blue Slaver","floor":14.0,"turns":2.0},{"damage":12.0,"enemies":"Hexaghost","floor":16.0,"turns":8.0},{"damage":0.0,"enemies":"3 Byrds","floor":18.0,"turns":2.0},{"damage":7.0,"enemies":"Shell Parasite","floor":19.0,"turns":3.0},{"damage":14.0,"enemies":"Shelled Parasite and Fungi","floor":21.0,"turns":3.0},{"damage":3.0,"enemies":"Centurion and Healer","floor":22.0,"turns":4.0},{"damage":24.0,"enemies":"Snake Plant","floor":24.0,"turns":1.0},{"damage":15.0,"enemies":"Slavers","floor":28.0,"turns":3.0},{"damage":6.0,"enemies":"Shelled Parasite and Fungi","floor":29.0,"turns":4.0},{"damage":0.0,"enemies":"Colosseum Slavers","floor":30.0,"turns":1.0},{"damage":3.0,"enemies":"Colosseum Nobs","floor":30.0,"turns":4.0},{"damage":6.0,"enemies":"Automaton","floor":33.0,"turns":9.0},{"damage":0.0,"enemies":"3 Shapes","floor":35.0,"turns":3.0},{"damage":16.0,"enemies":"2 Orb Walkers","floor":36.0,"turns":4.0},{"damage":0.0,"enemies":"Mind Bloom Boss Battle","floor":39.0,"turns":7.0},{"damage":0.0,"enemies":"Orb Walker","floor":41.0,"turns":3.0},{"damage":0.0,"enemies":"Giant Head","floor":45.0,"turns":12.0},{"damage":0.0,"enemies":"Sphere and 2 Shapes","floor":46.0,"turns":3.0},{"damage":0.0,"enemies":"Jaw Worm Horde","floor":48.0,"turns":3.0},{"damage":19.0,"enemies":"Donu and Deca","floor":50.0,"turns":8.0},{"damage":0.0,"enemies":"Shield and Spear","floor":54.0,"turns":5.0},{"damage":70,"enemies":"The Heart","floor":55,"turns":8}],"seed_played":"5018425170966525299","potions_obtained":[{"floor":2.0,"key":"Explosive Potion"},{"floor":7.0,"key":"PowerPotion"},{"floor":16.0,"key":"EssenceOfDarkness"},{"floor":21.0,"key":"FearPotion"},{"floor":29.0,"key":"SmokeBomb"},{"floor":33.0,"key":"SpeedPotion"},{"floor":48.0,"key":"Explosive Potion"},{"floor":54.0,"key":"SkillPotion"}],"is_trial":false,"path_per_floor":["M","M","M","?","?","R","E","M","T","R","M","R","E","M","R","B",null,"M","M","?","M","M","R","M","R","T","$","E","M","?","T","R","B",null,"M","?","?","$","?","R","M","R","T","R","E","M","$","M","R","B",null,"R","$","E","B",null],"character_chosen":"DEFECT","items_purchased":["Capacitor","Mango","OrangePellets","Energy Potion","Storm","FocusPotion","Stack+1","Steam Power+1"],"campfire_rested":1,"item_purchase_floors":[38,38,47,47,47,53,53,53],"current_hp_per_floor":[65,55,55,73,66,66,58,53,53,53,46,46,26,26,26,14,60,60,53,53,39,36,36,12,34,34,34,19,13,10,10,10,4,57,57,41,41,55,55,55,55,55,55,55,55,55,55,55,55,36,73,73,73,73,3],"gold":32,"neow_bonus":"TRANSFORM_CARD","is_daily":false,"chose_seed":false,"campfire_upgraded":10,"win_rate":0.0,"timestamp":1612274310,"path_taken":["M","M","M","?","?","R","E","M","T","R","M","R","E","M","R","BOSS","M","M","?","?","M","R","M","R","T","$","E","?","?","?","R","BOSS","M","?","?","$","?","R","M","R","T","R","E","M","$","?","R","BOSS","R","$","E","BOSS"],"items_purchased_type":["Card","Relic","Relic","Potion","Card","Potion","Card","Card"],"build_version":"2020-12-22","purchased_purges":1,"victory":true,"max_hp_per_floor":[75,75,75,75,75,75,75,75,75,75,75,75,75,75,75,75,75,75,75,75,75,75,75,75,75,75,75,75,75,75,75,75,75,75,75,75,71,85,85,85,85,85,85,85,85,85,85,85,85,85,85,85,85,85,85],"card_choices":[{"not_picked":["Recycle","Stack"],"picked":"Conserve Battery","floor":1.0},{"not_picked":["Beam Cell","Sunder"],"picked":"Ball Lightning","floor":2.0},{"not_picked":["Beam Cell","Stack"],"picked":"Melter","floor":3.0},{"not_picked":["Fusion","Rebound","Beam Cell"],"picked":"SKIP","floor":7.0},{"not_picked":["Cold Snap","Stack"],"picked":"Static Discharge","floor":8.0},{"not_picked":["Ball Lightning","Steam Power","Gash"],"picked":"SKIP","floor":11.0},{"not_picked":["Streamline","Steam"],"picked":"Ball Lightning","floor":13.0},{"not_picked":["Auto Shields","Gash","White Noise"],"picked":"Double Energy","floor":14.0},{"not_picked":["Electrodynamics","Thunder Strike","Multi-Cast"],"picked":"Reboot","floor":16.0},{"not_picked":["Force Field","Ball Lightning","Doom and Gloom","Undo"],"picked":"SKIP","floor":18.0},{"not_picked":["Conserve Battery","Heatsinks","Turbo"],"picked":"Cold Snap+1","floor":19.0},{"not_picked":["Streamline","Leap","Static Discharge"],"picked":"Chill","floor":21.0},{"not_picked":["Coolheaded","Sunder+1","Ball Lightning"],"picked":"Defragment","floor":22.0},{"not_picked":["Stack","Conserve Battery","Gash","Compile Driver"],"picked":"SKIP","floor":24.0},{"not_picked":["Stack","Conserve Battery","Gash","Compile Driver"],"picked":"SKIP","floor":24.0},{"not_picked":["Multi-Cast+1","Gash","Conserve Battery+1"],"picked":"BootSequence+1","floor":28.0},{"not_picked":["Blizzard+1","Reinforced Body+1","Genetic Algorithm+1"],"picked":"Coolheaded+1","floor":29.0},{"not_picked":["Reprogram+1","Ball Lightning+1","Heatsinks"],"picked":"Leap+1","floor":30.0},{"not_picked":["Machine Learning","Meteor Strike","Fission+1"],"picked":"Echo Form","floor":33.0},{"not_picked":["Steam+1","Barrage","Loop+1"],"picked":"Turbo+1","floor":35.0},{"not_picked":["Fusion+1","Gash","Turbo+1"],"picked":"Coolheaded+1","floor":36.0},{"not_picked":["Coolheaded+1","Doom and Gloom","Beam Cell"],"picked":"Buffer","floor":41.0},{"not_picked":["Turbo+1","Compile Driver","Barrage","Leap+1"],"picked":"SKIP","floor":45.0},{"not_picked":["BootSequence+1","Sweeping Beam","Compile Driver"],"picked":"Hologram+1","floor":46.0},{"not_picked":["Echo Form","Compile Driver+1","Lockon"],"picked":"Consume+1","floor":48.0},{"not_picked":["Barrage","Redo+1","Doom and Gloom"],"picked":"Static Discharge+1","floor":54.0}],"player_experience":612704,"relics_obtained":[{"floor":7.0,"key":"War Paint"},{"floor":9.0,"key":"Bronze Scales"},{"floor":13.0,"key":"Question Card"},{"floor":26.0,"key":"Toxic Egg 2"},{"floor":28.0,"key":"Mercury Hourglass"},{"floor":30.0,"key":"CaptainsWheel"},{"floor":30.0,"key":"Blue Candle"},{"floor":36.0,"key":"Gambling Chip"},{"floor":39.0,"key":"Pocketwatch"},{"floor":43.0,"key":"Darkstone Periapt"},{"floor":45.0,"key":"Potion Belt"}],"event_choices":[{"damage_healed":18.0,"max_hp_gain":0.0,"max_hp_loss":0.0,"gold_gain":0.0,"event_name":"The Cleric","player_choice":"Healed","floor":4.0,"gold_loss":35.0,"damage_taken":0.0},{"cards_removed":["Defend_B"],"damage_healed":0.0,"max_hp_gain":0.0,"max_hp_loss":0.0,"gold_gain":0.0,"event_name":"Golden Wing","player_choice":"Card Removal","floor":5.0,"gold_loss":0.0,"damage_taken":7.0},{"damage_healed":0.0,"max_hp_gain":0.0,"max_hp_loss":0.0,"gold_gain":0.0,"cards_transformed":["Reprogram"],"event_name":"Transmorgrifier","player_choice":"Transformed","floor":20.0,"gold_loss":0.0,"damage_taken":0.0,"cards_obtained":["Glacier"]},{"damage_healed":0.0,"max_hp_gain":0.0,"max_hp_loss":0.0,"gold_gain":0.0,"event_name":"Colosseum","player_choice":"Fight","floor":30.0,"gold_loss":0.0,"damage_taken":0.0},{"damage_healed":0.0,"max_hp_gain":0.0,"max_hp_loss":0.0,"gold_gain":0.0,"event_name":"Colosseum","player_choice":"Fought Nobs","floor":30.0,"gold_loss":0.0,"damage_taken":0.0},{"damage_healed":0.0,"max_hp_gain":0.0,"max_hp_loss":0.0,"gold_gain":0.0,"event_name":"Mysterious Sphere","player_choice":"Fight","floor":36.0,"gold_loss":0.0,"damage_taken":0.0},{"damage_healed":0.0,"max_hp_gain":0.0,"max_hp_loss":4.0,"gold_gain":0.0,"event_name":"Winding Halls","player_choice":"Max HP","floor":37.0,"gold_loss":0.0,"damage_taken":0.0},{"damage_healed":0.0,"max_hp_gain":0.0,"max_hp_loss":0.0,"gold_gain":0.0,"event_name":"MindBloom","player_choice":"Fight","floor":39.0,"gold_loss":0.0,"damage_taken":0.0}],"is_beta":false,"boss_relics":[{"not_picked":["Fusion Hammer","Philosopher\u0027s Stone"],"picked":"Pandora\u0027s Box"},{"not_picked":["Coffee Dripper","Astrolabe"],"picked":"Nuclear Battery"}],"items_purged_floors":[38],"is_endless":false,"potions_floor_spawned":[2,7,8,16,21,24,29,33,36,41,48,54],"ascension_level":13}}