{"host":"jhy70w0yh8dayqay","time":1612243191,"event":{"mods":["AchievementEnabler","BaseMod","Colored Map","Colored Powertips","DeckTracker","Minty Spire (QoL Compilation)","Permanent Neow","SuperFastMode"],"gold_per_floor":[115,127,10,10,23,23,23,56,82,44,123,161,185,216,216,216,216],"floor_reached":16,"language":"KOR","playtime":695,"items_purged":[],"score":183,"play_id":"8f880821-c5b7-4d17-8276-e1ea85b3f8e6","local_time":"20210202141951","is_ascension_mode":true,"campfire_choices":[{"floor":6,"key":"REST"},{"data":"Sunder","floor":15,"key":"SMITH"}],"circlet_count":0,"master_deck":["AscendersBane","Strike_B","Strike_B","Defend_B","Defend_B","Defend_B+1","Defend_B","Zap","Dualcast","Amplify","Reinforced Body","Streamline","Self Repair","Defragment+1","Cold Snap","Rebound","Sweeping Beam","Sunder+1","Stack","Gash","Coolheaded","Go for the Eyes"],"relics":["Cracked Core","Golden Idol","Blood Vial","Bronze Scales","Unceasing Top","CaptainsWheel","Question Card"],"acts_visited":["Exordium"],"potions_floor_usage":[8,12,14,16],"damage_taken":[{"damage":8,"enemies":"Jaw Worm","floor":1,"turns":4},{"damage":0,"enemies":"2 Louse","floor":2,"turns":3},{"damage":6,"enemies":"Cultist","floor":5,"turns":4},{"damage":25,"enemies":"3 Sentries","floor":8,"turns":11},{"damage":28,"enemies":"Lagavulin Event","floor":11,"turns":6},{"damage":18,"enemies":"Gremlin Nob","floor":12,"turns":4},{"damage":0,"enemies":"Large Slime","floor":13,"turns":5},{"damage":19,"enemies":"3 Sentries","floor":14,"turns":6},{"damage":13,"enemies":"Slime Boss","floor":16,"turns":9}],"seed_played":"4971057353772572290","potions_obtained":[{"floor":5,"key":"EssenceOfSteel"},{"floor":8,"key":"Fruit Juice"},{"floor":11,"key":"PowerPotion"},{"floor":13,"key":"DuplicationPotion"},{"floor":14,"key":"Dexterity Potion"}],"is_trial":false,"path_per_floor":["M","M","$","?","M","R","?","E","T","$","?","E","M","E","R","B"],"character_chosen":"DEFECT","items_purchased":["Defragment","Cold Snap","Sunder"],"campfire_rested":1,"item_purchase_floors":[3,3,10],"current_hp_per_floor":[42,42,42,27,28,50,50,44,44,44,25,9,18,8,8,0,0],"gold":216,"neow_bonus":"TRANSFORM_TWO_CARDS","is_daily":false,"chose_seed":false,"campfire_upgraded":1,"win_rate":0.0,"timestamp":1612243191,"path_taken":["M","M","$","?","M","R","?","E","T","$","?","E","M","E","R","BOSS"],"items_purchased_type":["Card","Card","Card"],"build_version":"2020-12-22","purchased_purges":0,"victory":false,"max_hp_per_floor":[75,75,75,75,75,75,69,74,74,74,74,74,74,74,74,74,74],"card_choices":[{"not_picked":["Beam Cell","Force Field"],"picked":"Streamline","floor":1},{"not_picked":["Redo","Aggregate"],"picked":"Self Repair","floor":2},{"not_picked":["Reinforced Body","Ball Lightning"],"picked":"Rebound","floor":5},{"not_picked":["Barrage","Auto Shields"],"picked":"Sweeping Beam","floor":8},{"not_picked":["Scrape","Darkness"],"picked":"Stack","floor":11},{"not_picked":["Meteor Strike","Sweeping Beam"],"picked":"Gash","floor":12},{"not_picked":["Ball Lightning","Consume"],"picked":"Coolheaded","floor":13},{"not_picked":["Ball Lightning","Coolheaded"],"picked":"Go for the Eyes","floor":14}],"player_experience":475506,"relics_obtained":[{"floor":8,"key":"Blood Vial"},{"floor":9,"key":"Bronze Scales"},{"floor":11,"key":"Unceasing Top"},{"floor":12,"key":"CaptainsWheel"},{"floor":14,"key":"Question Card"}],"event_choices":[{"damage_healed":0,"gold_gain":0,"player_choice":"Entered Light","damage_taken":15,"max_hp_gain":0,"max_hp_loss":0,"event_name":"Shining Light","floor":4,"gold_loss":0,"cards_upgraded":["Defragment","Defend_B"]},{"damage_healed":0,"gold_gain":0,"player_choice":"Lose Max HP","damage_taken":0,"relics_obtained":["Golden Idol"],"max_hp_gain":0,"max_hp_loss":6,"event_name":"Golden Idol","floor":7,"gold_loss":0},{"damage_healed":0,"gold_gain":0,"player_choice":"Searched \u00271\u0027 times","damage_taken":0,"max_hp_gain":0,"max_hp_loss":0,"event_name":"Dead Adventurer","floor":11,"gold_loss":0}],"is_beta":false,"boss_relics":[],"items_purged_floors":[],"is_endless":false,"potions_floor_spawned":[5,8,11,13,14],"killed_by":"Slime Boss","ascension_level":11}}