{"host":"c6xy0a74zz7y4nf6","time":1612241426,"event":{"mods":["BaseMod","Colored Map","Downfall","Hermit","Minty Spire (QoL Compilation)","Spire Arcade","StSLib","The Servant 0.9.4"],"gold_per_floor":[99,112,138,156,156,66,92,118,118,136,149,149,164,179,191,191,191],"floor_reached":16,"language":"ENG","playtime":613,"items_purged":["Strike_S"],"score":109,"play_id":"8e9f8b20-d7dc-425a-93a2-48cc4d117b30","local_time":"20210201225026","is_ascension_mode":true,"campfire_choices":[{"data":"KidneyShot","floor":1,"key":"SMITH"},{"data":"Rearm","floor":9,"key":"SMITH"},{"data":"Comet","floor":12,"key":"SMITH"}],"circlet_count":0,"master_deck":["Strike_S+1","Strike_S","Strike_S+1","Defend_S","Defend_S","Defend_S","Defend_S","KidneyShot+1","Exchange","Dramatic Entrance","Desolation","Rearm+1","Comet+1","ShiftingGears","Potential","Potential"],"relics":["Uniform","Nunchaku","PreservedInsect","Whetstone"],"acts_visited":["Exordium"],"potions_floor_usage":[6,16,16,16],"damage_taken":[{"damage":1,"enemies":"Cultist","floor":2,"turns":4},{"damage":0,"enemies":"2 Louse","floor":4,"turns":2},{"damage":0,"enemies":"downfall:FleeingMerchant","floor":6,"turns":4},{"damage":18,"enemies":"Gremlin Nob","floor":8,"turns":5},{"damage":0,"enemies":"Jaw Worm","floor":10,"turns":1},{"damage":7,"enemies":"Blue Slaver","floor":11,"turns":2},{"damage":5,"enemies":"3 Louse","floor":13,"turns":2},{"damage":0,"enemies":"Large Slime","floor":14,"turns":5},{"damage":11,"enemies":"Exordium Wildlife","floor":15,"turns":3},{"damage":11,"enemies":"SI_SHIV_ARCHETYPE","floor":16,"turns":5}],"seed_played":"2496838693561358723","potions_obtained":[{"floor":4,"key":"SteroidPotion"},{"floor":8,"key":"SteroidPotion"},{"floor":10,"key":"Block Potion"},{"floor":13,"key":"Ancient Potion"}],"is_trial":false,"path_per_floor":["R","M","T","M","?","$","T","E","R","M","M","R","M","M","M","B"],"character_chosen":"THE_SERVANT","items_purchased":[],"campfire_rested":0,"item_purchase_floors":[],"current_hp_per_floor":[65,64,64,64,65,65,65,47,47,47,40,40,35,35,24,13,13],"gold":191,"neow_bonus":"RANDOM_COLORLESS","is_daily":false,"chose_seed":false,"campfire_upgraded":3,"win_rate":0.0,"timestamp":1612241426,"path_taken":["R","M","?","M","?","$","T","E","R","M","M","R","M","M","M","BOSS"],"items_purchased_type":[],"build_version":"2020-12-22","purchased_purges":1,"victory":false,"max_hp_per_floor":[65,65,65,65,65,65,65,65,65,65,65,65,65,65,65,65,65],"card_choices":[{"not_picked":["PanicButton","Deep Breath"],"picked":"Dramatic Entrance","floor":0},{"not_picked":["MoonPhase","WasteNot"],"picked":"Desolation","floor":2},{"not_picked":["Defy","BottledTime"],"picked":"Foresight","floor":4},{"not_picked":["Potential","Unruled","SpecialFormula"],"picked":"SKIP","floor":6},{"not_picked":["StarChef","Misdirection"],"picked":"Rearm","floor":8},{"not_picked":["Rearm","FastForward"],"picked":"Comet","floor":10},{"not_picked":["Rewind","Desolation","Alleviate"],"picked":"SKIP","floor":11},{"not_picked":["DualDimension","ShatteredReality"],"picked":"ShiftingGears","floor":13},{"not_picked":["Dilation","Rearm"],"picked":"Potential","floor":14},{"not_picked":["Defy","SpecialFormula"],"picked":"Potential","floor":15}],"player_experience":92637,"relics_obtained":[{"floor":3,"key":"Nunchaku"},{"floor":7,"key":"PreservedInsect"},{"floor":8,"key":"Whetstone"}],"event_choices":[{"cards_removed":["Foresight"],"damage_healed":1,"gold_gain":0,"player_choice":"Offered Uncommon","damage_taken":0,"max_hp_gain":0,"max_hp_loss":0,"event_name":"Bonfire Elementals","floor":5,"gold_loss":0}],"is_beta":false,"boss_relics":[],"items_purged_floors":[6],"is_endless":false,"potions_floor_spawned":[4,8,10,13],"killed_by":"SI_SHIV_ARCHETYPE","ascension_level":1}}