{"host":"Rich","time":1612231443,"event":{"mods":["AchievementEnabler","BaseMod","Highlight Path","Minty Spire (QoL Compilation)","Relic Stats"],"gold_per_floor":[110,35,90,100,0,0,25,25,50,80,80,106,106,106,106,180,180,191,106,106,118,68,99,109,109,109],"floor_reached":25,"language":"ENG","playtime":638,"items_purged":["Strike_R","Strike_R","Strike_R"],"score":520,"play_id":"32e04883-c182-4418-b5a5-65ed76d0bfed","local_time":"20210201210403","is_ascension_mode":true,"campfire_choices":[{"data":"Rampage","floor":6,"key":"SMITH"},{"data":"True Grit","floor":8,"key":"SMITH"},{"floor":15,"key":"REST"}],"circlet_count":0,"master_deck":["AscendersBane","Strike_R","Strike_R","Defend_R","Defend_R","Defend_R","Defend_R","Bash","Rampage+1","Whirlwind","True Grit+1","Metallicize","Offering","Flex","Shockwave","Spot Weakness","Metallicize+1"],"relics":["Burning Blood","NeowsBlessing","Strawberry","Matryoshka","Smiling Mask","Centennial Puzzle","Potion Belt","Bronze Scales","StrikeDummy","SlaversCollar","Akabeko","Boot"],"acts_visited":["Exordium","TheCity"],"potions_floor_usage":[10,16,21],"damage_taken":[{"damage":0,"enemies":"Cultist","floor":1,"turns":1},{"damage":0,"enemies":"Small Slimes","floor":4,"turns":1},{"damage":0,"enemies":"Gremlin Nob","floor":7,"turns":1},{"damage":30,"enemies":"3 Sentries","floor":10,"turns":8},{"damage":26,"enemies":"Gremlin Nob","floor":12,"turns":4},{"damage":38,"enemies":"The Guardian","floor":16,"turns":10},{"damage":39,"enemies":"2 Thieves","floor":18,"turns":4},{"damage":4,"enemies":"3 Byrds","floor":21,"turns":1},{"damage":7,"enemies":"Slavers","floor":23,"turns":2},{"damage":7,"enemies":"3 Cultists","floor":24,"turns":3},{"damage":34,"enemies":"Book of Stabbing","floor":25,"turns":5}],"seed_played":"-957829672749593308","potions_obtained":[{"floor":4,"key":"SpeedPotion"},{"floor":7,"key":"Energy Potion"},{"floor":18,"key":"Dexterity Potion"}],"is_trial":false,"path_per_floor":["M","$","T","M","$","R","E","R","T","E","?","E","?","?","R","B",null,"M","?","?","M","$","E","M","E"],"character_chosen":"IRONCLAD","items_purchased":[],"campfire_rested":1,"item_purchase_floors":[],"current_hp_per_floor":[74,74,81,82,82,82,82,82,82,58,82,62,17,17,41,9,64,31,31,31,33,33,32,31,0,0],"gold":109,"neow_bonus":"THREE_ENEMY_KILL","is_daily":false,"chose_seed":false,"campfire_upgraded":2,"win_rate":0.0,"timestamp":1612231443,"path_taken":["M","?","?","M","$","R","E","R","T","E","?","E","?","?","R","BOSS","M","?","?","M","$","E","M","E"],"items_purchased_type":[],"build_version":"2020-12-18","purchased_purges":3,"victory":false,"max_hp_per_floor":[75,75,82,82,82,82,82,82,82,82,82,82,82,82,82,82,82,82,82,82,82,82,82,82,82,82],"relic_stats":{"Centennial Puzzle":[24],"counters":[11,40],"Bronze Scales":[144],"Smiling Mask":75,"Boot":[0],"obtain_stats":[{"Potion Belt":10,"SlaversCollar":17,"Centennial Puzzle":9,"Matryoshka":7,"NeowsBlessing":0,"Strawberry":3,"Bronze Scales":12,"Smiling Mask":9,"StrikeDummy":13,"Boot":23,"Burning Blood":0,"Akabeko":19},{"Potion Belt":4,"SlaversCollar":6,"Centennial Puzzle":3,"Matryoshka":3,"NeowsBlessing":0,"Strawberry":1,"Bronze Scales":5,"Smiling Mask":3,"StrikeDummy":5,"Boot":9,"Burning Blood":0,"Akabeko":7},{"Potion Belt":11,"SlaversCollar":25,"Centennial Puzzle":3,"Matryoshka":3,"NeowsBlessing":0,"Strawberry":1,"Bronze Scales":15,"Smiling Mask":3,"StrikeDummy":15,"Boot":32,"Burning Blood":0,"Akabeko":29}],"Burning Blood":49},"card_choices":[{"not_picked":["Armaments","Spot Weakness"],"picked":"Rampage","floor":1},{"not_picked":["Armaments","Sword Boomerang"],"picked":"Whirlwind","floor":4},{"not_picked":["Uppercut","Ghostly Armor"],"picked":"True Grit","floor":7},{"not_picked":["Anger","True Grit"],"picked":"Metallicize","floor":10},{"not_picked":["Sword Boomerang","Blood for Blood","Heavy Blade"],"picked":"SKIP","floor":12},{"not_picked":["Immolate","Fiend Fire"],"picked":"Offering","floor":16},{"not_picked":["Sword Boomerang","Clash"],"picked":"Flex","floor":18},{"not_picked":["Headbutt","Rage"],"picked":"Shockwave","floor":21},{"not_picked":["Havoc","Impervious"],"picked":"Spot Weakness","floor":23},{"not_picked":["True Grit","Infernal Blade"],"picked":"Metallicize+1","floor":24}],"player_experience":2021110,"relics_obtained":[{"floor":3,"key":"Strawberry"},{"floor":7,"key":"Matryoshka"},{"floor":9,"key":"Smiling Mask"},{"floor":9,"key":"Centennial Puzzle"},{"floor":10,"key":"Potion Belt"},{"floor":12,"key":"Bronze Scales"},{"floor":23,"key":"Boot"}],"event_choices":[{"damage_healed":27,"gold_gain":0,"player_choice":"Banana","damage_taken":0,"max_hp_gain":0,"max_hp_loss":0,"event_name":"Big Fish","floor":11,"gold_loss":0},{"damage_healed":0,"gold_gain":0,"player_choice":"Success","damage_taken":45,"relics_obtained":["StrikeDummy"],"max_hp_gain":0,"max_hp_loss":0,"event_name":"Scrap Ooze","floor":13,"gold_loss":0},{"damage_healed":0,"gold_gain":0,"player_choice":"Ignored","damage_taken":0,"max_hp_gain":0,"max_hp_loss":0,"event_name":"Shining Light","floor":14,"gold_loss":0},{"damage_healed":0,"gold_gain":0,"player_choice":"Obtained Relic","damage_taken":0,"relics_obtained":["Akabeko"],"max_hp_gain":0,"max_hp_loss":0,"event_name":"Addict","floor":19,"gold_loss":85},{"damage_healed":0,"gold_gain":0,"player_choice":"Ignored","damage_taken":0,"max_hp_gain":0,"max_hp_loss":0,"event_name":"Cursed Tome","floor":20,"gold_loss":0}],"is_beta":true,"boss_relics":[{"not_picked":["Mark of Pain","Coffee Dripper"],"picked":"SlaversCollar"}],"items_purged_floors":[2,5,22],"is_endless":false,"potions_floor_spawned":[4,7,18],"killed_by":"Book of Stabbing","ascension_level":20}}