{"host":"eemx8njkng76fu5x","time":1612299714,"event":{"mods":["2.2 Compatiblity","BaseMod","Colored Map","Downfall","Minty Spire (QoL Compilation)","Permanent Neow","StSLib","Unceasing Turn Reminder","Unknown Chances"],"gold_per_floor":[99,109,126,126,140,140,188,221,221,240,266,284,84,95,112,112,112,112],"floor_reached":16,"language":"ENG","playtime":827,"items_purged":[],"score":165,"play_id":"2a946083-e64a-4101-b45d-ad049d0393ed","local_time":"20210203050154","is_ascension_mode":true,"campfire_choices":[{"data":"Guardian:CurlUp","floor":1,"key":"SMITH"},{"floor":6,"key":"RECALL"},{"data":"Guardian:VentSteam","floor":13,"key":"SMITH"}],"circlet_count":0,"master_deck":["Guardian:Strike_Guardian","Guardian:Strike_Guardian","Guardian:Strike_Guardian","Guardian:Defend_Guardian","Guardian:Defend_Guardian","Guardian:Defend_Guardian","Guardian:Defend_Guardian","Guardian:CurlUp+1","Guardian:TwinSlam","Guardian:SpikerProtocol","Guardian:PolyBeam","Guardian:Recover","Guardian:Planning","Guardian:VentSteam+1","Guardian:MultiBeam"],"relics":["Guardian:ModeShifter","downfall:ShatteredFragment","Frozen Egg 2","CaptainsWheel","downfall:HeartBlessingBlue","downfall:HeartBlessingRed"],"acts_visited":["Exordium"],"potions_floor_usage":[11,12,15,16,16,16,16,16],"damage_taken":[{"damage":0,"enemies":"2 Louse","floor":2,"turns":4},{"damage":5,"enemies":"Small Slimes","floor":3,"turns":4},{"damage":0,"enemies":"Cultist","floor":5,"turns":3},{"damage":15,"enemies":"Lagavulin","floor":8,"turns":8},{"damage":0,"enemies":"Blue Slaver","floor":10,"turns":4},{"damage":7,"enemies":"3 Sentries","floor":11,"turns":7},{"damage":5,"enemies":"Exordium Wildlife","floor":12,"turns":4},{"damage":3,"enemies":"Exordium Thugs","floor":14,"turns":5},{"damage":0,"enemies":"Lots of Slimes","floor":15,"turns":2},{"damage":28,"enemies":"DF_ARCHETYPE_STREAMLINE","floor":16,"turns":9}],"seed_played":"-8563177144171849828","potions_obtained":[{"floor":3,"key":"AttackPotion"},{"floor":11,"key":"LiquidMemories"},{"floor":12,"key":"Explosive Potion"},{"floor":14,"key":"EntropicBrew"},{"floor":15,"key":"bronze:BurnAndBuffPotion"}],"is_trial":false,"path_per_floor":["R","M","M","?","M","R","T","E","?","M","E","M","R","M","M","B"],"character_chosen":"GUARDIAN","items_purchased":[],"campfire_rested":0,"item_purchase_floors":[],"current_hp_per_floor":[72,72,67,43,43,43,43,28,28,28,21,16,26,23,23,0,0,0],"gold":112,"neow_bonus":"THREE_CARDS","is_daily":false,"chose_seed":false,"campfire_upgraded":2,"win_rate":0.0,"timestamp":1612299714,"path_taken":["R","M","M","?","M","R","T","E","?","?","E","M","R","M","M","BOSS"],"items_purchased_type":[],"build_version":"2020-12-22","purchased_purges":0,"victory":false,"max_hp_per_floor":[80,80,80,80,80,80,80,80,80,80,80,80,90,90,90,90,90,90],"card_choices":[{"not_picked":["Guardian:MultiBeam","Guardian:Incinerate"],"picked":"Guardian:Gem_White","floor":0},{"not_picked":["Guardian:Incinerate","Guardian:Emergency"],"picked":"Guardian:SpikerProtocol","floor":2},{"not_picked":["Guardian:Incinerate","Guardian:Suspension"],"picked":"Guardian:PolyBeam","floor":3},{"not_picked":["Guardian:Planning","Guardian:ShieldSpikes"],"picked":"Guardian:Gem_Cyan","floor":5},{"not_picked":["Guardian:Gem_Cyan","Guardian:Gem_Green"],"picked":"Guardian:Recover","floor":8},{"not_picked":["Guardian:Gem_Green","Guardian:Harden"],"picked":"Guardian:Gem_Synthetic","floor":10},{"not_picked":["Guardian:TemporalShield","Guardian:BronzeArmor"],"picked":"Guardian:Planning","floor":11},{"not_picked":["Guardian:RefractedBeam","Guardian:GuardianWhirl"],"picked":"Guardian:VentSteam","floor":12},{"not_picked":["Guardian:Suspension","Guardian:Gem_Lightblue","Guardian:Reroute"],"picked":"SKIP","floor":14},{"not_picked":["Guardian:RollAttack","Guardian:Suspension"],"picked":"Guardian:MultiBeam","floor":15}],"player_experience":531950,"relics_obtained":[{"floor":8,"key":"Frozen Egg 2"},{"floor":11,"key":"CaptainsWheel"}],"event_choices":[],"is_beta":false,"boss_relics":[],"items_purged_floors":[],"is_endless":false,"potions_floor_spawned":[3,11,12,14,15],"killed_by":"DF_ARCHETYPE_STREAMLINE","ascension_level":9}}