{"host":"pyelotildgrd5mks","time":1612271040,"event":{"mods":["BaseMod","Downfall","Minty Spire (QoL Compilation)","Quick Restart","StSLib"],"gold_per_floor":[99,99,99,99,99,133,159,159,194,207,107,120,136,169,184,283,283,283,297,314,324,340,340,363,382,382,417,417,417,288,303,323,323,323,323],"floor_reached":33,"language":"ZHS","playtime":1482,"items_purged":["Guardian:Strike_Guardian"],"score":472,"play_id":"3a97369c-ac34-49bc-b0eb-4b3a5b901237","local_time":"20210202210400","is_ascension_mode":true,"campfire_choices":[{"data":"Guardian:TwinSlam","floor":1.0,"key":"SMITH"},{"data":"Guardian:StasisStrike","floor":11.0,"key":"SMITH"},{"data":"Guardian:Suspension","floor":18.0,"key":"SMITH"},{"data":"Guardian:BaubleBeam","floor":26.0,"key":"SMITH"},{"data":"Guardian:FloatingOrbs","floor":29,"key":"SMITH"}],"circlet_count":0,"master_deck":["Guardian:Strike_Guardian+1","Guardian:Strike_Guardian","Guardian:Strike_Guardian","Guardian:Defend_Guardian","Guardian:Defend_Guardian","Guardian:Defend_Guardian+1","Guardian:Defend_Guardian","Guardian:CurlUp+1","Guardian:TwinSlam+1","downfall:Malfunctioning","Guardian:Suspension+1","Guardian:Gem_Lightblue","Guardian:StasisStrike+1","Guardian:FuturePlans","Guardian:BaubleBeam+1","Guardian:FloatingOrbs+1","Guardian:ChargeCore","Guardian:GemFinder","Guardian:TimeSifter","Pride","Guardian:Planning+1","Guardian:ExploitGems","Guardian:Gem_Cyan","Guardian:SentryBeam","Guardian:Gem_Yellow"],"relics":["Guardian:ModeShifter","downfall:HeartsMalice","PreservedInsect","bronze:BronzeIdol","Guardian:PickAxe","Tiny Chest","downfall:HeartBlessingGreen","hexamod:Sixitude","expansioncontent:StudyCardRelic","Toy Ornithopter","MealTicket","Bird Faced Urn"],"acts_visited":["Exordium","TheCity"],"potions_floor_usage":[27],"damage_taken":[{"damage":0.0,"enemies":"Jaw Worm","floor":2.0,"turns":1.0},{"damage":0.0,"enemies":"2 Louse","floor":5.0,"turns":1.0},{"damage":0.0,"enemies":"3 Sentries","floor":6.0,"turns":1.0},{"damage":0.0,"enemies":"3 Sentries","floor":8.0,"turns":3.0},{"damage":31.0,"enemies":"Gremlin Nob","floor":9.0,"turns":5.0},{"damage":4.0,"enemies":"Small Slimes","floor":10.0,"turns":5.0},{"damage":6.0,"enemies":"Lots of Slimes","floor":12.0,"turns":4.0},{"damage":7.0,"enemies":"Exordium Wildlife","floor":13.0,"turns":4.0},{"damage":0.0,"enemies":"Lagavulin","floor":14.0,"turns":5.0},{"damage":11.0,"enemies":"Red Slaver","floor":15.0,"turns":5.0},{"damage":21.0,"enemies":"DF_ARCHETYPE_STREAMLINE","floor":16.0,"turns":9.0},{"damage":3.0,"enemies":"3 Byrds","floor":19.0,"turns":3.0},{"damage":21.0,"enemies":"Shell Parasite","floor":20.0,"turns":4.0},{"damage":13.0,"enemies":"Centurion and Healer","floor":21.0,"turns":5.0},{"damage":10.0,"enemies":"Snecko","floor":22.0,"turns":4.0},{"damage":11.0,"enemies":"Snake Plant","floor":25.0,"turns":4.0},{"damage":11,"enemies":"Slavers","floor":27,"turns":3},{"damage":4,"enemies":"downfall:FleeingMerchant","floor":30,"turns":4},{"damage":20,"enemies":"Centurion and Healer","floor":31,"turns":3},{"damage":3,"enemies":"Sentry and Sphere","floor":32,"turns":3},{"damage":40,"enemies":"IC_MUSHROOM_ARCHETYPE","floor":33,"turns":6}],"seed_played":"4415128028336133210","potions_obtained":[{"floor":6.0,"key":"Explosive Potion"},{"floor":9.0,"key":"Regen Potion"},{"floor":10.0,"key":"Slimebound:ThreeZeroPotion"},{"floor":12.0,"key":"SkillPotion"},{"floor":14.0,"key":"Weak Potion"},{"floor":15.0,"key":"Regen Potion"},{"floor":19.0,"key":"SkillPotion"},{"floor":21.0,"key":"Explosive Potion"},{"floor":31,"key":"Energy Potion"}],"is_trial":false,"path_per_floor":["R","M","?","?","M","E","T","?","E","M","R","M","M","E","M","B",null,"R","M","M","M","M","?","T","M","R","E","?","R","$","M","M","B"],"character_chosen":"GUARDIAN","items_purchased":["Guardian:SentryBeam"],"campfire_rested":0,"item_purchase_floors":[30],"current_hp_per_floor":[72,72,72,72,72,72,72,72,41,37,37,31,24,24,13,44,71,71,68,47,34,24,24,24,18,18,12,12,12,39,27,30,0,0,0],"gold":323,"neow_bonus":"THREE_ENEMY_KILL","is_daily":false,"chose_seed":false,"campfire_upgraded":5,"win_rate":0.0,"timestamp":1612271040,"path_taken":["R","M","?","?","M","E","T","?","E","M","R","M","M","E","M","BOSS","R","M","M","M","M","?","T","M","R","E","?","R","$","M","M","BOSS"],"items_purchased_type":["Card"],"build_version":"2020-12-22","purchased_purges":1,"victory":false,"max_hp_per_floor":[80,80,80,80,80,80,80,80,80,80,80,80,80,80,80,80,80,80,80,80,80,80,80,80,80,80,80,80,80,80,80,80,80,80,80],"card_choices":[{"not_picked":["Guardian:Gem_Purple","Guardian:ChargeCore"],"picked":"Guardian:Gem_Crimson","floor":2.0},{"not_picked":["Guardian:Gem_Red","Guardian:Gem_Cyan"],"picked":"Guardian:Suspension","floor":5.0},{"not_picked":["Guardian:Incinerate","Guardian:PolyBeam","Guardian:PiercingHide"],"picked":"SKIP","floor":6.0},{"not_picked":["Guardian:BronzeOrb","Guardian:Gem_Yellow"],"picked":"Guardian:StasisStrike","floor":9.0},{"not_picked":["Guardian:Gem_Red","Guardian:Incinerate"],"picked":"Guardian:FuturePlans","floor":10.0},{"not_picked":["Guardian:Suspension","Guardian:Gem_Cyan","Guardian:CrystalBeam"],"picked":"SKIP","floor":12.0},{"not_picked":["Guardian:Recover","Guardian:Orbwalk"],"picked":"Guardian:BaubleBeam","floor":13.0},{"not_picked":["Guardian:Clone","Guardian:PrimingBeam"],"picked":"Guardian:FloatingOrbs","floor":14.0},{"not_picked":["Guardian:TemporalStrike","Guardian:Planning"],"picked":"Guardian:ChargeCore","floor":15.0},{"not_picked":["Guardian:FierceBash","Guardian:StasisStrike"],"picked":"Guardian:GemFinder","floor":16.0},{"not_picked":["Guardian:TimeBomb","Guardian:Recover"],"picked":"Guardian:Gem_White","floor":19.0},{"not_picked":["Guardian:Recover+1","Guardian:BodySlam"],"picked":"Guardian:TimeSifter","floor":20.0},{"not_picked":["Guardian:CrystalBeam+1","Guardian:Recover+1"],"picked":"Guardian:Gem_Blue","floor":21.0},{"not_picked":["Guardian:Orbwalk","Guardian:TimeCapacitor"],"picked":"Guardian:Gem_Fragmented","floor":22.0},{"not_picked":["Guardian:ArmoredProtocol","Guardian:BronzeArmor"],"picked":"Guardian:Planning+1","floor":25.0},{"not_picked":["Guardian:Gem_Green","Guardian:Gem_Lightblue"],"picked":"Guardian:Gem_Cyan","floor":25.0},{"not_picked":["Guardian:Gem_Red","Guardian:Recover","Guardian:Planning+1"],"picked":"SKIP","floor":27},{"not_picked":["Guardian:ShieldCharger+1","Guardian:Gem_Lightblue"],"picked":"Guardian:ExploitGems","floor":30},{"not_picked":["Guardian:Gem_Red","Guardian:Gem_Lightblue"],"picked":"Guardian:Gem_Cyan","floor":30},{"not_picked":["Guardian:BronzeArmor","Guardian:PiercingHide","Guardian:Emergency"],"picked":"SKIP","floor":31},{"not_picked":["Guardian:Gem_Lightblue","Guardian:CrystalBeam+1"],"picked":"Guardian:Gem_Yellow","floor":32}],"player_experience":692014,"relics_obtained":[{"floor":6.0,"key":"PreservedInsect"},{"floor":7.0,"key":"bronze:BronzeIdol"},{"floor":9.0,"key":"Tiny Chest"},{"floor":14.0,"key":"hexamod:Sixitude"},{"floor":24.0,"key":"MealTicket"},{"floor":27,"key":"Bird Faced Urn"}],"event_choices":[{"damage_healed":0.0,"max_hp_gain":0.0,"max_hp_loss":0.0,"gold_gain":0.0,"event_name":"Addict","player_choice":"Stole Relic","floor":23.0,"gold_loss":0.0,"damage_taken":0.0,"relics_obtained":["Toy Ornithopter"],"cards_obtained":["Pride"]}],"is_beta":false,"boss_relics":[{"not_picked":["bronze:MakeshiftBattery","Black Star"],"picked":"expansioncontent:StudyCardRelic"}],"items_purged_floors":[30],"is_endless":false,"potions_floor_spawned":[6,9,10,12,14,15,19,21,31],"killed_by":"IC_MUSHROOM_ARCHETYPE","ascension_level":8}}