{"host":"l84l8xigz5v5foa2","time":1612282219,"event":{"mods":["2.2 Compatiblity","AchievementEnabler","BaseMod","Better Note","Better Vampires","BetterRewards","Card Filter","Colored Map","DeckTracker","Downfall","Gremlin Skip","Highlight Path","Keyboard Shortcuts","Minty Spire (QoL Compilation)","Permanent Neow","Quick Restart","Relic Filter","Relic Stats","StSLib","SuperFastMode","Transform Curses","Unknown Chances"],"gold_per_floor":[13,28,28,43,56,56,56,56,137,161,186,205,205,205,205,295,295,310,310,310,310,324,336,336,349,349,349,349,364,399,410,410,485,485,496,297,297,297,297],"floor_reached":37,"language":"ENG","playtime":1326,"items_purged":["hexamod:Strike+1"],"score":956,"play_id":"52831928-4e64-43d6-8be5-f4e32d517fa6","local_time":"20210203011019","is_ascension_mode":true,"campfire_choices":[{"floor":6.0,"key":"REST"},{"floor":8.0,"key":"REST"},{"data":"hexamod:Float","floor":13.0,"key":"SMITH"},{"data":"hexamod:Rewind","floor":15.0,"key":"SMITH"},{"data":"hexamod:GiftsFromTheDead","floor":24.0,"key":"SMITH"},{"data":"hexamod:Haunt","floor":28.0,"key":"SMITH"},{"floor":32.0,"key":"RECALL"}],"circlet_count":0,"master_deck":["AscendersBane","hexamod:Strike+1","hexamod:Strike+1","hexamod:Defend+1","hexamod:Defend+1","hexamod:Defend","hexamod:Defend+1","hexamod:Sear+1","hexamod:Float+1","hexamod:SixthSeal","hexamod:HeatMetal+1","hexamod:RainOfEmbers+1","hexamod:ThirdSeal","hexamod:Hexaguard+1","hexamod:FirstSeal","hexamod:RecurringNightmare+1","hexamod:GiftsFromTheDead+1","hexamod:ShieldOfDarkness","hexamod:Rewind+1","hexamod:Incineration+1","hexamod:HexaLevel+1","hexamod:ApocalypseNow+1","hexamod:Haunt+1","hexamod:GhostLash+1","hexamod:ThermalTransfer+1","hexamod:PowerFromBeyond+1","hexamod:ForkedFlame+1","hexamod:AdvancingGuard","hexamod:FastForward+1","hexamod:StepThrough+1","hexamod:GhostShield","hexamod:ApocalypticArmor","hexamod:TimeWarp"],"relics":["hexamod:SpiritBrand","Nunchaku","Bloody Idol","InkBottle","expansioncontent:StudyCardRelic","Letter Opener","Bronze Scales","sneckomod:SneckoTalon","Membership Card"],"acts_visited":["Exordium","TheCity","TheBeyond"],"potions_floor_usage":[37],"damage_taken":[{"damage":7.0,"enemies":"Small Slimes","floor":1.0,"turns":3.0},{"damage":12.0,"enemies":"Jaw Worm","floor":2.0,"turns":3.0},{"damage":1.0,"enemies":"2 Louse","floor":4.0,"turns":3.0},{"damage":8.0,"enemies":"Blue Slaver","floor":5.0,"turns":4.0},{"damage":0.0,"enemies":"2 Fungi Beasts","floor":10.0,"turns":4.0},{"damage":5.0,"enemies":"Red Slaver","floor":11.0,"turns":3.0},{"damage":5.0,"enemies":"Large Slime","floor":12.0,"turns":7.0},{"damage":3.0,"enemies":"Hexaghost","floor":16.0,"turns":9.0},{"damage":0.0,"enemies":"2 Thieves","floor":18.0,"turns":3.0},{"damage":11.0,"enemies":"Shell Parasite","floor":22.0,"turns":4.0},{"damage":22.0,"enemies":"Centurion and Healer","floor":23.0,"turns":5.0},{"damage":8.0,"enemies":"Sentry and Sphere","floor":25.0,"turns":4.0},{"damage":0.0,"enemies":"Gremlin Leader","floor":27.0,"turns":1.0},{"damage":0.0,"enemies":"Snecko","floor":29.0,"turns":4.0},{"damage":0.0,"enemies":"Book of Stabbing","floor":30.0,"turns":4.0},{"damage":0.0,"enemies":"Snake Plant","floor":31.0,"turns":3.0},{"damage":0.0,"enemies":"Champ","floor":33.0,"turns":8.0},{"damage":3.0,"enemies":"Orb Walker","floor":35.0,"turns":3.0},{"damage":68,"enemies":"3 Darklings","floor":37,"turns":4}],"seed_played":"-4572229263309790661","potions_obtained":[{"floor":2.0,"key":"Explosive Potion"},{"floor":5.0,"key":"EssenceOfSteel"},{"floor":11.0,"key":"BlessingOfTheForge"},{"floor":12.0,"key":"SmokeBomb"},{"floor":29.0,"key":"EssenceOfSteel"},{"floor":31.0,"key":"FearPotion"},{"floor":33.0,"key":"FearPotion"}],"is_trial":false,"path_per_floor":["M","M","?","M","M","R","?","R","T","M","M","M","R","?","R","B",null,"M","?","?","?","M","M","R","M","T","E","R","M","E","M","R","B",null,"M","$","M"],"character_chosen":"THE_SPIRIT","items_purchased":["Membership Card"],"campfire_rested":2,"item_purchase_floors":[36],"current_hp_per_floor":[50,38,20,19,11,29,7,25,25,32,34,36,36,36,36,40,57,57,57,57,57,58,48,48,52,52,52,52,63,63,63,63,63,63,63,63,0,0,0],"gold":297,"neow_bonus":"THREE_RARE_CARDS","is_daily":false,"chose_seed":false,"campfire_upgraded":4,"win_rate":0.0,"timestamp":1612282219,"path_taken":["M","M","?","M","M","R","?","R","T","M","M","M","R","?","R","BOSS","M","?","?","?","M","M","R","M","T","E","R","M","E","M","R","BOSS","M","$","M"],"items_purchased_type":["Relic"],"build_version":"2020-12-22","purchased_purges":1,"victory":false,"max_hp_per_floor":[63,63,63,63,63,63,63,63,63,63,63,63,63,63,63,63,63,63,63,63,63,63,63,63,63,63,63,63,63,63,63,63,63,63,63,63,63,63,63],"relic_stats":{"Nunchaku":[10],"counters":[19,79],"Bloody Idol":22,"Bronze Scales":[54],"Letter Opener":[60],"obtain_stats":[{"Nunchaku":3,"Golden Idol":7,"Bloody Idol":20,"Bronze Scales":30,"expansioncontent:StudyCardRelic":17,"Letter Opener":26,"Membership Card":36,"sneckomod:SneckoTalon":34,"hexamod:SpiritBrand":0,"InkBottle":9},{"Nunchaku":2,"Golden Idol":4,"Bloody Idol":9,"Bronze Scales":15,"expansioncontent:StudyCardRelic":8,"Letter Opener":12,"Membership Card":18,"sneckomod:SneckoTalon":17,"hexamod:SpiritBrand":0,"InkBottle":4},{"Nunchaku":6,"Golden Idol":13,"Bloody Idol":39,"Bronze Scales":61,"expansioncontent:StudyCardRelic":36,"Letter Opener":52,"Membership Card":75,"sneckomod:SneckoTalon":72,"hexamod:SpiritBrand":0,"InkBottle":13}],"InkBottle":[30]},"card_choices":[{"not_picked":["hexamod:FlameSwitch","hexamod:ParanormalForm"],"picked":"hexamod:SixthSeal","floor":0.0},{"not_picked":["hexamod:InspiringFlames","hexamod:SuperheatedStrike"],"picked":"hexamod:HeatMetal","floor":1.0},{"not_picked":["hexamod:SpectersWail","hexamod:NightmareStrike"],"picked":"hexamod:RainOfEmbers","floor":2.0},{"not_picked":["hexamod:FastForward","hexamod:HeatMetal"],"picked":"hexamod:ThirdSeal","floor":4.0},{"not_picked":["hexamod:GhostShield","hexamod:BacktrackSmack"],"picked":"hexamod:Hexaguard","floor":5.0},{"not_picked":["hexamod:HeatCrush","hexamod:NightmareStrike"],"picked":"hexamod:FirstSeal","floor":5.0},{"not_picked":["hexamod:HeatShield","hexamod:SpectralSpark"],"picked":"hexamod:RecurringNightmare","floor":10.0},{"not_picked":["hexamod:GhostShield","hexamod:EtherealExpedition"],"picked":"hexamod:GiftsFromTheDead","floor":11.0},{"not_picked":["hexamod:HauntingEcho","hexamod:BacktrackSmack"],"picked":"hexamod:ShieldOfDarkness","floor":11.0},{"not_picked":["hexamod:NightmareStrike","hexamod:InspiringFlames"],"picked":"hexamod:Rewind","floor":12.0},{"not_picked":["hexamod:BacktrackSmack","hexamod:SpectersWail","hexamod:FastForward"],"picked":"SKIP","floor":12.0},{"not_picked":["hexamod:Toasty","hexamod:ParanormalForm"],"picked":"hexamod:HexaLevel","floor":16.0},{"not_picked":["hexamod:SixthSeal","hexamod:SearingWound"],"picked":"hexamod:ApocalypseNow","floor":16.0},{"not_picked":["hexamod:GhostShield","hexamod:Hexaguard"],"picked":"hexamod:Haunt","floor":18.0},{"not_picked":["hexamod:BacktrackSmack","hexamod:NightmareGuise"],"picked":"hexamod:GhostLash+1","floor":18.0},{"not_picked":["hexamod:RainOfEmbers","hexamod:BurningTouch"],"picked":"hexamod:ThermalTransfer+1","floor":22.0},{"not_picked":["hexamod:PhantomFireball","hexamod:SkipABeat"],"picked":"hexamod:PowerFromBeyond","floor":22.0},{"not_picked":["hexamod:GhostLash","hexamod:HeatMetal"],"picked":"hexamod:ForkedFlame","floor":23.0},{"not_picked":["hexamod:ThermalTransfer","hexamod:Incineration"],"picked":"hexamod:AdvancingGuard","floor":23.0},{"not_picked":["hexamod:FlamesFromBeyond","hexamod:Hexaguard"],"picked":"hexamod:FastForward+1","floor":25.0},{"not_picked":["hexamod:GhostOfSpireFuture","hexamod:SuperheatedStrike","hexamod:RainOfEmbers"],"picked":"SKIP","floor":25.0},{"not_picked":["hexamod:FlamesFromBeyond","hexamod:SoulSteal"],"picked":"hexamod:StepThrough","floor":29.0},{"not_picked":["hexamod:ThermalTransfer+1","hexamod:GhostLash","hexamod:PhantomCloak"],"picked":"SKIP","floor":29.0},{"not_picked":["hexamod:HeatMetal","hexamod:SoulSteal","hexamod:AdvancingGuard"],"picked":"SKIP","floor":30.0},{"not_picked":["hexamod:EmpoweredFlame","hexamod:BacktrackSmack","hexamod:ShieldOfDarkness"],"picked":"SKIP","floor":30.0},{"not_picked":["hexamod:SkipABeat","hexamod:BurningTouch+1"],"picked":"hexamod:GhostShield","floor":31.0},{"not_picked":["hexamod:FlamesFromBeyond","hexamod:Hexaguard","hexamod:ParanormalForm"],"picked":"SKIP","floor":31.0},{"not_picked":["hexamod:ApocalypseNow","hexamod:SearingWound"],"picked":"hexamod:ApocalypticArmor","floor":33.0},{"not_picked":["hexamod:FlameSwitch","hexamod:WildfireWeapon"],"picked":"hexamod:TimeWarp","floor":33.0},{"not_picked":["hexamod:FastForward","hexamod:ShieldOfDarkness","hexamod:RadiantFlame+1"],"picked":"SKIP","floor":35.0}],"player_experience":3524179,"relics_obtained":[{"floor":9.0,"key":"InkBottle"},{"floor":26.0,"key":"Letter Opener"},{"floor":30.0,"key":"Bronze Scales"}],"event_choices":[{"damage_healed":0.0,"max_hp_gain":0.0,"max_hp_loss":0.0,"gold_gain":0.0,"event_name":"Scrap Ooze","player_choice":"Success","floor":3.0,"gold_loss":0.0,"damage_taken":18.0,"relics_obtained":["Nunchaku"]},{"damage_healed":0.0,"max_hp_gain":0.0,"max_hp_loss":0.0,"gold_gain":0.0,"event_name":"Golden Idol","player_choice":"Take Damage","floor":7.0,"gold_loss":0.0,"damage_taken":22.0,"relics_obtained":["Golden Idol"]},{"damage_healed":0.0,"max_hp_gain":0.0,"max_hp_loss":0.0,"gold_gain":0.0,"cards_transformed":["hexamod:Strike"],"event_name":"Living Wall","player_choice":"Change","floor":14.0,"gold_loss":0.0,"damage_taken":0.0,"cards_obtained":["hexamod:Incineration"]},{"damage_healed":0.0,"max_hp_gain":0.0,"max_hp_loss":0.0,"gold_gain":0.0,"event_name":"Vampires","player_choice":"Ignored","floor":19.0,"gold_loss":0.0,"damage_taken":0.0},{"damage_healed":0.0,"max_hp_gain":0.0,"max_hp_loss":0.0,"gold_gain":0.0,"event_name":"Forgotten Altar","player_choice":"Gave Idol","floor":20.0,"relics_lost":["Golden Idol"],"gold_loss":0.0,"damage_taken":0.0,"relics_obtained":["Bloody Idol"]},{"damage_healed":0.0,"max_hp_gain":0.0,"max_hp_loss":0.0,"gold_gain":0.0,"event_name":"The Mausoleum","player_choice":"Ignored","floor":21.0,"gold_loss":0.0,"damage_taken":0.0}],"is_beta":false,"boss_relics":[{"not_picked":["Cursed Key","SacredBark"],"picked":"expansioncontent:StudyCardRelic"},{"not_picked":["Astrolabe","SlaversCollar"],"picked":"sneckomod:SneckoTalon"}],"items_purged_floors":[36],"is_endless":false,"potions_floor_spawned":[2,5,11,12,27,29,31,33],"killed_by":"3 Darklings","ascension_level":20}}