{"host":"56d873i5r3uhle0q","time":1612306795,"event":{"mods":["100% Spire Juice","Act Like it!","BaseMod","Block Reminder","Dota2Spire","Gensokyo","Hermit","Lobotomy","LobotomyExtend","Marisa????????","Marked Mod","Minty Spire (QoL Compilation)","Reliquary","Replay The Spire","StSLib","The Animator","The Bug Knight","The Cursed","The Marked","The Servant 0.9.4","Wandering Minibosses","everything is the same but u backflip on backflip","??????REMEMod"],"gold_per_floor":[114,114,12,12,112,112,141,141,141,113,136,58,69,89,89,394,394,413,158,172,188,199,199,216,216,241,241,241],"floor_reached":27,"language":"ENG","playtime":1493,"items_purged":[],"score":211,"play_id":"21e98686-3244-4e83-b6d0-dafebc33ef6d","local_time":"20210202155955","is_ascension_mode":false,"campfire_choices":[{"data":"Moonworks:Wanted","floor":6.0,"key":"SMITH"},{"floor":8.0,"key":"REST"},{"data":"PathToVictory","floor":15.0,"key":"SMITH"},{"floor":23,"key":"REST"}],"circlet_count":0,"master_deck":["Strike_P","Strike_P","Strike_P","Strike_P","Defend_P","Defend_P","Defend_P","Defend_P","Vigilance","Moonworks:Wanted+1","PathToVictory+1","Wireheading+1","Nirvana","MarkedMod:GentlePulse","REME_EmptyShield","Wireheading+1","Gensokyo:TurboGranny","MarkedMod:GracefulMovements","Study+1"],"relics":["PureWater","REME_ComplimentaryCards","CogitoBucket","LetterFromLob","Gensokyo:Mercy","ReplayTheSpireMod:Ring of Exchange","Onion Ring","Dota2Spire:MonkeyKingBar","reliquary:SilkGlove","DollysMirror","Unceasing Top","reliquary:Aerogel"],"acts_visited":["Gensokyo:Gensokyo","Gensokyo:Gensokyoer"],"potions_floor_usage":[22,22,27],"damage_taken":[{"damage":0.0,"enemies":"Gensokyo:2_Kodama","floor":1.0,"turns":4.0},{"damage":25.0,"enemies":"Gensokyo:Aya","floor":7.0,"turns":6.0},{"damage":0.0,"enemies":"Gensokyo:Python","floor":13.0,"turns":4.0},{"damage":2.0,"enemies":"Gensokyo:3_Fairies","floor":14.0,"turns":4.0},{"damage":21.0,"enemies":"Gensokyo:Kokoro","floor":16.0,"turns":12.0},{"damage":25.0,"enemies":"Gensokyo:3_Dogs","floor":18.0,"turns":6.0},{"damage":7.0,"enemies":"Gensokyo:CosmicMonolith","floor":20.0,"turns":6.0},{"damage":30.0,"enemies":"Gensokyo:Slime_Group","floor":21.0,"turns":8.0},{"damage":10,"enemies":"Gensokyo:Wraith","floor":22,"turns":4},{"damage":16,"enemies":"Gensokyo:Mirror_and_Dog","floor":24,"turns":8},{"damage":20,"enemies":"Gensokyo:Chomper_and_Gloop","floor":27,"turns":3}],"seed_played":"-1632111946134973462","potions_obtained":[{"floor":1.0,"key":"GamblersBrew"},{"floor":13.0,"key":"Venom Potion"},{"floor":21.0,"key":"Regen Potion"},{"floor":24,"key":"Fire Potion"}],"is_trial":false,"path_per_floor":["M","?","$","?","?","R","E","R","T","COS","T","$","M","M","R","B",null,"M","COS","M","M","M","R","M","$","T","M"],"character_chosen":"WATCHER","items_purchased":["PathToVictory","Wireheading+1","Nirvana"],"campfire_rested":2,"item_purchase_floors":[3,3,12],"current_hp_per_floor":[72,72,72,72,72,72,47,68,68,68,68,68,68,66,66,45,72,47,47,40,10,12,33,17,17,17,0,0],"gold":241,"neow_bonus":"","is_daily":false,"chose_seed":false,"campfire_upgraded":2,"win_rate":0.0,"timestamp":1612306795,"path_taken":["M","?","$","?","?","R","E","R","T","COS","?","$","M","?","R","BOSS","M","COS","M","M","M","R","M","$","T","M"],"items_purchased_type":["Card","Card","Card"],"build_version":"2020-12-22","purchased_purges":0,"victory":false,"max_hp_per_floor":[72,72,72,72,72,72,72,72,72,72,72,72,72,72,72,72,72,72,72,72,72,72,72,72,72,72,72,72],"card_choices":[{"not_picked":["MarkedMod:Acupuncture","CutThroughFate","JustLucky"],"picked":"SKIP","floor":1.0},{"not_picked":["MarkedMod:Acupuncture","Replay:BluntJabs","Weave"],"picked":"SKIP","floor":7.0},{"not_picked":["CrushJoints","FlurryOfBlows","Replay:AtTheReady"],"picked":"SKIP","floor":13.0},{"not_picked":["SashWhip","CrushJoints"],"picked":"MarkedMod:GentlePulse","floor":14.0},{"not_picked":["Wish","Brilliance"],"picked":"REME_EmptyShield","floor":16.0},{"not_picked":["Protect","FlurryOfBlows","MarkedMod:Acupuncture+1"],"picked":"SKIP","floor":18.0},{"not_picked":["CrushJoints","ReachHeaven","SignatureMove"],"picked":"SKIP","floor":20.0},{"not_picked":["ClearTheMind","JustLucky"],"picked":"MarkedMod:GracefulMovements","floor":21.0},{"not_picked":["Tantrum","Consecrate","JustLucky"],"picked":"SKIP","floor":22},{"not_picked":["Halt","TalkToTheHand"],"picked":"Study+1","floor":24}],"player_experience":695524,"relics_obtained":[{"floor":1.0,"key":"LetterFromLob"},{"floor":4.0,"key":"ReplayTheSpireMod:Ring of Exchange"},{"floor":7.0,"key":"Onion Ring"},{"floor":9.0,"key":"Dota2Spire:MonkeyKingBar"},{"floor":11.0,"key":"reliquary:SilkGlove"},{"floor":26,"key":"reliquary:Aerogel"}],"event_choices":[],"is_beta":false,"boss_relics":[{"not_picked":["ChewingGum","Ectoplasm"],"picked":"DollysMirror"}],"items_purged_floors":[],"is_endless":false,"potions_floor_spawned":[1,13,21,24],"killed_by":"Gensokyo:Chomper_and_Gloop","ascension_level":0}}