{"host":"5ezk7t18wcb10u1o","time":1612224881,"event":{"mods":["BaseMod","Bestiary","Colored Powertips","Minty Spire (QoL Compilation)","Relic Sorter"],"gold_per_floor":[15,15,15,36,54,54,69,69,69,69,94,94,130,143,143,236,236,200,250,266,191,214,214,227,258,331,331,331,344,344,368,368,467,467,491,313,336,336,84,84,118,118,118,139,162,162,175,190,190,190,190],"floor_reached":50,"language":"ENG","playtime":4424,"items_purged":["Defend_B","Pain"],"score":1017,"play_id":"0f07ab7c-e384-4568-8358-550914564991","local_time":"20210202001441","is_ascension_mode":true,"campfire_choices":[{"data":"Buffer","floor":6.0,"key":"SMITH"},{"data":"Conserve Battery","floor":8.0,"key":"SMITH"},{"data":"Defend_B","floor":12.0,"key":"SMITH"},{"floor":15.0,"key":"REST"},{"floor":23.0,"key":"REST"},{"floor":27.0,"key":"REST"},{"floor":30.0,"key":"REST"},{"floor":32.0,"key":"REST"},{"data":"Echo Form","floor":40.0,"key":"SMITH"},{"floor":42.0,"key":"REST"},{"data":"Darkness","floor":46.0,"key":"SMITH"},{"data":"Streamline","floor":49.0,"key":"SMITH"}],"circlet_count":0,"master_deck":["AscendersBane","Strike_B","Defend_B","Defend_B+1","Defend_B+1","Zap","Dualcast","Buffer+1","Darkness+1","Cold Snap","Conserve Battery+1","Fusion+1","Conserve Battery+1","Echo Form+1","Sweeping Beam","Barrage+1","Steam+1","Redo+1","Sweeping Beam","Reinforced Body+1","Chill+1","All For One+1","Storm+1","Self Repair+1","Conserve Battery+1","Loop+1","Madness+1","Madness+1","Self Repair+1","Redo+1","Steam+1","Go for the Eyes+1","Streamline+1","Conserve Battery+1"],"relics":["Cracked Core","Golden Idol","Toxic Egg 2","InkBottle","Nuclear Battery","StrikeDummy","Frozen Egg 2","WarpedTongs","Astrolabe","Omamori","Orichalcum","Mummified Hand"],"acts_visited":["Exordium","TheCity","TheBeyond"],"potions_floor_usage":[],"damage_taken":[{"damage":0.0,"enemies":"Jaw Worm","floor":1.0,"turns":3.0},{"damage":0.0,"enemies":"Small Slimes","floor":4.0,"turns":3.0},{"damage":0.0,"enemies":"Cultist","floor":5.0,"turns":3.0},{"damage":3.0,"enemies":"Large Slime","floor":7.0,"turns":6.0},{"damage":0.0,"enemies":"Looter","floor":11.0,"turns":3.0},{"damage":25.0,"enemies":"Gremlin Nob","floor":13.0,"turns":6.0},{"damage":8.0,"enemies":"Red Slaver","floor":14.0,"turns":4.0},{"damage":23.0,"enemies":"Slime Boss","floor":16.0,"turns":11.0},{"damage":20.0,"enemies":"2 Thieves","floor":18.0,"turns":5.0},{"damage":11.0,"enemies":"Shell Parasite","floor":20.0,"turns":8.0},{"damage":8.0,"enemies":"Snecko","floor":22.0,"turns":5.0},{"damage":1.0,"enemies":"Sentry and Sphere","floor":24.0,"turns":6.0},{"damage":41.0,"enemies":"Book of Stabbing","floor":25.0,"turns":8.0},{"damage":22.0,"enemies":"Chosen and Byrds","floor":29.0,"turns":8.0},{"damage":1.0,"enemies":"3 Cultists","floor":31.0,"turns":4.0},{"damage":39.0,"enemies":"Collector","floor":33.0,"turns":17.0},{"damage":9.0,"enemies":"3 Darklings","floor":35.0,"turns":6.0},{"damage":4.0,"enemies":"Orb Walker","floor":37.0,"turns":4.0},{"damage":54.0,"enemies":"Nemesis","floor":41.0,"turns":7.0},{"damage":31.0,"enemies":"Spire Growth","floor":44.0,"turns":7.0},{"damage":4.0,"enemies":"Transient","floor":45.0,"turns":6.0},{"damage":4.0,"enemies":"Writhing Mass","floor":47.0,"turns":7.0},{"damage":9.0,"enemies":"Jaw Worm Horde","floor":48.0,"turns":5.0},{"damage":83,"enemies":"Time Eater","floor":50,"turns":8}],"seed_played":"3436439122920738397","potions_obtained":[{"floor":1.0,"key":"Dexterity Potion"},{"floor":4.0,"key":"Dexterity Potion"},{"floor":7.0,"key":"SkillPotion"},{"floor":13.0,"key":"FocusPotion"},{"floor":22.0,"key":"Swift Potion"},{"floor":24.0,"key":"EntropicBrew"},{"floor":31.0,"key":"Dexterity Potion"},{"floor":35.0,"key":"Fruit Juice"},{"floor":41.0,"key":"SteroidPotion"}],"is_trial":false,"path_per_floor":["M","?","?","M","M","R","M","R","T","?","M","R","E","M","R","B",null,"M","?","M","$","M","R","M","E","T","R","?","M","R","M","R","B",null,"M","$","M","?","$","R","E","R","T","M","M","R","M","M","R","B"],"character_chosen":"DEFECT","items_purchased":["Loop+1","Self Repair+1","Omamori"],"campfire_rested":6,"item_purchase_floors":[36,39,39],"current_hp_per_floor":[64,64,64,64,64,64,61,61,61,61,61,61,36,28,49,26,60,40,40,29,29,21,42,41,15,15,36,36,14,35,34,55,16,57,63,63,69,55,55,55,21,43,43,32,48,48,74,76,76,0,0],"gold":190,"neow_bonus":"THREE_RARE_CARDS","is_daily":false,"chose_seed":false,"campfire_upgraded":6,"win_rate":0.0,"timestamp":1612224881,"path_taken":["M","?","?","M","M","R","?","R","T","?","M","R","E","M","R","BOSS","M","?","M","$","M","R","M","E","T","R","?","M","R","?","R","BOSS","M","$","?","?","$","R","E","R","T","M","M","R","M","M","R","BOSS"],"items_purchased_type":["Card","Card","Relic"],"build_version":"2020-12-22","purchased_purges":2,"victory":false,"max_hp_per_floor":[71,71,71,71,71,71,71,71,71,71,71,71,71,71,71,71,71,71,71,71,71,71,71,71,71,71,71,71,71,71,71,71,71,71,76,76,76,76,76,76,76,76,76,76,76,76,76,76,76,76,76],"card_choices":[{"not_picked":["Biased Cognition","Seek"],"picked":"Buffer","floor":0.0},{"not_picked":["Blizzard","White Noise"],"picked":"Darkness","floor":1.0},{"not_picked":["Rebound","Gash"],"picked":"Cold Snap","floor":4.0},{"not_picked":["Turbo","Go for the Eyes"],"picked":"Conserve Battery","floor":5.0},{"not_picked":["Turbo","Hologram","Hello World"],"picked":"SKIP","floor":7.0},{"not_picked":["Beam Cell","Blizzard"],"picked":"Fusion+1","floor":11.0},{"not_picked":["Rainbow+1","Turbo+1","Undo+1"],"picked":"SKIP","floor":13.0},{"not_picked":["Cold Snap","Skim+1"],"picked":"Conserve Battery+1","floor":14.0},{"not_picked":["Meteor Strike","Buffer"],"picked":"Echo Form","floor":16.0},{"not_picked":["Barrage","Redo+1"],"picked":"Sweeping Beam","floor":18.0},{"not_picked":["Rebound","Compile Driver"],"picked":"Barrage+1","floor":20.0},{"not_picked":["Barrage","Turbo+1"],"picked":"Steam+1","floor":22.0},{"not_picked":["Barrage","Auto Shields+1"],"picked":"Redo+1","floor":24.0},{"not_picked":["Blizzard","Amplify+1"],"picked":"Sweeping Beam","floor":25.0},{"not_picked":["Ball Lightning+1","Barrage"],"picked":"Reinforced Body+1","floor":29.0},{"not_picked":["Cold Snap+1","Self Repair+1"],"picked":"Chill+1","floor":31.0},{"not_picked":["Coolheaded+1","Skim+1"],"picked":"Conserve Battery+1","floor":35.0},{"not_picked":["Steam Power+1","Hologram+1","FTL"],"picked":"SKIP","floor":37.0},{"not_picked":["Blizzard+1","Cold Snap+1"],"picked":"Redo+1","floor":41.0},{"not_picked":["Scrape","Redo+1"],"picked":"Steam+1","floor":44.0},{"not_picked":["Coolheaded+1","Genetic Algorithm+1"],"picked":"Go for the Eyes+1","floor":45.0},{"not_picked":["Chill+1","Double Energy+1"],"picked":"Streamline","floor":47.0},{"not_picked":["Rip and Tear","Meteor Strike"],"picked":"Conserve Battery+1","floor":48.0}],"player_experience":1186765,"relics_obtained":[{"floor":9.0,"key":"Toxic Egg 2"},{"floor":13.0,"key":"InkBottle"},{"floor":25.0,"key":"StrikeDummy"},{"floor":26.0,"key":"Frozen Egg 2"},{"floor":41.0,"key":"Orichalcum"},{"floor":43.0,"key":"Mummified Hand"}],"event_choices":[{"damage_healed":0.0,"max_hp_gain":0.0,"max_hp_loss":0.0,"gold_gain":0.0,"event_name":"Golden Idol","player_choice":"Take Wound","floor":2.0,"gold_loss":0.0,"damage_taken":0.0,"relics_obtained":["Golden Idol"],"cards_obtained":["Injury"]},{"cards_removed":["Injury"],"damage_healed":0.0,"max_hp_gain":0.0,"max_hp_loss":0.0,"gold_gain":0.0,"event_name":"Fountain of Cleansing","player_choice":"Removed Curses","floor":3.0,"gold_loss":0.0,"damage_taken":0.0},{"damage_healed":0.0,"max_hp_gain":0.0,"max_hp_loss":0.0,"gold_gain":0.0,"event_name":"Living Wall","player_choice":"Grow","floor":10.0,"gold_loss":0.0,"damage_taken":0.0,"cards_upgraded":["Defend_B"]},{"damage_healed":0.0,"max_hp_gain":0.0,"max_hp_loss":0.0,"gold_gain":50.0,"event_name":"Nest","player_choice":"Stole From Cult","floor":19.0,"gold_loss":0.0,"damage_taken":0.0},{"damage_healed":0.0,"max_hp_gain":0.0,"max_hp_loss":0.0,"gold_gain":0.0,"event_name":"Accursed Blacksmith","player_choice":"Rummage","floor":28.0,"gold_loss":0.0,"damage_taken":0.0,"relics_obtained":["WarpedTongs"],"cards_obtained":["Pain"]},{"damage_healed":0.0,"max_hp_gain":0.0,"max_hp_loss":0.0,"gold_gain":0.0,"event_name":"Winding Halls","player_choice":"Embrace Madness","floor":38.0,"gold_loss":0.0,"damage_taken":14.0,"cards_obtained":["Madness","Madness"]}],"is_beta":false,"boss_relics":[{"not_picked":["Calling Bell","Black Star"],"picked":"Nuclear Battery"},{"not_picked":["Pandora\u0027s Box","Runic Pyramid"],"picked":"Astrolabe"}],"items_purged_floors":[21,36],"is_endless":false,"potions_floor_spawned":[1,4,5,7,13,22,24,31,35,41],"killed_by":"Time Eater","ascension_level":20}}