{"host":"a1eatafr7pisesky","time":1612264444,"event":{"mods":["AchievementEnabler","BaseMod","Colored Map","Keyboard Shortcuts","Minty Spire (QoL Compilation)","Say the Spire","StSLib","SuperFastMode","everything is the same but u backflip on backflip"],"gold_per_floor":[109,124,49,14,25,25,56,75,75,111,111,157,157,157],"floor_reached":13,"language":"KOR","playtime":217,"items_purged":["Strike_G"],"score":153,"play_id":"3550b234-bc11-48d8-a480-ba2f49d2c921","local_time":"20210202201404","is_ascension_mode":true,"campfire_choices":[{"data":"Skewer","floor":6,"key":"SMITH"}],"circlet_count":0,"master_deck":["AscendersBane","Strike_G","Strike_G","Strike_G","Strike_G+1","Defend_G","Defend_G","Defend_G","Defend_G","Defend_G","Survivor","Neutralize","Mayhem","Dagger Spray","Quick Slash+1","Skewer+1","Crippling Poison","Deadly Poison","Backstab"],"relics":["Ring of the Snake","Frozen Egg 2","Ninja Scroll","CeramicFish","Golden Idol","Whetstone"],"acts_visited":["Exordium"],"potions_floor_usage":[7,10,10],"damage_taken":[{"damage":1,"enemies":"2 Louse","floor":1,"turns":4},{"damage":6,"enemies":"Small Slimes","floor":2,"turns":5},{"damage":12,"enemies":"Jaw Worm","floor":5,"turns":3},{"damage":8,"enemies":"Gremlin Nob","floor":7,"turns":3},{"damage":1,"enemies":"Looter","floor":8,"turns":4},{"damage":17,"enemies":"Lagavulin","floor":10,"turns":4},{"damage":17,"enemies":"Gremlin Nob","floor":13,"turns":3}],"seed_played":"-3077768969335064948","potions_obtained":[{"floor":1,"key":"Weak Potion"},{"floor":2,"key":"FearPotion"},{"floor":8,"key":"Fire Potion"}],"is_trial":false,"path_per_floor":["M","M","$","?","M","R","E","M","T","E","?","T","E"],"character_chosen":"THE_SILENT","items_purchased":[],"campfire_rested":0,"item_purchase_floors":[],"current_hp_per_floor":[44,38,38,55,43,43,35,34,34,17,17,17,0,0],"gold":157,"neow_bonus":"RANDOM_COLORLESS_2","is_daily":false,"chose_seed":false,"campfire_upgraded":1,"win_rate":0.0,"timestamp":1612264444,"path_taken":["M","M","$","?","M","R","E","M","T","E","?","?","E"],"items_purchased_type":[],"build_version":"2020-12-22","purchased_purges":1,"victory":false,"max_hp_per_floor":[70,70,70,70,70,70,70,70,70,70,65,65,65,65],"card_choices":[{"not_picked":["Metamorphosis","Secret Weapon"],"picked":"Mayhem","floor":0},{"not_picked":["Reflex","Backflip"],"picked":"Dagger Spray","floor":1},{"not_picked":["Accuracy","Sucker Punch"],"picked":"Quick Slash","floor":2},{"not_picked":["Finisher","Distraction"],"picked":"Skewer","floor":5},{"not_picked":["Dagger Spray","Endless Agony"],"picked":"Crippling Poison","floor":7},{"not_picked":["Dodge and Roll","Tools of the Trade+1"],"picked":"Deadly Poison","floor":8},{"not_picked":["Setup","Heel Hook"],"picked":"Backstab","floor":10}],"player_experience":389558,"relics_obtained":[{"floor":7,"key":"Frozen Egg 2"},{"floor":9,"key":"Ninja Scroll"},{"floor":10,"key":"CeramicFish"},{"floor":12,"key":"Whetstone"}],"event_choices":[{"damage_healed":17,"gold_gain":0,"player_choice":"Healed","damage_taken":0,"max_hp_gain":0,"max_hp_loss":0,"event_name":"The Cleric","floor":4,"gold_loss":35},{"damage_healed":0,"gold_gain":0,"player_choice":"Lose Max HP","damage_taken":0,"relics_obtained":["Golden Idol"],"max_hp_gain":0,"max_hp_loss":5,"event_name":"Golden Idol","floor":11,"gold_loss":0}],"is_beta":false,"boss_relics":[],"items_purged_floors":[3],"is_endless":false,"potions_floor_spawned":[1,2,8],"killed_by":"Gremlin Nob","ascension_level":13}}