{"host":"jjunaul04msmo6r1","time":1612242631,"event":{"mods":["BaseMod","Better Third Choice","Booster Modes","Colored Map","Downfall","Minty Spire (QoL Compilation)","Relic Stats","StSLib","UnlockEverythingMod","everything is the same but u backflip on backflip"],"gold_per_floor":[99,111,125,142,142,152,152,9,9,24,53,53,70,87,101,199,199,199,211,50,61,61,90,136,136,169,169,189,189,189,189,189],"floor_reached":30,"language":"ENG","playtime":3800,"items_purged":["champ:Defend"],"score":338,"play_id":"eddeaa64-fd4d-4644-b333-170fd254e1a9","local_time":"20210201221031","is_ascension_mode":true,"campfire_choices":[{"data":"champ:Taunt","floor":1,"key":"SMITH"},{"data":"champ:AdrenalArmor","floor":9,"key":"SMITH"},{"data":"champ:ShieldSlam","floor":12,"key":"SMITH"},{"data":"champ:ViciousMockery","floor":18,"key":"SMITH"},{"data":"champ:Backstep","floor":25,"key":"SMITH"},{"floor":27,"key":"RECALL"}],"circlet_count":0,"master_deck":["champ:Defend","champ:Defend","champ:Defend","champ:Execute","champ:Taunt+1","champ:Backstep+1","champ:LastStand","champ:ViciousMockery+1","champ:Taunt+1","champ:ShieldSlam+1","champ:PreciseThrust","champ:AdrenalArmor+1","Finesse","champ:EnchantShield","champ:RisingSlash","champ:BerserkersShout","champ:VampiricStrike","champ:CrookedStrike","champ:GutPunch+1","champ:DeathBlow","champ:SteelEdge","champ:GutPunch","champ:EnchantCrown","Bite","Bite","Bite","Bite","Bite"],"relics":["champ:ChampionCrown","Omamori","champ:SpectersHand","Cursed Key","Frozen Egg 2","Juzu Bracelet","Strawberry"],"acts_visited":["Exordium","TheCity"],"potions_floor_usage":[13,15,16,21,21,23,26,30],"damage_taken":[{"damage":10,"enemies":"Cultist","floor":2,"turns":3},{"damage":12,"enemies":"2 Louse","floor":3,"turns":3},{"damage":11,"enemies":"Jaw Worm","floor":4,"turns":4},{"damage":10,"enemies":"3 Louse","floor":6,"turns":4},{"damage":25,"enemies":"downfall:FleeingMerchant","floor":8,"turns":4},{"damage":20,"enemies":"Blue Slaver","floor":10,"turns":4},{"damage":55,"enemies":"3 Sentries","floor":11,"turns":11},{"damage":32,"enemies":"2 Fungi Beasts","floor":13,"turns":6},{"damage":10,"enemies":"3 Louse","floor":14,"turns":4},{"damage":25,"enemies":"Lots of Slimes","floor":15,"turns":4},{"damage":53,"enemies":"SI_SHIV_ARCHETYPE","floor":16,"turns":5},{"damage":41,"enemies":"Spheric Guardian","floor":19,"turns":4},{"damage":30,"enemies":"downfall:FleeingMerchant","floor":20,"turns":4},{"damage":55,"enemies":"Cultist and Chosen","floor":21,"turns":7},{"damage":82,"enemies":"Gremlin Leader","floor":23,"turns":6},{"damage":39,"enemies":"Book of Stabbing","floor":26,"turns":3},{"damage":38,"enemies":"3 Cultists","floor":28,"turns":5},{"damage":31,"enemies":"Slavers","floor":30,"turns":1}],"seed_played":"8765405516848890572","potions_obtained":[{"floor":4,"key":"SpeedPotion"},{"floor":6,"key":"Energy Potion"},{"floor":10,"key":"champ:OpenerPotion"},{"floor":13,"key":"Weak Potion"},{"floor":15,"key":"BlessingOfTheForge"},{"floor":16,"key":"sneckomod:MuddlingPotion"},{"floor":23,"key":"DuplicationPotion"},{"floor":28,"key":"LiquidMemories"}],"is_trial":false,"path_per_floor":["R","M","M","M","?","M","T","$","R","M","E","R","M","M","M","B",null,"R","M","$","M","?","E","T","R","E","R","M","?","E"],"character_chosen":"THE_CHAMP","items_purchased":["champ:AdrenalArmor","Finesse","champ:DeathBlow"],"campfire_rested":0,"item_purchase_floors":[8,8,20],"current_hp_per_floor":[99,99,97,96,96,96,96,86,86,86,76,76,74,74,59,51,99,99,93,83,73,73,41,41,41,29,29,26,26,0,0,0],"gold":189,"neow_bonus":"TEN_PERCENT_HP_BONUS","is_daily":false,"chose_seed":false,"campfire_upgraded":5,"win_rate":0.0,"timestamp":1612242631,"path_taken":["R","M","?","M","?","M","T","?","R","M","E","R","M","M","M","BOSS","R","M","$","M","?","E","T","R","E","R","M","?","E"],"items_purchased_type":["Card","Card","Card"],"build_version":"2020-12-22","purchased_purges":1,"victory":false,"max_hp_per_floor":[99,99,99,99,99,99,99,99,99,99,99,99,99,99,99,99,99,99,99,99,99,99,99,99,99,106,106,106,74,74,74,74],"relic_stats":{"counters":[18,82],"Juzu Bracelet":0,"Cursed Key":1,"obtain_stats":[{"Strawberry":26,"champ:ChampionCrown":0,"Omamori":7,"Juzu Bracelet":23,"Frozen Egg 2":22,"Cursed Key":17,"champ:SpectersHand":11},{"Strawberry":16,"champ:ChampionCrown":0,"Omamori":4,"Juzu Bracelet":15,"Frozen Egg 2":14,"Cursed Key":11,"champ:SpectersHand":7},{"Strawberry":76,"champ:ChampionCrown":0,"Omamori":14,"Juzu Bracelet":73,"Frozen Egg 2":67,"Cursed Key":52,"champ:SpectersHand":33}]},"card_choices":[{"not_picked":["champ:GutPunch","champ:FaceSlap"],"picked":"champ:Backstep","floor":2},{"not_picked":["champ:Circumvent","champ:Backstep"],"picked":"champ:LastStand","floor":3},{"not_picked":["champ:Backstep","champ:RapidStrikes"],"picked":"champ:ViciousMockery","floor":4},{"not_picked":["champ:ViciousMockery","champ:FanOfKnives"],"picked":"champ:ShieldSlam","floor":6},{"not_picked":["champ:BladeFlurry","champ:GladiatorStyle"],"picked":"champ:PreciseThrust","floor":8},{"not_picked":["champ:DefensiveShout","champ:CrownThrow","champ:EnGarde"],"picked":"SKIP","floor":10},{"not_picked":["champ:PerfectedStrike","champ:BerserkersShout"],"picked":"champ:EnchantShield","floor":11},{"not_picked":["champ:Backstep","champ:DefensiveStyle"],"picked":"champ:RisingSlash","floor":13},{"not_picked":["champ:CrownThrow","champ:BladeFlurry","champ:Haymaker"],"picked":"SKIP","floor":14},{"not_picked":["champ:SwordSigil","champ:Haymaker"],"picked":"champ:BerserkersShout","floor":15},{"not_picked":["champ:ShieldThrow","champ:MurderStrike"],"picked":"champ:VampiricStrike","floor":16},{"not_picked":["champ:DefensiveShout","champ:BerserkersShout"],"picked":"champ:CrookedStrike","floor":19},{"not_picked":["champ:StanceDance","champ:BerserkersShout"],"picked":"champ:GutPunch+1","floor":20},{"not_picked":["champ:FanOfKnives","champ:DefensiveStyle"],"picked":"champ:SteelEdge","floor":21},{"not_picked":["champ:EnGarde+1","champ:ViciousMockery","champ:EnragedBash"],"picked":"SKIP","floor":23},{"not_picked":["champ:AdrenalArmor","champ:BerserkerStyle+1"],"picked":"champ:GutPunch","floor":26},{"not_picked":["champ:GutPunch","champ:BringItOn"],"picked":"champ:EnchantCrown","floor":28}],"player_experience":498189,"relics_obtained":[{"floor":7,"key":"Omamori"},{"floor":11,"key":"champ:SpectersHand"},{"floor":23,"key":"Juzu Bracelet"},{"floor":26,"key":"Strawberry"}],"event_choices":[{"damage_healed":0,"gold_gain":0,"player_choice":"Became a vampire","damage_taken":0,"max_hp_gain":0,"max_hp_loss":32,"event_name":"Vampires","floor":29,"gold_loss":0,"cards_obtained":["Bite","Bite","Bite","Bite","Bite"]}],"is_beta":false,"boss_relics":[{"not_picked":["SacredBark","SlaversCollar"],"picked":"Cursed Key"}],"items_purged_floors":[20],"is_endless":false,"potions_floor_spawned":[4,6,10,13,15,16,23,28],"killed_by":"Slavers","ascension_level":3}}