{"host":"a5lz0e76zb3fcwkm","time":1612278477,"event":{"mods":["AchievementEnabler","BaseMod","Colored Map","Colored Powertips","Minty Spire (QoL Compilation)","StSLib","SuperFastMode"],"gold_per_floor":[109,123,123,133,149,149,176,186,261,275,295,49,49,66,66,144,144,162,162,25,38,88,141,141,141,164,181,198,198,225,13,13,13,13],"floor_reached":33,"language":"KOR","playtime":850,"items_purged":["Strike_R","Writhe","Strike_R"],"score":538,"play_id":"0b31a5f7-b281-4edb-9f01-a75a820f8eff","local_time":"20210203000757","is_ascension_mode":true,"campfire_choices":[{"data":"Blood for Blood","floor":6.0,"key":"SMITH"},{"data":"Dual Wield","floor":15,"key":"SMITH"},{"data":"Shockwave","floor":25,"key":"SMITH"},{"floor":29,"key":"RECALL"},{"data":"Evolve","floor":32,"key":"SMITH"}],"circlet_count":0,"master_deck":["AscendersBane","Strike_R","Strike_R","Defend_R","Defend_R","Defend_R","Defend_R","Bash","Blood for Blood+1","Blood for Blood+1","Dual Wield+1","Disarm","Flame Barrier","Body Slam+1","Feed+1","Shockwave+1","Power Through","Pommel Strike+1","Evolve+1"],"relics":["Burning Blood","Magic Flower","Dead Branch","Molten Egg 2","MealTicket","Unceasing Top","Mark of Pain","Omamori","Blood Vial","Mummified Hand"],"acts_visited":["Exordium","TheCity"],"potions_floor_usage":[18,28,33,33],"damage_taken":[{"damage":14.0,"enemies":"2 Louse","floor":1.0,"turns":3.0},{"damage":7.0,"enemies":"Cultist","floor":2.0,"turns":4.0},{"damage":16.0,"enemies":"Small Slimes","floor":4.0,"turns":3.0},{"damage":11.0,"enemies":"Blue Slaver","floor":5.0,"turns":3.0},{"damage":36,"enemies":"Gremlin Nob","floor":7,"turns":4},{"damage":10,"enemies":"3 Louse","floor":8,"turns":5},{"damage":3,"enemies":"Looter","floor":10,"turns":3},{"damage":7,"enemies":"2 Fungi Beasts","floor":11,"turns":4},{"damage":3,"enemies":"3 Louse","floor":14,"turns":2},{"damage":74,"enemies":"The Guardian","floor":16,"turns":8},{"damage":13,"enemies":"2 Thieves","floor":18,"turns":3},{"damage":21,"enemies":"Chosen","floor":21,"turns":6},{"damage":12,"enemies":"Snecko","floor":27,"turns":4},{"damage":4,"enemies":"Snake Plant","floor":28,"turns":4},{"damage":39,"enemies":"Gremlin Leader","floor":30,"turns":6},{"damage":67,"enemies":"Collector","floor":33,"turns":8}],"seed_played":"-5680918758766573350","potions_obtained":[{"floor":1.0,"key":"SpeedPotion"},{"floor":2.0,"key":"FairyPotion"},{"floor":16,"key":"Swift Potion"},{"floor":18,"key":"Dexterity Potion"},{"floor":30,"key":"ColorlessPotion"}],"is_trial":false,"path_per_floor":["M","M","?","M","M","R","E","M","T","M","M","$","?","M","R","B",null,"M","?","$","M","?","T","?","R","T","M","M","R","E","$","R","B"],"character_chosen":"IRONCLAD","items_purchased":["MealTicket","Shockwave","Evolve"],"campfire_rested":0,"item_purchase_floors":[12,20,31],"current_hp_per_floor":[63,65,65,58,56,56,29,28,28,34,36,36,36,42,42,10,54,50,50,65,53,53,53,53,53,53,53,61,61,34,49,49,0,0],"gold":13,"neow_bonus":"ONE_RARE_RELIC","is_daily":false,"chose_seed":false,"campfire_upgraded":4,"win_rate":0.0,"timestamp":1612278477,"path_taken":["M","M","?","M","M","R","E","?","T","M","M","$","?","M","R","BOSS","M","?","$","M","?","?","?","R","T","M","M","R","E","?","R","BOSS"],"items_purchased_type":["Relic","Card","Card"],"build_version":"2020-12-22","purchased_purges":3,"victory":false,"max_hp_per_floor":[68,68,68,68,68,68,68,68,68,68,68,68,68,68,68,68,68,68,68,68,68,68,68,68,68,68,68,68,68,68,68,68,68,68],"card_choices":[{"not_picked":["Ghostly Armor","Pummel"],"picked":"Blood for Blood","floor":1.0},{"not_picked":["Pommel Strike","Warcry"],"picked":"Blood for Blood","floor":2.0},{"not_picked":["Seeing Red","Anger","Clash"],"picked":"SKIP","floor":4.0},{"not_picked":["Fire Breathing","Intimidate"],"picked":"Dual Wield","floor":5.0},{"not_picked":["Warcry","Sentinel"],"picked":"Disarm","floor":7},{"not_picked":["Clothesline","Anger","Twin Strike"],"picked":"SKIP","floor":8},{"not_picked":["Combust","Power Through"],"picked":"Flame Barrier","floor":10},{"not_picked":["Anger+1","Clothesline+1"],"picked":"Body Slam+1","floor":11},{"not_picked":["Flex","Iron Wave+1","Combust"],"picked":"SKIP","floor":14},{"not_picked":["Bludgeon+1","Juggernaut"],"picked":"Feed+1","floor":16},{"not_picked":["Body Slam+1","Whirlwind+1","Evolve"],"picked":"SKIP","floor":18},{"not_picked":["Perfected Strike+1","Reckless Charge+1"],"picked":"Power Through","floor":21},{"not_picked":["Fire Breathing","Sword Boomerang+1"],"picked":"Pommel Strike+1","floor":27},{"not_picked":["Wild Strike+1","Heavy Blade+1","Havoc"],"picked":"SKIP","floor":28},{"not_picked":["Armaments","Wild Strike+1","Heavy Blade+1"],"picked":"SKIP","floor":30}],"player_experience":1831602,"relics_obtained":[{"floor":7,"key":"Dead Branch"},{"floor":9,"key":"Molten Egg 2"},{"floor":26,"key":"Blood Vial"},{"floor":30,"key":"Mummified Hand"}],"event_choices":[{"damage_healed":0.0,"max_hp_gain":0.0,"max_hp_loss":0.0,"gold_gain":0.0,"event_name":"Upgrade Shrine","player_choice":"Upgraded","floor":3.0,"gold_loss":0.0,"damage_taken":0.0,"cards_upgraded":["Blood for Blood"]},{"damage_healed":0,"gold_gain":0,"player_choice":"Searched \u00271\u0027 times","damage_taken":0,"relics_obtained":["Unceasing Top"],"max_hp_gain":0,"max_hp_loss":0,"event_name":"Dead Adventurer","floor":13,"gold_loss":0},{"damage_healed":0,"gold_gain":0,"player_choice":"Opened","damage_taken":0,"relics_obtained":["Omamori"],"max_hp_gain":0,"max_hp_loss":0,"event_name":"The Mausoleum","floor":19,"gold_loss":0,"cards_obtained":["Writhe"]},{"damage_healed":0,"gold_gain":50,"player_choice":"Stole From Cult","damage_taken":0,"max_hp_gain":0,"max_hp_loss":0,"event_name":"Nest","floor":22,"gold_loss":0},{"cards_removed":["Strike_R"],"damage_healed":0,"gold_gain":0,"player_choice":"Elegance","damage_taken":0,"max_hp_gain":0,"max_hp_loss":0,"event_name":"Back to Basics","floor":24,"gold_loss":0}],"is_beta":false,"boss_relics":[{"not_picked":["Runic Cube","Runic Pyramid"],"picked":"Mark of Pain"}],"items_purged_floors":[12,20,31],"is_endless":false,"potions_floor_spawned":[1,2,7,16,18,30],"killed_by":"Collector","ascension_level":20}}