{"host":"0k696jvpnlqjk4gh","time":1612297712,"event":{"mods":["AchievementEnabler","BaseMod","Colored Map","Colored Powertips","Minty Spire (QoL Compilation)","Quick Restart"],"gold_per_floor":[118,118,137,212,222,222,256,256,256,256,256,285,262,307,319,435,447,459,459],"floor_reached":18,"language":"ENG","playtime":873,"items_purged":[],"score":202,"play_id":"00680e76-760e-4d8f-a240-c335706afc21","local_time":"20210202202832","is_ascension_mode":true,"campfire_choices":[{"data":"White Noise","floor":6,"key":"SMITH"},{"floor":10,"key":"REST"},{"floor":15,"key":"REST"}],"circlet_count":0,"master_deck":["Strike_B","Strike_B","Strike_B","Defend_B","Defend_B","Defend_B","Defend_B","Zap","Dualcast","White Noise+1","Conserve Battery+1","BootSequence","Coolheaded","White Noise","Heatsinks","Buffer"],"relics":["Cracked Core","NeowsBlessing","Meat on the Bone","MawBank","Strawberry","Black Star"],"acts_visited":["Exordium","TheCity"],"potions_floor_usage":[12,12,16],"damage_taken":[{"damage":0,"enemies":"Cultist","floor":1,"turns":1},{"damage":0,"enemies":"2 Louse","floor":3,"turns":1},{"damage":0,"enemies":"Small Slimes","floor":5,"turns":1},{"damage":20,"enemies":"Lagavulin","floor":7,"turns":7},{"damage":37,"enemies":"Gremlin Nob","floor":12,"turns":5},{"damage":6,"enemies":"Lagavulin","floor":14,"turns":9},{"damage":39,"enemies":"Hexaghost","floor":16,"turns":10},{"damage":89,"enemies":"3 Byrds","floor":18,"turns":7}],"seed_played":"-1984185475988736583","potions_obtained":[{"floor":1,"key":"GamblersBrew"},{"floor":7,"key":"AttackPotion"},{"floor":12,"key":"AttackPotion"}],"is_trial":false,"path_per_floor":["M","$","M","?","M","R","E","?","T","R","?","E","?","E","R","B",null,"M"],"character_chosen":"DEFECT","items_purchased":[],"campfire_rested":2,"item_purchase_floors":[],"current_hp_per_floor":[75,75,75,64,64,64,44,37,37,59,59,34,52,53,77,50,82,0,0],"gold":459,"neow_bonus":"THREE_ENEMY_KILL","is_daily":false,"chose_seed":false,"campfire_upgraded":1,"win_rate":0.0,"timestamp":1612297712,"path_taken":["M","$","?","?","M","R","E","?","T","R","?","E","?","E","R","BOSS","M"],"items_purchased_type":[],"build_version":"2020-12-22","purchased_purges":0,"victory":false,"max_hp_per_floor":[75,75,75,75,75,75,75,75,75,75,75,75,75,82,82,82,82,82,82],"card_choices":[{"not_picked":["Rip and Tear","Scrape"],"picked":"White Noise","floor":1},{"not_picked":["Scrape","Barrage"],"picked":"Conserve Battery","floor":3},{"not_picked":["Coolheaded","Leap"],"picked":"BootSequence","floor":5},{"not_picked":["Leap","Auto Shields"],"picked":"Coolheaded","floor":7},{"not_picked":["Steam Power","Compile Driver"],"picked":"White Noise","floor":12},{"not_picked":["Gash","Leap"],"picked":"Heatsinks","floor":14},{"not_picked":["Electrodynamics","Multi-Cast"],"picked":"Buffer","floor":16}],"player_experience":115916,"relics_obtained":[{"floor":7,"key":"Meat on the Bone"},{"floor":12,"key":"MawBank"},{"floor":14,"key":"Strawberry"}],"event_choices":[{"damage_healed":0,"gold_gain":75,"player_choice":"Gather Gold","damage_taken":11,"max_hp_gain":0,"max_hp_loss":0,"event_name":"World of Goop","floor":4,"gold_loss":0},{"cards_removed":["Strike_B"],"damage_healed":0,"gold_gain":0,"player_choice":"Card Removal","damage_taken":7,"max_hp_gain":0,"max_hp_loss":0,"event_name":"Golden Wing","floor":8,"gold_loss":0},{"damage_healed":0,"gold_gain":0,"player_choice":"Grow","damage_taken":0,"max_hp_gain":0,"max_hp_loss":0,"event_name":"Living Wall","floor":11,"gold_loss":0,"cards_upgraded":["Conserve Battery"]},{"damage_healed":18,"gold_gain":0,"player_choice":"Healed","damage_taken":0,"max_hp_gain":0,"max_hp_loss":0,"event_name":"The Cleric","floor":13,"gold_loss":35}],"is_beta":false,"boss_relics":[{"not_picked":["Inserter","SlaversCollar"],"picked":"Black Star"}],"items_purged_floors":[],"is_endless":false,"potions_floor_spawned":[1,7,12],"killed_by":"3 Byrds","ascension_level":3}}