{"host":"n45maixt3qrh0rsz","time":1612260250,"event":{"mods":["ATMod(°¢èªMod)","Act Like it!","Arknights","BaseMod","CapriCore","Dota2Spire","Downfall","Gensokyo","Minty Spire (QoL Compilation)","Quick Restart","Relic Stats","Replay The Spire","StSLib","¡¾ÒÅÎï¿¨ÅÆ¡¿REMEMod"],"gold_per_floor":[99,99,99,99,99,99,151,183,183,194,194,207,7,25,35,35,35,35],"floor_reached":16,"language":"ZHS","playtime":413,"items_purged":[],"score":123,"play_id":"af658ab4-9e51-4a07-8c56-b29420ade4a1","local_time":"20210202180410","is_ascension_mode":false,"campfire_choices":[{"floor":1,"key":"RECALL"},{"floor":6,"key":"REST"},{"floor":13,"key":"REST"}],"circlet_count":0,"master_deck":["Slimebound:Strike_Slimebound","Slimebound:Strike_Slimebound","Slimebound:Strike_Slimebound","Slimebound:Tackle","Slimebound:Defend_Slimebound","Slimebound:Defend_Slimebound","Slimebound:Defend_Slimebound","Slimebound:Defend_Slimebound","Slimebound:Split","Slimebound:CorrosiveSpit","AT_FamilyPortrait+1","Gensokyo:UnlikelyAid","Slimebound:MegaLick","Slimebound:ServeAndProtect","Slimebound:Repurpose","Slimebound:SlimeBarrage","Slimebound:HauntingLick","Slimebound:SplitAcid","Slimebound:Chomp"],"relics":["Slimebound:AbsorbEndCombat","AT_ATBox","REME_ComplimentaryCards","downfall:HeartsMalice","ReplayFunnel","Ring of Searing","Ring of Fury","AT_BellDemon","Kunai","Lantern","Gremlin Horn","Slimebound:StickyStick","Slimebound:SlimedTailRelic","downfall:HeartBlessingGreen","downfall:HeartBlessingRed","Dota2Spire:CrimsonGuard","Letter Opener"],"acts_visited":["Exordium"],"potions_floor_usage":[8,15,16],"damage_taken":[{"damage":0,"enemies":"2 Louse","floor":2,"turns":1},{"damage":0,"enemies":"3 Sentries","floor":8,"turns":1},{"damage":0,"enemies":"Cultist","floor":9,"turns":1},{"damage":13,"enemies":"Small Slimes","floor":10,"turns":3},{"damage":41,"enemies":"Red Slaver","floor":12,"turns":3},{"damage":17,"enemies":"Exordium Thugs","floor":14,"turns":4},{"damage":0,"enemies":"Large Slime","floor":15,"turns":3},{"damage":42,"enemies":"DF_ARCHETYPE_STREAMLINE","floor":16,"turns":6}],"seed_played":"-8727455121852578075","potions_obtained":[{"floor":8,"key":"REME_GoldPotion"},{"floor":10,"key":"Dota2Spire:HealingSalve"},{"floor":15,"key":"Fire Potion"}],"is_trial":false,"path_per_floor":["R","M","?","?","?","R","T","E","M","M","?","M","R","M","M","B"],"character_chosen":"SLIMEBOUND","items_purchased":[],"campfire_rested":2,"item_purchase_floors":[],"current_hp_per_floor":[65,65,58,58,58,65,65,65,65,54,54,15,34,23,37,0,0,0],"gold":35,"neow_bonus":"THREE_ENEMY_KILL","is_daily":false,"chose_seed":false,"campfire_upgraded":0,"win_rate":0.0,"timestamp":1612260250,"path_taken":["R","M","?","?","?","R","T","E","M","M","?","M","R","M","M","BOSS"],"items_purchased_type":[],"build_version":"2020-12-22","purchased_purges":0,"victory":false,"max_hp_per_floor":[65,65,65,65,65,65,65,65,65,65,65,65,65,65,65,65,65,65],"relic_stats":{"Gremlin Horn":[3,3],"counters":[8,19],"Kunai":[3],"Letter Opener":[10],"obtain_stats":[{"ReplayFunnel":3,"AT_BellDemon":7,"Lantern":8,"AT_ATBox":0,"Gremlin Horn":9,"downfall:HeartBlessingRed":13,"downfall:HeartsMalice":0,"downfall:HeartBlessingGreen":13,"Letter Opener":15,"Ring of Searing":4,"Dota2Spire:CrimsonGuard":14,"Slimebound:StickyStick":10,"Ring of Fury":4,"Slimebound:AbsorbEndCombat":0,"Kunai":8,"Slimebound:SlimedTailRelic":12,"REME_ComplimentaryCards":0},{"ReplayFunnel":1,"AT_BellDemon":1,"Lantern":2,"AT_ATBox":0,"Gremlin Horn":3,"downfall:HeartBlessingRed":5,"downfall:HeartsMalice":0,"downfall:HeartBlessingGreen":5,"Letter Opener":7,"Ring of Searing":1,"Dota2Spire:CrimsonGuard":6,"Slimebound:StickyStick":4,"Ring of Fury":1,"Slimebound:AbsorbEndCombat":0,"Kunai":2,"Slimebound:SlimedTailRelic":5,"REME_ComplimentaryCards":0},{"ReplayFunnel":0,"AT_BellDemon":0,"Lantern":0,"AT_ATBox":0,"Gremlin Horn":0,"downfall:HeartBlessingRed":6,"downfall:HeartsMalice":0,"downfall:HeartBlessingGreen":6,"Letter Opener":13,"Ring of Searing":0,"Dota2Spire:CrimsonGuard":10,"Slimebound:StickyStick":3,"Ring of Fury":0,"Slimebound:AbsorbEndCombat":0,"Kunai":0,"Slimebound:SlimedTailRelic":6,"REME_ComplimentaryCards":0}]},"card_choices":[{"not_picked":["Slimebound:ItLooksTasty","Slimebound:GoopSpray"],"picked":"Slimebound:MegaLick","floor":2},{"not_picked":["Slimebound:RollThrough","Slimebound:OneTwoCombo"],"picked":"Slimebound:ServeAndProtect","floor":8},{"not_picked":["Slimebound:SamplingLick","Slimebound:LeechingTouch"],"picked":"Slimebound:Repurpose","floor":9},{"not_picked":["Slimebound:GoopSpray","Slimebound:Schlurp"],"picked":"Slimebound:SlimeBarrage","floor":10},{"not_picked":["Slimebound:Dissolve","Slimebound:SamplingLick"],"picked":"Slimebound:HauntingLick","floor":12},{"not_picked":["Slimebound:Recollect","Slimebound:GoopSpray"],"picked":"Slimebound:SplitAcid","floor":14},{"not_picked":["Slimebound:Schlurp","Slimebound:SlimeSpikes"],"picked":"Slimebound:Chomp","floor":15}],"player_experience":66680,"relics_obtained":[{"floor":4,"key":"Ring of Searing"},{"floor":4,"key":"Ring of Fury"},{"floor":7,"key":"AT_BellDemon"},{"floor":8,"key":"Kunai"},{"floor":8,"key":"Lantern"},{"floor":9,"key":"Gremlin Horn"},{"floor":10,"key":"Slimebound:StickyStick"},{"floor":12,"key":"Slimebound:SlimedTailRelic"},{"floor":14,"key":"Dota2Spire:CrimsonGuard"},{"floor":15,"key":"Letter Opener"}],"event_choices":[{"damage_healed":0,"gold_gain":0,"player_choice":"Success","damage_taken":7,"relics_obtained":["ReplayFunnel"],"max_hp_gain":0,"max_hp_loss":0,"event_name":"Scrap Ooze","floor":3,"gold_loss":0},{"cards_removed":["Looming Evil"],"damage_healed":0,"gold_gain":0,"player_choice":"Forget","damage_taken":0,"max_hp_gain":0,"max_hp_loss":0,"event_name":"Living Wall","floor":5,"gold_loss":0}],"is_beta":false,"boss_relics":[],"items_purged_floors":[],"is_endless":false,"potions_floor_spawned":[8,10,15],"killed_by":"DF_ARCHETYPE_STREAMLINE","ascension_level":0}}