{"host":"vt6dr1xq3iy14a3e","time":1612224981,"event":{"mods":["AchievementEnabler","BaseMod","Colored Map","DeckTracker","Minty Spire (QoL Compilation)","StSLib","SuperFastMode"],"gold_per_floor":[110,35,48,123,135,135,145,165,165,165,165,165,165,7,7,111,111,111,111,111,111,36,36,36,36,36,36,36,36,0,0,0,0,0,0,0,0,0,0,0,0,0,0,0,0,0,0,0,0,0,0],"floor_reached":50,"language":"KOR","playtime":2133,"items_purged":["Strike_P"],"score":613,"play_id":"9cf428ed-da22-4438-a526-cf9a5c28f053","local_time":"20210202091621","is_ascension_mode":true,"campfire_choices":[{"data":"Eruption","floor":6,"key":"SMITH"},{"floor":13,"key":"REST"},{"data":"Adaptation","floor":15,"key":"SMITH"},{"data":"Vault","floor":23,"key":"SMITH"},{"data":"Vault","floor":25,"key":"SMITH"},{"floor":32,"key":"REST"},{"data":"ClearTheMind","floor":40,"key":"SMITH"},{"data":"DevaForm","floor":49,"key":"SMITH"}],"circlet_count":0,"master_deck":["Strike_P","Strike_P","Strike_P","Defend_P","Defend_P","Defend_P","Eruption+1","Vigilance","Adaptation+1","Adaptation+1","Consecrate","BowlingBash","Perseverance","ClearTheMind+1","Vault+1","Vault+1","FollowUp+1","FlyingSleeves+1","Crescendo","Adaptation+1","FlyingSleeves","DevaForm+1","Vault+1","WheelKick","EmptyMind+1","Doubt","ClearTheMind+1"],"relics":["Runic Dome","Letter Opener","Pantograph","Ectoplasm","Question Card","Ornamental Fan","VioletLotus","Red Mask","Art of War","InkBottle"],"acts_visited":["Exordium","TheCity","TheBeyond"],"potions_floor_usage":[19,29,31,33,35,45,50,50],"damage_taken":[{"damage":4,"enemies":"Jaw Worm","floor":1,"turns":3},{"damage":0,"enemies":"Small Slimes","floor":3,"turns":3},{"damage":5,"enemies":"2 Louse","floor":5,"turns":3},{"damage":11,"enemies":"2 Fungi Beasts","floor":7,"turns":3},{"damage":11,"enemies":"Blue Slaver","floor":8,"turns":4},{"damage":24,"enemies":"Slime Boss","floor":16,"turns":7},{"damage":12,"enemies":"Shell Parasite","floor":18,"turns":4},{"damage":0,"enemies":"3 Byrds","floor":19,"turns":3},{"damage":24,"enemies":"Snake Plant","floor":20,"turns":6},{"damage":4,"enemies":"Centurion and Healer","floor":24,"turns":5},{"damage":0,"enemies":"3 Cultists","floor":27,"turns":4},{"damage":35,"enemies":"Slavers","floor":29,"turns":4},{"damage":0,"enemies":"Snecko","floor":31,"turns":4},{"damage":25,"enemies":"Collector","floor":33,"turns":7},{"damage":43,"enemies":"3 Darklings","floor":35,"turns":5},{"damage":18,"enemies":"3 Shapes","floor":38,"turns":5},{"damage":34,"enemies":"Maw","floor":41,"turns":7},{"damage":6,"enemies":"Spire Growth","floor":45,"turns":4},{"damage":17,"enemies":"Sphere and 2 Shapes","floor":48,"turns":5},{"damage":82,"enemies":"Time Eater","floor":50,"turns":5}],"seed_played":"6866649649012478247","potions_obtained":[{"floor":5,"key":"SpeedPotion"},{"floor":8,"key":"DistilledChaos"},{"floor":18,"key":"AttackPotion"},{"floor":29,"key":"ColorlessPotion"},{"floor":31,"key":"AttackPotion"},{"floor":35,"key":"EssenceOfSteel"},{"floor":45,"key":"LiquidBronze"},{"floor":48,"key":"FearPotion"}],"is_trial":false,"path_per_floor":["M","$","M","?","M","R","M","M","T","?","T","?","R","$","R","B",null,"M","M","M","?","$","R","M","R","T","M","?","E","?","M","R","B",null,"M","?","?","M","?","R","M","T","T","?","M","$","?","M","R","B"],"character_chosen":"WATCHER","items_purchased":["Adaptation","Vault"],"campfire_rested":2,"item_purchase_floors":[2,14],"current_hp_per_floor":[61,61,61,50,45,45,34,23,23,23,23,16,37,37,37,38,64,52,52,28,52,52,52,48,48,48,48,48,13,13,13,34,34,63,20,63,63,45,45,45,11,11,11,11,5,5,63,46,46,0,0],"gold":0,"neow_bonus":"BOSS_RELIC","is_daily":false,"chose_seed":false,"campfire_upgraded":6,"win_rate":0.0,"timestamp":1612224981,"path_taken":["M","$","M","?","M","R","M","M","T","?","?","?","R","?","R","BOSS","M","M","M","?","$","R","M","R","T","M","?","E","?","M","R","BOSS","M","?","?","?","?","R","M","?","T","?","?","$","?","M","R","BOSS"],"items_purchased_type":["Card","Card"],"build_version":"2020-12-22","purchased_purges":1,"victory":false,"max_hp_per_floor":[72,72,72,72,72,72,72,72,72,72,72,72,72,72,72,72,72,72,72,72,72,72,72,72,72,72,72,72,72,72,72,72,72,72,72,63,63,63,63,63,63,63,63,63,63,63,63,63,63,63,63],"card_choices":[{"not_picked":["ThirdEye","WaveOfTheHand"],"picked":"Adaptation","floor":1},{"not_picked":["Evaluate","Crescendo"],"picked":"Consecrate","floor":3},{"not_picked":["Consecrate","EmptyBody"],"picked":"BowlingBash","floor":5},{"not_picked":["EmptyBody","BowlingBash"],"picked":"Perseverance","floor":7},{"not_picked":["JustLucky","Halt"],"picked":"ClearTheMind","floor":8},{"not_picked":["Ragnarok","Brilliance"],"picked":"Vault","floor":16},{"not_picked":["SashWhip","Halt"],"picked":"FollowUp+1","floor":18},{"not_picked":["FollowUp","ThirdEye","CrushJoints"],"picked":"SKIP","floor":19},{"not_picked":["ClearTheMind","Pray"],"picked":"FlyingSleeves+1","floor":20},{"not_picked":["Consecrate","Wallop"],"picked":"Crescendo","floor":24},{"not_picked":["Protect","WaveOfTheHand+1","Evaluate"],"picked":"Adaptation+1","floor":27},{"not_picked":["SashWhip","Prostrate","SpiritShield","EmptyBody"],"picked":"SKIP","floor":29},{"not_picked":["FlyingSleeves","Wireheading","ThirdEye","EmptyFist"],"picked":"SKIP","floor":31},{"not_picked":["Wireheading","ThirdEye","EmptyFist"],"picked":"FlyingSleeves","floor":31},{"not_picked":["Wish","Devotion","Brilliance"],"picked":"DevaForm","floor":33},{"not_picked":["BowlingBash","LikeWater","EmptyFist","Consecrate"],"picked":"SKIP","floor":35},{"not_picked":["Collect","FlyingSleeves+1","ThirdEye+1","TalkToTheHand+1"],"picked":"SKIP","floor":38},{"not_picked":["Pray","EmptyFist","FollowUp","BattleHymn"],"picked":"SKIP","floor":41},{"not_picked":["Swivel","Prostrate+1","EmptyFist+1"],"picked":"EmptyMind+1","floor":45},{"not_picked":["FlurryOfBlows+1","EmptyFist+1","SpiritShield"],"picked":"ClearTheMind+1","floor":48}],"player_experience":1016268,"relics_obtained":[{"floor":9,"key":"Letter Opener"},{"floor":11,"key":"Pantograph"},{"floor":26,"key":"Question Card"},{"floor":29,"key":"Ornamental Fan"},{"floor":42,"key":"Art of War"},{"floor":43,"key":"InkBottle"}],"event_choices":[{"damage_healed":0,"gold_gain":75,"player_choice":"Gather Gold","damage_taken":11,"max_hp_gain":0,"max_hp_loss":0,"event_name":"World of Goop","floor":4,"gold_loss":0},{"damage_healed":0,"gold_gain":0,"player_choice":"Grow","damage_taken":0,"max_hp_gain":0,"max_hp_loss":0,"event_name":"Living Wall","floor":10,"gold_loss":0,"cards_upgraded":["Adaptation"]},{"cards_removed":["Defend_P"],"damage_healed":0,"gold_gain":0,"player_choice":"Card Removal","damage_taken":7,"max_hp_gain":0,"max_hp_loss":0,"event_name":"Golden Wing","floor":12,"gold_loss":0},{"damage_healed":24,"gold_gain":0,"player_choice":"Heal","damage_taken":0,"max_hp_gain":0,"max_hp_loss":0,"event_name":"The Library","floor":21,"gold_loss":0},{"damage_healed":0,"gold_gain":0,"player_choice":"Ignored","damage_taken":0,"max_hp_gain":0,"max_hp_loss":0,"event_name":"Vampires","floor":28,"gold_loss":0},{"damage_healed":0,"gold_gain":0,"player_choice":"Paid Fearfully","damage_taken":0,"max_hp_gain":0,"max_hp_loss":0,"event_name":"Masked Bandits","floor":30,"gold_loss":36},{"damage_healed":63,"gold_gain":0,"player_choice":"Heal","damage_taken":0,"max_hp_gain":0,"max_hp_loss":9,"event_name":"The Moai Head","floor":36,"gold_loss":0},{"damage_healed":0,"gold_gain":0,"player_choice":"Copied","damage_taken":0,"max_hp_gain":0,"max_hp_loss":0,"event_name":"Duplicator","floor":37,"gold_loss":0,"cards_obtained":["Vault"]},{"damage_healed":0,"gold_gain":0,"player_choice":"Paid","damage_taken":0,"relics_obtained":["Red Mask"],"max_hp_gain":0,"max_hp_loss":0,"event_name":"Tomb of Lord Red Mask","floor":39,"gold_loss":0},{"damage_healed":0,"gold_gain":0,"player_choice":"1 cards matched","damage_taken":0,"max_hp_gain":0,"max_hp_loss":0,"event_name":"Match and Keep!","floor":44,"gold_loss":0,"cards_obtained":["WheelKick"]},{"damage_healed":58,"gold_gain":0,"player_choice":"Heal","damage_taken":0,"max_hp_gain":0,"max_hp_loss":0,"event_name":"MindBloom","floor":47,"gold_loss":0,"cards_obtained":["Doubt"]}],"is_beta":false,"boss_relics":[{"not_picked":["Cursed Key","Snecko Eye"],"picked":"Ectoplasm"},{"not_picked":["Coffee Dripper","SacredBark"],"picked":"VioletLotus"}],"items_purged_floors":[22],"is_endless":false,"potions_floor_spawned":[5,8,18,29,31,35,45,48],"killed_by":"Time Eater","ascension_level":6}}