{"host":"dscols65uipasqd2","time":1612230502,"event":{"mods":["2.2 Compatiblity","AchievementEnabler","Aspiration","BaseMod","Colored Powertips","Downfall","Energized Spire","GifTheSpireLib","Hermit","Hubris","Infinite Spire","JesterMod","Jorbs\u0027s Wanderer Trilogy","Magitek Elite","Marisa????????","Minty Spire (QoL Compilation)","Rare Cards Sparkle","Replay The Spire","StSLib","Stuff the Spire","The Cursed","The Disciple","The Hierophant","The Judge","The Jungle","TheFirefly"],"gold_per_floor":[99,13,13,13,13,45,45,72,91,91,106,125,25,25,36,138,138,38,58,58,75,34,66,66,66,66,66,66,79,79,79,99,59,59,59],"floor_reached":33,"language":"ENG","playtime":2455,"items_purged":["sneckomod:Defend"],"score":323,"play_id":"c6372732-e4f0-485f-9115-d27e8760cf06","local_time":"20210201204822","is_ascension_mode":true,"campfire_choices":[{"floor":1,"key":"RECALL"},{"floor":10,"key":"REST"},{"floor":13,"key":"REST"},{"data":"sneckomod:UnendingSupply","floor":18,"key":"SMITH"},{"floor":30,"key":"REST"}],"circlet_count":0,"master_deck":["sneckomod:TailWhip","sneckomod:SnekBite","sneckomod:Unknown","sneckomod:Unknown+1","sneckomod:UnknownVulnerable","sneckomod:UnendingSupply+1","sneckomod:QuickMove","sneckomod:CheapStock","sneckomod:MorePower","sneckomod:UnknownClassBLUE+1","sneckomod:ImprovisedGuard","sneckomod:UnknownRarePower+1","sneckomod:UnknownDexterity","sneckomod:UnknownClassDEFAULT_GRAY_COLOR","sneckomod:UnknownClassTHE_CHAMP_GRAY+1","sneckomod:SerpentIdol","sneckomod:UnknownClassTHE_BRONZE_AUTOMATON+1","sneckomod:UnknownVulnerable","sneckomod:UnknownCommonSkill","sneckomod:UnknownColorless+1","sneckomod:Unknown3Cost","sneckomod:UnknownCommonAttack+1","sneckomod:SnekBeam","infinitespire:Collect","infinitespire:Oblivion","sneckomod:UnknownDexterity+1","sneckomod:UnknownDexterity+1","sneckomod:UnknownCommonAttack","sneckomod:Nope","sneckomod:UnknownUncommonPower+1","StuffTheSpire:Harmony","Pain","sneckomod:UnknownClassFIREFLY_COLOR+1","sneckomod:UnknownClassGREEN+1","sneckomod:UnknownUncommonAttack","sneckomod:UnknownWeak","sneckomod:UnknownStrike","sneckomod:UnknownStrength","sneckomod:UnknownStrength","sneckomod:UnknownX+1"],"relics":["sneckomod:SneckoSoul","downfall:HeartsMalice","aspiration:FetidBarrel","Tiny Chest","downfall:HeartBlessingRed","downfall:BrokenWingStatue","SlaversCollar","downfall:HeartBlessingGreen","StuffTheSpire:ForceGauntlet","White Beast Statue","StuffTheSpire:Wildfire","hubris:Icosahedron","StuffTheSpire:ForceGauntlet","StuffTheSpire:SapphireSignet"],"acts_visited":["Exordium","TheCity"],"potions_floor_usage":[6,8,12,12,12,16,22,29,32,33],"damage_taken":[{"damage":0,"enemies":"downfall:FleeingMerchant","floor":2,"turns":1},{"damage":0,"enemies":"downfall:FleeingMerchant","floor":4,"turns":1},{"damage":0,"enemies":"Cultist","floor":5,"turns":1},{"damage":23,"enemies":"Lagavulin","floor":6,"turns":9},{"damage":10,"enemies":"3 Sentries","floor":8,"turns":9},{"damage":12,"enemies":"Jaw Worm","floor":9,"turns":3},{"damage":14,"enemies":"Small Slimes","floor":11,"turns":6},{"damage":30,"enemies":"Exordium Wildlife","floor":12,"turns":5},{"damage":23,"enemies":"2 Fungi Beasts","floor":15,"turns":4},{"damage":30,"enemies":"DF_ARCHETYPE_STREAMLINE","floor":16,"turns":9},{"damage":41,"enemies":"3 Byrds","floor":19,"turns":7},{"damage":14,"enemies":"Shell Parasite","floor":21,"turns":5},{"damage":0,"enemies":"downfall:FleeingMerchant","floor":22,"turns":4},{"damage":17,"enemies":"Nightmare","floor":23,"turns":7},{"damage":26,"enemies":"Snake Plant","floor":29,"turns":3},{"damage":35,"enemies":"Centurion and Healer","floor":32,"turns":9},{"damage":56,"enemies":"SI_MIRROR_ARCHETYPE","floor":33,"turns":8}],"seed_played":"-3874949153006563588","potions_obtained":[{"floor":8,"key":"Swift Potion"},{"floor":9,"key":"sneckomod:OffclassReductionPotion"},{"floor":12,"key":"ColorlessPotion"},{"floor":19,"key":"DuplicationPotion"},{"floor":23,"key":"DuplicationPotion"},{"floor":29,"key":"Explosive Potion"},{"floor":32,"key":"sneckomod:DiceRollPotion"}],"is_trial":false,"path_per_floor":["R","$","?","$","M","E","T","E","M","R","M","M","R","?","M","B",null,"R","M","AVR","M","$","NM","T","?","?","T","?","M","R","?","M","B"],"character_chosen":"THE_SNECKO","items_purchased":["sneckomod:UnendingSupply","sneckomod:QuickMove","sneckomod:Nope"],"campfire_rested":3,"item_purchase_floors":[2,2,22],"current_hp_per_floor":[90,90,90,90,90,67,67,57,45,72,58,28,55,55,32,6,90,90,49,49,45,45,33,33,33,33,33,33,16,43,43,31,0,0,0],"gold":59,"neow_bonus":"THREE_ENEMY_KILL","is_daily":false,"chose_seed":false,"campfire_upgraded":1,"win_rate":0.0,"timestamp":1612230502,"path_taken":["R","$","?","$","?","E","T","E","M","R","M","M","R","?","M","BOSS","R","M","AVR","M","$","NM","T","?","?","?","?","M","R","?","M","BOSS"],"items_purchased_type":["Card","Card","Card"],"build_version":"2020-12-22","purchased_purges":1,"victory":false,"max_hp_per_floor":[90,90,90,90,90,90,90,90,90,90,90,90,90,90,90,90,90,90,90,90,90,90,90,90,90,90,90,90,90,90,90,90,90,90,90],"card_choices":[{"not_picked":["sneckomod:IronFang","sneckomod:MixItUp"],"picked":"sneckomod:UnknownVulnerable","floor":2},{"not_picked":["sneckomod:UnknownClassSLIMEBOUND","sneckomod:Unknown1Cost"],"picked":"sneckomod:CheapStock","floor":4},{"not_picked":["sneckomod:UnknownStrength","sneckomod:UnknownVulnerable"],"picked":"sneckomod:MorePower","floor":5},{"not_picked":["sneckomod:UnknownClassFIREFLY_COLOR+1","sneckomod:UnknownClassINFINITE_BLACK+1"],"picked":"sneckomod:UnknownClassBLUE+1","floor":6},{"not_picked":["sneckomod:RainOfDice","sneckomod:DiceBoulder"],"picked":"sneckomod:ImprovisedGuard","floor":6},{"not_picked":["sneckomod:UnknownClassGREEN+1","sneckomod:UnknownClassJESTER_ORANGE+1"],"picked":"sneckomod:UnknownRarePower+1","floor":8},{"not_picked":["sneckomod:CheapStock","sneckomod:UnendingSupply"],"picked":"sneckomod:UnknownDexterity","floor":8},{"not_picked":["sneckomod:UnknownClassTHE_CURSED_PURPLE","sneckomod:UnknownClassGREEN"],"picked":"sneckomod:UnknownClassDEFAULT_GRAY_COLOR","floor":9},{"not_picked":["sneckomod:UnknownClassWANDERER_GRAY_COLOR+1","sneckomod:UnknownClassRED+1"],"picked":"sneckomod:UnknownClassTHE_CHAMP_GRAY+1","floor":11},{"not_picked":["sneckomod:MixItUp","sneckomod:UnknownClassHEXA_GHOST_PURPLE"],"picked":"sneckomod:SerpentIdol","floor":11},{"not_picked":["sneckomod:Unknown2Cost+1","sneckomod:UnknownStrength+1"],"picked":"sneckomod:UnknownClassTHE_BRONZE_AUTOMATON+1","floor":12},{"not_picked":["sneckomod:UnknownClassLAVENDER","sneckomod:UnknownX"],"picked":"sneckomod:UnknownVulnerable","floor":12},{"not_picked":["sneckomod:UnknownClassMARISA_COLOR","sneckomod:Memorize"],"picked":"sneckomod:UnknownCommonSkill","floor":15},{"not_picked":["sneckomod:UnknownClassTHE_CHAMP_GRAY+1","sneckomod:UnknownClassBLUE+1"],"picked":"sneckomod:UnknownColorless+1","floor":16},{"not_picked":["sneckomod:Restock","sneckomod:Cheat"],"picked":"sneckomod:Unknown3Cost","floor":16},{"not_picked":["sneckomod:UnknownClassCHRONO_GOLD+1","sneckomod:UnknownClassINFINITE_BLACK+1"],"picked":"sneckomod:UnknownCommonAttack+1","floor":19},{"not_picked":["sneckomod:UnknownClassMARISA_COLOR","sneckomod:UnknownClassMARISA_DERIVATIONS"],"picked":"sneckomod:SnekBeam","floor":19},{"not_picked":["sneckomod:DiceBoulder","sneckomod:UnknownStrike"],"picked":"sneckomod:UnknownDexterity+1","floor":21},{"not_picked":["sneckomod:Unknown0Cost+1","sneckomod:UnknownCommonSkill+1"],"picked":"sneckomod:UnknownDexterity+1","floor":22},{"not_picked":["sneckomod:UnendingSupply","sneckomod:UnknownClassHEXA_GHOST_PURPLE"],"picked":"sneckomod:UnknownCommonAttack","floor":22},{"not_picked":["sneckomod:UnknownClassBLUE+1","sneckomod:UnknownClassGREEN"],"picked":"sneckomod:UnknownUncommonPower+1","floor":23},{"not_picked":["sneckomod:UnknownCommonSkill+1","sneckomod:UnknownClassLAVENDER+1"],"picked":"sneckomod:UnknownClassFIREFLY_COLOR+1","floor":29},{"not_picked":["sneckomod:UnknownCommonAttack","sneckomod:Rotation"],"picked":"sneckomod:UnknownClassGREEN+1","floor":29},{"not_picked":["sneckomod:UnknownDraw","sneckomod:UnknownClassMARISA_DERIVATIONS+1"],"picked":"sneckomod:UnknownX+1","floor":32}],"player_experience":540199,"relics_obtained":[{"floor":6,"key":"aspiration:FetidBarrel"},{"floor":8,"key":"Tiny Chest"},{"floor":23,"key":"White Beast Statue"},{"floor":24,"key":"StuffTheSpire:Wildfire"},{"floor":27,"key":"StuffTheSpire:SapphireSignet"}],"event_choices":[],"is_beta":false,"boss_relics":[{"not_picked":["SacredBark","Busted Crown"],"picked":"SlaversCollar"}],"items_purged_floors":[20],"is_endless":false,"potions_floor_spawned":[8,9,11,12,19,23,29,32],"killed_by":"SI_MIRROR_ARCHETYPE","ascension_level":2}}