{"host":"570h1xlbg9sstasg","time":1612270404,"event":{"mods":["AchievementEnabler","BaseMod","Bestiary","Block Reminder","Colored Powertips","Curses Come First","Highlight Path","Minty Spire (QoL Compilation)","Quick Restart","Random Character Button","Relic Stats","Spire Arcade","StSLib"],"gold_per_floor":[119,130,144,159,175,175,193,204,204,232,232,257,257,33,33,138,138,148,148,148,48,65,65,84,109,134,151,162,162,194,206,206,305,305,318,337,355,355,355,355],"floor_reached":39,"language":"ENG","playtime":2857,"items_purged":[],"score":640,"play_id":"f87f11f7-6b24-4d26-b256-40116000e054","local_time":"20210202145324","is_ascension_mode":true,"campfire_choices":[{"data":"Inflame","floor":6,"key":"SMITH"},{"floor":11,"key":"REST"},{"data":"Armaments","floor":15,"key":"SMITH"},{"data":"Flex","floor":23,"key":"SMITH"},{"data":"Rupture","floor":29,"key":"SMITH"},{"floor":32,"key":"DIG"}],"circlet_count":0,"master_deck":["Defend_R","Defend_R","Defend_R","Bash","Brutality+1","Reaper+1","Iron Wave+1","Thunderclap","Inflame+1","Dark Embrace","Flame Barrier","Uppercut","Pommel Strike","Whirlwind+1","Sword Boomerang","Feel No Pain","Armaments+1","Reaper","Evolve+1","Bite","Bite","Bite","Bite","Bite","Reckless Charge","Shrug It Off","Flex+1","Feel No Pain","Exhume","Rupture+1","Havoc","Entrench","Offering","Heavy Blade+1","Parasite","Sword Boomerang+1"],"relics":["Astrolabe","Mummified Hand","Kunai","Thread and Needle","OrangePellets","Philosopher\u0027s Stone","Lantern","Boot","Shovel","Red Skull","Black Star"],"acts_visited":["Exordium","TheCity","TheBeyond"],"potions_floor_usage":[3,8,10,22,27,28,33,37,37],"damage_taken":[{"damage":7.0,"enemies":"Cultist","floor":1.0,"turns":4.0},{"damage":2.0,"enemies":"2 Louse","floor":2.0,"turns":2.0},{"damage":4,"enemies":"Jaw Worm","floor":3,"turns":3},{"damage":28,"enemies":"Lots of Slimes","floor":4,"turns":4},{"damage":19,"enemies":"Large Slime","floor":5,"turns":7},{"damage":7,"enemies":"Blue Slaver","floor":7,"turns":4},{"damage":35,"enemies":"Exordium Thugs","floor":8,"turns":6},{"damage":15,"enemies":"Lagavulin","floor":10,"turns":5},{"damage":19,"enemies":"3 Sentries","floor":12,"turns":5},{"damage":19,"enemies":"Slime Boss","floor":16,"turns":7},{"damage":10,"enemies":"Chosen","floor":18,"turns":4},{"damage":7,"enemies":"Shell Parasite","floor":22,"turns":3},{"damage":25,"enemies":"Cultist and Chosen","floor":24,"turns":5},{"damage":34,"enemies":"Gremlin Leader","floor":25,"turns":5},{"damage":1,"enemies":"Snake Plant","floor":27,"turns":2},{"damage":24,"enemies":"Centurion and Healer","floor":28,"turns":6},{"damage":10,"enemies":"Book of Stabbing","floor":30,"turns":4},{"damage":11,"enemies":"Snecko","floor":31,"turns":6},{"damage":80,"enemies":"Automaton","floor":33,"turns":9},{"damage":58,"enemies":"3 Shapes","floor":35,"turns":4},{"damage":22,"enemies":"3 Darklings","floor":36,"turns":2},{"damage":58,"enemies":"Writhing Mass","floor":37,"turns":5},{"damage":32,"enemies":"Spire Growth","floor":39,"turns":3}],"seed_played":"-8822597536570686672","potions_obtained":[{"floor":1.0,"key":"SteroidPotion"},{"floor":5,"key":"Ancient Potion"},{"floor":7,"key":"BloodPotion"},{"floor":8,"key":"AttackPotion"},{"floor":18,"key":"Explosive Potion"},{"floor":25,"key":"LiquidMemories"},{"floor":27,"key":"Block Potion"},{"floor":30,"key":"DistilledChaos"},{"floor":33,"key":"EssenceOfSteel"},{"floor":37,"key":"Fruit Juice"}],"is_trial":false,"path_per_floor":["M","M","M","M","M","R","M","M","T","E","R","E","?","$","R","B",null,"M","?","?","$","M","R","M","E","T","M","M","R","E","M","R","B",null,"M","M","M","?","M"],"character_chosen":"IRONCLAD","items_purchased":["Feel No Pain","Armaments","OrangePellets","Reckless Charge","Shrug It Off"],"campfire_rested":1,"item_purchase_floors":[14,14,14,21,21],"current_hp_per_floor":[72,70,80,72,73,73,66,55,55,47,71,52,52,52,52,33,68,62,56,47,47,46,46,40,34,34,33,51,51,49,61,61,23,52,23,29,9,8,0,0],"gold":355,"neow_bonus":"BOSS_RELIC","is_daily":false,"chose_seed":false,"campfire_upgraded":4,"win_rate":0.0,"timestamp":1612270404,"path_taken":["M","M","M","?","M","R","M","M","T","E","R","E","?","$","R","BOSS","M","?","?","$","?","R","M","E","T","M","M","R","E","M","R","BOSS","M","M","?","?","M"],"items_purchased_type":["Card","Card","Relic","Card","Card"],"build_version":"2020-12-22","purchased_purges":0,"victory":false,"max_hp_per_floor":[80,80,80,80,80,80,80,80,80,80,80,80,80,80,80,80,80,80,56,61,61,61,61,61,61,61,61,61,61,61,61,61,61,61,61,61,66,66,66,66],"relic_stats":{"OrangePellets":[12],"Shovel":1,"counters":[23,105],"Mummified Hand":[86],"Astrolabe":["Brutality","Reaper","Iron Wave"],"Black Star":0,"Kunai":[28],"Boot":[10],"obtain_stats":[{"OrangePellets":14,"Lantern":25,"Shovel":30,"Mummified Hand":9,"Astrolabe":0,"Thread and Needle":12,"Philosopher\u0027s Stone":17,"Black Star":34,"Kunai":10,"Boot":26,"Burning Blood":0,"Red Skull":32},{"OrangePellets":9,"Lantern":14,"Shovel":17,"Mummified Hand":7,"Astrolabe":0,"Thread and Needle":9,"Philosopher\u0027s Stone":10,"Black Star":19,"Kunai":8,"Boot":14,"Burning Blood":0,"Red Skull":18},{"OrangePellets":40,"Lantern":64,"Shovel":76,"Mummified Hand":30,"Astrolabe":0,"Thread and Needle":40,"Philosopher\u0027s Stone":47,"Black Star":91,"Kunai":35,"Boot":64,"Burning Blood":0,"Red Skull":82}]},"card_choices":[{"not_picked":["Dropkick","Infernal Blade"],"picked":"Thunderclap","floor":1.0},{"not_picked":["Disarm","Twin Strike"],"picked":"Inflame","floor":2.0},{"not_picked":["Twin Strike","Heavy Blade"],"picked":"Dark Embrace","floor":3},{"not_picked":["Combust","Feel No Pain"],"picked":"Flame Barrier","floor":4},{"not_picked":["Shrug It Off","Clash"],"picked":"Uppercut","floor":5},{"not_picked":["Perfected Strike","Thunderclap"],"picked":"Pommel Strike","floor":7},{"not_picked":["Impervious","Twin Strike"],"picked":"Whirlwind","floor":8},{"not_picked":["Body Slam","True Grit"],"picked":"Sword Boomerang","floor":10},{"not_picked":["Flame Barrier","Iron Wave","Cleave"],"picked":"SKIP","floor":12},{"not_picked":["Brutality","Berserk"],"picked":"Reaper","floor":16},{"not_picked":["Sword Boomerang","Wild Strike"],"picked":"Evolve+1","floor":18},{"not_picked":["Disarm+1","Clothesline"],"picked":"Flex","floor":22},{"not_picked":["Sentinel","Intimidate"],"picked":"Feel No Pain","floor":24},{"not_picked":["Sever Soul+1","Pommel Strike"],"picked":"Exhume","floor":25},{"not_picked":["Perfected Strike+1","Havoc"],"picked":"Rupture","floor":27},{"not_picked":["Body Slam","Perfected Strike"],"picked":"Havoc","floor":28},{"not_picked":["Carnage","Berserk"],"picked":"Entrench","floor":30},{"not_picked":["Anger+1","Perfected Strike","Clash"],"picked":"SKIP","floor":31},{"not_picked":["Brutality","Fiend Fire"],"picked":"Offering","floor":33},{"not_picked":["Carnage","Rampage"],"picked":"Heavy Blade+1","floor":35},{"not_picked":["Wild Strike","Armaments","Sever Soul"],"picked":"SKIP","floor":36},{"not_picked":["Iron Wave+1","Cleave+1"],"picked":"Sword Boomerang+1","floor":37}],"player_experience":370099,"relics_obtained":[{"floor":9,"key":"Mummified Hand"},{"floor":10,"key":"Kunai"},{"floor":12,"key":"Thread and Needle"},{"floor":25,"key":"Lantern"},{"floor":26,"key":"Boot"},{"floor":30,"key":"Shovel"},{"floor":32,"key":"Red Skull"}],"event_choices":[{"damage_healed":0,"gold_gain":0,"player_choice":"Upgraded","damage_taken":0,"max_hp_gain":0,"max_hp_loss":0,"event_name":"Upgrade Shrine","floor":13,"gold_loss":0,"cards_upgraded":["Whirlwind"]},{"damage_healed":0,"gold_gain":0,"player_choice":"Became a vampire","damage_taken":0,"max_hp_gain":0,"max_hp_loss":24,"event_name":"Vampires","floor":19,"gold_loss":0,"cards_obtained":["Bite","Bite","Bite","Bite","Bite"]},{"damage_healed":0,"gold_gain":0,"player_choice":"Shed Blood","damage_taken":14,"max_hp_gain":5,"max_hp_loss":0,"event_name":"Forgotten Altar","floor":20,"gold_loss":0}],"is_beta":false,"boss_relics":[{"not_picked":["Sozu","Empty Cage"],"picked":"Philosopher\u0027s Stone"},{"not_picked":["SacredBark","Calling Bell"],"picked":"Black Star"}],"items_purged_floors":[],"is_endless":false,"potions_floor_spawned":[1,5,7,8,18,25,27,30,33,37],"killed_by":"Spire Growth","ascension_level":7}}