{"host":"yp2ga117svxnbcen","time":1612293973,"event":{"mods":["Act Like it!","Aspiration","BaseMod","BetterRewards","ChefMod","Colored Map","Conspire","Custom Start","Downfall","Elementarium","Gensokyo","GifTheSpireLib","Gold Saver","GungeonMod","Halation","Hallownest","Hermit","HornydragonMod","Hubris","Menagerie","Minty Spire (QoL Compilation)","Quick Restart","Remove Card Discount Mod","Replay The Spire","Shop Mod","Spicy Shops","StSLib","Stuff the Spire","The Blue Laboratory","The IronCluck","egg","slay the spire mod where everything is the same but ironclad has a cowboy hat","??????REMEMod"],"gold_per_floor":[99,118,133,233,233,444,444,444,660,892,908,925,925,954,1174,1279,1279,1079,1095,1307,1307,1307,518,543,562,794,794,823,1035,1246,792,1012,1107,1107,1007,1219,1436,1201,1201,1428,1428,1647,1660,1885,1392,1424,1424,1435,1451,1451,1451,1485,1341,1341,1341,1341,1341,1341],"floor_reached":56,"language":"ENG","playtime":1881,"items_purged":["hubris:Wrath","Menagerie:BloodySpellbook","hubris:Gluttony","champ:Defend","champ:Taunt","champ:Defend","champ:Defend","champ:Defend","conspire:NecroticWound","Looming Evil","champ:Strike","champ:Strike","champ:Strike","champ:Strike","champ:DeathBlow","downfall:Haunted","hubris:Gluttony","expansioncontent:Chronoboost","hubris:Envy","Elementarium:StickyTar","Flag","Elementarium:StickyTar","Sickly","Apotheosis","hubris:Sloth","Writhe"],"score":1114,"play_id":"bddb29eb-d490-43f3-9bd6-e09b5e485f51","local_time":"20210202112613","is_ascension_mode":true,"campfire_choices":[{"data":"Mayhem","floor":1.0,"key":"SMITH"},{"floor":13.0,"key":"RECALL"},{"data":"champ:TripleStrike","floor":18.0,"key":"SMITH"},{"data":"champ:SteelEdge","floor":35.0,"key":"SMITH"},{"floor":47.0,"key":"REST"},{"data":"Reaper","floor":54,"key":"SMITH"}],"circlet_count":1,"master_deck":["champ:Execute","Mayhem+1","champ:FanOfKnives","champ:PerfectedStrike","champ:FanOfKnives","champ:TripleStrike+1","champ:CheapShot+1","champ:Shatter","champ:GutPunch","champ:PreciseThrust+1","REME_EyeOfCthun","champ:CrookedStrike","champ:LastStand+1","champ:Encircle","Reaper+1","Twin Strike","champ:SteelEdge+1","champ:EnragedBash"],"relics":["REME_ComplimentaryCards","REME_DemonsWealth","halation:RedSoulGem","Replay:Baseball","Sozu","downfall:HeartBlessingRed","downfall:HeartBlessingBlue","hubris:Icosahedron","downfall:RedIOU","halation:TrafficLight","Nunchaku","Bag of Marbles","hubris:Towel","conspire:GiftBox","ClockworkSouvenir","Regal Pillow","Black Star","downfall:HeartBlessingGreen","Membership Card","Unceasing Top","hubris:DisguiseKit","StrikeDummy","Blue Doll","StuffTheSpire:Mouthbags","Guide Book","Omamori","conspire:Dentures","hubris:Zylophone","Gremlin Food","Shuriken","hubris:Metronome","Circlet","Akabeko","Thread and Needle","Onion Ring"],"acts_visited":["Exordium","TheCity","TheBeyond","TheEnding"],"potions_floor_usage":[],"damage_taken":[{"damage":17.0,"enemies":"Small Slimes","floor":2.0,"turns":4.0},{"damage":15.0,"enemies":"2 Louse","floor":3.0,"turns":3.0},{"damage":19.0,"enemies":"conspire:RoseBush","floor":6.0,"turns":2.0},{"damage":25.0,"enemies":"Exordium Thugs","floor":9.0,"turns":2.0},{"damage":37.0,"enemies":"3 Sentries","floor":10.0,"turns":4.0},{"damage":10.0,"enemies":"Exordium Wildlife","floor":11.0,"turns":2.0},{"damage":13.0,"enemies":"conspire:2 RoseBushes","floor":12.0,"turns":2.0},{"damage":5.0,"enemies":"Gremlin Nob","floor":14.0,"turns":3.0},{"damage":12.0,"enemies":"Blue Slaver","floor":15.0,"turns":2.0},{"damage":17.0,"enemies":"WA_ARCHETYPE_RETAIN","floor":16.0,"turns":2.0},{"damage":35.0,"enemies":"conspire:FuzzyDice","floor":19.0,"turns":3.0},{"damage":14.0,"enemies":"Shell Parasite","floor":20.0,"turns":2.0},{"damage":29.0,"enemies":"downfall:FleeingMerchant","floor":23.0,"turns":5.0},{"damage":0.0,"enemies":"conspire:HollyBat","floor":25.0,"turns":4.0},{"damage":21.0,"enemies":"Replay:Snechameleon","floor":26.0,"turns":2.0},{"damage":32.0,"enemies":"Gremlin Leader","floor":28.0,"turns":3.0},{"damage":19.0,"enemies":"Cultist and Chosen","floor":29.0,"turns":2.0},{"damage":10.0,"enemies":"Sentry and Sphere","floor":30.0,"turns":2.0},{"damage":0.0,"enemies":"downfall:FleeingMerchant","floor":31.0,"turns":1.0},{"damage":5.0,"enemies":"Snecko","floor":32.0,"turns":1.0},{"damage":47.0,"enemies":"IC_MUSHROOM_ARCHETYPE","floor":33.0,"turns":2.0},{"damage":27.0,"enemies":"3 Darklings","floor":36.0,"turns":2.0},{"damage":0.0,"enemies":"Orb Walker","floor":37.0,"turns":1.0},{"damage":0.0,"enemies":"Reptomancer","floor":40.0,"turns":2.0},{"damage":10.0,"enemies":"Writhing Mass","floor":42.0,"turns":1.0},{"damage":10.0,"enemies":"3 Darklings","floor":43.0,"turns":2.0},{"damage":63.0,"enemies":"Giant Head","floor":44.0,"turns":6.0},{"damage":0.0,"enemies":"Nemesis","floor":46.0,"turns":1.0},{"damage":21.0,"enemies":"4 Shapes","floor":48.0,"turns":2.0},{"damage":13.0,"enemies":"Sphere and 2 Shapes","floor":49.0,"turns":2.0},{"damage":61.0,"enemies":"SI_POISON_ARCHETYPE","floor":50.0,"turns":3.0},{"damage":52.0,"enemies":"downfall:CharBossMerchant","floor":52.0,"turns":4.0},{"damage":85,"enemies":"downfall:NeowBoss","floor":55,"turns":8},{"damage":86,"enemies":"downfall:NeowBossFinal","floor":56,"turns":3}],"seed_played":"6063064394474559867","potions_obtained":[{"floor":10.0,"key":"Death Potion"},{"floor":11.0,"key":"blueLaboratory:FruitPunch"},{"floor":15.0,"key":"ColorlessPotion"},{"floor":16.0,"key":"FearPotion"}],"is_trial":false,"path_per_floor":["R","M","M","?","?","M","T","?","M","E","M","M","R","E","M","B",null,"R","M","M","?","?","$","T","M","E","?","E","M","M","$","M","B",null,"R","M","M","$","?","E","T","M","M","E","$","E","R","M","M","B",null,"E","$","R","B","B"],"character_chosen":"THE_CHAMP","items_purchased":["halation:TrafficLight","champ:PreciseThrust","REME_EyeOfCthun","expansioncontent:Chronoboost","ClockworkSouvenir","Apotheosis","Regal Pillow","Membership Card","Unceasing Top","Guide Book","Omamori","conspire:Dentures","hubris:Zylophone","Gremlin Food","Onion Ring","champ:EnragedBash"],"campfire_rested":1,"item_purchase_floors":[23,23,23,23,31,31,31,38,38,45,45,45,45,45,53,53],"current_hp_per_floor":[90,83,78,78,78,69,69,69,54,44,44,33,33,28,16,8,99,109,109,100,100,100,100,100,100,94,94,77,68,68,68,68,36,109,109,92,92,92,92,92,92,92,92,49,49,49,96,109,99,98,109,102,102,102,82,0,0,0],"gold":1341,"neow_bonus":"BOSS_RELIC","is_daily":false,"chose_seed":false,"campfire_upgraded":4,"win_rate":0.0,"timestamp":1612293973,"path_taken":["R","M","M","?","?","M","T","?","M","E","M","?","R","E","M","BOSS","R","M","M","?","?","$","T","M","E","?","E","M","M","$","M","BOSS","R","M","M","$","?","E","T","M","M","E","$","E","R","M","M","BOSS","E","$","R","BOSS","BOSS"],"items_purchased_type":["Relic","Card","Card","Card","Relic","Card","Relic","Relic","Relic","Relic","Relic","Relic","Relic","Relic","Relic","Card"],"build_version":"2020-12-22","purchased_purges":26,"victory":false,"max_hp_per_floor":[90,90,90,90,90,90,90,90,90,97,97,99,99,99,99,99,99,109,109,109,109,109,109,109,109,109,109,109,109,109,109,109,109,109,109,109,109,109,109,109,109,109,109,109,109,109,109,109,109,109,109,109,109,109,109,109,109,109],"card_choices":[{"not_picked":["champ:BringItOn","champ:GutPunch","Overencumbered"],"picked":"champ:FanOfKnives","floor":2.0},{"not_picked":["champ:BladeFlurry","champ:ArenaPreparation","Spreading Infection"],"picked":"champ:DeathBlow","floor":3.0},{"not_picked":["champ:PerfectedStrike","champ:BringItOn","champ:FancyFootwork"],"picked":"Menagerie:BloodySpellbook","floor":6.0},{"not_picked":["champ:Duel","champ:Haymaker","champ:DefensiveShout"],"picked":"hubris:Wrath","floor":9.0},{"not_picked":["champ:Backstep","champ:RageSigil","champ:FlashCut"],"picked":"hubris:Gluttony","floor":10.0},{"not_picked":["champ:BladeFlurry","champ:BerserkerStyle","Overencumbered"],"picked":"champ:PerfectedStrike","floor":11.0},{"not_picked":["champ:FlashCut","champ:BringItOn","conspire:NecroticWound"],"picked":"champ:FanOfKnives","floor":12.0},{"not_picked":["champ:FlashCut","champ:Shatter","ReplayTheSpireMod:IOU"],"picked":"champ:TripleStrike","floor":14.0},{"not_picked":["champ:FocusedDefense","champ:UltimateStance","champ:ShieldSigil"],"picked":"Looming Evil","floor":15.0},{"not_picked":["champ:GladiatorForm","champ:Improvising","conspire:Blindness"],"picked":"champ:CheapShot","floor":16.0},{"not_picked":["champ:EnragedBash","champ:EndlessRage+1","conspire:Blindness"],"picked":"champ:Shatter","floor":19.0},{"not_picked":["champ:StanceDance","champ:FancyFootwork","champ:DefensiveShout+1"],"picked":"conspire:NecroticWound","floor":20.0},{"not_picked":["champ:StanceDance","champ:Duel","downfall:Aged"],"picked":"champ:GutPunch","floor":23.0},{"not_picked":["champ:Endure+1","champ:TornadoPunch+1","Decay"],"picked":"champ:CrookedStrike","floor":25.0},{"not_picked":["champ:Haymaker","champ:EnchantCrown","champ:SwordSigil"],"picked":"downfall:Haunted","floor":26.0},{"not_picked":["champ:StrikeOfGenius","champ:HoldFirm"],"picked":"champ:LastStand","floor":28.0},{"not_picked":["champ:DeathBlow","champ:FancyFootwork","champ:Shatter+1","downfall:Haunted"],"picked":"SKIP","floor":28.0},{"not_picked":["champ:AdrenalArmor","champ:CrookedStrike","champ:DefensiveShout"],"picked":"hubris:Gluttony","floor":29.0},{"not_picked":["champ:SkillfulDodge","champ:Haymaker","champ:FocusedDefense"],"picked":"hubris:Envy","floor":30.0},{"not_picked":["champ:Haymaker+1","champ:EnchantSword","Sickly"],"picked":"champ:Encircle","floor":31.0},{"not_picked":["champ:Haymaker","champ:BerserkersShout","champ:CalledShot"],"picked":"Elementarium:StickyTar","floor":32.0},{"not_picked":["champ:HeavySlash","champ:CheapShot","Hallucinations"],"picked":"champ:SteelEdge","floor":33.0},{"not_picked":["champ:PerfectedStrike","champ:FlashCut","champ:GutPunch+1"],"picked":"Elementarium:StickyTar","floor":36.0},{"not_picked":["champ:SetATrap","champ:BringItOn","champ:GutPunch+1"],"picked":"Flag","floor":37.0},{"not_picked":["champ:ShieldWall+1","champ:Backstep","champ:FlashCut"],"picked":"hubris:Sloth","floor":40.0},{"not_picked":["champ:IronFortress+1","champ:FlashCut","champ:Shatter","True Grit"],"picked":"Writhe","floor":42.0},{"not_picked":["champ:FanOfKnives","champ:GutPunch+1","champ:CrookedStrike+1","downfall:Icky","Perfected Strike"],"picked":"SKIP","floor":43.0},{"not_picked":["champ:ShieldSlam+1","champ:CrookedStrike","champ:BringItOn","Run Through"],"picked":"Sickly","floor":44.0},{"not_picked":["champ:FlashCut+1","champ:TripleStrike","champ:PerfectedStrike+1","ReplayTheSpireMod:Faulty Equipment+1"],"picked":"Reaper","floor":46.0},{"not_picked":["champ:CrownThrow","champ:DeathBlow+1","champ:StanceDance","Pain","Warcry"],"picked":"SKIP","floor":48.0},{"not_picked":["champ:Circumvent+1","champ:ViciousMockery","champ:FalseCounter","conspire:NecroticWound"],"picked":"Twin Strike","floor":49.0},{"not_picked":["champ:TornadoPunch","champ:BerserkersShout","champ:PreciseThrust","Double Tap"],"picked":"Regret","floor":52.0}],"player_experience":1168848,"relics_obtained":[{"floor":10.0,"key":"Strawberry"},{"floor":14.0,"key":"Replay:Baseball"},{"floor":24.0,"key":"Nunchaku"},{"floor":26.0,"key":"Bag of Marbles"},{"floor":28.0,"key":"conspire:GiftBox"},{"floor":40.0,"key":"hubris:DisguiseKit"},{"floor":40.0,"key":"Dead Branch"},{"floor":41.0,"key":"StrikeDummy"},{"floor":44.0,"key":"Blue Doll"},{"floor":44.0,"key":"StuffTheSpire:Mouthbags"},{"floor":46.0,"key":"Shuriken"},{"floor":46.0,"key":"hubris:Metronome"},{"floor":52.0,"key":"Akabeko"},{"floor":52.0,"key":"Thread and Needle"}],"event_choices":[],"is_beta":false,"boss_relics":[{"not_picked":["Runic Dome","Coffee Dripper"],"picked":"Sozu"},{"not_picked":["REME_LowDesire","Philosopher\u0027s Stone"],"picked":"Black Star"}],"items_purged_floors":[23,23,23,23,23,23,23,23,23,23,23,23,23,23,23,31,31,31,31,38,38,38,45,45,45,45],"is_endless":false,"potions_floor_spawned":[3,10,11,12,15,16,20,26,28,32,37,43,44,48,49],"killed_by":"downfall:NeowBossFinal","ascension_level":1}}