{"host":"pletss163z7s8pvv","time":1612244381,"event":{"mods":["AchievementEnabler","BaseMod","Better Altar","Better Match","Better Note","Better Sensory Stone","Better Skull","Better Third Choice","BetterRewards","CapriCore","ChefMod","Colored Map","Colored Powertips","Conspire","Energized Spire","Evolution","GifTheSpireLib","Hermit","Ironclad Rager","Marked Mod","Minty Spire (QoL Compilation)","Retaliation","Spicy Shops","StS++","StSLib","The Alterego","The Blue Laboratory","The Cursed","The Disciple","The Forsaken"],"gold_per_floor":[110,110,126,143,158,158,11,11,11,27,37,53,88,104,104,208,208,220,145,160,178,22,48,65,65,112,112,112,112,178,245,245,340,340,352,8,58,23,73,73,92,92,92],"floor_reached":42,"language":"ENG","playtime":1761,"items_purged":[],"score":522,"play_id":"31c12158-4046-45cc-84b8-fda549176f1b","local_time":"20210201233941","is_ascension_mode":false,"campfire_choices":[{"floor":6,"key":"REST"},{"floor":8,"key":"RECALL"},{"floor":15,"key":"REST"},{"data":"chefmod:BananaSplit","floor":27,"key":"SMITH"},{"data":"chefmod:Escargot","floor":29,"key":"SMITH"},{"floor":32,"key":"REST"},{"data":"chefmod:FiveAlarmChili","floor":40,"key":"SMITH"}],"circlet_count":0,"master_deck":["chefmod:FryPan","chefmod:FryPan","chefmod:Strike","chefmod:QuickThaw","chefmod:Defend","chefmod:Defend+1","chefmod:Defend","chefmod:Defend+1","chefmod:TodaysSpecial","chefmod:Puree","chefmod:ZaruSoba","chefmod:FireUp","chefmod:FireUp","chefmod:ColdSteel","chefmod:FreezeSolid","chefmod:Leftovers","chefmod:FireUp","chefmod:Granita","chefmod:Escargot+1","chefmod:BananaSplit+1","chefmod:Defrost","chefmod:Tenderizer","chefmod:FireUp+1","chefmod:Julienne+1","chefmod:Gelato+1","chefmod:FiveAlarmChili","chefmod:OldCookbook","chefmod:IcePick","chefmod:FarmersMarket","chefmod:Sorbet","chefmod:CandyBowl","chefmod:Chop+1","chefmod:FireUp","chefmod:FiveAlarmChili+1","chefmod:IceCreamCone"],"relics":["chefmod:TrustyPot","EVO:Axolotl","War Paint","Bottled Flame","conspire:SlowCooker","Pear","SsserpentHead","Velvet Choker","Lee\u0027s Waffle","Vajra"],"acts_visited":["Exordium","TheCity","TheBeyond"],"potions_floor_usage":[24,24,24,33,33,33],"damage_taken":[{"damage":0,"enemies":"Jaw Worm","floor":1,"turns":4},{"damage":1,"enemies":"Cultist","floor":3,"turns":4},{"damage":4,"enemies":"conspire:RoseBush","floor":4,"turns":3},{"damage":3,"enemies":"Blue Slaver","floor":5,"turns":3},{"damage":15,"enemies":"Lots of Slimes","floor":10,"turns":4},{"damage":1,"enemies":"Red Slaver","floor":11,"turns":4},{"damage":4,"enemies":"2 Fungi Beasts","floor":12,"turns":3},{"damage":1,"enemies":"Lagavulin","floor":13,"turns":7},{"damage":0,"enemies":"Looter","floor":14,"turns":3},{"damage":50,"enemies":"The Guardian","floor":16,"turns":14},{"damage":42,"enemies":"3 Byrds","floor":18,"turns":9},{"damage":23,"enemies":"Shell Parasite","floor":20,"turns":6},{"damage":7,"enemies":"conspire:HollyBat","floor":21,"turns":8},{"damage":21,"enemies":"conspire:SneckoGhost","floor":23,"turns":10},{"damage":50,"enemies":"Shelled Parasite and Fungi","floor":24,"turns":6},{"damage":16,"enemies":"Cultist and Chosen","floor":30,"turns":8},{"damage":60,"enemies":"Chosen and Byrds","floor":31,"turns":11},{"damage":47,"enemies":"Collector","floor":33,"turns":10},{"damage":53,"enemies":"3 Darklings","floor":35,"turns":8},{"damage":67,"enemies":"3 Shapes","floor":41,"turns":5},{"damage":42,"enemies":"Giant Head","floor":42,"turns":5}],"seed_played":"4275199163034792817","potions_obtained":[{"floor":1,"key":"SneckoOil"},{"floor":5,"key":"EntropicBrew"},{"floor":10,"key":"blueLaboratory:TrueEctoplasm"},{"floor":14,"key":"FairyPotion"},{"floor":16,"key":"conspire:TimeTravelPotion"},{"floor":30,"key":"Swift Potion"},{"floor":33,"key":"Ancient Potion"},{"floor":41,"key":"StSpp:SecondWindPotion"}],"is_trial":false,"path_per_floor":["M","?","M","M","M","R","$","R","T","M","M","M","E","M","R","B",null,"M","?","M","M","$","E","M","?","T","R","?","R","M","M","R","B",null,"M","$","?","$","?","R","M","E"],"character_chosen":"THE_CHEF","items_purchased":["chefmod:FreezeSolid","chefmod:Leftovers","chefmod:FiveAlarmChili","chefmod:OldCookbook","Lee\u0027s Waffle","Vajra","chefmod:FireUp","chefmod:FiveAlarmChili"],"campfire_rested":3,"item_purchase_floors":[7,7,22,22,36,36,36,38],"current_hp_per_floor":[69,69,68,64,61,88,88,88,88,73,72,68,67,67,90,40,90,48,48,25,18,18,35,90,100,100,100,100,100,84,24,54,7,100,47,107,107,107,107,107,40,0,0],"gold":92,"neow_bonus":"TWENTY_PERCENT_HP_BONUS","is_daily":false,"chose_seed":false,"campfire_upgraded":3,"win_rate":0.0,"timestamp":1612244381,"path_taken":["M","?","?","?","M","R","$","R","T","M","M","M","E","?","R","BOSS","M","?","?","M","?","E","M","?","T","R","?","R","?","?","R","BOSS","M","$","?","$","?","R","M","E"],"items_purchased_type":["Card","Card","Card","Card","Relic","Relic","Card","Card"],"build_version":"2020-12-22","purchased_purges":0,"victory":false,"max_hp_per_floor":[90,90,90,90,90,90,90,90,90,90,90,90,90,90,90,90,90,90,90,90,90,90,100,90,100,100,100,100,100,100,100,100,100,100,100,107,107,107,107,107,107,107,107],"card_choices":[{"not_picked":["chefmod:Sorbet","chefmod:NewMenu"],"picked":"chefmod:Puree","floor":1},{"not_picked":["chefmod:Omelette","chefmod:PotatoGratin"],"picked":"chefmod:FireUp","floor":3},{"not_picked":["chefmod:CuttingBoard","chefmod:Granita"],"picked":"chefmod:FireUp","floor":4},{"not_picked":["chefmod:BaoBuns","chefmod:Leftovers"],"picked":"chefmod:ColdSteel","floor":5},{"not_picked":["chefmod:BaoBuns","chefmod:LiquidNitrogen"],"picked":"chefmod:FireUp","floor":10},{"not_picked":["chefmod:IcePick","chefmod:Defrost"],"picked":"chefmod:Granita","floor":11},{"not_picked":["chefmod:BaoBuns","chefmod:IcePick"],"picked":"chefmod:Escargot","floor":12},{"not_picked":["chefmod:QuickChop","chefmod:Chop"],"picked":"chefmod:BananaSplit","floor":13},{"not_picked":["chefmod:DinoKale","chefmod:ColdSteel"],"picked":"chefmod:Defrost","floor":14},{"not_picked":["chefmod:RisingDough","chefmod:SushiPlatter"],"picked":"chefmod:Tenderizer","floor":16},{"not_picked":["chefmod:Leftovers","chefmod:Defrost"],"picked":"chefmod:FireUp+1","floor":18},{"not_picked":["chefmod:BleedOut+1","chefmod:Bruschetta+1"],"picked":"chefmod:Julienne+1","floor":19},{"not_picked":["chefmod:Sorbet","chefmod:AlooGobi"],"picked":"chefmod:Cleavers","floor":20},{"not_picked":["chefmod:Sorbet","chefmod:DinoKale"],"picked":"chefmod:Gelato+1","floor":21},{"not_picked":["chefmod:OrderUp","chefmod:Gelato"],"picked":"chefmod:Mince","floor":23},{"not_picked":["chefmod:Gelato","chefmod:BaoBuns+1"],"picked":"chefmod:IcePick","floor":24},{"not_picked":["chefmod:VegetableTart","chefmod:Defrost"],"picked":"chefmod:FarmersMarket","floor":30},{"not_picked":["chefmod:SliceAndDice+1","chefmod:FarmersMarket"],"picked":"chefmod:Sorbet","floor":31},{"not_picked":["chefmod:BananaSplit","chefmod:RaidPantry"],"picked":"chefmod:CandyBowl","floor":33},{"not_picked":["chefmod:MonsterBait+1","chefmod:Fillet"],"picked":"chefmod:Chop+1","floor":35},{"not_picked":["chefmod:QuickChop","chefmod:ZaruSoba"],"picked":"chefmod:IceCreamCone","floor":41}],"player_experience":477148,"relics_obtained":[{"floor":9,"key":"War Paint"},{"floor":13,"key":"Bottled Flame"},{"floor":23,"key":"Pear"}],"event_choices":[{"damage_healed":0,"gold_gain":0,"cards_transformed":["chefmod:Strike"],"player_choice":"Transformed","damage_taken":0,"max_hp_gain":0,"max_hp_loss":0,"event_name":"Transmorgrifier","floor":2,"gold_loss":0,"cards_obtained":["chefmod:ZaruSoba"]},{"damage_healed":0,"gold_gain":0,"player_choice":"2","damage_taken":0,"max_hp_gain":0,"max_hp_loss":0,"event_name":"betterMatch:BetterMatch","floor":19,"gold_loss":0,"cards_obtained":["betterMatch:UncommonCard"]},{"cards_removed":["chefmod:Mince"],"damage_healed":0,"gold_gain":0,"player_choice":"Offered Rare","damage_taken":0,"max_hp_gain":10,"max_hp_loss":0,"event_name":"Bonfire Elementals","floor":25,"gold_loss":0},{"damage_healed":0,"gold_gain":0,"player_choice":"Trade","damage_taken":0,"relics_obtained":["SsserpentHead"],"max_hp_gain":0,"max_hp_loss":0,"event_name":"FaceTrader","floor":28,"gold_loss":0},{"cards_removed":["chefmod:Cleavers"],"damage_healed":0,"gold_gain":0,"player_choice":"Removed Attack","damage_taken":0,"max_hp_gain":0,"max_hp_loss":0,"event_name":"Falling","floor":37,"gold_loss":0}],"is_beta":false,"boss_relics":[{"not_picked":["Pandora\u0027s Box","conspire:SeveredTorchhead"],"picked":"conspire:SlowCooker"},{"not_picked":["theForsaken:PaleLantern","conspire:RoyalGoblet"],"picked":"Velvet Choker"}],"items_purged_floors":[],"is_endless":false,"potions_floor_spawned":[1,5,10,12,14,16,20,30,31,33,41],"killed_by":"Giant Head","ascension_level":0}}