{"host":"q9sqrn60n8lvmavn","time":1612229715,"event":{"mods":["AchievementEnabler","AlwaysNeverKeys","BaseMod","Better Third Choice","Better Vampires","Block Reminder","Colored Powertips","Curses Come First","DNKmod","Friendly Minions","Minty Spire (QoL Compilation)","Permanent Neow","Relic Filter Mod","StSLib","Weighted Paths"],"gold_per_floor":[1011,795,870,882,882,911,911,911,911,927,757,782,782,796,796,924,924,947,966,881,791,804,838,838,878,878,892,892,529,553,591,591,716,716,739,589,589,589,613,648,648,686,709,725,1058,1058,731,757,757,757,757,757,24,53,53],"floor_reached":56,"language":"ENG","playtime":1799,"items_purged":["Strike_G","Strike_G","Defend_G","Defend_G","Defend_G","Survivor"],"score":2001,"play_id":"4a45f00c-e259-4227-b5cb-048811973795","local_time":"20210201173515","is_ascension_mode":true,"campfire_choices":[{"data":"Accuracy","floor":7,"key":"SMITH"},{"data":"Neutralize","floor":15,"key":"SMITH"},{"data":"Accuracy","floor":24,"key":"SMITH"},{"data":"Infinite Blades","floor":32,"key":"SMITH"},{"floor":49,"key":"REST"},{"floor":52,"key":"REST"}],"circlet_count":0,"master_deck":["Defend_G+1","Neutralize+1","Infinite Blades+1","Accuracy+1","Leg Sweep+1","Cloak And Dagger+1","Blade Dance+1","Backflip+1","Infinite Blades+1","Cloak And Dagger+1","Terror+1","Accuracy+1","Cloak And Dagger+1","Infinite Blades","Madness+1","Madness+1","Quick Slash+1","Finesse+1","Finisher+1","Backflip+1","Blade Dance+1","Master of Strategy+1","Panacea+1","Backflip+1"],"relics":["Ring of the Snake","Toxic Egg 2","Pantograph","Question Card","Regal Pillow","Ornamental Fan","Letter Opener","HornCleat","Sozu","Nunchaku","Gremlin Horn","Bronze Scales","Matryoshka","Bottled Tornado","Happy Flower","Philosopher\u0027s Stone","Blue Candle","Lantern","Bottled Lightning","Vajra","Omamori","Dream Catcher","Strange Spoon","Bag of Marbles","Bag of Preparation","Whetstone"],"acts_visited":["Exordium","TheCity","TheBeyond","TheEnding"],"potions_floor_usage":[55,55],"damage_taken":[{"damage":0,"enemies":"Cultist","floor":1,"turns":3},{"damage":0,"enemies":"2 Louse","floor":4,"turns":3},{"damage":23,"enemies":"Gremlin Nob","floor":6,"turns":5},{"damage":0,"enemies":"Small Slimes","floor":10,"turns":2},{"damage":0,"enemies":"3 Sentries","floor":12,"turns":5},{"damage":0,"enemies":"Red Slaver","floor":14,"turns":1},{"damage":0,"enemies":"Hexaghost","floor":16,"turns":4},{"damage":0,"enemies":"Shell Parasite","floor":18,"turns":3},{"damage":0,"enemies":"2 Thieves","floor":19,"turns":2},{"damage":0,"enemies":"Sentry and Sphere","floor":22,"turns":4},{"damage":3,"enemies":"Slavers","floor":23,"turns":4},{"damage":8,"enemies":"Book of Stabbing","floor":25,"turns":4},{"damage":0,"enemies":"3 Cultists","floor":27,"turns":3},{"damage":0,"enemies":"Snake Plant","floor":30,"turns":2},{"damage":5,"enemies":"Slavers","floor":31,"turns":2},{"damage":9,"enemies":"Champ","floor":33,"turns":5},{"damage":0,"enemies":"Orb Walker","floor":35,"turns":2},{"damage":0,"enemies":"3 Darklings","floor":39,"turns":2},{"damage":0,"enemies":"Reptomancer","floor":40,"turns":3},{"damage":0,"enemies":"Giant Head","floor":42,"turns":3},{"damage":0,"enemies":"Jaw Worm Horde","floor":44,"turns":2},{"damage":0,"enemies":"Reptomancer","floor":48,"turns":3},{"damage":4,"enemies":"Awakened One","floor":50,"turns":5},{"damage":18,"enemies":"Shield and Spear","floor":54,"turns":3},{"damage":61,"enemies":"The Heart","floor":55,"turns":4}],"seed_played":"-1343220752408514778","potions_obtained":[{"floor":6,"key":"Energy Potion"},{"floor":10,"key":"Swift Potion"}],"is_trial":false,"path_per_floor":["M","$","?","M","?","E","R","?","T","M","$","E","?","M","R","B",null,"M","M","?","?","M","E","R","E","T","M","?","$","M","E","R","B",null,"M","$","?","T","M","E","?","E","T","M","?","?","$","E","R","B",null,"R","$","E","B",null],"character_chosen":"THE_SILENT","items_purchased":["Accuracy","Leg Sweep+1","Infinite Blades","Bottled Tornado","Strange Spoon","Bag of Preparation","Backflip+1","Blade Dance+1","Master of Strategy+1","Panacea+1"],"campfire_rested":2,"item_purchase_floors":[2,2,11,29,47,53,53,53,53,53],"current_hp_per_floor":[100,100,89,89,89,66,66,66,66,66,66,66,41,41,41,66,92,92,92,92,92,92,89,89,81,81,81,81,81,81,76,76,91,98,98,98,85,85,85,85,85,85,85,85,85,85,85,85,100,96,99,100,100,82,39],"gold":53,"neow_bonus":"RANDOM_COMMON_RELIC","is_daily":false,"chose_seed":false,"campfire_upgraded":4,"win_rate":0.0,"timestamp":1612229715,"path_taken":["M","$","?","M","?","E","R","?","T","?","$","E","?","M","R","BOSS","M","M","?","?","M","E","R","E","T","?","?","$","M","E","R","BOSS","M","$","?","?","M","E","?","E","T","?","?","?","?","E","R","BOSS","R","$","E","BOSS"],"items_purchased_type":["Card","Card","Card","Relic","Relic","Relic","Card","Card","Card","Card"],"build_version":"2020-12-22","purchased_purges":6,"victory":true,"max_hp_per_floor":[100,100,100,100,100,100,100,100,100,100,100,100,100,100,100,100,100,100,100,100,100,100,100,100,100,100,100,100,100,100,100,100,100,100,100,100,100,100,100,100,100,100,100,100,100,100,100,100,100,100,100,100,100,100,100],"card_choices":[{"not_picked":["Dagger Spray","Outmaneuver+1","Poisoned Stab"],"picked":"Infinite Blades","floor":1},{"not_picked":["PiercingWail+1","Finisher","Expertise+1"],"picked":"Cloak And Dagger+1","floor":4},{"not_picked":["Concentrate+1","Deflect+1","All Out Attack"],"picked":"Blade Dance+1","floor":6},{"not_picked":["Underhanded Strike","Caltrops","All Out Attack"],"picked":"Backflip+1","floor":10},{"not_picked":["Flying Knee","Skewer","Bouncing Flask+1"],"picked":"Cloak And Dagger+1","floor":12},{"not_picked":["Sucker Punch","Infinite Blades","Outmaneuver+1"],"picked":"Terror+1","floor":14},{"not_picked":["Poisoned Stab","Catalyst+1","Endless Agony+1","Dagger Throw"],"picked":"SKIP","floor":18},{"not_picked":["Reflex+1","Dagger Spray+1","Poisoned Stab","Backflip+1"],"picked":"SKIP","floor":19},{"not_picked":["Acrobatics+1","Prepared+1","Backflip+1","Dagger Spray"],"picked":"SKIP","floor":22},{"not_picked":["Expertise+1","PiercingWail+1","Dagger Spray+1"],"picked":"Accuracy","floor":23},{"not_picked":["Crippling Poison+1","Skewer","Dash","Deadly Poison+1"],"picked":"SKIP","floor":25},{"not_picked":["Dagger Throw","PiercingWail+1","Predator"],"picked":"Cloak And Dagger+1","floor":27},{"not_picked":["Footwork+1","Sucker Punch","Masterful Stab","Eviscerate+1"],"picked":"SKIP","floor":30},{"not_picked":["Skewer","Grand Finale","Dash"],"picked":"Infinite Blades","floor":31},{"not_picked":["PiercingWail+1","Poisoned Stab","Dagger Throw","Terror+1"],"picked":"SKIP","floor":35},{"not_picked":["Caltrops+1","Cloak And Dagger+1","Slice","Outmaneuver+1"],"picked":"SKIP","floor":39},{"not_picked":["Storm of Steel+1","Underhanded Strike+1","Deflect+1","Leg Sweep+1"],"picked":"SKIP","floor":40},{"not_picked":["Sucker Punch","PiercingWail+1","Prepared+1","Storm of Steel+1"],"picked":"SKIP","floor":42},{"not_picked":["PiercingWail+1","Dodge and Roll+1","Dagger Throw"],"picked":"Quick Slash+1","floor":44},{"not_picked":["Enlightenment+1","Purity+1","Panacea+1"],"picked":"Finesse+1","floor":46},{"not_picked":["Slice+1","Tools of the Trade","Noxious Fumes+1","Flying Knee+1"],"picked":"SKIP","floor":48},{"not_picked":["Concentrate+1","Dagger Throw","Riddle With Holes+1"],"picked":"Finisher+1","floor":49},{"not_picked":["Predator+1","Crippling Poison+1","Flying Knee"],"picked":"Backflip+1","floor":54}],"player_experience":197520,"relics_obtained":[{"floor":6,"key":"Ornamental Fan"},{"floor":9,"key":"Letter Opener"},{"floor":12,"key":"HornCleat"},{"floor":23,"key":"Gremlin Horn"},{"floor":25,"key":"Bronze Scales"},{"floor":26,"key":"Matryoshka"},{"floor":31,"key":"Happy Flower"},{"floor":38,"key":"Blue Candle"},{"floor":38,"key":"Lantern"},{"floor":40,"key":"Bottled Lightning"},{"floor":42,"key":"Vajra"},{"floor":43,"key":"Omamori"},{"floor":43,"key":"Dream Catcher"},{"floor":48,"key":"Bag of Marbles"},{"floor":54,"key":"Whetstone"}],"event_choices":[{"damage_healed":0,"gold_gain":75,"player_choice":"Gold","damage_taken":11,"max_hp_gain":0,"max_hp_loss":0,"event_name":"betterThird:BetterGoop","floor":3,"gold_loss":0},{"cards_removed":["Strike_G"],"damage_healed":0,"gold_gain":0,"player_choice":"Forget","damage_taken":0,"max_hp_gain":0,"max_hp_loss":0,"event_name":"Living Wall","floor":5,"gold_loss":0},{"damage_healed":0,"gold_gain":0,"player_choice":"Forge","damage_taken":0,"max_hp_gain":0,"max_hp_loss":0,"event_name":"Accursed Blacksmith","floor":8,"gold_loss":0,"cards_upgraded":["Infinite Blades"]},{"damage_healed":0,"gold_gain":0,"player_choice":"Take Damage","damage_taken":25,"relics_obtained":["Golden Idol"],"max_hp_gain":0,"max_hp_loss":0,"event_name":"Golden Idol","floor":13,"gold_loss":0},{"damage_healed":0,"gold_gain":0,"player_choice":"Obtained Relic","damage_taken":0,"relics_obtained":["Nunchaku"],"max_hp_gain":0,"max_hp_loss":0,"event_name":"Addict","floor":20,"gold_loss":85},{"cards_removed":["Strike_G"],"damage_healed":0,"gold_gain":0,"player_choice":"Upgrade and Remove","damage_taken":0,"max_hp_gain":0,"max_hp_loss":0,"event_name":"Designer","floor":21,"gold_loss":90,"cards_upgraded":["Defend_G"]},{"cards_removed":["Strike_G"],"damage_healed":0,"gold_gain":0,"player_choice":"Elegance","damage_taken":0,"max_hp_gain":0,"max_hp_loss":0,"event_name":"betterThird:BetterWriting","floor":28,"gold_loss":0},{"damage_healed":0,"gold_gain":0,"player_choice":"Embrace Madness","damage_taken":13,"max_hp_gain":0,"max_hp_loss":0,"event_name":"Winding Halls","floor":37,"gold_loss":0,"cards_obtained":["Madness","Madness"]},{"cards_removed":["Defend_G"],"damage_healed":0,"gold_gain":0,"player_choice":"Purged","damage_taken":0,"max_hp_gain":0,"max_hp_loss":0,"event_name":"Purifier","floor":41,"gold_loss":0},{"damage_healed":0,"gold_gain":333,"player_choice":"Gave Idol","damage_taken":0,"max_hp_gain":0,"max_hp_loss":0,"event_name":"The Moai Head","floor":45,"relics_lost":["Golden Idol"],"gold_loss":0},{"damage_healed":0,"gold_gain":0,"player_choice":"Memory 1","damage_taken":0,"max_hp_gain":0,"max_hp_loss":0,"event_name":"SensoryStone","floor":46,"gold_loss":0}],"is_beta":false,"boss_relics":[{"not_picked":["Fusion Hammer","SlaversCollar"],"picked":"Sozu"},{"not_picked":["Runic Dome","Busted Crown"],"picked":"Philosopher\u0027s Stone"}],"items_purged_floors":[2,11,29,36,47,53],"is_endless":false,"potions_floor_spawned":[6,10,18,27,30,31,33,40,42,44],"ascension_level":7}}