{"host":"j7koecyuyeg298fi","time":1612277188,"event":{"mods":["BaseMod","Minty Spire (QoL Compilation)"],"gold_per_floor":[119,135,85,85,103,138,138,157,207,207,224,149,166,66,66,166,166,180,55,72,81,105,148,169,19,45,45,45,45,79,108,108,214,214,240,259,318,342,95,95,95,132,132,132,232,256,276,304,304,304],"floor_reached":51,"language":"ENG","playtime":7721,"items_purged":["Strike_G","Defend_G","Strike_G","Strike_G","Writhe"],"score":719,"play_id":"7cc44c6d-d6cd-4ca4-b900-c540e80e872e","local_time":"20210202164628","is_ascension_mode":false,"campfire_choices":[{"data":"Outmaneuver","floor":10,"key":"SMITH"},{"data":"Quick Slash","floor":15,"key":"SMITH"},{"data":"After Image","floor":27,"key":"SMITH"},{"data":"Adrenaline","floor":29,"key":"SMITH"},{"floor":32,"key":"REST"},{"data":"Footwork","floor":40,"key":"SMITH"},{"floor":44,"key":"REST"},{"data":"Envenom","floor":49,"key":"SMITH"}],"circlet_count":0,"master_deck":["Defend_G","Defend_G","Defend_G","Defend_G","Survivor","Neutralize","Quick Slash+1","Cloak And Dagger","Blade Dance","Outmaneuver+1","Adrenaline+1","PiercingWail","After Image+1","Deadly Poison","Terror","Acrobatics","Prepared","Bouncing Flask+1","Deflect+1","Envenom+1","Crippling Poison+1","Slice+1","Blade Dance+1","Footwork+1","Backstab+1","Parasite","Venomology","Noxious Fumes+1"],"relics":["Ring of the Snake","Kunai","Lantern","Runic Pyramid","CeramicFish","Toy Ornithopter","Nloth\u0027s Gift","Singing Bowl","HoveringKite","Pocketwatch","Ninja Scroll","Dream Catcher"],"acts_visited":["Exordium","TheCity","TheBeyond"],"potions_floor_usage":[16,16,16,16,22,23,23,30,48,50,50],"damage_taken":[{"damage":0,"enemies":"2 Louse","floor":1,"turns":4},{"damage":0,"enemies":"Small Slimes","floor":2,"turns":3},{"damage":0,"enemies":"Cultist","floor":5,"turns":3},{"damage":30,"enemies":"Gremlin Nob","floor":6,"turns":5},{"damage":2,"enemies":"Exordium Wildlife","floor":8,"turns":6},{"damage":0,"enemies":"Large Slime","floor":11,"turns":8},{"damage":5,"enemies":"Exordium Thugs","floor":13,"turns":4},{"damage":3,"enemies":"The Guardian","floor":16,"turns":10},{"damage":5,"enemies":"Chosen","floor":18,"turns":7},{"damage":5,"enemies":"2 Thieves","floor":20,"turns":5},{"damage":4,"enemies":"3 Cultists","floor":22,"turns":7},{"damage":1,"enemies":"Gremlin Leader","floor":23,"turns":6},{"damage":3,"enemies":"Centurion and Healer","floor":24,"turns":6},{"damage":42,"enemies":"Slavers","floor":30,"turns":6},{"damage":12,"enemies":"Snecko","floor":31,"turns":5},{"damage":8,"enemies":"Automaton","floor":33,"turns":12},{"damage":7,"enemies":"3 Shapes","floor":35,"turns":6},{"damage":4,"enemies":"Orb Walker","floor":36,"turns":4},{"damage":0,"enemies":"Mind Bloom Boss Battle","floor":37,"turns":9},{"damage":0,"enemies":"Maw","floor":38,"turns":7},{"damage":20,"enemies":"Nemesis","floor":42,"turns":7},{"damage":17,"enemies":"Writhing Mass","floor":46,"turns":5},{"damage":0,"enemies":"4 Shapes","floor":47,"turns":5},{"damage":0,"enemies":"Maw","floor":48,"turns":7},{"damage":17,"enemies":"Awakened One","floor":50,"turns":15}],"seed_played":"1268151985668714494","potions_obtained":[{"floor":1,"key":"EntropicBrew"},{"floor":6,"key":"BlessingOfTheForge"},{"floor":11,"key":"CultistPotion"},{"floor":18,"key":"Regen Potion"},{"floor":20,"key":"Fire Potion"},{"floor":22,"key":"ColorlessPotion"},{"floor":31,"key":"GamblersBrew"},{"floor":33,"key":"FearPotion"},{"floor":37,"key":"SpeedPotion"},{"floor":42,"key":"SkillPotion"}],"is_trial":false,"path_per_floor":["M","M","?","?","M","E","?","M","T","R","M","$","M","$","R","B",null,"M","$","M","?","M","E","M","$","T","R","?","R","E","M","R","B",null,"M","M","?","M","$","R","?","E","T","R","?","M","M","M","R","B",null],"character_chosen":"THE_SILENT","items_purchased":["Footwork"],"campfire_rested":2,"item_purchase_floors":[39],"current_hp_per_floor":[77,77,77,77,77,47,47,45,45,45,45,45,40,40,40,37,77,72,72,67,67,77,76,73,73,73,73,73,73,38,26,49,41,79,72,70,70,70,70,70,70,50,50,76,76,61,61,66,66,59],"gold":304,"neow_bonus":"TEN_PERCENT_HP_BONUS","is_daily":false,"chose_seed":false,"campfire_upgraded":6,"win_rate":0.0,"timestamp":1612277188,"path_taken":["M","M","?","?","M","E","?","?","T","R","M","$","M","$","R","BOSS","M","$","M","?","M","E","M","$","T","R","?","R","E","?","R","BOSS","M","M","?","M","$","R","?","E","T","R","?","M","M","?","R","BOSS"],"items_purchased_type":["Card"],"build_version":"2020-12-22","purchased_purges":5,"victory":true,"max_hp_per_floor":[77,77,77,77,77,77,77,77,77,77,77,77,77,77,77,77,77,77,77,77,77,77,77,77,77,77,77,77,77,79,79,79,79,79,79,81,81,81,81,81,81,81,81,83,83,85,85,85,85,85],"card_choices":[{"not_picked":["Skewer","Masterful Stab"],"picked":"Quick Slash","floor":1},{"not_picked":["Dagger Spray","Leg Sweep"],"picked":"Cloak And Dagger","floor":2},{"not_picked":["PiercingWail","Distraction"],"picked":"Flying Knee","floor":5},{"not_picked":["Quick Slash","Escape Plan"],"picked":"Blade Dance","floor":6},{"not_picked":["All Out Attack","Cloak And Dagger"],"picked":"Outmaneuver","floor":8},{"not_picked":["Eviscerate","Dagger Spray"],"picked":"Adrenaline","floor":11},{"not_picked":["Caltrops","Flechettes"],"picked":"PiercingWail","floor":13},{"not_picked":["Glass Knife","Storm of Steel"],"picked":"After Image","floor":16},{"not_picked":["Bane","Deflect"],"picked":"Deadly Poison","floor":18},{"not_picked":["Blade Dance","Flying Knee+1"],"picked":"Terror","floor":20},{"not_picked":["Backstab","Dagger Spray"],"picked":"Acrobatics","floor":22},{"not_picked":["Bane","Quick Slash"],"picked":"Prepared","floor":23},{"not_picked":["Dagger Spray","Bullet Time"],"picked":"Bouncing Flask+1","floor":24},{"not_picked":["Outmaneuver","Dash","Prepared"],"picked":"Singing Bowl","floor":30},{"not_picked":["Heel Hook","Bane+1"],"picked":"Deflect+1","floor":31},{"not_picked":["Die Die Die","Night Terror"],"picked":"Envenom","floor":33},{"not_picked":["Riddle With Holes+1","Prepared+1"],"picked":"Crippling Poison+1","floor":35},{"not_picked":["Dodge and Roll","Flying Knee","Blade Dance"],"picked":"Singing Bowl","floor":36},{"not_picked":["Heel Hook","PiercingWail+1"],"picked":"Slice+1","floor":37},{"not_picked":["Poisoned Stab+1","Malaise"],"picked":"Blade Dance+1","floor":38},{"not_picked":["Backflip+1","Bouncing Flask"],"picked":"Backstab+1","floor":42},{"not_picked":["Heel Hook","Footwork","Backflip"],"picked":"Singing Bowl","floor":44},{"not_picked":["Skewer","All Out Attack","Blade Dance"],"picked":"Singing Bowl","floor":46},{"not_picked":["Outmaneuver","Masterful Stab"],"picked":"Venomology","floor":47},{"not_picked":["Flying Knee+1","Deadly Poison"],"picked":"Noxious Fumes+1","floor":48}],"player_experience":196174,"relics_obtained":[{"floor":6,"key":"Kunai"},{"floor":9,"key":"Lantern"},{"floor":23,"key":"Toy Ornithopter"},{"floor":26,"key":"Bag of Preparation"},{"floor":30,"key":"Singing Bowl"},{"floor":37,"key":"Pocketwatch"},{"floor":42,"key":"Ninja Scroll"},{"floor":43,"key":"Dream Catcher"}],"event_choices":[{"cards_removed":["Strike_G"],"damage_healed":0,"gold_gain":0,"player_choice":"Card Removal","damage_taken":0,"max_hp_gain":0,"max_hp_loss":0,"event_name":"The Cleric","floor":3,"gold_loss":50},{"damage_healed":0,"gold_gain":0,"player_choice":"Ignored","damage_taken":0,"max_hp_gain":0,"max_hp_loss":0,"event_name":"Shining Light","floor":4,"gold_loss":0},{"cards_removed":["Strike_G"],"damage_healed":0,"gold_gain":0,"player_choice":"Offered Basic","damage_taken":0,"max_hp_gain":0,"max_hp_loss":0,"event_name":"Bonfire Elementals","floor":7,"gold_loss":0},{"damage_healed":0,"gold_gain":0,"player_choice":"Opened","damage_taken":0,"relics_obtained":["CeramicFish"],"max_hp_gain":0,"max_hp_loss":0,"event_name":"The Mausoleum","floor":21,"gold_loss":0,"cards_obtained":["Writhe"]},{"damage_healed":0,"gold_gain":0,"player_choice":"Traded Relic","damage_taken":0,"relics_obtained":["Nloth\u0027s Gift"],"max_hp_gain":0,"max_hp_loss":0,"event_name":"N\u0027loth","floor":28,"relics_lost":["Bag of Preparation"],"gold_loss":0},{"damage_healed":0,"gold_gain":0,"player_choice":"Fight","damage_taken":0,"max_hp_gain":0,"max_hp_loss":0,"event_name":"MindBloom","floor":37,"gold_loss":0},{"cards_removed":["Flying Knee"],"damage_healed":0,"gold_gain":0,"player_choice":"Removed Attack","damage_taken":0,"max_hp_gain":0,"max_hp_loss":0,"event_name":"Falling","floor":41,"gold_loss":0},{"damage_healed":0,"gold_gain":100,"player_choice":"Pray","damage_taken":0,"max_hp_gain":0,"max_hp_loss":0,"event_name":"Golden Shrine","floor":45,"gold_loss":0}],"is_beta":false,"boss_relics":[{"not_picked":["Fusion Hammer","Runic Dome"],"picked":"Runic Pyramid"},{"not_picked":["Ring of the Serpent","Snecko Eye"],"picked":"HoveringKite"}],"items_purged_floors":[12,14,19,25,39],"is_endless":false,"potions_floor_spawned":[1,6,11,18,20,22,31,33,37,42,47],"ascension_level":0}}