{"host":"yqw1zpryoutrnocq","time":1612283518,"event":{"mods":["2.2 Compatiblity","AchievementEnabler","BaseMod","Colored Map","Custom Start","DeckTracker","Minty Spire (QoL Compilation)","StSLib","SuperFastMode"],"gold_per_floor":[360,435,435,113,141,141,185,204,204,241,241,272,301,71,71,182,182,181,203,203,302,311,350,350,350,350],"floor_reached":25,"language":"KOR","playtime":811,"items_purged":["Strike_R","Strike_R"],"score":296,"play_id":"d11fbbd0-b3be-4005-a03a-3819266fc1f6","local_time":"20210202103158","is_ascension_mode":true,"campfire_choices":[{"data":"Wild Strike","floor":6.0,"key":"SMITH"},{"floor":11.0,"key":"REST"},{"data":"Feel No Pain","floor":15.0,"key":"SMITH"},{"floor":24,"key":"REST"}],"circlet_count":0,"master_deck":["Strike_R","Strike_R","Strike_R","Defend_R","Defend_R+1","Defend_R","Defend_R","Bash","Wild Strike+1","Dark Shackles+1","Second Wind","Evolve","Spot Weakness","Sever Soul","Headbutt","Burning Pact","Power Through","Feel No Pain+1","Impervious","Second Wind+1","Uppercut","Bandage Up","Havoc"],"relics":["Burning Blood","CeramicFish","Ice Cream","Incense Burner","Oddly Smooth Stone","Omamori","Sozu","War Paint","Prayer Wheel"],"acts_visited":["Exordium","TheCity"],"potions_floor_usage":[16,16,16,16,25],"damage_taken":[{"damage":8.0,"enemies":"2 Louse","floor":1.0,"turns":3.0},{"damage":0.0,"enemies":"Jaw Worm","floor":5.0,"turns":3.0},{"damage":38.0,"enemies":"Gremlin Nob","floor":7.0,"turns":5.0},{"damage":2.0,"enemies":"Small Slimes","floor":8.0,"turns":2.0},{"damage":16.0,"enemies":"3 Sentries","floor":10.0,"turns":6.0},{"damage":28.0,"enemies":"Lagavulin","floor":12.0,"turns":7.0},{"damage":2.0,"enemies":"3 Louse","floor":13.0,"turns":6.0},{"damage":20,"enemies":"Slime Boss","floor":16,"turns":12},{"damage":12,"enemies":"2 Thieves","floor":18,"turns":4},{"damage":14,"enemies":"Spheric Guardian","floor":19,"turns":5},{"damage":46,"enemies":"Book of Stabbing","floor":23,"turns":6},{"damage":48,"enemies":"Gremlin Leader","floor":25,"turns":9}],"seed_played":"-6261430984337767185","potions_obtained":[{"floor":1.0,"key":"GamblersBrew"},{"floor":7.0,"key":"Fire Potion"},{"floor":12.0,"key":"Regen Potion"},{"floor":13.0,"key":"EntropicBrew"},{"floor":16,"key":"DuplicationPotion"}],"is_trial":false,"path_per_floor":["M","?","?","$","M","R","E","M","T","E","R","E","M","$","R","B",null,"M","M","?","?","?","E","R","E"],"character_chosen":"IRONCLAD","items_purchased":["CeramicFish","Dark Shackles","Second Wind","Power Through","Feel No Pain"],"campfire_rested":2,"item_purchase_floors":[4,4,4,14,14],"current_hp_per_floor":[54,43,48,48,54,54,22,26,26,16,41,19,38,38,38,24,70,64,56,56,56,56,20,45,1,1],"gold":350,"neow_bonus":"TWO_FIFTY_GOLD","is_daily":false,"chose_seed":false,"campfire_upgraded":2,"win_rate":0.0,"timestamp":1612283518,"path_taken":["M","?","?","$","M","R","E","M","T","E","R","E","M","$","R","BOSS","M","M","?","?","?","E","R","E"],"items_purchased_type":["Relic","Card","Card","Card","Card"],"build_version":"2020-12-22","purchased_purges":2,"victory":false,"max_hp_per_floor":[80,80,85,85,85,85,85,85,85,85,85,85,85,85,85,85,85,85,85,85,85,85,85,85,85,85],"card_choices":[{"not_picked":["Evolve","Clothesline"],"picked":"Wild Strike","floor":1.0},{"not_picked":["Iron Wave","Sword Boomerang"],"picked":"Evolve","floor":5.0},{"not_picked":["Whirlwind","Hemokinesis"],"picked":"Spot Weakness","floor":7.0},{"not_picked":["Armaments","Searing Blow"],"picked":"Sever Soul","floor":8.0},{"not_picked":["Blood for Blood","Cleave"],"picked":"Headbutt","floor":10.0},{"not_picked":["Dual Wield","Cleave","Evolve"],"picked":"SKIP","floor":12.0},{"not_picked":["Sentinel","Clothesline"],"picked":"Burning Pact","floor":13.0},{"not_picked":["Berserk","Reaper"],"picked":"Impervious","floor":16},{"not_picked":["True Grit","Iron Wave+1"],"picked":"Second Wind+1","floor":18},{"not_picked":["Combust","Sword Boomerang"],"picked":"Uppercut","floor":19},{"not_picked":["Anger+1","Searing Blow"],"picked":"Havoc","floor":23}],"player_experience":264693,"relics_obtained":[{"floor":7.0,"key":"Ice Cream"},{"floor":9.0,"key":"Incense Burner"},{"floor":10.0,"key":"Oddly Smooth Stone"},{"floor":12.0,"key":"Omamori"},{"floor":23,"key":"Prayer Wheel"}],"event_choices":[{"damage_healed":0.0,"max_hp_gain":0.0,"max_hp_loss":0.0,"gold_gain":75.0,"event_name":"World of Goop","player_choice":"Gather Gold","floor":2.0,"gold_loss":0.0,"damage_taken":11.0},{"damage_healed":0.0,"max_hp_gain":5.0,"max_hp_loss":0.0,"gold_gain":0.0,"event_name":"Big Fish","player_choice":"Donut","floor":3.0,"gold_loss":0.0,"damage_taken":0.0},{"damage_healed":0,"gold_gain":0,"player_choice":"Opened","damage_taken":0,"relics_obtained":["War Paint"],"max_hp_gain":0,"max_hp_loss":0,"event_name":"The Mausoleum","floor":20,"gold_loss":0},{"damage_healed":0,"gold_gain":99,"player_choice":"Stole From Cult","damage_taken":0,"max_hp_gain":0,"max_hp_loss":0,"event_name":"Nest","floor":21,"gold_loss":0},{"damage_healed":0,"gold_gain":0,"player_choice":"1 cards matched","damage_taken":0,"max_hp_gain":0,"max_hp_loss":0,"event_name":"Match and Keep!","floor":22,"gold_loss":0,"cards_obtained":["Bandage Up"]}],"is_beta":false,"boss_relics":[{"not_picked":["Philosopher\u0027s Stone","Runic Dome"],"picked":"Sozu"}],"items_purged_floors":[4,14],"is_endless":false,"potions_floor_spawned":[1,7,12,13,16,18],"killed_by":"Gremlin Leader","ascension_level":5}}