{"host":"Tonhão","time":1612298488,"event":{"mods":["Aspiration","BaseMod","Conspire","Downfall","Friendly Minions","Halation","Hermit","Highlight Path","Hubris","Infinite Spire","Jedi Mod","Minty Spire (QoL Compilation)","Relic Sorter","Reliquary","Replay The Spire","Spicy Shops","StSLib","The Animator","The Construct","The Cursed","The Jester","The Senshi","The Servant 0.9.4"],"gold_per_floor":[0,16,30,88,88,100,100,100,100,116,116,63,63,86,104,203,203,203,219,319,337,337,352,378,378,378,409,421,43,43,43,54,155,155,155,165,185,64,77,127,172,189,271,184,184,84,84,84,99,99,99,99],"floor_reached":50,"language":"ENG","playtime":2994,"items_purged":["Decay","TheCursedMod:Dregs"],"score":552,"play_id":"eb9faaba-fb5d-4320-894d-adfa987b1638","local_time":"20210202174128","is_ascension_mode":false,"campfire_choices":[{"data":"Magnetism","floor":1,"key":"SMITH"},{"floor":11,"key":"REST"},{"floor":13,"key":"REST"},{"floor":25,"key":"REST"},{"floor":30,"key":"REST"},{"data":"bronze:Verify","floor":35,"key":"SMITH"},{"floor":45,"key":"REST"},{"data":"bronze:Library","floor":47,"key":"SMITH"}],"circlet_count":0,"master_deck":["bronze:Strike+1","bronze:Strike+1","bronze:Defend","bronze:Defend","bronze:Defend","bronze:Defend","bronze:Replicate+1","bronze:Goto+1","bronze:Format","bronze:InfiniteBeams","bronze:DelayedSlice","bronze:Verify+1","bronze:ChosenStrike+1","bronze:FineTuning+1","bronze:DelayedSlice","bronze:DelayedSlice","GremboGang","bronze:Turbo","bronze:Turbo+1","bronze:Optimize","bronze:ForceShield","bronze:BronzeOrb","bronze:ThunderWave","bronze:FineTuning+1","bronze:Library+1","bronze:Repair","bronze:BuggyMess+1","bronze:DelayedSlice","bronze:Terminator","expansioncontent:Chronoboost","bronze:DelayedSlice","bronze:Philosophize+1"],"relics":["bronze:BronzeCore","Garlic","reliquary:SilkGlove","Replay:Wax Seal","conspire:RunicOctahedron","Toy Ornithopter","Dream Catcher","Juzu Bracelet","reliquary:Craggleroot","halation:Sosunser","Turnip","Pet Ghost","ReplayTheSpireMod:Ninjato","ReplayTheSpireMod:CursedCoin"],"acts_visited":["Exordium","TheCity","TheBeyond"],"potions_floor_usage":[3,6,6,16,16,19,19,21,21,22,29,33,40,50],"damage_taken":[{"damage":12,"enemies":"2 Louse","floor":2,"turns":4},{"damage":1,"enemies":"Jaw Worm","floor":3,"turns":4},{"damage":0,"enemies":"Cultist","floor":6,"turns":1},{"damage":1,"enemies":"Blue Slaver","floor":10,"turns":4},{"damage":0,"enemies":"downfall:FleeingMerchant","floor":12,"turns":4},{"damage":0,"enemies":"3 Louse","floor":15,"turns":3},{"damage":13,"enemies":"IC_STATUS_ARCHETYPE","floor":16,"turns":7},{"damage":0,"enemies":"3 Byrds","floor":19,"turns":3},{"damage":41,"enemies":"downfall:LadyInBlue","floor":20,"turns":9},{"damage":9,"enemies":"Cultist and Chosen","floor":21,"turns":5},{"damage":16,"enemies":"Centurion and Healer","floor":23,"turns":4},{"damage":18,"enemies":"Nightmare","floor":27,"turns":5},{"damage":16,"enemies":"Snecko","floor":28,"turns":5},{"damage":0,"enemies":"downfall:FleeingMerchant","floor":29,"turns":4},{"damage":0,"enemies":"downfall:FleeingMerchant","floor":31,"turns":3},{"damage":0,"enemies":"Sentry and Sphere","floor":32,"turns":2},{"damage":4,"enemies":"WA_ARCHETYPE_CALM","floor":33,"turns":8},{"damage":6,"enemies":"3 Shapes","floor":36,"turns":4},{"damage":15,"enemies":"3 Darklings","floor":37,"turns":3},{"damage":0,"enemies":"downfall:FleeingMerchant","floor":38,"turns":4},{"damage":10,"enemies":"Jaw Worm Horde","floor":39,"turns":3},{"damage":4,"enemies":"Jaw Worm Horde","floor":40,"turns":4},{"damage":0,"enemies":"Sphere and 2 Shapes","floor":42,"turns":4},{"damage":7,"enemies":"downfall:FleeingMerchant","floor":43,"turns":3},{"damage":34,"enemies":"3 Darklings","floor":44,"turns":4},{"damage":0,"enemies":"Spire Growth","floor":49,"turns":2},{"damage":141,"enemies":"SI_POISON_ARCHETYPE","floor":50,"turns":5}],"seed_played":"3350925091564396883","potions_obtained":[{"floor":2,"key":"Block Potion"},{"floor":4,"key":"bronze:CleanCodePotion"},{"floor":5,"key":"Slimebound:ThreeZeroPotion"},{"floor":5,"key":"Elixir"},{"floor":10,"key":"Weak Potion"},{"floor":16,"key":"hexamod:SoulburnPotion"},{"floor":20,"key":"Adrenaline Potion"},{"floor":20,"key":"jedi:mysterypotion"},{"floor":20,"key":"Fire Potion"},{"floor":28,"key":"Ancient Potion"},{"floor":32,"key":"Strength Potion"},{"floor":39,"key":"sneckomod:MuddlingPotion"},{"floor":40,"key":"Dexterity Potion"}],"is_trial":false,"path_per_floor":["R","M","M","?","?","M","T","?","?","M","R","$","R","T","M","B",null,"R","M","?","M","?","M","T","R","?","NM","M","$","R","?","M","B",null,"R","M","M","?","M","?","T","M","$","M","R","$","R","?","M","B"],"character_chosen":"THE_AUTOMATON","items_purchased":["bronze:InfiniteBeams","bronze:Optimize","bronze:ForceShield","bronze:BronzeOrb","Juzu Bracelet","halation:Sosunser","bronze:Library","ReplayTheSpireMod:Ninjato","ReplayTheSpireMod:CursedCoin","expansioncontent:Chronoboost"],"campfire_rested":5,"item_purchase_floors":[12,29,29,29,29,38,38,43,43,43],"current_hp_per_floor":[70,58,57,29,29,29,29,29,29,32,53,53,70,70,70,57,70,70,70,29,30,35,19,19,40,40,22,6,11,32,32,32,33,70,70,64,49,49,39,50,50,57,60,33,54,54,54,70,70,0,0,0],"gold":99,"neow_bonus":"RANDOM_COLORLESS_2","is_daily":false,"chose_seed":false,"campfire_upgraded":3,"win_rate":0.0,"timestamp":1612298488,"path_taken":["R","M","M","?","?","?","T","?","?","M","R","$","R","?","M","BOSS","R","M","?","?","?","M","T","R","?","NM","M","$","R","?","M","BOSS","R","M","M","?","M","?","T","M","$","M","R","?","R","?","M","BOSS"],"items_purchased_type":["Card","Card","Card","Card","Relic","Relic","Card","Relic","Relic","Card"],"build_version":"2020-11-17","purchased_purges":2,"victory":false,"max_hp_per_floor":[70,70,70,70,70,70,70,70,70,70,70,70,70,70,70,70,70,70,70,70,70,70,70,70,70,70,70,70,70,70,70,70,70,70,70,70,70,70,70,70,70,70,70,70,70,70,70,70,70,70,70,70],"card_choices":[{"not_picked":["Thinking Ahead","Chrysalis"],"picked":"Magnetism","floor":0},{"not_picked":["bronze:Backtrace","bronze:Turbo","bronze:Branch"],"picked":"SKIP","floor":2},{"not_picked":["bronze:Separator","bronze:Overheat","bronze:OilSpill"],"picked":"SKIP","floor":3},{"not_picked":["bronze:Iterate","bronze:Shield","bronze:BitShift"],"picked":"SKIP","floor":6},{"not_picked":["bronze:CutThrough","bronze:Frontload","bronze:Iterate"],"picked":"SKIP","floor":10},{"not_picked":["bronze:Allocate","bronze:BuggyMess"],"picked":"bronze:Format","floor":12},{"not_picked":["bronze:Turbo","bronze:OilSpill"],"picked":"bronze:DelayedSlice","floor":15},{"not_picked":["bronze:FindAndReplace","bronze:Mutator"],"picked":"bronze:Verify","floor":16},{"not_picked":["bronze:BuggyMess","bronze:FineTuning"],"picked":"bronze:ChosenStrike+1","floor":19},{"not_picked":["bronze:Branch","bronze:DarkDash"],"picked":"bronze:FineTuning+1","floor":20},{"not_picked":["bronze:WildBeam","bronze:Deprecate"],"picked":"bronze:DelayedSlice","floor":21},{"not_picked":["bronze:BronzeOrb+1","bronze:Repair"],"picked":"bronze:DelayedSlice","floor":23},{"not_picked":["bronze:FollowUp+1","bronze:Invalidate+1"],"picked":"bronze:Turbo","floor":27},{"not_picked":["bronze:Overheat","bronze:Shell","bronze:BugBarrage+1"],"picked":"SKIP","floor":28},{"not_picked":["bronze:Frontload+1","bronze:DelayedGuard"],"picked":"bronze:Turbo+1","floor":29},{"not_picked":["bronze:Flail","bronze:Constructor","bronze:DelayedGuard"],"picked":"SKIP","floor":32},{"not_picked":["bronze:Break","bronze:SpaghettiCode"],"picked":"bronze:ThunderWave","floor":33},{"not_picked":["bronze:Branch","bronze:WhirlingStrike+1","bronze:BugBarrage+1"],"picked":"SKIP","floor":36},{"not_picked":["bronze:Separator","bronze:Constructor+1"],"picked":"bronze:FineTuning+1","floor":37},{"not_picked":["bronze:Frontload+1","bronze:ItsAFeature+1","bronze:DarkDash+1"],"picked":"SKIP","floor":38},{"not_picked":["bronze:Philosophize","bronze:ForLoop"],"picked":"bronze:Repair","floor":39},{"not_picked":["bronze:CleanCode","bronze:Constructor"],"picked":"bronze:BuggyMess+1","floor":40},{"not_picked":["bronze:Invalidate","bronze:WildBeam+1"],"picked":"bronze:DelayedSlice","floor":42},{"not_picked":["bronze:Separator+1","bronze:BuggyMess"],"picked":"bronze:Terminator","floor":43},{"not_picked":["bronze:Constructor","bronze:Invalidate+1"],"picked":"bronze:DelayedSlice","floor":44},{"not_picked":["bronze:Allocate","bronze:Separator"],"picked":"bronze:Philosophize+1","floor":49}],"player_experience":137954,"relics_obtained":[{"floor":4,"key":"Garlic"},{"floor":7,"key":"reliquary:SilkGlove"},{"floor":14,"key":"Replay:Wax Seal"},{"floor":20,"key":"Toy Ornithopter"},{"floor":24,"key":"Gremlin Food"},{"floor":27,"key":"Dream Catcher"},{"floor":40,"key":"Turnip"},{"floor":41,"key":"Pet Ghost"}],"event_choices":[{"damage_healed":0,"gold_gain":0,"player_choice":"Got Potions","damage_taken":0,"max_hp_gain":0,"max_hp_loss":0,"event_name":"Lab","floor":5,"gold_loss":0},{"cards_removed":["downfall:Malfunctioning"],"damage_healed":0,"gold_gain":0,"player_choice":"Card Removal","damage_taken":0,"max_hp_gain":0,"max_hp_loss":0,"event_name":"The Cleric","floor":9,"gold_loss":0},{"cards_removed":["Survey Options"],"damage_healed":16,"gold_gain":0,"player_choice":"Offered Uncommon","damage_taken":0,"max_hp_gain":0,"max_hp_loss":0,"event_name":"Bonfire Elementals","floor":48,"gold_loss":0}],"is_beta":true,"boss_relics":[{"not_picked":["Runic Dome","halation:HeavySnake"],"picked":"conspire:RunicOctahedron"},{"not_picked":["aspiration:IroncladSkillbook","halation:PlatinumPhoenix"],"picked":"reliquary:Craggleroot"}],"items_purged_floors":[43,46],"is_endless":true,"potions_floor_spawned":[2,10,16,20,28,31,32,39,40],"killed_by":"SI_POISON_ARCHETYPE","ascension_level":0}}