{"host":"Tonhão","time":1612293026,"event":{"mods":["Aspiration","BaseMod","Conspire","Downfall","Friendly Minions","Halation","Hermit","Highlight Path","Hubris","Infinite Spire","Jedi Mod","Minty Spire (QoL Compilation)","Relic Sorter","Reliquary","Replay The Spire","Spicy Shops","StSLib","The Animator","The Construct","The Cursed","The Jester","The Senshi","The Servant 0.9.4"],"gold_per_floor":[14,14,30,30,30,65,65,65,65,88,88,88,88,107,107,126,126,126,126],"floor_reached":18,"language":"ENG","playtime":546,"items_purged":[],"score":116,"play_id":"2a036674-7694-4b08-bdad-79c90f98b80f","local_time":"20210202161026","is_ascension_mode":true,"campfire_choices":[{"floor":9,"key":"REST"},{"data":"Normality","floor":17,"key":"PURGE"}],"circlet_count":0,"master_deck":["hermit:Strike_Hermit","hermit:Strike_Hermit","hermit:Strike_Hermit","hermit:Strike_Hermit","hermit:Defend_Hermit","hermit:Defend_Hermit","hermit:Defend_Hermit","hermit:Defend_Hermit","hermit:GoldenBullet","hermit:Purgatory","hermit:GoldenBullet","Injury","hermit:Dissolve","hermit:Coalescence","hubris:Sloth","ReplayTheSpireMod:Haul","hermit:FatalDesire"],"relics":["hermit:Momento","Golden Idol","Tiny Chest","ReplayTheSpireMod:Ninjato","Darkstone Periapt"],"acts_visited":["Exordium"],"potions_floor_usage":[14,16],"damage_taken":[{"damage":20,"enemies":"Small Slimes","floor":1,"turns":1},{"damage":7,"enemies":"2 Louse","floor":3,"turns":3},{"damage":30,"enemies":"3 Sentries","floor":6,"turns":5},{"damage":1,"enemies":"Jaw Worm","floor":10,"turns":4},{"damage":13,"enemies":"3 Louse","floor":14,"turns":6},{"damage":6,"enemies":"2 Fungi Beasts","floor":16,"turns":4},{"damage":22,"enemies":"The Guardian","floor":18,"turns":4}],"seed_played":"4796121027368230657","potions_obtained":[{"floor":6,"key":"DuplicationPotion"},{"floor":10,"key":"PowerPotion"}],"is_trial":false,"path_per_floor":["M","?","M","$","?","E","PTL","PTL","R","M","T","?","?","M","T","M","R","B"],"character_chosen":"HERMIT","items_purchased":[],"campfire_rested":1,"item_purchase_floors":[],"current_hp_per_floor":[55,55,48,48,48,18,18,18,40,39,39,39,39,26,26,20,20,0,0],"gold":126,"neow_bonus":"TRANSFORM_TWO_CARDS","is_daily":false,"chose_seed":false,"campfire_upgraded":0,"win_rate":0.0,"timestamp":1612293026,"path_taken":["M","?","M","$","?","E","PTL","PTL","R","?","T","?","?","M","?","M","R","BOSS"],"items_purchased_type":[],"build_version":"2020-11-17","purchased_purges":0,"victory":false,"max_hp_per_floor":[75,75,75,75,75,75,75,75,75,75,75,75,75,75,75,75,75,75,75],"card_choices":[{"not_picked":["hermit:HighCaliber","hermit:ItchyTrigger"],"picked":"hermit:GoldenBullet","floor":1},{"not_picked":["hermit:HoleUp","hermit:Ricochet","hermit:Headshot"],"picked":"SKIP","floor":3},{"not_picked":["hermit:Snipe","hermit:Glare"],"picked":"hermit:Coalescence","floor":6},{"not_picked":["hermit:Snipe","hermit:Scavenge","hermit:Cheat"],"picked":"SKIP","floor":10},{"not_picked":["ReplayTheSpireMod:Chaos Vortex","infinitespire:SealOfDarkness+"],"picked":"ReplayTheSpireMod:Haul","floor":13},{"not_picked":["hermit:Snipe","hermit:GhostlyPresence","hermit:LoneWolf"],"picked":"SKIP","floor":14},{"not_picked":["hermit:SprayPray","hermit:Snipe"],"picked":"hermit:FatalDesire","floor":16}],"player_experience":135002,"relics_obtained":[{"floor":6,"key":"Tiny Chest"},{"floor":11,"key":"ReplayTheSpireMod:Ninjato"},{"floor":15,"key":"Darkstone Periapt"}],"event_choices":[{"damage_healed":0,"gold_gain":0,"player_choice":"Take Wound","damage_taken":0,"relics_obtained":["Golden Idol"],"max_hp_gain":0,"max_hp_loss":0,"event_name":"Golden Idol","floor":2,"gold_loss":0,"cards_obtained":["Injury"]},{"damage_healed":0,"gold_gain":0,"player_choice":"Leave","damage_taken":0,"max_hp_gain":0,"max_hp_loss":0,"event_name":"conspire:Investor","floor":12,"gold_loss":0}],"is_beta":true,"boss_relics":[],"items_purged_floors":[],"is_endless":false,"potions_floor_spawned":[6,10],"killed_by":"The Guardian","ascension_level":1}}