{"host":"f5n4tidiz2n5sooh","time":1612308967,"event":{"mods":["BaseMod","Colored Map","Minty Spire (QoL Compilation)","Relic Stats","StSLib"],"gold_per_floor":[112,123,142,142,142,142,168,168,195,208,222,251,301,335,335,409,409,421,433,358,358,374,374,17,17,17,17,37,37,54,68,68,68,68],"floor_reached":33,"language":"ENG","playtime":1280,"items_purged":["Strike_R","Strike_R"],"score":584,"play_id":"6345e09b-1fc7-41e8-b17f-69a3b48dee3f","local_time":"20210202173607","is_ascension_mode":true,"campfire_choices":[{"data":"Bash","floor":6.0,"key":"SMITH"},{"floor":8.0,"key":"REST"},{"data":"Inflame","floor":15.0,"key":"SMITH"},{"data":"Flame Barrier","floor":25,"key":"SMITH"},{"data":"Second Wind","floor":27,"key":"SMITH"},{"data":"Shrug It Off","floor":29,"key":"SMITH"},{"data":"Defend_R","floor":32,"key":"SMITH"}],"circlet_count":0,"master_deck":["AscendersBane","Strike_R","Defend_R","Defend_R","Defend_R+1","Bash+1","Sword Boomerang+1","Hemokinesis+1","Iron Wave+1","Reaper","Shrug It Off+1","Inflame+1","Immolate+1","Flame Barrier+1","Rupture","Second Wind+1","Berserk+1"],"relics":["Empty Cage","Bronze Scales","Strawberry","Ornamental Fan","Charon\u0027s Ashes","Coffee Dripper","Nilry\u0027s Codex","Whetstone","Frozen Egg 2"],"acts_visited":["Exordium","TheCity"],"potions_floor_usage":[30,33],"damage_taken":[{"damage":10.0,"enemies":"Small Slimes","floor":1.0,"turns":4.0},{"damage":2.0,"enemies":"2 Louse","floor":2.0,"turns":4.0},{"damage":3.0,"enemies":"Cultist","floor":3.0,"turns":3.0},{"damage":24.0,"enemies":"Lagavulin","floor":7.0,"turns":3.0},{"damage":21.0,"enemies":"Large Slime","floor":10.0,"turns":4.0},{"damage":21.0,"enemies":"Lots of Slimes","floor":11.0,"turns":3.0},{"damage":26.0,"enemies":"3 Sentries","floor":12.0,"turns":8.0},{"damage":2.0,"enemies":"Gremlin Nob","floor":14.0,"turns":3.0},{"damage":20.0,"enemies":"Slime Boss","floor":16.0,"turns":6.0},{"damage":22.0,"enemies":"Spheric Guardian","floor":18.0,"turns":4.0},{"damage":8.0,"enemies":"Chosen","floor":19.0,"turns":4.0},{"damage":20.0,"enemies":"Snake Plant","floor":22.0,"turns":4.0},{"damage":8,"enemies":"Sentry and Sphere","floor":28,"turns":6},{"damage":10,"enemies":"Cultist and Chosen","floor":30,"turns":5},{"damage":8,"enemies":"3 Cultists","floor":31,"turns":3},{"damage":24,"enemies":"Automaton","floor":33,"turns":4}],"seed_played":"-452044455536931458","potions_obtained":[{"floor":1.0,"key":"AttackPotion"},{"floor":2.0,"key":"Swift Potion"},{"floor":10.0,"key":"DuplicationPotion"},{"floor":12.0,"key":"Block Potion"},{"floor":22.0,"key":"BlessingOfTheForge"},{"floor":28,"key":"LiquidBronze"}],"is_trial":false,"path_per_floor":["M","M","M","?","?","R","E","R","T","M","M","E","?","E","R","B",null,"M","M","$","?","M","?","$","R","T","R","M","R","M","M","R","B"],"character_chosen":"IRONCLAD","items_purchased":["Second Wind","Whetstone"],"campfire_rested":1,"item_purchase_floors":[24,24],"current_hp_per_floor":[58,56,53,30,30,30,6,28,35,22,41,27,27,25,25,26,68,46,45,45,24,12,12,12,12,12,12,4,4,4,8,8,0,0],"gold":68,"neow_bonus":"BOSS_RELIC","is_daily":false,"chose_seed":false,"campfire_upgraded":6,"win_rate":0.0,"timestamp":1612308967,"path_taken":["M","M","M","?","?","R","E","R","T","M","?","E","?","E","R","BOSS","M","?","$","?","M","?","$","R","T","R","M","R","?","M","R","BOSS"],"items_purchased_type":["Card","Relic"],"build_version":"2020-12-22","purchased_purges":2,"victory":false,"max_hp_per_floor":[75,75,75,75,75,75,75,75,82,82,82,82,82,82,82,82,82,82,82,82,82,82,82,82,82,82,82,82,82,82,82,82,82,82],"relic_stats":{"counters":[16,68],"Ornamental Fan":[16],"Bronze Scales":[110],"Charon\u0027s Ashes":[102],"Whetstone":["Immolate","Iron Wave"],"obtain_stats":[{"Ornamental Fan":12,"Nilry\u0027s Codex":21,"Bronze Scales":7,"Strawberry":9,"Charon\u0027s Ashes":14,"Coffee Dripper":17,"Whetstone":24,"Frozen Egg 2":26,"Empty Cage":0,"Burning Blood":0},{"Ornamental Fan":7,"Nilry\u0027s Codex":11,"Bronze Scales":4,"Strawberry":4,"Charon\u0027s Ashes":8,"Coffee Dripper":9,"Whetstone":12,"Frozen Egg 2":12,"Empty Cage":0,"Burning Blood":0},{"Ornamental Fan":29,"Nilry\u0027s Codex":46,"Bronze Scales":14,"Strawberry":14,"Charon\u0027s Ashes":32,"Coffee Dripper":38,"Whetstone":50,"Frozen Egg 2":50,"Empty Cage":0,"Burning Blood":0}]},"card_choices":[{"not_picked":["Warcry","Entrench"],"picked":"Sword Boomerang","floor":1.0},{"not_picked":["Body Slam","Shockwave"],"picked":"Hemokinesis","floor":2.0},{"not_picked":["Twin Strike","Havoc"],"picked":"Iron Wave","floor":3.0},{"not_picked":["Thunderclap","Body Slam"],"picked":"Reaper","floor":7.0},{"not_picked":["Thunderclap","Fire Breathing"],"picked":"Shrug It Off","floor":10.0},{"not_picked":["Havoc","Dropkick","Sword Boomerang"],"picked":"SKIP","floor":11.0},{"not_picked":["Havoc","Wild Strike"],"picked":"Inflame","floor":12.0},{"not_picked":["Searing Blow","Fire Breathing","Clash"],"picked":"SKIP","floor":14.0},{"not_picked":["Berserk","Limit Break"],"picked":"Immolate","floor":16.0},{"not_picked":["Anger+1","Headbutt"],"picked":"Flame Barrier","floor":18.0},{"not_picked":["Heavy Blade","Cleave"],"picked":"Rupture","floor":19.0},{"not_picked":["Cleave","Iron Wave","Sword Boomerang"],"picked":"SKIP","floor":22.0},{"not_picked":["Iron Wave","Cleave","Flex"],"picked":"SKIP","floor":28},{"not_picked":["Clash","Wild Strike","Shrug It Off"],"picked":"SKIP","floor":30},{"not_picked":["Evolve+1","Bloodletting"],"picked":"Berserk+1","floor":31}],"player_experience":2039550,"relics_obtained":[{"floor":7.0,"key":"Bronze Scales"},{"floor":9.0,"key":"Strawberry"},{"floor":12.0,"key":"Ornamental Fan"},{"floor":14.0,"key":"Charon\u0027s Ashes"},{"floor":21.0,"key":"Nilry\u0027s Codex"},{"floor":26,"key":"Frozen Egg 2"}],"event_choices":[{"damage_healed":0.0,"max_hp_gain":0.0,"max_hp_loss":0.0,"gold_gain":0.0,"event_name":"Shining Light","player_choice":"Entered Light","floor":4.0,"gold_loss":0.0,"damage_taken":23.0,"cards_upgraded":["Sword Boomerang","Hemokinesis"]},{"cards_removed":["Strike_R"],"damage_healed":0.0,"max_hp_gain":0.0,"max_hp_loss":0.0,"gold_gain":0.0,"event_name":"Purifier","player_choice":"Purged","floor":5.0,"gold_loss":0.0,"damage_taken":0.0},{"damage_healed":0.0,"max_hp_gain":0.0,"max_hp_loss":0.0,"gold_gain":50.0,"event_name":"Golden Shrine","player_choice":"Pray","floor":13.0,"gold_loss":0.0,"damage_taken":0.0},{"damage_healed":0.0,"max_hp_gain":0.0,"max_hp_loss":0.0,"gold_gain":0.0,"event_name":"Cursed Tome","player_choice":"Obtained Book","floor":21.0,"gold_loss":0.0,"damage_taken":21.0},{"damage_healed":0.0,"max_hp_gain":0.0,"max_hp_loss":0.0,"gold_gain":0.0,"event_name":"Match and Keep!","player_choice":"0 cards matched","floor":23.0,"gold_loss":0.0,"damage_taken":0.0,"cards_obtained":[]}],"is_beta":false,"boss_relics":[{"not_picked":["Busted Crown","Velvet Choker"],"picked":"Coffee Dripper"}],"items_purged_floors":[20,24],"is_endless":false,"potions_floor_spawned":[1,2,10,12,22,28],"killed_by":"Automaton","ascension_level":20}}