{"host":"gaqyve1328ta0etl","time":1612229883,"event":{"mods":["BaseMod","Colored Map","Colored Powertips","Googly Eyes","Minty Spire (QoL Compilation)","Shop Mod","StSLib","SuperFastMode","The Hierophant","The Runesmith"],"gold_per_floor":[115,115,115,16,32,32,48,48,48,61,61,75,175,186,186,285,285,302,313,313,313],"floor_reached":20,"language":"ENG","playtime":462,"items_purged":["Strike_B"],"score":274,"play_id":"472ce958-45f1-4bcf-ac8b-aaf86cc9c607","local_time":"20210201173803","is_ascension_mode":true,"campfire_choices":[{"data":"Zap","floor":6,"key":"SMITH"},{"floor":8,"key":"REST"},{"floor":15,"key":"REST"}],"circlet_count":0,"master_deck":["AscendersBane","Strike_B+1","Strike_B+1","Defend_B","Defend_B","Defend_B","Defend_B","Zap+1","Dualcast","Gash","Zap+1","Coolheaded","Gash","Biased Cognition","Gash","Gash"],"relics":["Cracked Core","Matryoshka","Black Star"],"acts_visited":["Exordium","TheCity"],"potions_floor_usage":[],"damage_taken":[{"damage":1,"enemies":"Cultist","floor":1,"turns":3},{"damage":6,"enemies":"2 Louse","floor":5,"turns":3},{"damage":7,"enemies":"Jaw Worm","floor":7,"turns":2},{"damage":0,"enemies":"Large Slime","floor":10,"turns":4},{"damage":26,"enemies":"Exordium Thugs","floor":12,"turns":4},{"damage":23,"enemies":"Gremlin Gang","floor":14,"turns":5},{"damage":32,"enemies":"The Guardian","floor":16,"turns":11},{"damage":11,"enemies":"Shell Parasite","floor":18,"turns":5},{"damage":30,"enemies":"3 Byrds","floor":19,"turns":5},{"damage":19,"enemies":"Cultist and Chosen","floor":20,"turns":3}],"seed_played":"737117450315596568","potions_obtained":[{"floor":5,"key":"EssenceOfDarkness"},{"floor":7,"key":"LiquidMemories"},{"floor":19,"key":"Dexterity Potion"}],"is_trial":false,"path_per_floor":["M","?","?","$","M","R","M","R","T","M","?","M","?","M","R","B",null,"M","M","M"],"character_chosen":"DEFECT","items_purchased":["Coolheaded"],"campfire_rested":2,"item_purchase_floors":[4],"current_hp_per_floor":[67,52,52,52,46,46,39,61,61,61,61,35,35,12,34,2,57,46,16,0,0],"gold":313,"neow_bonus":"UPGRADE_CARD","is_daily":false,"chose_seed":false,"campfire_upgraded":1,"win_rate":0.0,"timestamp":1612229883,"path_taken":["M","?","?","$","M","R","?","R","T","M","?","M","?","M","R","BOSS","M","M","M"],"items_purchased_type":["Card"],"build_version":"2020-12-22","purchased_purges":1,"victory":false,"max_hp_per_floor":[75,75,75,75,75,75,75,75,75,75,75,75,75,75,75,75,75,75,75,75,75],"card_choices":[{"not_picked":["Cold Snap","Compile Driver"],"picked":"Gash","floor":1},{"not_picked":["Rebound","Beam Cell","Streamline"],"picked":"SKIP","floor":5},{"not_picked":["Hologram","Cold Snap"],"picked":"Gash","floor":7},{"not_picked":["Storm","White Noise","Redo"],"picked":"SKIP","floor":10},{"not_picked":["Loop","Genetic Algorithm","Ball Lightning"],"picked":"SKIP","floor":12},{"not_picked":["Glacier","Go for the Eyes","Consume"],"picked":"SKIP","floor":14},{"not_picked":["Rainbow","Amplify"],"picked":"Biased Cognition","floor":16},{"not_picked":["Coolheaded","Stack+1"],"picked":"Gash","floor":18},{"not_picked":["Static Discharge","Redo"],"picked":"Gash","floor":19}],"player_experience":2069351,"relics_obtained":[{"floor":9,"key":"Matryoshka"}],"event_choices":[{"damage_healed":0,"gold_gain":0,"player_choice":"Entered Light","damage_taken":15,"max_hp_gain":0,"max_hp_loss":0,"event_name":"Shining Light","floor":2,"gold_loss":0,"cards_upgraded":["Strike_B","Strike_B"]},{"damage_healed":0,"gold_gain":0,"player_choice":"1 cards matched","damage_taken":0,"max_hp_gain":0,"max_hp_loss":0,"event_name":"Match and Keep!","floor":3,"gold_loss":0,"cards_obtained":["Zap"]},{"cards_removed":["Strike_B"],"damage_healed":0,"gold_gain":0,"player_choice":"Forget","damage_taken":0,"max_hp_gain":0,"max_hp_loss":0,"event_name":"Living Wall","floor":11,"gold_loss":0},{"damage_healed":0,"gold_gain":100,"player_choice":"Gold","damage_taken":0,"max_hp_gain":0,"max_hp_loss":0,"event_name":"Wheel of Change","floor":13,"gold_loss":0}],"is_beta":false,"boss_relics":[{"not_picked":["Snecko Eye","Pandora\u0027s Box"],"picked":"Black Star"}],"items_purged_floors":[4],"is_endless":false,"potions_floor_spawned":[5,7,19],"killed_by":"Cultist and Chosen","ascension_level":10}}