{"host":"928gv66myv2vlnsd","time":1612306035,"event":{"mods":["BaseMod","Highlight Path","Minty Spire (QoL Compilation)","StSLib"],"gold_per_floor":[113,26,39,39,39,70,70,98,98,116,116,116],"floor_reached":11,"language":"ENG","playtime":311,"items_purged":[],"score":207,"play_id":"ba62c7bd-7b87-41e1-867e-772af9dc7cf5","local_time":"20210202174715","is_ascension_mode":true,"campfire_choices":[],"circlet_count":0,"master_deck":["AscendersBane","Strike_G+1","Strike_G","Strike_G+1","Strike_G","Strike_G","Defend_G","Defend_G","Defend_G","Defend_G","Defend_G+1","Survivor","Neutralize","Quick Slash+1","Well Laid Plans","Bouncing Flask","Crippling Poison","Noxious Fumes","Acrobatics"],"relics":["Ring of the Snake","NeowsBlessing","StrikeDummy","Regal Pillow","Whetstone","Blue Candle"],"acts_visited":["Exordium"],"potions_floor_usage":[8,11,11],"damage_taken":[{"damage":0,"enemies":"Jaw Worm","floor":1,"turns":1},{"damage":0,"enemies":"2 Louse","floor":3,"turns":1},{"damage":0,"enemies":"3 Sentries","floor":6,"turns":2},{"damage":21,"enemies":"Lagavulin","floor":8,"turns":7},{"damage":4,"enemies":"Small Slimes","floor":10,"turns":3},{"damage":5,"enemies":"3 Sentries","floor":11,"turns":2}],"seed_played":"-4855895280144660653","potions_obtained":[{"floor":3,"key":"SkillPotion"},{"floor":6,"key":"CultistPotion"},{"floor":10,"key":"CunningPotion"}],"is_trial":false,"path_per_floor":["M","$","M","$","?","E","?","E","T","M","E"],"character_chosen":"THE_SILENT","items_purchased":["Well Laid Plans"],"campfire_rested":0,"item_purchase_floors":[2],"current_hp_per_floor":[59,59,59,59,39,39,28,7,7,3,0,0],"gold":116,"neow_bonus":"THREE_ENEMY_KILL","is_daily":false,"chose_seed":false,"campfire_upgraded":0,"win_rate":0.0,"timestamp":1612306035,"path_taken":["M","$","M","$","?","E","?","E","T","M","E"],"items_purchased_type":["Card"],"build_version":"2020-12-22","purchased_purges":0,"victory":false,"max_hp_per_floor":[66,66,66,66,66,66,66,66,66,66,66,66],"card_choices":[{"not_picked":["Bane","Outmaneuver"],"picked":"Quick Slash","floor":1},{"not_picked":["Underhanded Strike","Cloak And Dagger"],"picked":"Bouncing Flask","floor":3},{"not_picked":["Flying Knee","Endless Agony"],"picked":"Crippling Poison","floor":6},{"not_picked":["Cloak And Dagger","Quick Slash"],"picked":"Noxious Fumes","floor":8},{"not_picked":["Blade Dance","Expertise"],"picked":"Acrobatics","floor":10}],"player_experience":1421767,"relics_obtained":[{"floor":6,"key":"StrikeDummy"},{"floor":8,"key":"Whetstone"},{"floor":9,"key":"Blue Candle"}],"event_choices":[{"damage_healed":0,"gold_gain":0,"player_choice":"Entered Light","damage_taken":20,"max_hp_gain":0,"max_hp_loss":0,"event_name":"Shining Light","floor":5,"gold_loss":0,"cards_upgraded":["Quick Slash","Defend_G"]},{"damage_healed":0,"gold_gain":0,"player_choice":"Success","damage_taken":11,"relics_obtained":["Regal Pillow"],"max_hp_gain":0,"max_hp_loss":0,"event_name":"Scrap Ooze","floor":7,"gold_loss":0}],"is_beta":false,"boss_relics":[],"items_purged_floors":[],"is_endless":false,"potions_floor_spawned":[3,6,10],"killed_by":"3 Sentries","ascension_level":19}}