{"host":"pgm1p3lvdjflie30","time":1612273088,"event":{"mods":["ATMod(阿瑾Mod)","AchievementEnabler","Aspiration","BaseMod","Colored Map","Colored Powertips","Conspire","Dark Map","Dota2Spire","Energized Spire","Highlight Path","Minty Spire (QoL Compilation)","MostiFishMod","Quarter Circle Forward PUNCH!","Quick Restart","Replay The Spire","Spicy Shops","StSLib","TestMod","The Bug Knight","The IronCluck","The Jungle","Waifu the Spire","【?物卡牌】REMEMod","篝火指南"],"gold_per_floor":[112,21,41,41,54,54,71,84,84,119,119,133,143,156,156,253,253,270,270,284,59,109,137,137,52,52,1051,1063,1095,1095,1142,1142,1238,1238,1258,1283,1296,1296,1296,299,63,63,63,80,95,95,109,128,128,128,128,128,4,30,30],"floor_reached":56,"language":"ZHS","playtime":2563,"items_purged":["Doubt","Injury"],"score":1368,"play_id":"e22ea8a2-6c83-4d41-a113-f905abb9c822","local_time":"20210202213808","is_ascension_mode":false,"campfire_choices":[{"floor":6,"key":"RECALL"},{"data":"Dramatic Entrance","floor":11,"key":"SMITH"},{"data":"HollowMod:CycloneSlash","floor":15,"key":"SMITH"},{"data":"HollowMod:ElderbugsWisdom","floor":30,"key":"SMITH"},{"data":"HollowMod:SlysStrikes","floor":32,"key":"SMITH"},{"floor":49,"key":"DIG"},{"data":"HollowMod:GreatSlash","floor":52,"key":"SMITH"}],"circlet_count":0,"master_deck":["HollowMod:NailStrikeStart+1","HollowMod:NailStrikeStart+1","HollowMod:NailStrikeStart+1","HollowMod:NailStrikeStart+1","HollowMod:QuickDashStart+1","HollowMod:QuickDashStart+1","HollowMod:QuickDashStart+1","HollowMod:QuickDashStart+1","HollowMod:FocusHealStart+1","HollowMod:PogoStrike+1","Ragnarok+1","AT_FamilyPortrait+1","HollowMod:WraithStrike+1","Dramatic Entrance+1","HollowMod:DescendingDark+1","HollowMod:TaintedHusks+1","HollowMod:QuirrelsAssistance+1","HollowMod:CycloneSlash+1","HollowMod:InfectionAssault+1","HollowMod:MantisMark+1","HollowMod:HeavyBlow+1","HollowMod:CycloneSlash+1","HollowMod:SlysStrikes+1","CurseOfTheBell","HollowMod:PerfectDash+1","HollowMod:NailStrikeStart+1","HollowMod:NailStrikeStart+1","HollowMod:NailStrikeStart+1","HollowMod:NailStrikeStart+1","HollowMod:QuickDashStart+1","HollowMod:QuickDashStart+1","HollowMod:QuickDashStart+1","HollowMod:QuickDashStart+1","HollowMod:FocusHealStart+1","HollowMod:PogoStrike+1","Ragnarok+1","AT_FamilyPortrait+1","HollowMod:WraithStrike+1","Dramatic Entrance+1","HollowMod:DescendingDark+1","HollowMod:TaintedHusks+1","HollowMod:QuirrelsAssistance+1","HollowMod:CycloneSlash+1","HollowMod:InfectionAssault+1","HollowMod:MantisMark+1","HollowMod:HeavyBlow+1","HollowMod:CycloneSlash+1","HollowMod:SlysStrikes+1","CurseOfTheBell","HollowMod:PerfectDash+1","HollowMod:SharpenedNail+1","HollowMod:HowlingWraiths+1","HollowMod:VengefulVoid+1","HollowMod:BlackTendrils+1","HollowMod:ElderbugsWisdom+1","HollowMod:SoulStrike+1","HollowMod:theNailsmith+1","HollowMod:LifebloodCocoon+1","HollowMod:HuntersJournal+1","HollowMod:MonarchWings+1","REME_EyeOfCthun+1","HollowMod:MothsMistake+1","HollowMod:GreatSlash+1","Madness","Madness","HollowMod:SoulShaman+1","HollowMod:HowlingWraiths+1","HollowMod:InfectionAssault+1"],"relics":["HollowMod:VesselMask","AT_ATBox","REME_ComplimentaryCards","DaveBox","testmod-TestBox","DianDianMeat","testmod-ObsoleteBoomerang","NeowsBlessing","SynthV:TestCard","qcfpunch:Black_Training_Shirt","Potion Belt","HollowMod:LumaflyLanternRelic","qcfpunch:Combat_Fatigues","Cauldron","conspire:TopHat","qcfpunch:Not_Strongest_Fighting_Style_Guidebook","aspiration:ChemicalBlood","Dota2Spire:Vanguard","Juzu Bracelet","qcfpunch:White_Boots","REME_ChargedStone","SynthV:C4","Mark of the Bloom","Darkstone Periapt","HollowMod:StagPassRelic","Guide Book","Dota2Spire:MagicBottle","Dota2Spire:ArmletOfMordiggian","HandDrill","White Beast Statue","qcfpunch:Chain_With_Nametags","AT_ChloranthyRing"],"acts_visited":["Exordium","TheCity","TheBeyond","TheEnding"],"potions_floor_usage":[10,16,16,16,18,22,28,31,33,44,47,48,50,50,54,55,55,55,55,55,55],"damage_taken":[{"damage":0,"enemies":"Cultist","floor":1,"turns":1},{"damage":0,"enemies":"Jaw Worm","floor":3,"turns":1},{"damage":0,"enemies":"Small Slimes","floor":5,"turns":1},{"damage":0,"enemies":"Looter","floor":7,"turns":1},{"damage":15,"enemies":"3 Louse","floor":8,"turns":2},{"damage":17,"enemies":"Lagavulin","floor":10,"turns":3},{"damage":13,"enemies":"Large Slime","floor":12,"turns":3},{"damage":14,"enemies":"Exordium Wildlife","floor":13,"turns":2},{"damage":0,"enemies":"Red Slaver","floor":14,"turns":1},{"damage":68,"enemies":"Hexaghost","floor":16,"turns":8},{"damage":34,"enemies":"Shell Parasite","floor":18,"turns":3},{"damage":5,"enemies":"Chosen","floor":20,"turns":2},{"damage":11,"enemies":"3 Cultists","floor":22,"turns":3},{"damage":52,"enemies":"Gremlin Leader","floor":23,"turns":5},{"damage":0,"enemies":"Sentry and Sphere","floor":28,"turns":2},{"damage":1,"enemies":"conspire:Head Lice","floor":29,"turns":4},{"damage":0,"enemies":"Centurion and Healer","floor":31,"turns":2},{"damage":98,"enemies":"HollowMod:NKGrimm","floor":33,"turns":7},{"damage":0,"enemies":"3 Darklings","floor":35,"turns":1},{"damage":50,"enemies":"conspire:MimicChest","floor":36,"turns":5},{"damage":0,"enemies":"3 Shapes","floor":37,"turns":1},{"damage":0,"enemies":"Jaw Worm Horde","floor":44,"turns":1},{"damage":9,"enemies":"4 Shapes","floor":45,"turns":1},{"damage":0,"enemies":"3 Darklings","floor":47,"turns":1},{"damage":20,"enemies":"Maw","floor":48,"turns":5},{"damage":92,"enemies":"Awakened One","floor":50,"turns":10},{"damage":100,"enemies":"Shield and Spear","floor":54,"turns":5},{"damage":168,"enemies":"The Heart","floor":55,"turns":7}],"seed_played":"-6721850014028281661","potions_obtained":[{"floor":1,"key":"FearPotion"},{"floor":3,"key":"Dexterity Potion"},{"floor":10,"key":"Ancient Potion"},{"floor":14,"key":"Flashbang"},{"floor":16,"key":"LiquidBronze"},{"floor":21,"key":"Adrenaline Potion"},{"floor":21,"key":"REME_GoldPotion"},{"floor":21,"key":"Dota2Spire:HealingSalve"},{"floor":21,"key":"EssenceOfSteel"},{"floor":21,"key":"FearPotion"},{"floor":23,"key":"Toxic Potion"},{"floor":29,"key":"REME_GoldPotion"},{"floor":31,"key":"Energy Potion"},{"floor":36,"key":"Dota2Spire:HealingSalve"},{"floor":37,"key":"Adrenaline Potion"},{"floor":44,"key":"Dota2Spire:Clarity"},{"floor":45,"key":"LiquidBronze"},{"floor":47,"key":"Block Potion"},{"floor":47,"key":"Dota2Spire:HealingSalve"},{"floor":48,"key":"Explosive Potion"},{"floor":54,"key":"Strength Potion"}],"is_trial":false,"path_per_floor":["M","$","M","?","M","R","M","M","T","E","R","M","M","M","R","B",null,"M","?","M","$","M","E","?","?","T","?","M","E","R","M","R","B",null,"M","?","M","?","?","R","$","?","T","M","M","?","M","M","R_BF","B",null,"R","$","E","B",null],"character_chosen":"THE_BUGKNIGHT","items_purchased":["Dramatic Entrance","Cauldron","conspire:TopHat","Darkstone Periapt","HollowMod:StagPassRelic","REME_EyeOfCthun","Guide Book","Dota2Spire:MagicBottle","Dota2Spire:ArmletOfMordiggian","HandDrill","AttackPotion","Explosive Potion"],"campfire_rested":0,"item_purchase_floors":[2,21,21,40,40,40,40,40,40,41,53,53],"current_hp_per_floor":[81,85,90,72,78,78,85,78,78,70,70,67,64,76,76,21,180,161,861,897,897,934,925,969,969,969,969,1014,1059,1059,1106,1106,1058,1251,1300,1301,1352,1352,1352,1352,1352,1352,1352,1352,1343,1140,1140,1120,1120,1028,1028,1028,1028,928,760],"gold":30,"neow_bonus":"THREE_ENEMY_KILL","is_daily":false,"chose_seed":false,"campfire_upgraded":5,"win_rate":0.0,"timestamp":1612273088,"path_taken":["M","$","M","?","M","R","M","M","T","E","R","M","M","M","R","BOSS","M","?","M","?","M","E","?","?","T","?","M","E","R","M","R","BOSS","M","?","M","?","?","R","?","?","T","M","M","?","M","M","R_BF","BOSS","R","$","E","BOSS"],"items_purchased_type":["Card","Relic","Relic","Relic","Relic","Card","Relic","Relic","Relic","Relic","Potion","Potion"],"build_version":"2020-12-22","purchased_purges":2,"victory":true,"max_hp_per_floor":[81,85,90,90,96,96,103,111,111,120,120,130,141,153,153,166,180,195,895,936,936,978,1021,1065,1065,1065,1065,1110,1156,1156,1203,1203,1251,1251,1300,1350,1401,1401,1401,1453,1512,1512,1512,1566,1621,1734,1792,1851,1851,1851,1851,1851,1851,1911,1911],"card_choices":[{"not_picked":["HollowMod:ShadowDash","HollowMod:CloakDash"],"picked":"HollowMod:WraithStrike","floor":1},{"not_picked":["HollowMod:DashSlash","HollowMod:CrystalDash","HollowMod:BrokenVessel","HollowMod:NewLittleFool"],"picked":"HollowMod:DescendingDark","floor":3},{"not_picked":["HollowMod:PerfectDash","HollowMod:MidwifesHunger","HollowMod:NewLittleFool","HollowMod:DashSlash"],"picked":"HollowMod:TaintedHusks","floor":5},{"not_picked":["HollowMod:DesolateDive","HollowMod:MothsMistake","HollowMod:CloakDash","HollowMod:SoulStrike"],"picked":"HollowMod:QuirrelsAssistance","floor":7},{"not_picked":["HollowMod:SoulSplash","HollowMod:DoubleDash","HollowMod:HowlingWraiths","HollowMod:VengefulVoid"],"picked":"HollowMod:CycloneSlash","floor":8},{"not_picked":["HollowMod:TaintedHusks","HollowMod:VengefulVoid","HollowMod:GrimmsGift","HollowMod:NewGlowingWomb"],"picked":"HollowMod:InfectionAssault","floor":10},{"not_picked":["HollowMod:ShapeofUnn","HollowMod:Grubsong","HollowMod:VengefulVoid","HollowMod:VengefulSpirit"],"picked":"HollowMod:MantisMark","floor":12},{"not_picked":["HollowMod:ChannelNail","HollowMod:GoodIntentions","HollowMod:DoubleDash","HollowMod:ShapeofUnn"],"picked":"HollowMod:HeavyBlow","floor":13},{"not_picked":["HollowMod:MonarchWings","HollowMod:HeavyBlow","HollowMod:SiblingsSouls","HollowMod:BrokenVessel"],"picked":"HollowMod:CycloneSlash","floor":14},{"not_picked":["HollowMod:Weaversong","HollowMod:LifebloodCore","HollowMod:PureVessel","HollowMod:Hiveblood"],"picked":"HollowMod:SlysStrikes","floor":16},{"not_picked":["HollowMod:SiblingsShadow","HollowMod:DreamGate+1","HollowMod:InfectionAssault","HollowMod:GoodIntentions+1"],"picked":"HollowMod:PerfectDash+1","floor":18},{"not_picked":["HollowMod:HowlingWraiths","HollowMod:CloakDash","HollowMod:CoiledNail","HollowMod:NewJinnsSoul"],"picked":"HollowMod:SharpenedNail","floor":20},{"not_picked":["HollowMod:CloakDash","HollowMod:AbyssShriek","HollowMod:ChannelNail+1","HollowMod:CornifersMapStart"],"picked":"HollowMod:HowlingWraiths","floor":22},{"not_picked":["HollowMod:VoidDash","HollowMod:MawleksShell","HollowMod:NewLittleFool","HollowMod:DashSlash"],"picked":"HollowMod:VengefulVoid+1","floor":23},{"not_picked":["HollowMod:SiblingsShadow+1","HollowMod:SharpenedNail","HollowMod:SiblingsSouls","HollowMod:HuntersJournal"],"picked":"HollowMod:BlackTendrils","floor":28},{"not_picked":["HollowMod:SiblingsSouls","HollowMod:InfectionAssault","HollowMod:SoulVessel","HollowMod:InfectedAttack"],"picked":"HollowMod:ElderbugsWisdom","floor":29},{"not_picked":["HollowMod:GoodIntentions+1","HollowMod:NewJinnsSoul","HollowMod:DashSlash+1","HollowMod:SharpenedNail+1"],"picked":"HollowMod:SoulStrike+1","floor":31},{"not_picked":["HollowMod:Hiveblood","HollowMod:HornetsHelp","HollowMod:PureVessel","HollowMod:VoidDash"],"picked":"HollowMod:theNailsmith","floor":33},{"not_picked":["HollowMod:SoulEater","HollowMod:SoulSplash","HollowMod:QuirrelsAssistance+1","HollowMod:GreatSlash"],"picked":"HollowMod:LifebloodCocoon+1","floor":35},{"not_picked":["HollowMod:SoulStrike","HollowMod:BlackTendrils+1","HollowMod:LifebloodCocoon+1","HollowMod:QuirrelsAssistance"],"picked":"HollowMod:HuntersJournal","floor":36},{"not_picked":["HollowMod:NewGlowingWomb","HollowMod:PureNailStrike","HollowMod:TaintedHusks","HollowMod:LifebloodCocoon"],"picked":"HollowMod:MonarchWings+1","floor":37},{"not_picked":["HollowMod:NewLittleFool","HollowMod:ShadowDash","HollowMod:DashSlash","HollowMod:BaldurShell+1"],"picked":"HollowMod:MothsMistake+1","floor":44},{"not_picked":["HollowMod:VengefulVoid","HollowMod:HowlingWraiths+1","HollowMod:InfectedAttack","HollowMod:InfectedCysts"],"picked":"HollowMod:GreatSlash","floor":45},{"not_picked":["HollowMod:CycloneSlash","HollowMod:MantisMark+1","HollowMod:SharpenedShadows+1","HollowMod:CrystalDash"],"picked":"HollowMod:SoulShaman+1","floor":47},{"not_picked":["HollowMod:DescendingDark+1","HollowMod:CloakDash+1","HollowMod:NewGlowingWomb+1","HollowMod:WraithStrike"],"picked":"HollowMod:HowlingWraiths+1","floor":48},{"not_picked":["HollowMod:ShadowDash+1","HollowMod:BrokenVessel","HollowMod:DashSlash+1","HollowMod:PureVessel"],"picked":"HollowMod:InfectionAssault+1","floor":54}],"player_experience":236557,"relics_obtained":[{"floor":1,"key":"SynthV:TestCard"},{"floor":10,"key":"qcfpunch:Black_Training_Shirt"},{"floor":17,"key":"Potion Belt"},{"floor":17,"key":"HollowMod:LumaflyLanternRelic"},{"floor":17,"key":"qcfpunch:Combat_Fatigues"},{"floor":23,"key":"qcfpunch:Not_Strongest_Fighting_Style_Guidebook"},{"floor":26,"key":"Juzu Bracelet"},{"floor":29,"key":"qcfpunch:White_Boots"},{"floor":36,"key":"SynthV:C4"},{"floor":43,"key":"White Beast Statue"},{"floor":49,"key":"qcfpunch:Chain_With_Nametags"},{"floor":54,"key":"AT_ChloranthyRing"}],"event_choices":[{"damage_healed":0,"gold_gain":0,"player_choice":"Entered Light","damage_taken":18,"max_hp_gain":0,"max_hp_loss":0,"event_name":"Shining Light","floor":4,"gold_loss":0,"cards_upgraded":["HollowMod:PogoStrike","AT_FamilyPortrait"]},{"damage_healed":0,"gold_gain":0,"player_choice":"Obtained Relic","damage_taken":0,"relics_obtained":["Dota2Spire:Vanguard"],"max_hp_gain":0,"max_hp_loss":0,"event_name":"Addict","floor":25,"gold_loss":85},{"damage_healed":0,"gold_gain":999,"player_choice":"Sell","damage_taken":0,"max_hp_gain":0,"max_hp_loss":0,"event_name":"恩洛斯的?子","floor":27,"relics_lost":["Calling Bell"],"gold_loss":0},{"damage_healed":0,"gold_gain":0,"player_choice":"Upgrade","damage_taken":0,"relics_obtained":["Mark of the Bloom"],"max_hp_gain":0,"max_hp_loss":0,"event_name":"MindBloom","floor":38,"gold_loss":0,"cards_upgraded":["HollowMod:NailStrikeStart","HollowMod:NailStrikeStart","HollowMod:NailStrikeStart","HollowMod:NailStrikeStart","HollowMod:QuickDashStart","HollowMod:QuickDashStart","HollowMod:QuickDashStart","HollowMod:QuickDashStart","HollowMod:FocusHealStart","Ragnarok","HollowMod:WraithStrike","HollowMod:DescendingDark","HollowMod:TaintedHusks","HollowMod:QuirrelsAssistance","HollowMod:InfectionAssault","HollowMod:MantisMark","HollowMod:HeavyBlow","HollowMod:CycloneSlash","HollowMod:SlysStrikes","HollowMod:NailStrikeStart","HollowMod:NailStrikeStart","HollowMod:NailStrikeStart","HollowMod:NailStrikeStart","HollowMod:QuickDashStart","HollowMod:QuickDashStart","HollowMod:QuickDashStart","HollowMod:QuickDashStart","HollowMod:FocusHealStart","Ragnarok","HollowMod:WraithStrike","HollowMod:DescendingDark","HollowMod:TaintedHusks","HollowMod:QuirrelsAssistance","HollowMod:InfectionAssault","HollowMod:MantisMark","HollowMod:HeavyBlow","HollowMod:CycloneSlash","HollowMod:SharpenedNail","HollowMod:HowlingWraiths","HollowMod:BlackTendrils","HollowMod:theNailsmith","HollowMod:HuntersJournal"]},{"damage_healed":0,"gold_gain":0,"player_choice":"Ignored","damage_taken":0,"max_hp_gain":0,"max_hp_loss":0,"event_name":"Upgrade Shrine","floor":39,"gold_loss":0},{"damage_healed":0,"gold_gain":0,"player_choice":"Ignored","damage_taken":0,"max_hp_gain":0,"max_hp_loss":0,"event_name":"?自己的盒子","floor":42,"gold_loss":0},{"damage_healed":0,"gold_gain":0,"player_choice":"Embrace Madness","damage_taken":203,"max_hp_gain":0,"max_hp_loss":0,"event_name":"Winding Halls","floor":46,"gold_loss":0,"cards_obtained":["Madness","Madness"]}],"is_beta":false,"boss_relics":[{"not_picked":["Fusion Hammer","energizedSpire:CursedPentagram"],"picked":"Calling Bell"},{"not_picked":["GreenFoldingFan","aspiration:IroncladSkillbook"],"picked":"REME_ChargedStone"}],"items_purged_floors":[41,41],"is_endless":false,"potions_floor_spawned":[1,3,10,14,16,23,29,31,36,37,44,45,47,48,54],"ascension_level":0}}