{"host":"hzswyuuwdl03wwzr","time":1612272677,"event":{"mods":["100% Spire Juice","ATMod(∞¢Ë™Mod)","AchievementEnabler","Act Like it!","BaseMod","Gensokyo","Hallownest","Marisa£®ÏF”Í°°ƒß¿Ì…≥£©","Minty Spire (QoL Compilation)","Prisma Mod","Reliquary","Remilia_Scarlet Moed£®¿Ÿ√◊¿Ú—«°§Àπø®¿◊Ãÿ£©3.3.5","Replay The Spire","StSLib","The Animator","The Bug Knight","The Cursed","The Servant 0.9.4","Warlord Emblem","Yakumo Yukari mod","Youmu£®ªÍ∆«—˝√Œ£©","°æπ¶ƒ‹Mod°øªÏ„Á÷Æª∑–ﬁ∏¥≤π∂°","°æ“≈ŒÔø®≈∆°øREMEMod"],"gold_per_floor":[118,118,118,118,38,67,67,98,125,151,151,183,279,299,299,397,397,407,407,407,407,278,278,308,308,308,338,338,352,352,366,366,471,471,487,487,487,487],"floor_reached":37,"language":"ZHS","playtime":1230,"items_purged":["PrismaMod:IllyaCommonDefend"],"score":584,"play_id":"48d1a8b2-23dd-4ee1-8c65-8bad3026449c","local_time":"20210202213117","is_ascension_mode":true,"campfire_choices":[{"data":"PrismaMod:IllyaUncommonDefend","floor":7,"key":"SMITH"},{"data":"PrismaMod:IllyaUncommonDefend","floor":11,"key":"SMITH"},{"data":"PrismaMod:IllyaHassanGift","floor":15,"key":"SMITH"},{"data":"PrismaMod:IllyaGrail","floor":23,"key":"SMITH"},{"data":"PrismaMod:IllyaBlindPoisonToss","floor":25,"key":"SMITH"},{"data":"PrismaMod:IllyaBoysLove","floor":28,"key":"SMITH"},{"data":"PrismaMod:IllyaMaid","floor":30,"key":"SMITH"},{"data":"PrismaMod:IllyaCommonAttack","floor":32,"key":"PURGE"}],"circlet_count":0,"master_deck":["PrismaMod:IllyaCommonDefend","PrismaMod:IllyaCommonAttack","PrismaMod:IllyaCommonDefend","PrismaMod:IllyaUncommonAttack","PrismaMod:IllyaUncommonDefend+1","PrismaMod:IllyaBlindPoisonToss+1","PrismaMod:IllyaHassanGift+1","PrismaMod:IllyaInstallMoonCancer","PrismaMod:IllyaBoysLove+1","PrismaMod:IllyaMaid+1","PrismaMod:IllyaHassanGift+1","PrismaMod:IllyaGrail+1","PrismaMod:IllyaBerserCAR","Clumsy","Voices","PrismaMod:IllyaBlindPoisonToss+1","PrismaMod:IllyaBlindPoisonToss+1"],"relics":["PrismaMod:PrismaRuby","AT_ATBox","REME_ComplimentaryCards","NeowsBlessing","Thread and Needle","AT_SunfireAegis","AT_ChloranthyRing","Bag of Preparation","FossilizedHelix","Happy Flower","Runic Pyramid","Replay:Rubber Ducky","Kintsugi"],"acts_visited":["Hallownest:Greenpath","Hallownest:CityofTears","Hallownest:KingdomsEdge"],"potions_floor_usage":[37],"damage_taken":[{"damage":0,"enemies":"Hallownest:monsterHuskWarrior","floor":1,"turns":1},{"damage":0,"enemies":"Hallownest:eliteCrystalGuardian","floor":6,"turns":1},{"damage":0,"enemies":"Hallownest:eliteMossKnight","floor":8,"turns":1},{"damage":1,"enemies":"Hallownest:eliteCrystalGuardian","floor":10,"turns":6},{"damage":0,"enemies":"Hallownest:eliteVengeflyKing","floor":12,"turns":7},{"damage":0,"enemies":"2_ Uuma","floor":14,"turns":5},{"damage":9,"enemies":"Hallownest:BossFalseKnight","floor":16,"turns":6},{"damage":20,"enemies":"Hallownest:2_Mistakes","floor":18,"turns":5},{"damage":0,"enemies":"Hallownest:Guard_and_Sentry","floor":24,"turns":5},{"damage":0,"enemies":"Hallownest:Nosk","floor":27,"turns":5},{"damage":0,"enemies":"Hallownest:monsterShrumalOgre","floor":29,"turns":3},{"damage":0,"enemies":"Hallownest:3_Mistakes","floor":31,"turns":4},{"damage":0,"enemies":"Hallownest:BossSoulMaster","floor":33,"turns":6},{"damage":0,"enemies":"Hallownest:3_Siblings","floor":35,"turns":6},{"damage":78,"enemies":"Hallownest:2_Primals","floor":37,"turns":3}],"seed_played":"-7218169775922256613","potions_obtained":[{"floor":6,"key":"Swift Potion"},{"floor":8,"key":"Ancient Potion"},{"floor":10,"key":"Fire Potion"},{"floor":12,"key":"Explosive Potion"}],"is_trial":false,"path_per_floor":["M","?","?","?","$","E","R","E","T","E","R","?","?","M","R","B",null,"M","?","?","?","$","R","M","R","T","E","R","M","R","M","R","B",null,"M","?","?"],"character_chosen":"ILLYA","items_purchased":["PrismaMod:IllyaGrail","PrismaMod:IllyaBerserCAR"],"campfire_rested":0,"item_purchase_floors":[5,22],"current_hp_per_floor":[75,75,75,75,75,75,75,75,75,74,74,74,74,74,74,65,75,55,55,55,55,55,55,55,55,55,55,55,55,55,55,55,55,75,75,75,0,0],"gold":487,"neow_bonus":"THREE_ENEMY_KILL","is_daily":false,"chose_seed":false,"campfire_upgraded":7,"win_rate":0.0,"timestamp":1612272677,"path_taken":["M","?","?","?","?","E","R","E","T","E","R","?","?","M","R","BOSS","M","?","?","?","$","R","M","R","T","E","R","M","R","M","R","BOSS","M","?","?"],"items_purchased_type":["Card","Card"],"build_version":"2020-12-22","purchased_purges":1,"victory":false,"max_hp_per_floor":[75,75,75,75,75,75,75,75,75,75,75,75,75,75,75,75,75,75,75,75,75,75,75,75,75,75,75,75,75,75,75,75,75,75,75,75,75,75],"card_choices":[{"not_picked":["PrismaMod:IllyaGun","PrismaMod:IllyaRapidFire"],"picked":"PrismaMod:IllyaUncommonDefend","floor":1},{"not_picked":["PrismaMod:IllyaBride","PrismaMod:IllyaTestament"],"picked":"PrismaMod:IllyaBlindPoisonToss","floor":4},{"not_picked":["PrismaMod:IllyaFriendMaker","PrismaMod:IllyaCommonEvoke"],"picked":"PrismaMod:IllyaHassanGift","floor":6},{"not_picked":["PrismaMod:IllyaGun","PrismaMod:IllyaPoisonTippedWeapons"],"picked":"PrismaMod:IllyaInstallMoonCancer","floor":8},{"not_picked":["PrismaMod:IllyaMinorZwei","PrismaMod:IllyaCheapDefend","PrismaMod:IllyaEvokeAll"],"picked":"SKIP","floor":10},{"not_picked":["PrismaMod:IllyaAssassinRevenge","PrismaMod:IllyaDetonatingBlow"],"picked":"PrismaMod:IllyaBoysLove","floor":12},{"not_picked":["PrismaMod:IllyaReinForce","PrismaMod:IllyaUberPoisonBlock"],"picked":"PrismaMod:IllyaMaid","floor":13},{"not_picked":["PrismaMod:IllyaHassanGift","PrismaMod:IllyaRubysPotion","PrismaMod:IllyaBoysLove"],"picked":"SKIP","floor":14},{"not_picked":["PrismaMod:IllyaPoisonTippedWeapons","PrismaMod:IllyaFriendMaker","PrismaMod:IllyaCheapChannelPoison"],"picked":"SKIP","floor":18},{"not_picked":["PrismaMod:IllyaGun","PrismaMod:IllyaGrailKun"],"picked":"PrismaMod:IllyaHassanGift+1","floor":20},{"not_picked":["PrismaMod:IllyaPoisonTippedWeapons","PrismaMod:IllyaUncommonAttack+1"],"picked":"PrismaMod:IllyaGrail+1","floor":20},{"not_picked":["PrismaMod:IllyaCheapChannelAttack","PrismaMod:IllyaDetonatingBlow+1","PrismaMod:IllyaCheapDefend"],"picked":"SKIP","floor":24},{"not_picked":["PrismaMod:IllyaPartialInstallAssassin","PrismaMod:IllyaFriendMaker","PrismaMod:IllyaPoisonBlock"],"picked":"SKIP","floor":27},{"not_picked":["PrismaMod:IllyaUpgradeOrbs","PrismaMod:IllyaStunPoison","PrismaMod:IllyaRubysPotion"],"picked":"SKIP","floor":29},{"not_picked":["PrismaMod:IllyaFeed","PrismaMod:IllyaRapidFire","PrismaMod:IllyaCommonEvoke+1"],"picked":"SKIP","floor":31},{"not_picked":["PrismaMod:IllyaAssassinRevenge","PrismaMod:IllyaMinorRapidFire+1","PrismaMod:IllyaMaid+1"],"picked":"SKIP","floor":35}],"player_experience":36957,"relics_obtained":[{"floor":6,"key":"Thread and Needle"},{"floor":8,"key":"AT_SunfireAegis"},{"floor":9,"key":"AT_ChloranthyRing"},{"floor":10,"key":"Bag of Preparation"},{"floor":12,"key":"FossilizedHelix"},{"floor":13,"key":"Happy Flower"},{"floor":27,"key":"Replay:Rubber Ducky"}],"event_choices":[],"is_beta":false,"boss_relics":[{"not_picked":["reliquary:KinkedSpring","Runic Dome"],"picked":"Runic Pyramid"},{"not_picked":["Replay:Bronze Core","Tiny House"],"picked":"Kintsugi"}],"items_purged_floors":[22],"is_endless":false,"potions_floor_spawned":[6,8,10,12,33],"killed_by":"Hallownest:2_Primals","ascension_level":1}}