{"host":"Ringo","time":1612270459,"event":{"mods":["BaseMod","Colored Map","Conspire","Dota2Spire","Hubris","Minty Spire (QoL Compilation)","Replay The Spire","StSLib","The Construct","[IsaacMod]ÒÔÈö¼âËþ","¡¾ÒÅÎï¿¨ÅÆ¡¿REMEMod"],"gold_per_floor":[99,118,132,158,198,255,314,388,414,461,515,587,645,675,675,791,791,830,863,890,929,64,155,155,209,307,377,377,377,458,518,518,678,678,722,758,906,952,997,1094,1187,1250,1321,1402,807,160,221,321,321,369,437],"floor_reached":52,"language":"ZHS","playtime":1355,"items_purged":["Seeing Red"],"score":3826,"play_id":"1bbdf5ff-db5f-4373-a326-60a82d061aad","local_time":"20210202205419","daily_mods":["SealedDeck","Vintage","Heirloom","Time Dilation","Flight","DeadlyEvents","Elite Swarm","Lethality","Binary"],"is_ascension_mode":true,"campfire_choices":[{"data":"Riddle With Holes","floor":15,"key":"SMITH"},{"data":"Limit Break","floor":24,"key":"SMITH"},{"data":"Seeing Red","floor":24,"key":"SMITH"},{"data":"Shrug It Off","floor":28,"key":"SMITH"},{"data":"Metallicize","floor":28,"key":"SMITH"},{"data":"ReplayTheSpireMod:Muscle Training","floor":29,"key":"SMITH"},{"data":"Sword Boomerang","floor":29,"key":"SMITH"},{"data":"Clothesline","floor":32,"key":"SMITH"},{"data":"Thunderclap","floor":32,"key":"SMITH"},{"data":"Dropkick","floor":49,"key":"SMITH"},{"data":"Feel No Pain","floor":49,"key":"SMITH"}],"circlet_count":0,"master_deck":["AscendersBane","Riddle With Holes+1","ReplayTheSpireMod:Muscle Training+1","Twin Strike","Thunderclap+1","Anger","Sword Boomerang+1","Clothesline+1","Spot Weakness+1","Metallicize+1","Armaments+1","hubris:ReadiedAction+1","Limit Break+1","Seeing Red+1","Shrug It Off+1","Dropkick+1","Feel No Pain+1"],"relics":["Black Blood","Busted Crown","HushsDoor","REME_ComplimentaryCards","replay:Trail_Library","D6","MoneyPower","The Courier","Replay:Bandana","Dota2Spire:Mjollnir","War Paint","Red Skull","conspire:TopHat","hubris:GlazedTorus","Dota2Spire:EchoSabre","Blood Vial","conspire:BottledYoYo","Replay:WaspNest","GuppysTail","Magic Flower","MagicMushroom","GuppysHead","Counterbalance","Replay:Arrowhead","Vajra","ReplayTheSpireMod:TigerMarble","BookofShadows","SalivaCoin","Letter Opener","Ornamental Fan","Dota2Spire:HandOfMidas","Bottled Lightning","DeathBook","BloodBag","conspire:Dentures","Singing Bowl","Oddly Smooth Stone","SatanicBible","GuppysPaw","CaptainsWheel","ReplayTheSpireMod:Spearhead","construct:FoamFinger","Pet Ghost","Replay:Bottled Flurry","Replay:Baseball","Durian","Pear","Shuriken","hubris:CrystalStatue","Gambling Chip","BargainBundle","Anchor","Meat on the Bone","hubris:SphereOfDissonance","Dota2Spire:Butterfly","Molten Egg 2"],"acts_visited":["Exordium","TheCity","TheBeyond"],"potions_floor_usage":[5,6,6,12,12,20,21,33,51],"damage_taken":[{"damage":1,"enemies":"Small Slimes","floor":2,"turns":2},{"damage":9,"enemies":"2 Louse","floor":3,"turns":2},{"damage":7,"enemies":"Jaw Worm","floor":4,"turns":2},{"damage":1,"enemies":"Lots of Slimes","floor":5,"turns":1},{"damage":0,"enemies":"3 Sentries","floor":6,"turns":2},{"damage":1,"enemies":"Gremlin Nob","floor":7,"turns":1},{"damage":1,"enemies":"Lagavulin","floor":8,"turns":2},{"damage":1,"enemies":"Gremlin Nob","floor":10,"turns":2},{"damage":0,"enemies":"Lagavulin","floor":11,"turns":2},{"damage":0,"enemies":"3 Sentries","floor":12,"turns":2},{"damage":0,"enemies":"Lagavulin","floor":13,"turns":1},{"damage":1,"enemies":"3 Louse","floor":14,"turns":1},{"damage":1,"enemies":"Hexaghost","floor":16,"turns":2},{"damage":0,"enemies":"Chosen","floor":18,"turns":1},{"damage":0,"enemies":"Spheric Guardian","floor":19,"turns":1},{"damage":1,"enemies":"Snake Plant","floor":20,"turns":1},{"damage":1,"enemies":"Centurion and Healer","floor":21,"turns":1},{"damage":0,"enemies":"Gremlin Leader","floor":23,"turns":1},{"damage":2,"enemies":"conspire:SneckoGhost","floor":25,"turns":2},{"damage":1,"enemies":"Gremlin Leader","floor":27,"turns":2},{"damage":0,"enemies":"Book of Stabbing","floor":30,"turns":1},{"damage":0,"enemies":"Slavers","floor":31,"turns":2},{"damage":12,"enemies":"hubris:MusketHawk","floor":33,"turns":3},{"damage":0,"enemies":"3 Shapes","floor":35,"turns":1},{"damage":0,"enemies":"3 Darklings","floor":36,"turns":1},{"damage":0,"enemies":"Transient","floor":37,"turns":3},{"damage":0,"enemies":"Maw","floor":38,"turns":1},{"damage":0,"enemies":"Jaw Worm Horde","floor":39,"turns":1},{"damage":0,"enemies":"Giant Head","floor":40,"turns":2},{"damage":0,"enemies":"R_Hoarder","floor":41,"turns":1},{"damage":0,"enemies":"Reptomancer","floor":42,"turns":1},{"damage":0,"enemies":"R_Hoarder","floor":44,"turns":1},{"damage":0,"enemies":"Reptomancer","floor":47,"turns":1},{"damage":0,"enemies":"Giant Head","floor":48,"turns":2},{"damage":0,"enemies":"hubris:GrandSnecko","floor":50,"turns":1},{"damage":0,"enemies":"Donu and Deca","floor":51,"turns":2}],"seed_played":"7202946434798468506","potions_obtained":[{"floor":3,"key":"Dexterity Potion"},{"floor":4,"key":"Strength Potion"},{"floor":5,"key":"Fire Potion"},{"floor":6,"key":"SkillPotion"},{"floor":11,"key":"FearPotion"},{"floor":16,"key":"Explosive Potion"},{"floor":19,"key":"Toxic Potion"},{"floor":23,"key":"construct:ShiftPotion"},{"floor":27,"key":"ColorlessPotion"},{"floor":31,"key":"Elixir"},{"floor":36,"key":"FearPotion"}],"is_trial":true,"path_per_floor":["?","M","M","M","M","E","E","E","T","E","E","E","E","M","R","B",null,"M","M","M","M","$","E","R","E","T","E","R","R","E","E","R","B",null,"M","M","M","M","M","E","E","E","T","E","$","$","E","E","R","B","B",null],"character_chosen":"IRONCLAD","items_purchased":["Limit Break","Seeing Red","GuppysHead","BookofShadows","SalivaCoin","Letter Opener","Ornamental Fan","Dota2Spire:HandOfMidas","SatanicBible","Dropkick","hubris:CrystalStatue","Feel No Pain","Gambling Chip","BargainBundle","Anchor","Meat on the Bone","hubris:SphereOfDissonance"],"campfire_rested":0,"item_purchase_floors":[17,17,17,22,22,22,22,22,34,34,45,45,45,46,46,46,46],"current_hp_per_floor":[68,73,70,69,74,75,75,75,75,75,75,75,75,75,75,75,66,66,66,66,66,66,66,66,68,67,75,75,75,75,75,75,72,63,1,1,1,1,1,1,1,6,1,1,1,1,1,1,1,1,1],"gold":437,"neow_bonus":"","is_daily":false,"chose_seed":false,"campfire_upgraded":11,"win_rate":0.0,"timestamp":1612270459,"path_taken":["?","M","M","M","M","E","E","E","T","E","E","E","E","M","R","BOSS","M","M","M","M","$","E","R","E","T","E","R","R","E","E","R","BOSS","M","M","M","M","M","E","E","E","T","E","$","$","E","E","R","BOSS","BOSS"],"items_purchased_type":["Card","Card","Relic","Relic","Relic","Relic","Relic","Relic","Relic","Card","Relic","Card","Relic","Relic","Relic","Relic","Relic"],"build_version":"2020-12-18","purchased_purges":1,"victory":true,"max_hp_per_floor":[75,75,75,75,75,75,75,75,75,75,75,75,75,75,75,75,66,66,66,66,66,66,66,66,68,75,75,75,75,75,75,75,75,63,1,1,1,1,1,1,1,6,1,1,1,1,1,1,1,1,1],"card_choices":[],"player_experience":614913,"relics_obtained":[{"floor":2,"key":"The Courier"},{"floor":3,"key":"Replay:Bandana"},{"floor":4,"key":"Dota2Spire:Mjollnir"},{"floor":5,"key":"War Paint"},{"floor":6,"key":"Red Skull"},{"floor":7,"key":"conspire:TopHat"},{"floor":8,"key":"hubris:GlazedTorus"},{"floor":9,"key":"Dota2Spire:EchoSabre"},{"floor":10,"key":"Blood Vial"},{"floor":11,"key":"conspire:BottledYoYo"},{"floor":12,"key":"Replay:WaspNest"},{"floor":13,"key":"GuppysTail"},{"floor":14,"key":"Magic Flower"},{"floor":18,"key":"Counterbalance"},{"floor":19,"key":"Replay:Arrowhead"},{"floor":20,"key":"Vajra"},{"floor":21,"key":"ReplayTheSpireMod:TigerMarble"},{"floor":23,"key":"Bottled Lightning"},{"floor":25,"key":"DeathBook"},{"floor":26,"key":"BloodDonationMachine"},{"floor":27,"key":"conspire:Dentures"},{"floor":30,"key":"Singing Bowl"},{"floor":31,"key":"Oddly Smooth Stone"},{"floor":35,"key":"GuppysPaw"},{"floor":36,"key":"CaptainsWheel"},{"floor":37,"key":"ReplayTheSpireMod:Spearhead"},{"floor":38,"key":"construct:FoamFinger"},{"floor":39,"key":"Pet Ghost"},{"floor":40,"key":"Replay:Bottled Flurry"},{"floor":41,"key":"Replay:Baseball"},{"floor":42,"key":"Durian"},{"floor":43,"key":"Pear"},{"floor":44,"key":"Shuriken"},{"floor":47,"key":"Dota2Spire:Butterfly"},{"floor":48,"key":"Molten Egg 2"}],"event_choices":[],"is_beta":true,"boss_relics":[{"not_picked":["Ring of Chaos","ReplayTheSpireMod:DimensionalGlitch"],"picked":"MagicMushroom"},{"not_picked":[]},{"not_picked":["Astrolabe","Kintsugi"],"picked":"Black Blood"},{"not_picked":[]}],"items_purged_floors":[45],"is_endless":false,"potions_floor_spawned":[3,4,5,6,11,16,19,23,27,31,36,39,40,41,42],"ascension_level":20}}