{"host":"0fmi5fguj5lvt8pf","time":1612280023,"event":{"mods":["BaseMod","Colored Map","Curses Come First","Downfall","Minty Spire (QoL Compilation)","Permanent Neow","StSLib"],"gold_per_floor":[349,360,376,651,223,57,57,84,106,130,70,92,119,149,163,274,319,319,345,204,246,255,283,283,283,292,292,334,343,389,494,527,649,649,658,680,680,725,725,782,808,825,675,704,755,311,20,20,43,80,80,80],"floor_reached":50,"language":"ENG","playtime":4189,"items_purged":["Pain","Regret","sneckomod:Strike","Pride","sneckomod:Unknown"],"score":596,"play_id":"32e94f95-495b-470b-a06e-949609150d51","local_time":"20210202073343","is_ascension_mode":false,"campfire_choices":[{"data":"sneckomod:SnekBite","floor":1.0,"key":"SMITH"},{"data":"sneckomod:GlitteringGambit","floor":18.0,"key":"SMITH"},{"floor":25.0,"key":"REST"},{"floor":27.0,"key":"REST"},{"floor":35.0,"key":"RECALL"},{"floor":47.0,"key":"REST"}],"circlet_count":0,"master_deck":["sneckomod:TailWhip","sneckomod:SnekBite+1","sneckomod:Nope","sneckomod:SlitherStrike","expansioncontent:StudyTheSpire","sneckomod:MasterEye","sneckomod:QuickBite","sneckomod:SlitherStrike","sneckomod:QuickBite","Ragnarok","sneckomod:SoulCleanse","sneckomod:Rotation","sneckomod:UnknownRareAttack","sneckomod:GlitteringGambit+1","sneckomod:ImprovisedAttack","sneckomod:UnknownClassTHE_CHAMP_GRAY","sneckomod:Mudshield","sneckomod:CheapStock","sneckomod:UnlimitedRolls","Ghostly","Malaise","sneckomod:SoulExchange","sneckomod:UnendingSupply","Study","sneckomod:ImprovisedGuard","sneckomod:UnknownRareAttack","sneckomod:Restock","Glacier","sneckomod:ImprovisedGuard+1","sneckomod:MasterEye","Madness","sneckomod:UnknownRarePower"],"relics":["sneckomod:SuperSneckoSoul","Membership Card","Gremlin Horn","CeramicFish","Pantograph","Ancient Tea Set","Pandora\u0027s Box","bronze:DecasWashers","PreservedInsect","Lantern","WingedGreaves","TungstenRod","Potion Belt","sneckomod:ConfusingCodex","Lizard Tail","downfall:HeartBlessingRed","downfall:HeartBlessingGreen","downfall:HeartBlessingBlue"],"acts_visited":["Exordium","TheCity","TheBeyond"],"potions_floor_usage":[50,50],"damage_taken":[{"damage":11.0,"enemies":"Jaw Worm","floor":2.0,"turns":3.0},{"damage":7.0,"enemies":"Cultist","floor":3.0,"turns":3.0},{"damage":9.0,"enemies":"downfall:FleeingMerchant","floor":5.0,"turns":4.0},{"damage":15.0,"enemies":"downfall:FleeingMerchant","floor":6.0,"turns":4.0},{"damage":0.0,"enemies":"2 Louse","floor":8.0,"turns":2.0},{"damage":0.0,"enemies":"Large Slime","floor":9.0,"turns":4.0},{"damage":0.0,"enemies":"Exordium Thugs","floor":10.0,"turns":1.0},{"damage":8.0,"enemies":"downfall:FleeingMerchant","floor":11.0,"turns":4.0},{"damage":12.0,"enemies":"Blue Slaver","floor":12.0,"turns":2.0},{"damage":7.0,"enemies":"2 Fungi Beasts","floor":13.0,"turns":2.0},{"damage":0.0,"enemies":"Lagavulin","floor":14.0,"turns":2.0},{"damage":0.0,"enemies":"Red Slaver","floor":15.0,"turns":1.0},{"damage":43.0,"enemies":"SI_SHIV_ARCHETYPE","floor":16.0,"turns":6.0},{"damage":6.0,"enemies":"Chosen","floor":19.0,"turns":3.0},{"damage":45.0,"enemies":"Snake Plant","floor":21.0,"turns":5.0},{"damage":28.0,"enemies":"Shelled Parasite and Fungi","floor":23.0,"turns":5.0},{"damage":2.0,"enemies":"Book of Stabbing","floor":28.0,"turns":3.0},{"damage":20.0,"enemies":"3 Cultists","floor":30.0,"turns":6.0},{"damage":5.0,"enemies":"downfall:FleeingMerchant","floor":31.0,"turns":4.0},{"damage":15.0,"enemies":"Snake Plant","floor":32.0,"turns":5.0},{"damage":25.0,"enemies":"IC_MUSHROOM_ARCHETYPE","floor":33.0,"turns":8.0},{"damage":33.0,"enemies":"3 Shapes","floor":36.0,"turns":7.0},{"damage":15.0,"enemies":"Orb Walker","floor":38.0,"turns":5.0},{"damage":19.0,"enemies":"Orb Walker","floor":40.0,"turns":7.0},{"damage":17.0,"enemies":"Writhing Mass","floor":42.0,"turns":9.0},{"damage":20.0,"enemies":"3 Darklings","floor":44.0,"turns":5.0},{"damage":35.0,"enemies":"Nemesis","floor":45.0,"turns":7.0},{"damage":28.0,"enemies":"Spire Growth","floor":49.0,"turns":7.0},{"damage":69,"enemies":"DF_ARCHETYPE_ORBS","floor":50,"turns":4}],"seed_played":"-8895418688871419955","potions_obtained":[{"floor":8.0,"key":"SpeedPotion"},{"floor":9.0,"key":"Strength Potion"},{"floor":10.0,"key":"SkillPotion"},{"floor":13.0,"key":"Weak Potion"},{"floor":15.0,"key":"LiquidBronze"},{"floor":16.0,"key":"hexamod:SoulburnPotion"},{"floor":19.0,"key":"FearPotion"},{"floor":23.0,"key":"Slimebound:ThreeZeroPotion"},{"floor":32.0,"key":"bronze:BurnAndBuffPotion"},{"floor":36.0,"key":"Fire Potion"},{"floor":45.0,"key":"sneckomod:DiceRollPotion"}],"is_trial":false,"path_per_floor":["R","M","M","?","$","$","T","M","M","M","$","M","M","E","M","B",null,"R","M","?","M","?","M","T","R","?","R","E","R","M","$","M","B",null,"R","M","?","M","?","?","T","M","?","M","E","$","R","?","M","B"],"character_chosen":"THE_SNECKO","items_purchased":["Membership Card","expansioncontent:StudyTheSpire","Gremlin Horn","sneckomod:MasterEye","CeramicFish","sneckomod:SlitherStrike","WingedGreaves","Regen Potion","sneckomod:ConfusingCodex","Lizard Tail","Slimebound:ThreeZeroPotion","sneckomod:MasterEye"],"campfire_rested":3,"item_purchase_floors":[5,5,5,5,6,6,31,31,46,46,46,46],"current_hp_per_floor":[90,79,72,72,63,48,48,48,48,48,40,28,21,21,21,3,90,90,84,84,39,39,19,19,46,46,73,71,71,51,46,31,31,90,90,57,57,42,42,23,23,21,100,80,45,45,88,88,60,16,16,16],"gold":80,"neow_bonus":"TWO_FIFTY_GOLD","is_daily":false,"chose_seed":false,"campfire_upgraded":2,"win_rate":0.0,"timestamp":1612280023,"path_taken":["R","M","M","?","?","$","T","?","M","M","$","M","M","E","M","BOSS","R","M","?","M","?","?","T","R","?","R","E","R","M","$","M","BOSS","R","M","?","?","?","?","T","M","?","?","E","$","R","?","M","BOSS"],"items_purchased_type":["Relic","Card","Relic","Card","Relic","Card","Relic","Potion","Relic","Relic","Potion","Card"],"build_version":"2020-12-22","purchased_purges":5,"victory":false,"max_hp_per_floor":[90,90,90,90,90,90,90,90,90,90,90,90,90,90,90,90,90,90,90,90,90,90,90,90,90,90,90,90,90,90,90,90,90,90,90,90,90,90,90,90,90,90,100,100,100,100,110,110,110,110,110,110],"card_choices":[{"not_picked":["sneckomod:DiceBoulder","sneckomod:RainOfDice"],"picked":"sneckomod:Nope","floor":2.0},{"not_picked":["sneckomod:Nope","sneckomod:RainOfDice","sneckomod:UnknownStrength"],"picked":"SKIP","floor":3.0},{"not_picked":["sneckomod:UnknownDraw","sneckomod:MasterEye"],"picked":"sneckomod:SlitherStrike","floor":5.0},{"not_picked":["sneckomod:SoulDraw","sneckomod:UnknownBlock"],"picked":"sneckomod:QuickBite","floor":6.0},{"not_picked":["sneckomod:UnknownBlock","sneckomod:DiceCrush"],"picked":"sneckomod:UnknownRareAttack","floor":8.0},{"not_picked":["sneckomod:UnknownWeak","sneckomod:UnknownClassTHE_CHAMP_GRAY"],"picked":"sneckomod:UnknownClassBLUE","floor":9.0},{"not_picked":["sneckomod:WideSting","sneckomod:UnknownClassRED"],"picked":"sneckomod:QuickBite","floor":10.0},{"not_picked":["sneckomod:UnknownClassGREEN","sneckomod:QuickMove"],"picked":"sneckomod:SoulCleanse","floor":11.0},{"not_picked":["sneckomod:SerpentIdol","sneckomod:UnknownWeak"],"picked":"sneckomod:Rotation","floor":12.0},{"not_picked":["sneckomod:DiceCrush","sneckomod:UnknownClassTHE_BRONZE_AUTOMATON"],"picked":"sneckomod:UnknownRareAttack","floor":13.0},{"not_picked":["sneckomod:QuickBite","sneckomod:UnknownColorless","sneckomod:UnknownClassRED"],"picked":"SKIP","floor":14.0},{"not_picked":["sneckomod:ImprovisedAttack","sneckomod:UnknownCommonAttack","sneckomod:UnknownClassHEXA_GHOST_PURPLE"],"picked":"SKIP","floor":15.0},{"not_picked":["sneckomod:Restock","sneckomod:UnknownRareSkill"],"picked":"sneckomod:GlitteringGambit","floor":16.0},{"not_picked":["sneckomod:UnknownBlock","sneckomod:UnknownCommonAttack+1","sneckomod:UnknownClassHEXA_GHOST_PURPLE"],"picked":"SKIP","floor":19.0},{"not_picked":["sneckomod:DiceBoulder","sneckomod:Rotation","sneckomod:UnknownClassHEXA_GHOST_PURPLE+1"],"picked":"SKIP","floor":21.0},{"not_picked":["sneckomod:PureSnecko","sneckomod:SoulRoll+1"],"picked":"sneckomod:SoulExchange","floor":23.0},{"not_picked":["sneckomod:WideSting","sneckomod:UnknownClassGUARDIAN"],"picked":"sneckomod:UnendingSupply","floor":28.0},{"not_picked":["sneckomod:RainOfDice","sneckomod:DiceBlock+1"],"picked":"sneckomod:ImprovisedGuard","floor":30.0},{"not_picked":["sneckomod:ImprovisedAttack","sneckomod:CheapStock"],"picked":"sneckomod:UnknownRareAttack","floor":31.0},{"not_picked":["sneckomod:SnekBeam","sneckomod:UnknownUncommonAttack","sneckomod:UnknownUncommonSkill"],"picked":"SKIP","floor":32.0},{"not_picked":["sneckomod:UnlimitedRolls","sneckomod:UnknownRareSkill"],"picked":"sneckomod:Restock","floor":33.0},{"not_picked":["sneckomod:UnknownBlock","sneckomod:RainOfDice","sneckomod:IronFang+1"],"picked":"SKIP","floor":36.0},{"not_picked":["sneckomod:UnknownUncommonPower","sneckomod:SnekBeam"],"picked":"sneckomod:ImprovisedGuard+1","floor":38.0},{"not_picked":["sneckomod:WideSting","sneckomod:IronFang+1","sneckomod:UnknownCommonAttack+1"],"picked":"SKIP","floor":42.0},{"not_picked":["sneckomod:ImprovisedGuard+1","sneckomod:DiceBlock+1","sneckomod:SoulDraw+1"],"picked":"SKIP","floor":44.0},{"not_picked":["sneckomod:DiceBlock","sneckomod:Nope"],"picked":"sneckomod:Unknown0Cost","floor":45.0},{"not_picked":["sneckomod:WideSting+1","sneckomod:UnknownCommonSkill"],"picked":"sneckomod:UnknownRarePower","floor":49.0}],"player_experience":1492255,"relics_obtained":[{"floor":7.0,"key":"Pantograph"},{"floor":14.0,"key":"Ancient Tea Set"},{"floor":24.0,"key":"bronze:DecasWashers"},{"floor":28.0,"key":"Lantern"},{"floor":40.0,"key":"TungstenRod"},{"floor":45.0,"key":"Potion Belt"}],"event_choices":[{"damage_healed":0.0,"max_hp_gain":0.0,"max_hp_loss":0.0,"gold_gain":0.0,"event_name":"Addict","player_choice":"Stole Relic","floor":26.0,"gold_loss":0.0,"damage_taken":0.0,"relics_obtained":["PreservedInsect"],"cards_obtained":["Pride"]},{"damage_healed":0.0,"max_hp_gain":0.0,"max_hp_loss":0.0,"gold_gain":0.0,"event_name":"Mysterious Sphere","player_choice":"Ignored","floor":39.0,"gold_loss":0.0,"damage_taken":0.0}],"is_beta":false,"boss_relics":[{"not_picked":["bronze:MakeshiftBattery","Fusion Hammer"],"picked":"Pandora\u0027s Box"},{"not_picked":["Snecko Eye","SlaversCollar"],"picked":"sneckomod:SuperSneckoSoul"}],"items_purged_floors":[5,6,11,31,46],"is_endless":false,"potions_floor_spawned":[8,9,10,13,15,16,19,23,28,32,36,40,45],"killed_by":"DF_ARCHETYPE_ORBS","ascension_level":0}}