{"host":"jhywql2x2v3ppvhm","time":1612228862,"event":{"mods":["BaseMod","Colored Map","Colored Powertips","Downfall","Googly Eyes","Hermit","Marisa????????","Minty Spire (QoL Compilation)","Rare Cards Sparkle","Shop Mod","Slay the Relics Exporter","StSLib","The Animator","The Bug Knight","The Cursed","The Disciple","The Necromancer","The Runesmith","The Servant 0.9.4","slay the spire mod where everything is the same but ironclad has a cowboy hat"],"gold_per_floor":[99,109,109,168,168,180,207,221,221,235,249,278,278,43,56,56,56,56],"floor_reached":16,"language":"ENG","playtime":750,"items_purged":["Regret"],"score":102,"play_id":"4b10b973-41e2-4675-b42a-643dd2b25c05","local_time":"20210201202102","is_ascension_mode":false,"campfire_choices":[{"data":"Slimebound:CorrosiveSpit","floor":1,"key":"SMITH"},{"floor":9,"key":"RECALL"}],"circlet_count":0,"master_deck":["Slimebound:Strike_Slimebound","Slimebound:Strike_Slimebound","Slimebound:Strike_Slimebound","Slimebound:Tackle","Slimebound:Defend_Slimebound","Slimebound:Defend_Slimebound","Slimebound:Defend_Slimebound","Slimebound:Defend_Slimebound","Slimebound:Split","Slimebound:CorrosiveSpit+1","Slimebound:Gluttony","Slimebound:MegaLick","Slimebound:RejuvenatingLick","Slimebound:Schlurp","Slimebound:Schlurp","Parasite","Slimebound:SamplingLick","Slimebound:LeechLife","Slimebound:GoopSpray"],"relics":["Slimebound:AbsorbEndCombat","Meat on the Bone","Kunai","Lantern","Bag of Marbles"],"acts_visited":["Exordium"],"potions_floor_usage":[11,12],"damage_taken":[{"damage":1,"enemies":"Cultist","floor":2,"turns":4},{"damage":74,"enemies":"Gremlin Nob","floor":4,"turns":6},{"damage":3,"enemies":"2 Louse","floor":6,"turns":3},{"damage":4,"enemies":"Small Slimes","floor":8,"turns":4},{"damage":5,"enemies":"Red Slaver","floor":10,"turns":3},{"damage":9,"enemies":"3 Louse","floor":11,"turns":2},{"damage":16,"enemies":"Gremlin Nob","floor":12,"turns":3},{"damage":9,"enemies":"downfall:FleeingMerchant","floor":14,"turns":4},{"damage":10,"enemies":"2 Fungi Beasts","floor":15,"turns":5},{"damage":122,"enemies":"DF_ARCHETYPE_STREAMLINE","floor":16,"turns":14}],"seed_played":"4160263208678187425","potions_obtained":[{"floor":4,"key":"BlessingOfTheForge"},{"floor":6,"key":"champ:CounterPotion"},{"floor":8,"key":"champ:CounterPotion"},{"floor":11,"key":"Explosive Potion"}],"is_trial":false,"path_per_floor":["R","M","?","?","?","M","T","M","R","M","M","E","?","$","M","B"],"character_chosen":"SLIMEBOUND","items_purchased":["Slimebound:LeechLife"],"campfire_rested":0,"item_purchase_floors":[14],"current_hp_per_floor":[71,70,70,13,13,26,26,40,40,41,36,38,55,52,71,0,0,0],"gold":56,"neow_bonus":"TEN_PERCENT_HP_BONUS","is_daily":false,"chose_seed":false,"campfire_upgraded":1,"win_rate":0.0,"timestamp":1612228862,"path_taken":["R","M","?","?","?","M","T","M","R","M","?","E","?","$","M","BOSS"],"items_purchased_type":["Card"],"build_version":"2020-12-22","purchased_purges":1,"victory":false,"max_hp_per_floor":[71,71,71,71,71,71,71,71,71,71,71,71,71,71,71,71,71,71],"card_choices":[{"not_picked":["Slimebound:FinishingTackle","Slimebound:Grow"],"picked":"Slimebound:Gluttony","floor":2},{"not_picked":["Slimebound:SlimeSpikes","Slimebound:Equalize"],"picked":"Slimebound:MegaLick","floor":4},{"not_picked":["Slimebound:ForwardTackle","Slimebound:ProtectTheBoss"],"picked":"Slimebound:RejuvenatingLick","floor":6},{"not_picked":["Slimebound:Replication","Slimebound:LeechingTouch"],"picked":"Slimebound:Schlurp","floor":8},{"not_picked":["Slimebound:HungryTackle","Slimebound:BestDefense","Slimebound:LivingWall"],"picked":"SKIP","floor":10},{"not_picked":["Slimebound:LivingWall","Slimebound:DivideAndConquer","Slimebound:Chomp"],"picked":"SKIP","floor":11},{"not_picked":["Slimebound:SplitAcid","Slimebound:SplitSpecialist"],"picked":"Slimebound:Schlurp","floor":12},{"not_picked":["Slimebound:FormOfPuddle","Slimebound:GoopSpray"],"picked":"Slimebound:SamplingLick","floor":14},{"not_picked":["Slimebound:WasteNot","Slimebound:FlameTackle"],"picked":"Slimebound:GoopSpray","floor":15}],"player_experience":190501,"relics_obtained":[{"floor":7,"key":"Lantern"},{"floor":12,"key":"Bag of Marbles"}],"event_choices":[{"damage_healed":0,"gold_gain":0,"player_choice":"Box","damage_taken":0,"relics_obtained":["Meat on the Bone"],"max_hp_gain":0,"max_hp_loss":0,"event_name":"Big Fish","floor":3,"gold_loss":0,"cards_obtained":["Regret"]},{"damage_healed":17,"gold_gain":0,"player_choice":"Healed and dodged fight","damage_taken":0,"max_hp_gain":0,"max_hp_loss":0,"event_name":"Mushrooms","floor":13,"gold_loss":0,"cards_obtained":["Parasite"]}],"is_beta":false,"boss_relics":[],"items_purged_floors":[14],"is_endless":false,"potions_floor_spawned":[4,6,8,11],"killed_by":"DF_ARCHETYPE_STREAMLINE","ascension_level":0}}