{"host":"nv0c20v7c30k7ue5","time":1612229312,"event":{"mods":["2.2 Compatiblity","BaseMod","Best Route Mod","Bestiary","Colored Map","Colored Powertips","Downfall","Highlight Path","Minty Spire (QoL Compilation)","Relic Stats","StSLib","The IronCluck","Unceasing Turn Reminder","everything is the same but u backflip on backflip"],"gold_per_floor":[99,99,99,199,199,17,42,63,88,88,100,100,132,196,207,309,309,109,109,21,21,41,41,116,149,149,149,163,163,163,181,197,294,294,294,307,60,60,60,93,93,104,4,19,19,35,51,0,18,18,18,52,14,14,14,14,14],"floor_reached":55,"language":"ENG","playtime":3657,"items_purged":["Guardian:Suspension+1"],"score":694,"play_id":"83a83e61-9762-42cc-ad83-f383b9e08451","local_time":"20210201202832","is_ascension_mode":false,"campfire_choices":[{"data":"Guardian:CurlUp","floor":1,"key":"SMITH"},{"floor":10,"key":"RECALL"},{"floor":12,"key":"REST"},{"data":"Guardian:WalkerClaw","floor":18,"key":"SMITH"},{"data":"Guardian:SpikerProtocol","floor":23,"key":"SMITH"},{"data":"Guardian:PrimingBeam","floor":27,"key":"SMITH"},{"data":"Guardian:FierceBash","floor":29,"key":"SMITH"},{"data":"Guardian:HyperBeam_Guardian","floor":35,"key":"SMITH"},{"data":"Guardian:SpikerProtocol","floor":43,"key":"SMITH"},{"floor":54,"key":"REST"}],"circlet_count":0,"master_deck":["Guardian:Strike_Guardian","Guardian:Strike_Guardian","Guardian:Defend_Guardian","Guardian:Defend_Guardian","Guardian:Defend_Guardian","Guardian:Defend_Guardian+1","Guardian:CurlUp+1","Guardian:TwinSlam","Guardian:Incinerate","Guardian:Incinerate","Guardian:ShieldCharger+1","Guardian:TemporalShield","Guardian:Orbwalk","Guardian:WalkerClaw+1","Guardian:SpikerProtocol+1","Guardian:PrimingBeam+1","Guardian:ShieldSpikes+1","Guardian:PiercingHide+1","Guardian:FierceBash+1","Guardian:AncientConstruct","Guardian:FierceBash","Guardian:Preprogram+1","Guardian:DecasProtection+1","Guardian:HyperBeam_Guardian+1","Guardian:ShieldSpikes+1","CurseOfTheBell","CurseOfTheBell","Guardian:SpikerProtocol+1","expansioncontent:QuickStudy+1","Parasite","Guardian:Emergency+1","Guardian:PiercingHide+1"],"relics":["Guardian:ModeShifter","downfall:HeartsMalice","Bag of Marbles","Odd Mushroom","Toxic Egg 2","War Paint","sneckomod:BlankCard","Guardian:StasisSlotReductionRelic","downfall:HeartBlessingRed","downfall:HeartBlessingGreen","Enchiridion","Pantograph","FossilizedHelix","Snecko Eye","HandDrill","downfall:ExtraCursedBell","Anchor","Ornamental Fan","Thread and Needle","Membership Card","downfall:HeartBlessingBlue","Calipers"],"acts_visited":["Exordium","TheCity","TheBeyond","TheEnding"],"potions_floor_usage":[9,14,15,16,25,25,33,40,45,50,50,55],"damage_taken":[{"damage":0,"enemies":"Jaw Worm","floor":2,"turns":1},{"damage":0,"enemies":"2 Louse","floor":3,"turns":1},{"damage":0,"enemies":"Small Slimes","floor":5,"turns":1},{"damage":0,"enemies":"downfall:FleeingMerchant","floor":6,"turns":4},{"damage":26,"enemies":"The Mushroom Lair","floor":8,"turns":6},{"damage":9,"enemies":"3 Sentries","floor":9,"turns":5},{"damage":7,"enemies":"2 Fungi Beasts","floor":11,"turns":3},{"damage":28,"enemies":"Lagavulin","floor":13,"turns":8},{"damage":20,"enemies":"Lagavulin Event","floor":14,"turns":8},{"damage":0,"enemies":"Large Slime","floor":15,"turns":8},{"damage":7,"enemies":"SI_SHIV_ARCHETYPE","floor":16,"turns":9},{"damage":0,"enemies":"downfall:FleeingMerchant","floor":20,"turns":4},{"damage":0,"enemies":"Chosen","floor":22,"turns":4},{"damage":6,"enemies":"Gremlin Leader","floor":25,"turns":5},{"damage":0,"enemies":"Spheric Guardian","floor":28,"turns":3},{"damage":14,"enemies":"Snake Plant","floor":31,"turns":3},{"damage":14,"enemies":"Centurion and Healer","floor":32,"turns":6},{"damage":1,"enemies":"WA_ARCHETYPE_CALM","floor":33,"turns":8},{"damage":0,"enemies":"3 Darklings","floor":36,"turns":4},{"damage":0,"enemies":"downfall:FleeingMerchant","floor":37,"turns":4},{"damage":10,"enemies":"downfall:FleeingMerchant","floor":40,"turns":4},{"damage":0,"enemies":"3 Shapes","floor":42,"turns":2},{"damage":0,"enemies":"Writhing Mass","floor":44,"turns":5},{"damage":0,"enemies":"Reptomancer","floor":45,"turns":2},{"damage":0,"enemies":"Jaw Worm Horde","floor":46,"turns":2},{"damage":0,"enemies":"Maw","floor":47,"turns":8},{"damage":9,"enemies":"3 Darklings","floor":49,"turns":4},{"damage":57,"enemies":"DF_ARCHETYPE_ORBS","floor":50,"turns":11},{"damage":82,"enemies":"downfall:CharBossMerchant","floor":52,"turns":9},{"damage":129,"enemies":"downfall:NeowBoss","floor":55,"turns":25}],"seed_played":"4414097218137194834","potions_obtained":[{"floor":8,"key":"Slimebound:ThreeZeroPotion"},{"floor":9,"key":"champ:CounterPotion"},{"floor":14,"key":"Guardian:AcceleratePotion"},{"floor":15,"key":"LiquidMemories"},{"floor":16,"key":"Guardian:BlockOnCardUsePotion"},{"floor":22,"key":"SpeedPotion"},{"floor":32,"key":"bronze:BurnAndBuffPotion"},{"floor":33,"key":"SmokeBomb"},{"floor":36,"key":"Explosive Potion"},{"floor":42,"key":"Explosive Potion"},{"floor":47,"key":"Strength Potion"}],"is_trial":false,"path_per_floor":["R","M","M","?","M","$","T","?","E","R","M","R","E","?","M","B",null,"R","?","$","?","M","R","T","E","?","R","M","R","?","M","M","B",null,"R","M","$","?","?","$","T","M","R","M","E","M","M","$","M","B",null,"E","$","R","B"],"character_chosen":"GUARDIAN","items_purchased":["Guardian:Orbwalk","Guardian:Gem_Green","Guardian:Gem_Fragmented","Guardian:Gem_Yellow","HandDrill","Membership Card","GamblersBrew","Guardian:SpikerProtocol","expansioncontent:QuickStudy","FairyPotion","DuplicationPotion"],"campfire_rested":2,"item_purchase_floors":[6,6,6,20,37,40,40,40,40,48,53],"current_hp_per_floor":[80,80,80,80,80,80,80,54,45,45,38,62,34,14,14,7,80,80,80,80,64,64,64,64,58,58,58,58,58,58,44,30,54,80,80,80,80,80,80,70,70,70,80,80,80,80,80,80,71,33,90,8,8,35,0,0,0],"gold":14,"neow_bonus":"THREE_ENEMY_KILL","is_daily":false,"chose_seed":false,"campfire_upgraded":7,"win_rate":0.0,"timestamp":1612229312,"path_taken":["R","M","M","?","M","$","T","?","E","R","M","R","E","?","M","BOSS","R","?","$","?","M","R","T","E","?","R","M","R","?","M","M","BOSS","R","M","$","?","?","$","T","M","R","M","E","M","M","$","M","BOSS","E","$","R","BOSS"],"items_purchased_type":["Card","Card","Card","Card","Relic","Relic","Potion","Card","Card","Potion","Potion"],"build_version":"2020-12-22","purchased_purges":1,"victory":false,"max_hp_per_floor":[80,80,80,80,80,80,80,80,80,80,80,80,80,80,80,80,80,80,80,80,80,80,80,80,80,80,80,80,80,80,80,80,80,80,80,80,80,80,80,80,80,80,90,90,90,90,90,90,90,90,90,90,90,90,90,90,90],"relic_stats":{"counters":[30,164],"Ornamental Fan":[64],"Pantograph":69,"Snecko Eye":[110,108,127,119],"HandDrill":[60],"War Paint":["Guardian:ShieldCharger","Guardian:Defend_Guardian"],"obtain_stats":[{"Guardian:StasisSlotReductionRelic":17,"Calipers":52,"downfall:HeartBlessingRed":18,"sneckomod:BlankCard":14,"Guardian:ModeShifter":0,"Enchiridion":21,"downfall:HeartsMalice":0,"downfall:HeartBlessingGreen":18,"Thread and Needle":38,"Odd Mushroom":8,"War Paint":13,"Anchor":38,"Ornamental Fan":38,"downfall:HeartBlessingBlue":43,"Pantograph":24,"Snecko Eye":34,"Bag of Marbles":7,"HandDrill":37,"Membership Card":40,"Toxic Egg 2":9,"downfall:ExtraCursedBell":38,"FossilizedHelix":25},{"Guardian:StasisSlotReductionRelic":11,"Calipers":29,"downfall:HeartBlessingRed":11,"sneckomod:BlankCard":9,"Guardian:ModeShifter":0,"Enchiridion":12,"downfall:HeartsMalice":0,"downfall:HeartBlessingGreen":11,"Thread and Needle":20,"Odd Mushroom":5,"War Paint":8,"Anchor":20,"Ornamental Fan":20,"downfall:HeartBlessingBlue":22,"Pantograph":13,"Snecko Eye":18,"Bag of Marbles":4,"HandDrill":20,"Membership Card":21,"Toxic Egg 2":6,"downfall:ExtraCursedBell":20,"FossilizedHelix":14},{"Guardian:StasisSlotReductionRelic":51,"Calipers":139,"downfall:HeartBlessingRed":51,"sneckomod:BlankCard":34,"Guardian:ModeShifter":0,"Enchiridion":55,"downfall:HeartsMalice":0,"downfall:HeartBlessingGreen":51,"Thread and Needle":92,"Odd Mushroom":10,"War Paint":26,"Anchor":92,"Ornamental Fan":92,"downfall:HeartBlessingBlue":98,"Pantograph":59,"Snecko Eye":84,"Bag of Marbles":4,"HandDrill":92,"Membership Card":96,"Toxic Egg 2":15,"downfall:ExtraCursedBell":92,"FossilizedHelix":64}]},"card_choices":[{"not_picked":["Guardian:MultiBeam","Guardian:CrystalBeam"],"picked":"Guardian:Incinerate","floor":2},{"not_picked":["Guardian:PrismaticBarrier","Guardian:Suspension"],"picked":"Guardian:Incinerate","floor":3},{"not_picked":["Guardian:Gem_Green","Guardian:Gem_Blue"],"picked":"Guardian:ShieldCharger","floor":5},{"not_picked":["Guardian:MultiBeam","Guardian:DonusPower"],"picked":"Guardian:TemporalShield","floor":6},{"not_picked":["Guardian:ChargeCore","Guardian:Planning"],"picked":"Guardian:WalkerClaw","floor":8},{"not_picked":["Guardian:Orbwalk","Guardian:PrismaticBarrier+1"],"picked":"Guardian:SpikerProtocol","floor":9},{"not_picked":["Guardian:RollAttack","Guardian:Recover+1"],"picked":"Guardian:PrimingBeam","floor":11},{"not_picked":["Guardian:Gem_Yellow","Guardian:Gem_Lightblue"],"picked":"Guardian:ShieldSpikes+1","floor":13},{"not_picked":["Guardian:ChargeCore","Guardian:BaubleBeam"],"picked":"Guardian:PiercingHide+1","floor":14},{"not_picked":["Guardian:Harden+1","Guardian:ShieldCharger+1"],"picked":"Guardian:Suspension+1","floor":15},{"not_picked":["Guardian:StasisEngine","Guardian:TimeSifter"],"picked":"Guardian:FierceBash","floor":16},{"not_picked":["Guardian:Gem_Fragmented","Guardian:Planning+1"],"picked":"Guardian:Preprogram+1","floor":20},{"not_picked":["Guardian:WalkerClaw","Guardian:Planning+1","Guardian:Suspension+1"],"picked":"SKIP","floor":22},{"not_picked":["Guardian:Gem_Lightblue","Guardian:FuturePlans"],"picked":"Guardian:DecasProtection+1","floor":25},{"not_picked":["Guardian:RollAttack","Guardian:Gem_Green"],"picked":"Guardian:Gem_Cyan","floor":28},{"not_picked":["Guardian:CrystalBeam","Guardian:FuturePlans"],"picked":"Guardian:Gem_Blue","floor":31},{"not_picked":["Guardian:TemporalStrike","Guardian:CrystalBeam","Guardian:TimeCapacitor"],"picked":"SKIP","floor":32},{"not_picked":["Guardian:StasisField+1","Guardian:FierceBash"],"picked":"Guardian:HyperBeam_Guardian","floor":33},{"not_picked":["Guardian:TimeCapacitor","Guardian:PrimingBeam+1"],"picked":"Guardian:ShieldSpikes+1","floor":36},{"not_picked":["Guardian:PrismaticBeam+1","Guardian:CrystalBeam","Guardian:ChargeUp+1"],"picked":"SKIP","floor":37},{"not_picked":["Guardian:CrystalBeam","Guardian:Preprogram+1","Guardian:TimeCapacitor+1"],"picked":"SKIP","floor":40},{"not_picked":["Guardian:Reroute","Guardian:TimeCapacitor","Guardian:VentSteam+1"],"picked":"SKIP","floor":42},{"not_picked":["Guardian:PrimingBeam+1","Guardian:Incinerate+1","Guardian:Recover+1"],"picked":"SKIP","floor":44},{"not_picked":["Guardian:TemporalStrike+1","Guardian:WalkerClaw","Guardian:Gem_Crimson"],"picked":"SKIP","floor":46},{"not_picked":["Guardian:PrismaticBarrier+1","Guardian:Repulse+1","Guardian:Recover+1"],"picked":"SKIP","floor":47},{"not_picked":["Guardian:GemFire","Guardian:ChargeCore+1"],"picked":"Guardian:Emergency+1","floor":49},{"not_picked":["Guardian:RefractedBeam+1","Guardian:RollAttack+1"],"picked":"Guardian:PiercingHide+1","floor":52}],"player_experience":128809,"relics_obtained":[{"floor":7,"key":"Bag of Marbles"},{"floor":8,"key":"Odd Mushroom"},{"floor":9,"key":"Toxic Egg 2"},{"floor":13,"key":"War Paint"},{"floor":14,"key":"sneckomod:BlankCard"},{"floor":21,"key":"Enchiridion"},{"floor":24,"key":"Pantograph"},{"floor":25,"key":"FossilizedHelix"},{"floor":38,"key":"Anchor"},{"floor":38,"key":"Ornamental Fan"},{"floor":38,"key":"Thread and Needle"},{"floor":52,"key":"Calipers"}],"event_choices":[{"damage_healed":0,"gold_gain":0,"player_choice":"Fought Mushrooms","damage_taken":0,"max_hp_gain":0,"max_hp_loss":0,"event_name":"Mushrooms","floor":8,"gold_loss":0},{"damage_healed":0,"gold_gain":0,"cards_transformed":["Guardian:Strike_Guardian","Guardian:Strike_Guardian"],"player_choice":"Became Test Subject","damage_taken":0,"max_hp_gain":0,"max_hp_loss":0,"event_name":"Drug Dealer","floor":19,"gold_loss":0,"cards_obtained":["Guardian:AncientConstruct","Guardian:FierceBash"]},{"damage_healed":0,"gold_gain":0,"player_choice":"Ignored","damage_taken":0,"max_hp_gain":0,"max_hp_loss":0,"event_name":"Ghosts","floor":30,"gold_loss":0}],"is_beta":false,"boss_relics":[{"not_picked":["Runic Pyramid","Runic Dome"],"picked":"Guardian:StasisSlotReductionRelic"},{"not_picked":["Astrolabe","SlaversCollar"],"picked":"Snecko Eye"}],"items_purged_floors":[37],"is_endless":false,"potions_floor_spawned":[8,9,14,15,16,22,32,33,36,42,44,47,49],"killed_by":"downfall:NeowBoss","ascension_level":0}}