{"host":"am0cr9xwekqmrere","time":1612294832,"event":{"mods":["AchievementEnabler","Act Like it!","BaseMod","Better Altar","Better Match","Better Note","Better Sensory Stone","Better Skull","Better Third Choice","BetterRewards","Conspire","Downfall","Hubris","Infinite Spire","Minty Spire (QoL Compilation)","Rare Cards Sparkle","Spicy Shops","StSLib","Unceasing Turn Reminder"],"gold_per_floor":[99,117,135,153,153,23,23,23,84,84,84,84],"floor_reached":10,"language":"ENG","playtime":359,"items_purged":[],"score":56,"play_id":"05d47eea-d2d6-423c-9215-8be1de623e31","local_time":"20210202134032","is_ascension_mode":false,"campfire_choices":[{"data":"champ:Taunt","floor":1,"key":"SMITH"},{"floor":8,"key":"REST"}],"circlet_count":0,"master_deck":["champ:Strike","champ:Strike","champ:Strike","champ:Strike","champ:Defend","champ:Defend","champ:Defend","champ:Defend","champ:Execute","champ:Taunt+1","hubris:Lust","champ:HeavySlash","champ:IronFortress","champ:PreciseThrust","champ:Parry","TalkToTheHand","champ:IronFortress","champ:DefensiveStyle","champ:SetATrap","champ:Improvising"],"relics":["champ:ChampionCrown","Omamori","Singing Bowl","conspire:GiftBox"],"acts_visited":["Exordium"],"potions_floor_usage":[],"damage_taken":[{"damage":46,"enemies":"Cultist","floor":2,"turns":5},{"damage":24,"enemies":"Small Slimes","floor":3,"turns":6},{"damage":5,"enemies":"Jaw Worm","floor":4,"turns":4},{"damage":19,"enemies":"downfall:FleeingMerchant","floor":6,"turns":4},{"damage":60,"enemies":"Lagavulin Event","floor":9,"turns":9},{"damage":31,"enemies":"Lagavulin","floor":10,"turns":4}],"seed_played":"-8328415037612574500","potions_obtained":[{"floor":9,"key":"SpeedPotion"}],"is_trial":false,"path_per_floor":["R","M","M","M","?","$","T","R","?","E"],"character_chosen":"THE_CHAMP","items_purchased":["champ:DefensiveStyle","champ:SetATrap"],"campfire_rested":1,"item_purchase_floors":[6,6],"current_hp_per_floor":[90,69,60,55,43,34,34,61,18,0,0,0],"gold":84,"neow_bonus":"THREE_RARE_CARDS","is_daily":false,"chose_seed":false,"campfire_upgraded":1,"win_rate":0.0,"timestamp":1612294832,"path_taken":["R","M","M","M","?","$","T","R","?","E"],"items_purchased_type":["Card","Card"],"build_version":"2020-12-22","purchased_purges":0,"victory":false,"max_hp_per_floor":[90,90,90,90,90,90,90,90,92,92,92,92],"card_choices":[{"not_picked":["champ:CheapShot","champ:MurderStrike"],"picked":"champ:HeavySlash","floor":0},{"not_picked":["champ:HeartStrike","champ:SetATrap"],"picked":"champ:IronFortress","floor":2},{"not_picked":["champ:GutPunch","champ:EnGarde"],"picked":"champ:PreciseThrust","floor":3},{"not_picked":["champ:AdrenalArmor","champ:ViciousMockery"],"picked":"champ:Parry","floor":4},{"not_picked":["champ:FanOfKnives","champ:EnragedBash"],"picked":"champ:IronFortress","floor":6},{"not_picked":["champ:SteelEdge","champ:CheapShot"],"picked":"champ:Improvising","floor":9},{"not_picked":["champ:CrownThrow","champ:Encircle","champ:PerfectedStrike"],"picked":"Singing Bowl","floor":9}],"player_experience":2712277,"relics_obtained":[{"floor":7,"key":"Singing Bowl"}],"event_choices":[],"is_beta":false,"boss_relics":[],"items_purged_floors":[],"is_endless":false,"potions_floor_spawned":[9],"killed_by":"Lagavulin","ascension_level":0}}