{"host":"0k696jvpnlqjk4gh","time":1612296175,"event":{"mods":["AchievementEnabler","BaseMod","Colored Map","Colored Powertips","Minty Spire (QoL Compilation)","Quick Restart"],"gold_per_floor":[115,115,115,134,209,209,241,241,241,40,40,40,59,59,59,178,178,191,211,225,177,177,177],"floor_reached":22,"language":"ENG","playtime":586,"items_purged":[],"score":321,"play_id":"f9554668-9ff9-478c-b767-0d8a9452c0b0","local_time":"20210202200255","is_ascension_mode":true,"campfire_choices":[{"data":"Creative AI","floor":6,"key":"SMITH"},{"data":"Hello World","floor":15,"key":"SMITH"}],"circlet_count":0,"master_deck":["Strike_B","Strike_B","Defend_B","Defend_B","Defend_B","Zap","Dualcast","Conserve Battery","Creative AI+1","Ball Lightning","Zap","Hello World+1","Leap","Darkness+1","Conserve Battery","Gash+1"],"relics":["Cracked Core","NeowsBlessing","Omamori","Golden Idol","WingedGreaves","Lee\u0027s Waffle","Turnip","Empty Cage"],"acts_visited":["Exordium","TheCity"],"potions_floor_usage":[13,16,16,19,19],"damage_taken":[{"damage":0,"enemies":"Small Slimes","floor":1,"turns":1},{"damage":0,"enemies":"2 Louse","floor":4,"turns":1},{"damage":0,"enemies":"Lagavulin","floor":7,"turns":1},{"damage":1,"enemies":"Cultist","floor":13,"turns":4},{"damage":0,"enemies":"Slime Boss","floor":16,"turns":6},{"damage":26,"enemies":"Chosen","floor":18,"turns":6},{"damage":29,"enemies":"3 Byrds","floor":19,"turns":4},{"damage":36,"enemies":"3 Cultists","floor":20,"turns":6}],"seed_played":"55608713212557629","potions_obtained":[{"floor":4,"key":"ColorlessPotion"},{"floor":13,"key":"Fruit Juice"},{"floor":16,"key":"Fruit Juice"},{"floor":18,"key":"ColorlessPotion"}],"is_trial":false,"path_per_floor":["M","?","?","M","?","R","E","?","T","$","?","T","M","?","R","B",null,"M","M","M","$","?"],"character_chosen":"DEFECT","items_purchased":["Lee\u0027s Waffle","Explosive Potion","Block Potion"],"campfire_rested":0,"item_purchase_floors":[10,10,21],"current_hp_per_floor":[75,75,75,75,64,64,64,46,46,82,82,82,86,86,86,91,92,66,37,1,1,0,0],"gold":177,"neow_bonus":"THREE_ENEMY_KILL","is_daily":false,"chose_seed":false,"campfire_upgraded":2,"win_rate":0.0,"timestamp":1612296175,"path_taken":["M","?","?","?","?","R","E","?","T","$","?","?","?","?","R","BOSS","M","M","M","?","?"],"items_purchased_type":["Relic","Potion","Potion"],"build_version":"2020-12-22","purchased_purges":0,"victory":false,"max_hp_per_floor":[75,75,75,75,75,75,75,75,75,82,82,82,87,87,87,92,92,92,92,92,92,92,92],"card_choices":[{"not_picked":["Stack","Compile Driver"],"picked":"Conserve Battery","floor":1},{"not_picked":["Turbo","Rebound"],"picked":"Hello World","floor":4},{"not_picked":["FTL","Stack","Ball Lightning"],"picked":"SKIP","floor":7},{"not_picked":["Gash","Genetic Algorithm"],"picked":"Leap","floor":13},{"not_picked":["Go for the Eyes","Lockon"],"picked":"Darkness+1","floor":18},{"not_picked":["Auto Shields","Turbo"],"picked":"Conserve Battery","floor":19},{"not_picked":["BootSequence","Loop"],"picked":"Gash+1","floor":20}],"player_experience":115916,"relics_obtained":[{"floor":7,"key":"Omamori"},{"floor":9,"key":"WingedGreaves"}],"event_choices":[{"damage_healed":0,"gold_gain":0,"cards_transformed":["Strike_B"],"player_choice":"Change","damage_taken":0,"max_hp_gain":0,"max_hp_loss":0,"event_name":"Living Wall","floor":2,"gold_loss":0,"cards_obtained":["Creative AI"]},{"damage_healed":0,"gold_gain":0,"player_choice":"2 cards matched","damage_taken":0,"max_hp_gain":0,"max_hp_loss":0,"event_name":"Match and Keep!","floor":3,"gold_loss":0,"cards_obtained":["Ball Lightning","Zap"]},{"damage_healed":0,"gold_gain":75,"player_choice":"Gather Gold","damage_taken":11,"max_hp_gain":0,"max_hp_loss":0,"event_name":"World of Goop","floor":5,"gold_loss":0},{"damage_healed":0,"gold_gain":0,"player_choice":"Take Damage","damage_taken":18,"relics_obtained":["Golden Idol"],"max_hp_gain":0,"max_hp_loss":0,"event_name":"Golden Idol","floor":8,"gold_loss":0},{"damage_healed":0,"gold_gain":0,"player_choice":"Box","damage_taken":0,"relics_obtained":["Turnip"],"max_hp_gain":0,"max_hp_loss":0,"event_name":"Big Fish","floor":11,"gold_loss":0,"cards_obtained":["Regret"]},{"damage_healed":0,"gold_gain":0,"cards_transformed":["Defend_B"],"player_choice":"Transformed","damage_taken":0,"max_hp_gain":0,"max_hp_loss":0,"event_name":"Transmorgrifier","floor":14,"gold_loss":0,"cards_obtained":["Rip and Tear"]}],"is_beta":false,"boss_relics":[{"not_picked":["Black Star","Coffee Dripper"],"picked":"Empty Cage"}],"items_purged_floors":[],"is_endless":false,"potions_floor_spawned":[4,13,16,18],"ascension_level":3}}