{"host":"e3jr8cs0hrgde9ri","time":1612240572,"event":{"mods":["2.2 Compatiblity","BaseMod","Highlight Path","Minty Spire (QoL Compilation)","Permanent Neow","Quick Restart","SuperFastMode"],"gold_per_floor":[116,116,139,21,38,63,63,63,63],"floor_reached":8,"language":"ENG","playtime":163,"items_purged":["Strike_G"],"score":108,"play_id":"b8dd5f17-256e-43a5-a66f-99c65f8dee19","local_time":"20210201203612","is_ascension_mode":true,"campfire_choices":[{"data":"Crippling Poison","floor":7,"key":"SMITH"}],"circlet_count":0,"master_deck":["AscendersBane","Strike_G","Strike_G+1","Strike_G","Strike_G+1","Defend_G","Defend_G","Defend_G","Defend_G","Defend_G","Survivor","Neutralize","Crippling Poison+1","Crippling Poison","Noxious Fumes","Well Laid Plans","Wraith Form v2"],"relics":["Sozu","Art of War","Oddly Smooth Stone"],"acts_visited":["Exordium"],"potions_floor_usage":[],"damage_taken":[{"damage":2.0,"enemies":"Jaw Worm","floor":1.0,"turns":5.0},{"damage":0,"enemies":"Cultist","floor":5,"turns":4},{"damage":19,"enemies":"Lagavulin","floor":6,"turns":7},{"damage":0,"enemies":"Gremlin Nob","floor":8,"turns":2}],"seed_played":"5431056891217417057","potions_obtained":[],"is_trial":false,"path_per_floor":["M","?","T","$","M","E","R","E"],"character_chosen":"THE_SILENT","items_purchased":["Noxious Fumes"],"campfire_rested":0,"item_purchase_floors":[4],"current_hp_per_floor":[57,37,37,37,37,18,18,18,18],"gold":63,"neow_bonus":"BOSS_RELIC","is_daily":false,"chose_seed":false,"campfire_upgraded":1,"win_rate":0.0,"timestamp":1612240572,"path_taken":["M","?","?","?","M","E","R","E"],"items_purchased_type":["Card"],"build_version":"2020-12-22","purchased_purges":1,"victory":false,"max_hp_per_floor":[66,66,66,66,66,66,66,66,66],"card_choices":[{"not_picked":["PiercingWail","Quick Slash"],"picked":"Crippling Poison","floor":1.0},{"not_picked":["PiercingWail","Quick Slash"],"picked":"Crippling Poison","floor":1.0},{"not_picked":["Outmaneuver","Finisher"],"picked":"Well Laid Plans","floor":5},{"not_picked":["Outmaneuver","Bouncing Flask"],"picked":"Wraith Form v2","floor":6}],"player_experience":1806956,"relics_obtained":[{"floor":3.0,"key":"Art of War"},{"floor":6,"key":"Oddly Smooth Stone"}],"event_choices":[{"damage_healed":0.0,"max_hp_gain":0.0,"max_hp_loss":0.0,"gold_gain":0.0,"event_name":"Shining Light","player_choice":"Entered Light","floor":2.0,"gold_loss":0.0,"damage_taken":20.0,"cards_upgraded":["Strike_G","Strike_G"]}],"is_beta":false,"boss_relics":[],"items_purged_floors":[4],"is_endless":false,"potions_floor_spawned":[1,5],"killed_by":"Gremlin Nob","ascension_level":20}}