{"host":"8is2j71l4wmybkoi","time":1612266883,"event":{"mods":["AchievementEnabler","BaseMod","Colored Map","Minty Spire (QoL Compilation)","Rare Cards Sparkle","StSLib","SuperFastMode"],"gold_per_floor":[111,25,25,25,43,72,84,110,189,13,13,13,13,51,51,146,146,164,164,164,181,201,201,100,100,100,111,122,156,156,181,181,255,255,270,270,270,282,282,315,22,22,22,22,41,41,69,84,84,84,84,84,17,44,44],"floor_reached":56,"language":"KOR","playtime":2978,"items_purged":["Redo","Ball Lightning"],"score":2260,"play_id":"0927a160-c347-4e9a-a6b7-b41432d64759","local_time":"20210202205443","is_ascension_mode":true,"campfire_choices":[{"data":"Defragment","floor":11.0,"key":"SMITH"},{"data":"Zap","floor":15.0,"key":"SMITH"},{"data":"Dualcast","floor":23.0,"key":"SMITH"},{"data":"Coolheaded","floor":25.0,"key":"SMITH"},{"data":"Consume","floor":30.0,"key":"SMITH"},{"data":"Hologram","floor":32.0,"key":"SMITH"},{"floor":42.0,"key":"RECALL"},{"data":"Apotheosis","floor":44.0,"key":"SMITH"},{"data":"Madness","floor":46.0,"key":"SMITH"},{"data":"Reboot","floor":49.0,"key":"SMITH"},{"floor":52.0,"key":"REST"}],"circlet_count":0,"master_deck":["AscendersBane","Zap+1","Dualcast+1","Glacier","Cold Snap","Barrage","Conserve Battery","Defragment+1","Capacitor","Ball Lightning","Meteor Strike","Reboot+1","Core Surge","Core Surge","Steam","Hologram+1","FTL","Steam","BootSequence","Leap","Coolheaded+1","Capacitor+1","Consume+1","Fusion+1","Echo Form+1","Madness+1","Apotheosis+1","Self Repair+1","Defragment+1","Leap+1","Recycle","Coolheaded+1","Static Discharge+1","Heatsinks+1"],"relics":["Cracked Core","NeowsBlessing","Lizard Tail","Dream Catcher","HornCleat","Anchor","Bloody Idol","FossilizedHelix","Pandora\u0027s Box","Frozen Egg 2","Torii","Mummified Hand","Inserter","Kunai","Medical Kit","The Courier","Calipers"],"acts_visited":["Exordium","TheCity","TheBeyond","TheEnding"],"potions_floor_usage":[55],"damage_taken":[{"damage":0.0,"enemies":"Cultist","floor":1.0,"turns":1.0},{"damage":0.0,"enemies":"Jaw Worm","floor":5.0,"turns":1.0},{"damage":0.0,"enemies":"3 Sentries","floor":6.0,"turns":2.0},{"damage":2.0,"enemies":"2 Louse","floor":7.0,"turns":3.0},{"damage":11.0,"enemies":"Lagavulin","floor":8.0,"turns":6.0},{"damage":16.0,"enemies":"Gremlin Nob","floor":14.0,"turns":4.0},{"damage":0.0,"enemies":"The Guardian","floor":16.0,"turns":7.0},{"damage":0.0,"enemies":"Shell Parasite","floor":18.0,"turns":5.0},{"damage":0.0,"enemies":"Chosen","floor":21.0,"turns":3.0},{"damage":11.0,"enemies":"Sentry and Sphere","floor":22.0,"turns":4.0},{"damage":0.0,"enemies":"Centurion and Healer","floor":27.0,"turns":6.0},{"damage":0.0,"enemies":"Snake Plant","floor":28.0,"turns":4.0},{"damage":0.0,"enemies":"Gremlin Leader","floor":29.0,"turns":7.0},{"damage":0.0,"enemies":"Book of Stabbing","floor":31.0,"turns":5.0},{"damage":0.0,"enemies":"Automaton","floor":33.0,"turns":11.0},{"damage":10.0,"enemies":"3 Darklings","floor":35.0,"turns":6.0},{"damage":0.0,"enemies":"Orb Walker","floor":38.0,"turns":4.0},{"damage":0.0,"enemies":"Giant Head","floor":40.0,"turns":8.0},{"damage":0.0,"enemies":"Sphere and 2 Shapes","floor":45.0,"turns":4.0},{"damage":1.0,"enemies":"Nemesis","floor":47.0,"turns":9.0},{"damage":30.0,"enemies":"Jaw Worm Horde","floor":48.0,"turns":5.0},{"damage":36.0,"enemies":"Time Eater","floor":50.0,"turns":16.0},{"damage":1.0,"enemies":"Shield and Spear","floor":54.0,"turns":10.0},{"damage":65,"enemies":"The Heart","floor":55,"turns":8}],"seed_played":"6449115131383682155","potions_obtained":[{"floor":6.0,"key":"SteroidPotion"},{"floor":8.0,"key":"EssenceOfSteel"},{"floor":14.0,"key":"CultistPotion"},{"floor":18.0,"key":"FearPotion"},{"floor":22.0,"key":"EntropicBrew"},{"floor":28.0,"key":"AttackPotion"},{"floor":33.0,"key":"AttackPotion"},{"floor":35.0,"key":"DistilledChaos"},{"floor":47.0,"key":"AttackPotion"}],"is_trial":false,"path_per_floor":["M","$","?","?","M","E","M","E","T","$","R","?","$","E","R","B",null,"M","?","?","M","M","R","$","R","T","M","M","E","R","E","R","B",null,"M","?","?","M","?","E","$","R","T","R","M","R","E","M","R","B",null,"R","$","E","B",null],"character_chosen":"DEFECT","items_purchased":["Glacier","Cold Snap","Anchor","Ball Lightning","Coolheaded","Medical Kit","Defragment+1","Heatsinks+1","FocusPotion"],"campfire_rested":1,"item_purchase_floors":[2,2,10,10,24,41,41,53,53],"current_hp_per_floor":[64,64,69,62,62,62,60,49,49,49,49,49,49,33,33,33,60,60,60,60,65,59,59,59,59,59,64,69,69,69,69,69,69,69,64,64,54,59,59,64,64,64,64,64,69,69,69,64,64,38,61,69,69,69,14],"gold":44,"neow_bonus":"THREE_ENEMY_KILL","is_daily":false,"chose_seed":false,"campfire_upgraded":9,"win_rate":0.0,"timestamp":1612266883,"path_taken":["M","?","?","?","M","E","M","E","T","$","R","?","?","E","R","BOSS","M","?","?","M","M","R","$","R","T","M","M","E","R","E","R","BOSS","M","?","?","M","?","E","?","R","T","R","M","R","E","M","R","BOSS","R","$","E","BOSS"],"items_purchased_type":["Card","Card","Relic","Card","Card","Relic","Card","Card","Potion"],"build_version":"2020-12-22","purchased_purges":2,"victory":true,"max_hp_per_floor":[71,71,76,76,76,76,76,76,76,76,76,69,69,69,69,69,69,69,69,69,69,69,69,69,69,69,69,69,69,69,69,69,69,69,69,69,69,69,69,69,69,69,69,69,69,69,69,69,69,69,69,69,69,69,69],"card_choices":[{"not_picked":["Stack","Reinforced Body"],"picked":"Ball Lightning","floor":1.0},{"not_picked":["Redo","Cold Snap"],"picked":"Barrage","floor":5.0},{"not_picked":["Hologram","Leap"],"picked":"Conserve Battery","floor":6.0},{"not_picked":["Go for the Eyes","Beam Cell"],"picked":"Defragment","floor":7.0},{"not_picked":["Aggregate","Turbo"],"picked":"Capacitor","floor":8.0},{"not_picked":["Streamline","Aggregate"],"picked":"Meteor Strike","floor":14.0},{"not_picked":["All For One","Hyperbeam"],"picked":"Reboot","floor":16.0},{"not_picked":["Barrage","Hello World","Sweeping Beam"],"picked":"SKIP","floor":18.0},{"not_picked":["Steam","Steam Power"],"picked":"BootSequence","floor":21.0},{"not_picked":["Reprogram","Stack"],"picked":"Leap","floor":22.0},{"not_picked":["Skim","Chaos"],"picked":"Capacitor+1","floor":27.0},{"not_picked":["Sweeping Beam","Conserve Battery"],"picked":"Consume","floor":28.0},{"not_picked":["Static Discharge+1","Meteor Strike"],"picked":"Fusion+1","floor":29.0},{"not_picked":["Hologram","Blizzard","Undo"],"picked":"SKIP","floor":31.0},{"not_picked":["Fission","Thunder Strike"],"picked":"Echo Form+1","floor":33.0},{"not_picked":["Go for the Eyes","Streamline","Compile Driver"],"picked":"SKIP","floor":35.0},{"not_picked":["Sadistic Nature+1","Trip"],"picked":"Madness","floor":37.0},{"not_picked":["Purity","Deep Breath"],"picked":"Apotheosis","floor":37.0},{"not_picked":["Barrage","Redo"],"picked":"Coolheaded","floor":38.0},{"not_picked":["Go for the Eyes","Multi-Cast"],"picked":"Self Repair+1","floor":40.0},{"not_picked":["Hologram","Consume+1"],"picked":"Leap+1","floor":45.0},{"not_picked":["Genetic Algorithm","Auto Shields"],"picked":"Recycle","floor":47.0},{"not_picked":["Hologram","Compile Driver"],"picked":"Coolheaded+1","floor":48.0},{"not_picked":["Reinforced Body+1","Cold Snap"],"picked":"Static Discharge+1","floor":52.0},{"not_picked":["Reprogram+1","Steam","Self Repair+1"],"picked":"SKIP","floor":54.0}],"player_experience":933608,"relics_obtained":[{"floor":6.0,"key":"Lizard Tail"},{"floor":8.0,"key":"Dream Catcher"},{"floor":9.0,"key":"HornCleat"},{"floor":14.0,"key":"FossilizedHelix"},{"floor":26.0,"key":"Frozen Egg 2"},{"floor":29.0,"key":"Torii"},{"floor":31.0,"key":"Mummified Hand"},{"floor":40.0,"key":"Kunai"},{"floor":47.0,"key":"The Courier"},{"floor":54.0,"key":"Calipers"}],"event_choices":[{"damage_healed":0.0,"max_hp_gain":5.0,"max_hp_loss":0.0,"gold_gain":0.0,"event_name":"Big Fish","player_choice":"Donut","floor":3.0,"gold_loss":0.0,"damage_taken":0.0},{"cards_removed":["Strike_B"],"damage_healed":0.0,"max_hp_gain":0.0,"max_hp_loss":0.0,"gold_gain":0.0,"event_name":"Golden Wing","player_choice":"Card Removal","floor":4.0,"gold_loss":0.0,"damage_taken":7.0},{"damage_healed":0.0,"max_hp_gain":0.0,"max_hp_loss":7.0,"gold_gain":0.0,"event_name":"Golden Idol","player_choice":"Lose Max HP","floor":12.0,"gold_loss":0.0,"damage_taken":0.0,"relics_obtained":["Golden Idol"]},{"damage_healed":0.0,"max_hp_gain":0.0,"max_hp_loss":0.0,"gold_gain":0.0,"event_name":"Forgotten Altar","player_choice":"Gave Idol","floor":19.0,"relics_lost":["Golden Idol"],"gold_loss":0.0,"damage_taken":0.0,"relics_obtained":["Bloody Idol"]},{"damage_healed":0.0,"max_hp_gain":0.0,"max_hp_loss":0.0,"gold_gain":0.0,"event_name":"Ghosts","player_choice":"Ignored","floor":20.0,"gold_loss":0.0,"damage_taken":0.0},{"damage_healed":0.0,"max_hp_gain":0.0,"max_hp_loss":0.0,"gold_gain":0.0,"event_name":"Tomb of Lord Red Mask","player_choice":"Ignored","floor":36.0,"gold_loss":0.0,"damage_taken":0.0},{"damage_healed":0.0,"max_hp_gain":0.0,"max_hp_loss":0.0,"gold_gain":0.0,"event_name":"SensoryStone","player_choice":"Memory 3","floor":37.0,"gold_loss":0.0,"damage_taken":10.0},{"cards_removed":["Coolheaded"],"damage_healed":0.0,"max_hp_gain":0.0,"max_hp_loss":0.0,"gold_gain":0.0,"event_name":"Falling","player_choice":"Removed Skill","floor":39.0,"gold_loss":0.0,"damage_taken":0.0}],"is_beta":false,"boss_relics":[{"not_picked":["SlaversCollar","Ectoplasm"],"picked":"Pandora\u0027s Box"},{"not_picked":["FrozenCore","Astrolabe"],"picked":"Inserter"}],"items_purged_floors":[24,41],"is_endless":false,"potions_floor_spawned":[6,8,14,18,22,28,33,35,47],"ascension_level":15}}