{"host":"Kitsune","time":1612232757,"event":{"mods":["AchievementEnabler","BaseMod","Bestiary","Better Altar","Better Match","Better Note","Better Sensory Stone","Better Skull","Better Third Choice","BetterRewards","Block Reminder","Colored Map","Colored Powertips","Downfall","Highlight Path","Marisa????????","Minty Spire (QoL Compilation)","Permanent Neow","Remilia??????","Shop Mod","StSLib","The Cursed","The Necromancer","The Servant 0.9.4","Waifu the Spire"],"gold_per_floor":[118,134,147,147,35,60,60,60,111,111,111,111,43,61,61,158,158,170,150,169,169,169,169,24,43,122,122,133,133,133,149,149,244,244,259,259,259,259,259,259,273,273,296,296,296],"floor_reached":44,"language":"ENG","playtime":2426,"items_purged":["Regret","Strike_W"],"score":427,"play_id":"08e07c66-7f6e-47d1-bb76-e96eaae1b16d","local_time":"20210201212557","is_ascension_mode":false,"campfire_choices":[{"floor":7,"key":"DIG"},{"floor":10,"key":"DIG"},{"floor":12,"key":"REST"},{"floor":15,"key":"DIG"},{"floor":23,"key":"DIG"},{"floor":27,"key":"REST"},{"floor":30,"key":"REST"},{"floor":32,"key":"REST"},{"data":"Summon_Undead_Army","floor":40,"key":"SMITH"},{"data":"Madness","floor":42,"key":"SMITH"}],"circlet_count":0,"master_deck":["Strike_W+1","Defend_W","Defend_W","Defend_W","Negative_Energy_Arrows","Bone_Wall","Mayhem+1","Discovery","Uncharnel","Slay_Living","Vampiric_Strike","Magnetism","Summon_Undead_Army+1","Spectral_Walk","Blood_Magic","CurseOfTheBell","Summon_Undead_Army+1","Bone_Bullets+1","Strike_from_Beyond+1","Bone_Spikes+1","Skeleton_Dragon+1","Toxic_Smoke_Screen+1","Violent_Necrosis+1","Bone_Spikes+1","Summon_Lich+1","Shackles_Of_Pain+1","Madness+1","Madness","Bone_Armor"],"relics":["ScarletDevilRocket","Shovel","Calipers","Membership Card","Shuriken","HandDrill","Smiling Mask","Unceasing Top","Juzu Bracelet","Tiny Chest","Torii","Calling Bell","Nunchaku","HornCleat","Dead Branch","Prayer Wheel","Bird Faced Urn","Frozen Egg 2","White Beast Statue","Astrolabe","Incense Burner","Strawberry"],"acts_visited":["Exordium","TheCity","TheBeyond"],"potions_floor_usage":[16],"damage_taken":[{"damage":6,"enemies":"Cultist","floor":1,"turns":4},{"damage":0,"enemies":"2 Louse","floor":2,"turns":3},{"damage":3,"enemies":"Small Slimes","floor":3,"turns":3},{"damage":30,"enemies":"Lagavulin","floor":6,"turns":6},{"damage":13,"enemies":"Blue Slaver","floor":14,"turns":4},{"damage":32,"enemies":"The Guardian","floor":16,"turns":9},{"damage":3,"enemies":"Chosen","floor":18,"turns":5},{"damage":29,"enemies":"Spheric Guardian","floor":20,"turns":7},{"damage":14,"enemies":"Snake Plant","floor":25,"turns":4},{"damage":74,"enemies":"Cultist and Chosen","floor":28,"turns":7},{"damage":4,"enemies":"Centurion and Healer","floor":31,"turns":7},{"damage":43,"enemies":"Champ","floor":33,"turns":9},{"damage":52,"enemies":"3 Darklings","floor":35,"turns":6},{"damage":12,"enemies":"3 Shapes","floor":41,"turns":5},{"damage":67,"enemies":"Sphere and 2 Shapes","floor":44,"turns":4}],"seed_played":"-2421312393504686361","potions_obtained":[{"floor":2,"key":"PowerPotion"},{"floor":16,"key":"Ancient Potion"},{"floor":18,"key":"Guardian:BlockOnCardUsePotion"},{"floor":19,"key":"SteroidPotion"},{"floor":33,"key":"Energy Potion"}],"is_trial":false,"path_per_floor":["M","M","M","?","$","E","R","?","T","R","?","R","$","M","R","B",null,"M","?","M","?","T","R","$","M","T","R","M","?","R","M","R","B",null,"M","?","T","?","?","R","M","R","T","M"],"character_chosen":"NECROMANCER","items_purchased":["Shovel","Membership Card","HandDrill","Summon_Undead_Army","Frozen Egg 2","Summon_Undead_Army+1"],"campfire_rested":4,"item_purchase_floors":[0,0,5,13,24,24],"current_hp_per_floor":[75,75,72,72,72,42,42,27,27,27,27,49,49,37,37,7,75,74,74,45,45,45,45,45,49,49,71,11,2,24,26,48,14,75,29,66,66,58,58,58,56,56,63,0,0],"gold":296,"neow_bonus":"","is_daily":false,"chose_seed":false,"campfire_upgraded":2,"win_rate":0.0,"timestamp":1612232757,"path_taken":["M","M","?","?","$","E","R","?","T","R","?","R","$","M","R","BOSS","M","?","M","?","?","R","?","M","T","R","M","?","R","M","R","BOSS","M","?","?","?","?","R","M","R","T","M"],"items_purchased_type":["Relic","Relic","Relic","Card","Relic","Card"],"build_version":"2020-12-18","purchased_purges":2,"victory":false,"max_hp_per_floor":[75,75,75,75,75,75,75,75,75,75,75,75,75,75,75,75,75,75,75,75,75,75,75,75,75,75,75,75,75,75,75,75,75,75,75,66,66,66,66,66,66,66,73,73,73],"card_choices":[{"not_picked":["Stop_Heart","Negative_Energy_Shield"],"picked":"Uncharnel","floor":1},{"not_picked":["Summon_Lich","Siphon_Strength"],"picked":"Slay_Living","floor":2},{"not_picked":["Bone_Shift","Negative_Energy_Javelin"],"picked":"Vampiric_Strike","floor":3},{"not_picked":["Negative_Energy_Shield","Thousand_Bone_Knives"],"picked":"Whirlwind_of_Bones","floor":6},{"not_picked":["Mind Blast","PanicButton"],"picked":"Magnetism","floor":11},{"not_picked":["Uncharnel","Life_Tap"],"picked":"Spectral_Walk","floor":14},{"not_picked":["Reap_The_Weak","Requiem"],"picked":"Blood_Magic","floor":16},{"not_picked":["Necrotic_Claws","Finger_Of_Death","Chill_Blood"],"picked":"SKIP","floor":18},{"not_picked":["Negative_Energy_Burst+1","Finger_Of_Death","Shackles_Of_Pain"],"picked":"SKIP","floor":20},{"not_picked":["Bone_Armor","Negative_Energy_Bomb"],"picked":"Bone_Bullets+1","floor":25},{"not_picked":["Blood_Curse","Blood_for_Blood+1","Death_March_Dance+1"],"picked":"SKIP","floor":25},{"not_picked":["Life_Drain","Spectral_Armor"],"picked":"Strike_from_Beyond+1","floor":28},{"not_picked":["Bone_Bullets+1","Blood_Whip+1"],"picked":"Bone_Spikes+1","floor":28},{"not_picked":["Spectral_Walk","Shackles_Of_Pain","Death_March_Dance"],"picked":"SKIP","floor":31},{"not_picked":["Corrupt+1","Blood_Whip","Vampiric_Strike"],"picked":"SKIP","floor":31},{"not_picked":["Blood_Magic+1","Grasp_Heart"],"picked":"Skeleton_Dragon+1","floor":33},{"not_picked":["Death_March_Dance","Chill_Blood+1"],"picked":"Summon_Lich+1","floor":35},{"not_picked":["Finger_Of_Death+1","Blood_Whip"],"picked":"Shackles_Of_Pain+1","floor":35},{"not_picked":["Stop_Heart+1","Bone_Bullets"],"picked":"Bone_Armor","floor":41},{"not_picked":["Bone_Spikes+1","Death_March_Dance+1","Negative_Energy_Shield+1"],"picked":"SKIP","floor":41}],"player_experience":135787,"relics_obtained":[{"floor":6,"key":"Smiling Mask"},{"floor":7,"key":"Unceasing Top"},{"floor":9,"key":"Juzu Bracelet"},{"floor":10,"key":"Tiny Chest"},{"floor":15,"key":"Torii"},{"floor":17,"key":"Nunchaku"},{"floor":17,"key":"HornCleat"},{"floor":17,"key":"Dead Branch"},{"floor":22,"key":"Prayer Wheel"},{"floor":23,"key":"Bird Faced Urn"},{"floor":26,"key":"White Beast Statue"},{"floor":37,"key":"Incense Burner"},{"floor":43,"key":"Strawberry"}],"event_choices":[{"damage_healed":0,"gold_gain":0,"player_choice":"Box","damage_taken":0,"relics_obtained":["Shuriken"],"max_hp_gain":0,"max_hp_loss":0,"event_name":"Big Fish","floor":4,"gold_loss":0,"cards_obtained":["Regret"]},{"damage_healed":42,"gold_gain":0,"player_choice":"Upgrade","damage_taken":15,"max_hp_gain":0,"max_hp_loss":75,"event_name":"betterThird:BetterShining","floor":8,"gold_loss":0,"cards_upgraded":["Strike_W","Mayhem"]},{"damage_healed":0,"gold_gain":1,"player_choice":"1","damage_taken":0,"max_hp_gain":0,"max_hp_loss":0,"event_name":"betterStone:BetterStone","floor":11,"gold_loss":0},{"damage_healed":0,"gold_gain":0,"player_choice":"Bought 1 Potion","damage_taken":0,"max_hp_gain":0,"max_hp_loss":0,"event_name":"The Woman in Blue","floor":19,"gold_loss":0},{"cards_removed":["Blood_Magic"],"damage_healed":0,"gold_gain":0,"player_choice":"Give","damage_taken":0,"max_hp_gain":0,"max_hp_loss":0,"event_name":"betterNote:BetterNote","floor":21,"gold_loss":0,"cards_obtained":["None"]},{"damage_healed":0,"gold_gain":0,"player_choice":"Stopped","damage_taken":9,"max_hp_gain":0,"max_hp_loss":0,"event_name":"Cursed Tome","floor":29,"gold_loss":0},{"damage_healed":66,"gold_gain":0,"player_choice":"Heal","damage_taken":0,"max_hp_gain":0,"max_hp_loss":9,"event_name":"The Moai Head","floor":36,"gold_loss":0},{"damage_healed":0,"gold_gain":0,"player_choice":"Embrace Madness","damage_taken":8,"max_hp_gain":0,"max_hp_loss":0,"event_name":"Winding Halls","floor":38,"gold_loss":0,"cards_obtained":["Madness","Madness"]},{"cards_removed":["Whirlwind_of_Bones"],"damage_healed":0,"gold_gain":0,"player_choice":"Removed Attack","damage_taken":0,"max_hp_gain":0,"max_hp_loss":0,"event_name":"Falling","floor":39,"gold_loss":0}],"is_beta":true,"boss_relics":[{"not_picked":["SacredBark","Busted Crown"],"picked":"Calling Bell"},{"not_picked":["Pandora\u0027s Box","Snecko Eye"],"picked":"Astrolabe"}],"items_purged_floors":[5,13],"is_endless":false,"potions_floor_spawned":[2,16,18,28,31,33,35,41],"killed_by":"Sphere and 2 Shapes","ascension_level":0}}