{"host":"pletss163z7s8pvv","time":1612245462,"event":{"mods":["AchievementEnabler","BaseMod","Better Altar","Better Match","Better Note","Better Sensory Stone","Better Skull","Better Third Choice","BetterRewards","CapriCore","ChefMod","Colored Map","Colored Powertips","Conspire","Energized Spire","Evolution","GifTheSpireLib","Hermit","Ironclad Rager","Marked Mod","Minty Spire (QoL Compilation)","Retaliation","Spicy Shops","StS++","StSLib","The Alterego","The Blue Laboratory","The Cursed","The Disciple","The Forsaken"],"gold_per_floor":[117,127,127,17,36,36,48,59,83,112,112,112],"floor_reached":11,"language":"ENG","playtime":371,"items_purged":[],"score":90,"play_id":"e8eac9b2-8f73-4633-a393-03d1dd556e66","local_time":"20210201235742","daily_mods":["Specialized","Time Dilation","DeadlyEvents"],"is_ascension_mode":false,"campfire_choices":[{"data":"theForsaken:CorruptedWord","floor":6,"key":"SMITH"}],"circlet_count":0,"master_deck":["theForsaken:Thunderbolt","theForsaken:Thunderbolt","theForsaken:Thunderbolt","theForsaken:TheForsaken_Strike","theForsaken:TheForsaken_Defend","theForsaken:TheForsaken_Defend","theForsaken:TheForsaken_Defend","theForsaken:TheForsaken_Defend","theForsaken:Smite","theForsaken:Penitence","theForsaken:WardingHymn","theForsaken:WardingHymn","theForsaken:WardingHymn","theForsaken:WardingHymn","theForsaken:WardingHymn","theForsaken:BlessedWeapon","theForsaken:WordOfPower","theForsaken:Parry","theForsaken:CorruptedWord+1","theForsaken:FuryStrikes","theForsaken:Backlash","theForsaken:InspiringBlow"],"relics":["theForsaken:JudgementScales","EVO:Axolotl","Bottled Lightning","Medical Kit","Anchor","Odd Mushroom"],"acts_visited":["Exordium"],"potions_floor_usage":[],"damage_taken":[{"damage":4,"enemies":"conspire:RoseBush","floor":1,"turns":9},{"damage":2,"enemies":"Small Slimes","floor":2,"turns":6},{"damage":0,"enemies":"Cultist","floor":5,"turns":4},{"damage":0,"enemies":"2 Fungi Beasts","floor":7,"turns":4},{"damage":6,"enemies":"Red Slaver","floor":8,"turns":5},{"damage":29,"enemies":"The Mushroom Lair","floor":10,"turns":5},{"damage":29,"enemies":"Lagavulin","floor":11,"turns":3}],"seed_played":"1032998713992038671","potions_obtained":[{"floor":5,"key":"blueLaboratory:StoneskinPotion"},{"floor":8,"key":"conspire:TimeTravelPotion"}],"is_trial":true,"path_per_floor":["M","M","T","$","M","R","M","M","T","?","E"],"character_chosen":"THE_FORSAKEN","items_purchased":["Medical Kit","theForsaken:Parry"],"campfire_rested":0,"item_purchase_floors":[4,4],"current_hp_per_floor":[61,59,59,59,59,59,62,56,56,27,0,0],"gold":112,"neow_bonus":"","is_daily":false,"chose_seed":false,"campfire_upgraded":1,"win_rate":0.0,"timestamp":1612245462,"path_taken":["M","?","?","$","M","R","M","M","T","?","?"],"items_purchased_type":["Relic","Card"],"build_version":"2020-12-22","purchased_purges":0,"victory":false,"max_hp_per_floor":[65,65,65,65,65,65,65,65,65,65,65,65],"card_choices":[{"not_picked":["theForsaken:QuickAttack","theForsaken:Thunderbolt"],"picked":"theForsaken:BlessedWeapon","floor":1},{"not_picked":["theForsaken:StoreUp","theForsaken:BindingThorns"],"picked":"theForsaken:WordOfPower","floor":2},{"not_picked":["theForsaken:Devotion","theForsaken:Riposte"],"picked":"theForsaken:CorruptedWord","floor":5},{"not_picked":["theForsaken:FatRoll","theForsaken:PowerUp"],"picked":"theForsaken:FuryStrikes","floor":7},{"not_picked":["theForsaken:Devotion","theForsaken:CreepingInfection"],"picked":"theForsaken:Backlash","floor":8},{"not_picked":["theForsaken:Riposte","theForsaken:HymnOfPatience"],"picked":"theForsaken:InspiringBlow","floor":10}],"player_experience":479561,"relics_obtained":[{"floor":3,"key":"Bottled Lightning"},{"floor":9,"key":"Anchor"},{"floor":10,"key":"Odd Mushroom"}],"event_choices":[{"damage_healed":0,"gold_gain":0,"player_choice":"Fought Mushrooms","damage_taken":0,"max_hp_gain":0,"max_hp_loss":0,"event_name":"Mushrooms","floor":10,"gold_loss":0}],"is_beta":false,"boss_relics":[],"items_purged_floors":[],"is_endless":false,"potions_floor_spawned":[5,8],"killed_by":"Lagavulin","ascension_level":0}}