{"host":"b9sas8jv6tsy9swm","time":1612269406,"event":{"mods":["AchievementEnabler","BaseMod","Minty Spire (QoL Compilation)","Permanent Neow","Quick Restart","Replay The Spire","StSLib"],"gold_per_floor":[114,127,52,72,72,100,113,145,214,234,234,254,284,284,284,383,383,398,415,426,150,164,164,164,164],"floor_reached":24,"language":"ZHS","playtime":1178,"items_purged":["Strike_G","Strike_G"],"score":328,"play_id":"da92592d-e6ee-4d4e-a051-d9dd8baefd10","local_time":"20210202203646","is_ascension_mode":true,"campfire_choices":[{"floor":11.0,"key":"REST"},{"data":"Poison Darts","floor":15.0,"key":"SMITH"},{"data":"Neutralize","floor":23,"key":"SMITH"}],"circlet_count":0,"master_deck":["Strike_G","Strike_G","Defend_G","Defend_G","Defend_G","Defend_G","Survivor+1","Neutralize+1","Underhanded Strike+1","Poison Darts+1","Endless Agony","Backflip","After Image","Calculated Gamble+1","Fluid Movement+1"],"relics":["Ring of the Snake","Dead Branch","Replay:Baseball","Iron Hammer","Odd Mushroom","The Courier","Oddly Smooth Stone","Snecko Eye","Mummified Hand"],"acts_visited":["Exordium","TheCity"],"potions_floor_usage":[19,20],"damage_taken":[{"damage":10.0,"enemies":"Jaw Worm","floor":1.0,"turns":5.0},{"damage":0.0,"enemies":"2 Louse","floor":2.0,"turns":3.0},{"damage":0.0,"enemies":"Cultist","floor":4.0,"turns":3.0},{"damage":7.0,"enemies":"Gremlin Nob","floor":6.0,"turns":3.0},{"damage":0.0,"enemies":"Exordium Thugs","floor":7.0,"turns":2.0},{"damage":10.0,"enemies":"Lagavulin","floor":8.0,"turns":5.0},{"damage":0.0,"enemies":"The Mushroom Lair","floor":10.0,"turns":2.0},{"damage":1.0,"enemies":"Lots of Slimes","floor":12.0,"turns":3.0},{"damage":0.0,"enemies":"Gremlin Nob","floor":13.0,"turns":2.0},{"damage":12,"enemies":"Hexaghost","floor":16,"turns":7},{"damage":0,"enemies":"Chosen","floor":18,"turns":3},{"damage":3,"enemies":"3 Byrds","floor":19,"turns":3},{"damage":0,"enemies":"Snake Plant","floor":20,"turns":3},{"damage":8,"enemies":"Centurion and Healer","floor":22,"turns":4},{"damage":6,"enemies":"Gremlin Leader","floor":24,"turns":4}],"seed_played":"-2469306549630003054","potions_obtained":[{"floor":2.0,"key":"SmokeBomb"},{"floor":6.0,"key":"Block Potion"},{"floor":8.0,"key":"Toxic Potion"},{"floor":13.0,"key":"SteroidPotion"},{"floor":16,"key":"LifebloodPotion"},{"floor":20,"key":"Dexterity Potion"},{"floor":22,"key":"SteroidPotion"}],"is_trial":false,"path_per_floor":["M","M","$","M","?","E","M","E","T","?","R","M","E","?","R","B",null,"M","M","M","$","M","R","E"],"character_chosen":"THE_SILENT","items_purchased":["Mummified Hand"],"campfire_rested":1,"item_purchase_floors":[21],"current_hp_per_floor":[35,35,35,35,21,14,14,4,4,4,25,24,24,24,24,12,56,56,53,53,53,45,45,39,39],"gold":164,"neow_bonus":"REMOVE_TWO","is_daily":false,"chose_seed":false,"campfire_upgraded":2,"win_rate":0.0,"timestamp":1612269406,"path_taken":["M","M","$","M","?","E","M","E","T","?","R","M","E","?","R","BOSS","M","M","M","$","M","R","E"],"items_purchased_type":["Relic"],"build_version":"2020-12-22","purchased_purges":2,"victory":false,"max_hp_per_floor":[70,70,70,70,70,70,70,70,70,70,70,70,70,70,70,70,70,70,70,70,70,70,70,70,70],"card_choices":[{"not_picked":["Quick Slash","Bane"],"picked":"Underhanded Strike","floor":1.0},{"not_picked":["Skewer","PiercingWail","Slice"],"picked":"SKIP","floor":2.0},{"not_picked":["Deadly Poison","Eviscerate"],"picked":"Poison Darts","floor":4.0},{"not_picked":["Sucker Punch","Noxious Fumes"],"picked":"Endless Agony","floor":6.0},{"not_picked":["Sucker Punch","Quick Slash","Masterful Stab"],"picked":"SKIP","floor":7.0},{"not_picked":["Sneak Up","Flying Knee","Reflex"],"picked":"SKIP","floor":8.0},{"not_picked":["Deflect","Dagger Spray"],"picked":"Backflip","floor":12.0},{"not_picked":["Deflect","Poisoned Stab","Well Laid Plans"],"picked":"SKIP","floor":13.0},{"not_picked":["Grand Finale","Unload"],"picked":"After Image","floor":16},{"not_picked":["Prepared","Bane"],"picked":"Calculated Gamble+1","floor":18},{"not_picked":["Underhanded Strike","Toxin Wave"],"picked":"Fluid Movement+1","floor":19},{"not_picked":["Terror","Well Laid Plans","Expertise"],"picked":"SKIP","floor":20},{"not_picked":["Outmaneuver","Deflect","Deadly Poison+1"],"picked":"SKIP","floor":22}],"player_experience":429074,"relics_obtained":[{"floor":6.0,"key":"Dead Branch"},{"floor":8.0,"key":"Replay:Baseball"},{"floor":9.0,"key":"Iron Hammer"},{"floor":10.0,"key":"Odd Mushroom"},{"floor":13.0,"key":"The Courier"}],"event_choices":[{"damage_healed":0.0,"max_hp_gain":0.0,"max_hp_loss":0.0,"gold_gain":0.0,"event_name":"Shining Light","player_choice":"Entered Light","floor":5.0,"gold_loss":0.0,"damage_taken":14.0,"cards_upgraded":["Survivor","Underhanded Strike"]},{"damage_healed":0.0,"max_hp_gain":0.0,"max_hp_loss":0.0,"gold_gain":0.0,"event_name":"Mushrooms","player_choice":"Fought Mushrooms","floor":10.0,"gold_loss":0.0,"damage_taken":0.0},{"damage_healed":0.0,"max_hp_gain":0.0,"max_hp_loss":0.0,"gold_gain":0.0,"event_name":"WeMeetAgain","player_choice":"Gave Potion","floor":14.0,"gold_loss":0.0,"damage_taken":0.0,"relics_obtained":["Oddly Smooth Stone"]}],"is_beta":false,"boss_relics":[{"not_picked":["Coffee Dripper","Sozu"],"picked":"Snecko Eye"}],"items_purged_floors":[3,21],"is_endless":false,"potions_floor_spawned":[2,6,8,13,16,20,22],"killed_by":"Gremlin Leader","ascension_level":7}}