{"host":"50qwps766cbz6ukm","time":1612262118,"event":{"mods":["BaseMod","Colored Map","Colored Powertips","DeckTracker","Highlight Path","Minty Spire (QoL Compilation)","Quick Restart","Remove Card Discount Mod","StSLib","SuperFastMode","Synergy Search"],"gold_per_floor":[109,109,49,61,73,73,108,120,156,185,207,237,249,287,299,408,420,448,478,490,502,514,526,549,577,589,601,601],"floor_reached":27,"language":"ENG","playtime":769,"items_purged":["Strike_P","Strike_P","Strike_P","Strike_P","Defend_P","Defend_P","Defend_P"],"score":363,"play_id":"5aac2e9f-b27a-47cf-8d6c-7fb8061ecf1f","local_time":"20210202123518","is_ascension_mode":true,"campfire_choices":[{"data":"Eruption","floor":6,"key":"SMITH"},{"data":"Vigilance","floor":8,"key":"SMITH"},{"data":"LikeWater","floor":13,"key":"SMITH"},{"floor":15,"key":"REST"},{"floor":23,"key":"REST"}],"circlet_count":0,"master_deck":["Defend_P","Eruption+1","Vigilance+1","LikeWater+1","Consecrate","Prostrate","Prostrate","Brilliance","Prostrate","LikeWater","Protect","LessonLearned","Prostrate+1"],"relics":["HolyWater","NeowsBlessing","MawBank","Art of War","Anchor","HornCleat","MutagenicStrength","Blue Candle"],"acts_visited":["Exordium","TheCity"],"potions_floor_usage":[14,14,27,27],"damage_taken":[{"damage":0,"enemies":"2 Louse","floor":1,"turns":1},{"damage":0,"enemies":"Cultist","floor":4,"turns":1},{"damage":0,"enemies":"Jaw Worm","floor":5,"turns":1},{"damage":13,"enemies":"Lagavulin","floor":7,"turns":9},{"damage":0,"enemies":"Large Slime","floor":10,"turns":4},{"damage":0,"enemies":"Looter","floor":11,"turns":2},{"damage":0,"enemies":"2 Fungi Beasts","floor":12,"turns":3},{"damage":23,"enemies":"Gremlin Nob","floor":14,"turns":3},{"damage":8,"enemies":"The Guardian","floor":16,"turns":7},{"damage":6,"enemies":"3 Byrds","floor":18,"turns":7},{"damage":12,"enemies":"Chosen","floor":19,"turns":7},{"damage":1,"enemies":"Centurion and Healer","floor":24,"turns":5},{"damage":10,"enemies":"Snake Plant","floor":25,"turns":4},{"damage":45,"enemies":"Book of Stabbing","floor":27,"turns":8}],"seed_played":"-588022640581142162","potions_obtained":[{"floor":1,"key":"Weak Potion"},{"floor":2,"key":"SteroidPotion"},{"floor":2,"key":"SneckoOil"},{"floor":2,"key":"PowerPotion"},{"floor":5,"key":"BlessingOfTheForge"},{"floor":14,"key":"StancePotion"},{"floor":16,"key":"Block Potion"}],"is_trial":false,"path_per_floor":["M","?","$","M","M","R","E","R","T","M","M","M","R","E","R","B",null,"M","M","?","?","?","R","M","M","T","E"],"character_chosen":"WATCHER","items_purchased":["Consecrate"],"campfire_rested":2,"item_purchase_floors":[3],"current_hp_per_floor":[65,65,65,65,65,65,52,52,52,52,52,52,52,29,50,42,65,59,47,47,31,31,52,51,41,41,0,0],"gold":601,"neow_bonus":"THREE_ENEMY_KILL","is_daily":false,"chose_seed":false,"campfire_upgraded":3,"win_rate":0.0,"timestamp":1612262118,"path_taken":["M","?","$","M","?","R","E","R","T","M","M","M","R","E","R","BOSS","M","M","?","?","?","R","M","M","T","E"],"items_purchased_type":["Card"],"build_version":"2020-12-22","purchased_purges":7,"victory":false,"max_hp_per_floor":[72,72,72,72,72,72,72,72,72,72,72,72,72,72,72,72,72,72,72,72,72,72,72,72,72,72,72,72],"card_choices":[{"not_picked":["BowlingBash","Nirvana"],"picked":"LikeWater","floor":1},{"not_picked":["Protect","PathToVictory"],"picked":"Prostrate","floor":4},{"not_picked":["EmptyBody","Worship"],"picked":"Prostrate","floor":5},{"not_picked":["FollowUp","InnerPeace"],"picked":"Brilliance","floor":7},{"not_picked":["DeceiveReality","JustLucky"],"picked":"Prostrate","floor":10},{"not_picked":["CutThroughFate","EmptyBody","FlurryOfBlows"],"picked":"SKIP","floor":11},{"not_picked":["Adaptation","SashWhip"],"picked":"LikeWater","floor":12},{"not_picked":["ReachHeaven","EmptyFist"],"picked":"Protect","floor":14},{"not_picked":["Alpha","SpiritShield"],"picked":"LessonLearned","floor":16},{"not_picked":["Protect","PathToVictory"],"picked":"Prostrate","floor":18},{"not_picked":["Omniscience","WheelKick","EmptyFist"],"picked":"SKIP","floor":19},{"not_picked":["Collect","Halt","Adaptation"],"picked":"SKIP","floor":24},{"not_picked":["FlyingSleeves","Crescendo","Vengeance"],"picked":"SKIP","floor":25}],"player_experience":580265,"relics_obtained":[{"floor":7,"key":"MawBank"},{"floor":9,"key":"Art of War"},{"floor":14,"key":"Anchor"},{"floor":26,"key":"Blue Candle"}],"event_choices":[{"damage_healed":0,"gold_gain":0,"player_choice":"Got Potions","damage_taken":0,"max_hp_gain":0,"max_hp_loss":0,"event_name":"Lab","floor":2,"gold_loss":0},{"damage_healed":0,"gold_gain":0,"player_choice":"Opened","damage_taken":0,"relics_obtained":["HornCleat"],"max_hp_gain":0,"max_hp_loss":0,"event_name":"The Mausoleum","floor":20,"gold_loss":0},{"damage_healed":0,"gold_gain":0,"player_choice":"Obtained Book","damage_taken":16,"max_hp_gain":0,"max_hp_loss":0,"event_name":"Cursed Tome","floor":21,"gold_loss":0},{"damage_healed":0,"gold_gain":0,"player_choice":"Inject Mutagens","damage_taken":0,"relics_obtained":["MutagenicStrength"],"max_hp_gain":0,"max_hp_loss":0,"event_name":"Drug Dealer","floor":22,"gold_loss":0}],"is_beta":false,"boss_relics":[{"not_picked":["SacredBark","Fusion Hammer"],"picked":"HolyWater"}],"items_purged_floors":[3,3,3,3,3,3,3],"is_endless":false,"potions_floor_spawned":[1,5,14,16,19],"killed_by":"Book of Stabbing","ascension_level":7}}