{"host":"g2yp6paluzgljz05","time":1612265216,"event":{"mods":["BaseMod","Bestiary","Colored Powertips","DeckTracker","Highlight Path","Minty Spire (QoL Compilation)","Quick Restart"],"gold_per_floor":[116,41,54,70,70,70,70,70,96,96,122,136,136,100,100,100,100],"floor_reached":16,"language":"ENG","playtime":669,"items_purged":["Strike_R"],"score":137,"play_id":"687cb362-e065-4d94-9d82-4edf289f46d4","local_time":"20210202222656","is_ascension_mode":true,"campfire_choices":[{"data":"Bash","floor":6,"key":"SMITH"},{"data":"Ghostly Armor","floor":8,"key":"SMITH"},{"data":"Defend_R","floor":10,"key":"SMITH"},{"data":"Body Slam","floor":13,"key":"SMITH"},{"floor":15,"key":"REST"}],"circlet_count":0,"master_deck":["Strike_R","Strike_R","Strike_R","Strike_R","Defend_R","Defend_R","Defend_R","Defend_R+1","Bash+1","Ghostly Armor+1","Shrug It Off","Body Slam+1"],"relics":["Burning Blood","NeowsBlessing","Lantern","MealTicket","Magic Flower"],"acts_visited":["Exordium"],"potions_floor_usage":[11,16],"damage_taken":[{"damage":0,"enemies":"Jaw Worm","floor":1,"turns":1},{"damage":0,"enemies":"2 Louse","floor":3,"turns":1},{"damage":0,"enemies":"Small Slimes","floor":4,"turns":1},{"damage":27,"enemies":"3 Sentries","floor":11,"turns":13},{"damage":21,"enemies":"Exordium Wildlife","floor":12,"turns":9},{"damage":64,"enemies":"Slime Boss","floor":16,"turns":11}],"seed_played":"-3775952681082968061","potions_obtained":[{"floor":1,"key":"SpeedPotion"},{"floor":4,"key":"AttackPotion"}],"is_trial":false,"path_per_floor":["M","$","M","M","?","R","?","R","T","R","E","M","R","?","R","B"],"character_chosen":"IRONCLAD","items_purchased":[],"campfire_rested":1,"item_purchase_floors":[],"current_hp_per_floor":[78,78,80,80,80,80,73,73,73,73,52,40,40,40,64,0,0],"gold":100,"neow_bonus":"THREE_ENEMY_KILL","is_daily":false,"chose_seed":false,"campfire_upgraded":4,"win_rate":0.0,"timestamp":1612265216,"path_taken":["M","$","M","M","?","R","?","R","T","R","E","M","R","?","R","BOSS"],"items_purchased_type":[],"build_version":"2020-12-22","purchased_purges":1,"victory":false,"max_hp_per_floor":[80,80,80,80,80,80,80,80,80,80,80,80,80,80,80,80,80],"card_choices":[{"not_picked":["Battle Trance","Perfected Strike"],"picked":"Ghostly Armor","floor":1},{"not_picked":["Sentinel","Headbutt","Clash"],"picked":"SKIP","floor":3},{"not_picked":["Perfected Strike","Wild Strike","Cleave"],"picked":"SKIP","floor":4},{"not_picked":["Reckless Charge","Rampage"],"picked":"Shrug It Off","floor":11},{"not_picked":["Cleave","Dropkick"],"picked":"Body Slam","floor":12}],"player_experience":306786,"relics_obtained":[{"floor":9,"key":"MealTicket"},{"floor":11,"key":"Magic Flower"}],"event_choices":[{"damage_healed":0,"gold_gain":0,"player_choice":"Ignored","damage_taken":0,"max_hp_gain":0,"max_hp_loss":0,"event_name":"Liars Game","floor":5,"gold_loss":0},{"damage_healed":0,"gold_gain":0,"player_choice":"Success","damage_taken":7,"relics_obtained":["Lantern"],"max_hp_gain":0,"max_hp_loss":0,"event_name":"Scrap Ooze","floor":7,"gold_loss":0},{"damage_healed":0,"gold_gain":0,"player_choice":"Left Gold","damage_taken":0,"max_hp_gain":0,"max_hp_loss":0,"event_name":"World of Goop","floor":14,"gold_loss":36}],"is_beta":false,"boss_relics":[],"items_purged_floors":[2],"is_endless":false,"potions_floor_spawned":[1,4],"killed_by":"Slime Boss","ascension_level":8}}