{"host":"minw3mmpo4s8ujtp","time":1612304550,"event":{"mods":["A Magickal Journey","BaseMod","Bestiary","ChefMod","Hermit","Hubris","Jorbs\u0027s Wanderer Trilogy","Minty Spire (QoL Compilation)","Quick Restart","Railgun Mod","Relic Stats","Shade Mod","StSLib","The Animator","The Mystic","The Necromancer","The Runesmith","The Saiyan","TheHero","Treasure Hunter"],"gold_per_floor":[96,109,119,119,119,119,71,90,115,134,146,159,159,171,171,269,269,284,137,62,62,91,91,91,91,91,91,111,111,111],"floor_reached":30,"language":"ENG","playtime":4208,"items_purged":[],"score":265,"play_id":"d38dab52-427a-4859-a227-5e3a1a6eb2b6","local_time":"20210202172230","is_ascension_mode":false,"campfire_choices":[{"floor":6.0,"key":"REST"},{"floor":15.0,"key":"REST"},{"floor":25,"key":"REST"},{"data":"Saiyan:SenzuBean","floor":27,"key":"SMITH"}],"circlet_count":0,"master_deck":["Saiyan:SAIYA_Strike","Saiyan:SAIYA_Strike","Saiyan:SAIYA_Strike","Saiyan:SAIYA_Defend","Saiyan:SAIYA_Defend","Saiyan:SAIYA_Defend","Saiyan:SAIYA_Defend","Saiyan:EnergyBlast","Saiyan:KaioKen","Saiyan:RuthlessBlow","Saiyan:HyperTimeChamber","Saiyan:KiStrike","Saiyan:Makankosappo+1","Saiyan:TurtleShell","Saiyan:TurtleShell","Saiyan:ExpandingShockwave","Saiyan:Quickening","Saiyan:BigBangAttack","Saiyan:Momentum+1","Saiyan:Quickening","Saiyan:SenzuBean+1","CurseOfTheBell","Saiyan:ExpandingShockwave","Saiyan:Flurry","TH:DeckOfManyThings","Saiyan:KiExplosion"],"relics":["SaiyanSoul","SaiyanHeart","Art of War","Calling Bell","Happy Flower","Gremlin Horn","hubris:Teleporter","MealTicket","Anchor","Shuriken","Regal Pillow"],"acts_visited":["Exordium","TheCity"],"potions_floor_usage":[],"damage_taken":[{"damage":1.0,"enemies":"Cultist","floor":1.0,"turns":5.0},{"damage":0.0,"enemies":"2 Louse","floor":2.0,"turns":4.0},{"damage":11.0,"enemies":"Jaw Worm","floor":3.0,"turns":2.0},{"damage":13.0,"enemies":"Looter","floor":8.0,"turns":3.0},{"damage":17.0,"enemies":"Exordium Wildlife","floor":10.0,"turns":4.0},{"damage":0.0,"enemies":"2 Fungi Beasts","floor":11.0,"turns":2.0},{"damage":3.0,"enemies":"Blue Slaver","floor":12.0,"turns":3.0},{"damage":0.0,"enemies":"3 Louse","floor":14.0,"turns":3.0},{"damage":35.0,"enemies":"Hexaghost","floor":16.0,"turns":9.0},{"damage":0,"enemies":"Chosen","floor":18,"turns":8},{"damage":27,"enemies":"Gremlin Leader","floor":23,"turns":7},{"damage":18,"enemies":"3 Byrds","floor":29,"turns":7},{"damage":59,"enemies":"Sentry and Sphere","floor":30,"turns":8}],"seed_played":"-6011618668345105587","potions_obtained":[{"floor":1.0,"key":"ColorlessPotion"},{"floor":2.0,"key":"Dexterity Potion"},{"floor":8.0,"key":"SteroidPotion"},{"floor":12.0,"key":"Fruit Juice"}],"is_trial":false,"path_per_floor":["M","M","M","?","?","R","$","M","T","M","M","M","?","M","R","B",null,"M","$","?","?","E","?","R","T","R","?","M","M"],"character_chosen":"SAIYAJIN","items_purchased":["Saiyan:TurtleShell","MealTicket"],"campfire_rested":3,"item_purchase_floors":[7,20],"current_hp_per_floor":[60,62,51,56,56,68,68,55,55,39,40,39,39,40,68,33,78,79,79,79,79,53,53,77,77,77,77,59,0,0],"gold":111,"neow_bonus":"ONE_RANDOM_RARE_CARD","is_daily":false,"chose_seed":false,"campfire_upgraded":1,"win_rate":0.0,"timestamp":1612304550,"path_taken":["M","M","?","?","?","R","$","M","T","M","M","M","?","M","R","BOSS","M","$","?","?","E","?","R","T","R","?","M","M"],"items_purchased_type":["Card","Relic"],"build_version":"2020-12-22","purchased_purges":0,"victory":false,"max_hp_per_floor":[61,63,63,68,68,68,68,68,68,69,70,72,72,73,78,78,78,79,79,79,79,80,80,80,80,80,80,80,80,80],"relic_stats":{"Regal Pillow":0,"Happy Flower":[10],"Gremlin Horn":[7,7],"counters":[13,65],"Shuriken":[3],"MealTicket":0,"Art of War":[5],"obtain_stats":[{"Calling Bell":17,"Anchor":23,"Regal Pillow":29,"hubris:Teleporter":17,"Happy Flower":17,"Gremlin Horn":17,"Shuriken":26,"SaiyanSoul":0,"MealTicket":20,"SaiyanHeart":0,"Art of War":9},{"Calling Bell":9,"Anchor":11,"Regal Pillow":12,"hubris:Teleporter":9,"Happy Flower":9,"Gremlin Horn":9,"Shuriken":11,"SaiyanSoul":0,"MealTicket":10,"SaiyanHeart":0,"Art of War":4},{"Calling Bell":35,"Anchor":50,"Regal Pillow":57,"hubris:Teleporter":35,"Happy Flower":35,"Gremlin Horn":35,"Shuriken":50,"SaiyanSoul":0,"MealTicket":43,"SaiyanHeart":0,"Art of War":14}]},"card_choices":[{"not_picked":["Saiyan:BackAttack","Saiyan:Medicine"],"picked":"Saiyan:KiStrike","floor":1.0},{"not_picked":["Saiyan:TurtleShell","Saiyan:BackAttack"],"picked":"Saiyan:Makankosappo","floor":2.0},{"not_picked":["Saiyan:Furor","Saiyan:PressOn"],"picked":"Saiyan:TurtleShell","floor":3.0},{"not_picked":["Saiyan:Twize","Saiyan:PlotArmor"],"picked":"Saiyan:ExpandingShockwave","floor":8.0},{"not_picked":["TH:TreasureMap","TH:Mimic"],"picked":"SKIP","floor":9.0},{"not_picked":["Saiyan:Scouter","Saiyan:MeteorDash"],"picked":"Saiyan:Quickening","floor":10.0},{"not_picked":["Saiyan:WarmUp","Saiyan:LastResort"],"picked":"Saiyan:BigBangAttack","floor":11.0},{"not_picked":["Saiyan:ExpandingShockwave","Saiyan:Fly"],"picked":"Saiyan:Momentum","floor":12.0},{"not_picked":["Saiyan:PowerUp","Saiyan:UltraInstinct"],"picked":"Saiyan:Quickening","floor":14.0},{"not_picked":["Saiyan:MonkeyTail","Saiyan:Momentum"],"picked":"Saiyan:SenzuBean","floor":16.0},{"not_picked":["Saiyan:Quickening","Saiyan:RemoveWeights"],"picked":"Saiyan:ExpandingShockwave","floor":18},{"not_picked":["Saiyan:DoubleMasenko","Saiyan:LastResort+1"],"picked":"Saiyan:Flurry","floor":23},{"not_picked":["TH:Mimic","TH:ArmorSpikes"],"picked":"SKIP","floor":23},{"not_picked":["TH:TreasureMap"],"picked":"TH:DeckOfManyThings","floor":26},{"not_picked":["Saiyan:HyperTimeChamber","Saiyan:Kienzan"],"picked":"Saiyan:KiExplosion","floor":29}],"player_experience":240684,"relics_obtained":[{"floor":9.0,"key":"Art of War"},{"floor":17.0,"key":"Happy Flower"},{"floor":17.0,"key":"Gremlin Horn"},{"floor":17.0,"key":"hubris:Teleporter"},{"floor":23,"key":"Anchor"},{"floor":26,"key":"Shuriken"},{"floor":29,"key":"Regal Pillow"}],"event_choices":[{"damage_healed":0.0,"max_hp_gain":5.0,"max_hp_loss":0.0,"gold_gain":0.0,"event_name":"Big Fish","player_choice":"Donut","floor":4.0,"gold_loss":0.0,"damage_taken":0.0},{"damage_healed":0.0,"max_hp_gain":0.0,"max_hp_loss":0.0,"gold_gain":0.0,"event_name":"Golden Wing","player_choice":"Ignored","floor":5.0,"gold_loss":0.0,"damage_taken":0.0},{"damage_healed":0.0,"max_hp_gain":0.0,"max_hp_loss":0.0,"gold_gain":0.0,"event_name":"Living Wall","player_choice":"Grow","floor":13.0,"gold_loss":0.0,"damage_taken":0.0,"cards_upgraded":["Saiyan:Momentum"]},{"cards_removed":["Saiyan:SAIYA_Strike"],"damage_healed":0,"gold_gain":0,"player_choice":"Gave Gold","damage_taken":0,"max_hp_gain":0,"max_hp_loss":0,"event_name":"Beggar","floor":21,"gold_loss":75},{"damage_healed":0,"gold_gain":0,"player_choice":"Ignored","damage_taken":0,"max_hp_gain":0,"max_hp_loss":0,"event_name":"Vampires","floor":22,"gold_loss":0},{"damage_healed":0,"gold_gain":0,"player_choice":"Ignored","damage_taken":0,"max_hp_gain":0,"max_hp_loss":0,"event_name":"Ghosts","floor":24,"gold_loss":0}],"is_beta":false,"boss_relics":[{"not_picked":["hubris:BlackHole","Snecko Eye"],"picked":"Calling Bell"}],"items_purged_floors":[],"is_endless":false,"potions_floor_spawned":[1,2,8,12],"killed_by":"Sentry and Sphere","ascension_level":0}}