{"host":"bxd97rc2ofc6op20","time":1612239983,"event":{"mods":["BaseMod","Colored Map","Colored Powertips","Googly Eyes","Highlight Path","Minty Spire (QoL Compilation)","Quick Restart","Rare Cards Sparkle"],"gold_per_floor":[115,126,143,162,179,179,209,209,209,241,241,69,80,105,105,210,210,227,227,2,15,15,43,43,55,55,80,97,138,138,178,178,283,283,312,332,19,45,100,132,132,191,254,273,302,340,359,388,388,388,388,388,25,55,55,55],"floor_reached":55,"language":"ENG","playtime":5076,"items_purged":["Normality"],"score":1218,"play_id":"bd6312b6-e5c1-4c39-8dc0-1e1ee38d79a5","local_time":"20210201202623","is_ascension_mode":true,"campfire_choices":[{"data":"Neutralize","floor":6,"key":"SMITH"},{"data":"Skewer","floor":8,"key":"SMITH"},{"floor":11,"key":"REST"},{"data":"Noxious Fumes","floor":15,"key":"SMITH"},{"data":"Crippling Poison","floor":24,"key":"SMITH"},{"data":"Envenom","floor":30,"key":"SMITH"},{"floor":32,"key":"REST"},{"data":"Footwork","floor":41,"key":"SMITH"},{"floor":49,"key":"RECALL"},{"data":"Dash","floor":52,"key":"SMITH"}],"circlet_count":0,"master_deck":["Strike_G","Strike_G","Defend_G","Defend_G","Defend_G","Defend_G","Defend_G","Survivor","Neutralize+1","Blade Dance","Skewer+1","Noxious Fumes+1","Crippling Poison+1","Envenom+1","Calculated Gamble+1","Blade Dance+1","Trip+1","Backflip+1","Blade Dance+1","Doppelganger+1","Corpse Explosion+1","Grand Finale+1","Footwork+1","Dodge and Roll+1","Prepared+1","Cloak And Dagger+1","Concentrate+1","Dash+1","Acrobatics+1","Storm of Steel+1","Noxious Fumes","Deflect+1","PiercingWail+1","Accuracy+1","Eviscerate+1","Writhe","Choke+1","Cloak And Dagger+1","Reflex+1","Crippling Poison+1","Setup+1","Infinite Blades"],"relics":["Cursed Key","Toxic Egg 2","InkBottle","Shuriken","Boot","WristBlade","Chemical X","Mango","Gambling Chip","Orichalcum","CeramicFish","Bronze Scales","Empty Cage","Bag of Preparation","Lee\u0027s Waffle","Thread and Needle","CaptainsWheel","Calipers","PreservedInsect","Turnip","Whetstone"],"acts_visited":["Exordium","TheCity","TheBeyond","TheEnding"],"potions_floor_usage":[7,14,14,18,23,27,31,33,50,55,55],"damage_taken":[{"damage":0,"enemies":"Small Slimes","floor":1,"turns":4},{"damage":0,"enemies":"2 Louse","floor":2,"turns":2},{"damage":1,"enemies":"Jaw Worm","floor":3,"turns":3},{"damage":11,"enemies":"Large Slime","floor":4,"turns":5},{"damage":0,"enemies":"Looter","floor":5,"turns":3},{"damage":8,"enemies":"3 Sentries","floor":7,"turns":6},{"damage":8,"enemies":"Lagavulin","floor":10,"turns":7},{"damage":0,"enemies":"Red Slaver","floor":13,"turns":2},{"damage":5,"enemies":"3 Sentries","floor":14,"turns":4},{"damage":4,"enemies":"The Guardian","floor":16,"turns":7},{"damage":4,"enemies":"Shell Parasite","floor":18,"turns":3},{"damage":9,"enemies":"2 Thieves","floor":21,"turns":2},{"damage":6,"enemies":"Book of Stabbing","floor":23,"turns":4},{"damage":0,"enemies":"Snake Plant","floor":25,"turns":2},{"damage":0,"enemies":"Gremlin Leader","floor":27,"turns":3},{"damage":0,"enemies":"Chosen and Byrds","floor":28,"turns":3},{"damage":7,"enemies":"Book of Stabbing","floor":29,"turns":4},{"damage":14,"enemies":"Gremlin Leader","floor":31,"turns":4},{"damage":3,"enemies":"Collector","floor":33,"turns":5},{"damage":0,"enemies":"3 Shapes","floor":35,"turns":2},{"damage":14,"enemies":"3 Darklings","floor":36,"turns":4},{"damage":0,"enemies":"Jaw Worm Horde","floor":38,"turns":2},{"damage":1,"enemies":"2 Orb Walkers","floor":39,"turns":3},{"damage":0,"enemies":"Nemesis","floor":40,"turns":3},{"damage":0,"enemies":"Mind Bloom Boss Battle","floor":42,"turns":5},{"damage":0,"enemies":"Maw","floor":44,"turns":4},{"damage":0,"enemies":"4 Shapes","floor":45,"turns":3},{"damage":0,"enemies":"Giant Head","floor":46,"turns":5},{"damage":4,"enemies":"Jaw Worm Horde","floor":47,"turns":3},{"damage":0,"enemies":"Writhing Mass","floor":48,"turns":3},{"damage":2,"enemies":"Donu and Deca","floor":50,"turns":6},{"damage":21,"enemies":"Shield and Spear","floor":54,"turns":4},{"damage":110,"enemies":"The Heart","floor":55,"turns":6}],"seed_played":"3315137286372558263","potions_obtained":[{"floor":3,"key":"GamblersBrew"},{"floor":4,"key":"CultistPotion"},{"floor":5,"key":"BlessingOfTheForge"},{"floor":10,"key":"Fire Potion"},{"floor":14,"key":"SpeedPotion"},{"floor":16,"key":"AttackPotion"},{"floor":21,"key":"Dexterity Potion"},{"floor":23,"key":"CunningPotion"},{"floor":31,"key":"Strength Potion"},{"floor":33,"key":"FearPotion"},{"floor":35,"key":"Ancient Potion"},{"floor":40,"key":"Swift Potion"},{"floor":54,"key":"FairyPotion"}],"is_trial":false,"path_per_floor":["M","M","M","M","M","R","E","R","T","E","R","$","M","E","R","B",null,"M","?","$","M","$","E","R","M","T","E","M","E","R","E","R","B",null,"M","M","$","M","?","E","R","?","T","M","M","E","M","M","R","B",null,"R","$","E","B"],"character_chosen":"THE_SILENT","items_purchased":["Trip+1","Chemical X","Footwork","Bag of Preparation","Lee\u0027s Waffle","Turnip","Infinite Blades"],"campfire_rested":2,"item_purchase_floors":[12,20,20,37,37,53,53],"current_hp_per_floor":[63,63,62,51,51,51,43,43,43,35,56,56,56,51,51,47,64,60,60,60,51,51,59,59,59,59,59,59,52,52,38,63,60,78,78,64,91,91,90,90,90,90,90,90,90,90,86,86,86,84,89,89,89,68,0,0],"gold":55,"neow_bonus":"BOSS_RELIC","is_daily":false,"chose_seed":false,"campfire_upgraded":7,"win_rate":0.0,"timestamp":1612239983,"path_taken":["M","M","M","M","M","R","E","R","T","E","R","$","M","E","R","BOSS","M","?","$","M","$","E","R","M","T","E","M","E","R","E","R","BOSS","M","M","$","M","?","E","R","?","T","M","M","E","M","M","R","BOSS","R","$","E","BOSS"],"items_purchased_type":["Card","Relic","Card","Relic","Relic","Relic","Card"],"build_version":"2020-12-22","purchased_purges":1,"victory":false,"max_hp_per_floor":[70,70,70,70,70,70,70,70,70,70,70,70,70,70,70,70,70,70,70,70,70,70,84,84,84,84,84,84,84,84,84,84,84,84,84,84,91,91,91,91,91,91,91,91,91,91,91,91,91,91,91,91,91,91,91,91],"card_choices":[{"not_picked":["Underhanded Strike","Reflex"],"picked":"Blade Dance","floor":1},{"not_picked":["Dagger Spray","Bouncing Flask"],"picked":"Skewer","floor":2},{"not_picked":["Flying Knee","Blur"],"picked":"Noxious Fumes","floor":3},{"not_picked":["Quick Slash","Deadly Poison"],"picked":"Crippling Poison","floor":4},{"not_picked":["Setup","Dagger Spray"],"picked":"Envenom","floor":5},{"not_picked":["Die Die Die","Cloak And Dagger+1"],"picked":"Calculated Gamble+1","floor":7},{"not_picked":["Terror+1","Flying Knee"],"picked":"Blade Dance+1","floor":10},{"not_picked":["Dagger Throw","All Out Attack"],"picked":"Backflip+1","floor":13},{"not_picked":["Skewer","Terror+1"],"picked":"Blade Dance+1","floor":14},{"not_picked":["Burst+1","Unload"],"picked":"Doppelganger+1","floor":16},{"not_picked":["Eviscerate","Choke","Quick Slash"],"picked":"SKIP","floor":18},{"not_picked":["Flechettes+1","Sucker Punch+1"],"picked":"Dodge and Roll+1","floor":21},{"not_picked":["Endless Agony","Envenom"],"picked":"Prepared+1","floor":23},{"not_picked":["Reflex+1","Flying Knee+1"],"picked":"Cloak And Dagger+1","floor":25},{"not_picked":["Quick Slash","Slice+1"],"picked":"Concentrate+1","floor":27},{"not_picked":["Acrobatics+1","Choke","Blade Dance+1"],"picked":"SKIP","floor":28},{"not_picked":["Sucker Punch","Reflex+1"],"picked":"Dash","floor":29},{"not_picked":["Prepared+1","Bouncing Flask+1"],"picked":"Acrobatics+1","floor":31},{"not_picked":["Doppelganger+1","Malaise+1"],"picked":"Storm of Steel+1","floor":33},{"not_picked":["Masterful Stab+1","Dagger Throw+1"],"picked":"Noxious Fumes","floor":35},{"not_picked":["Dagger Spray+1","Backflip+1"],"picked":"Deflect+1","floor":36},{"not_picked":["Poisoned Stab+1","Quick Slash+1"],"picked":"PiercingWail+1","floor":38},{"not_picked":["Leg Sweep+1","Bane+1"],"picked":"Accuracy+1","floor":39},{"not_picked":["Reflex+1","Deflect+1","Heel Hook"],"picked":"SKIP","floor":40},{"not_picked":["Acrobatics+1","Blade Dance+1"],"picked":"Eviscerate+1","floor":42},{"not_picked":["PiercingWail+1","Prepared+1"],"picked":"Choke","floor":44},{"not_picked":["Prepared+1","Distraction+1"],"picked":"Cloak And Dagger+1","floor":45},{"not_picked":["Dagger Spray","Backflip+1"],"picked":"Reflex+1","floor":46},{"not_picked":["Blade Dance+1","Deadly Poison+1"],"picked":"Crippling Poison+1","floor":47},{"not_picked":["Dodge and Roll+1","Eviscerate"],"picked":"Setup+1","floor":48},{"not_picked":["Masterful Stab","Blade Dance+1","Accuracy"],"picked":"SKIP","floor":54}],"player_experience":439822,"relics_obtained":[{"floor":7,"key":"Toxic Egg 2"},{"floor":9,"key":"InkBottle"},{"floor":10,"key":"Shuriken"},{"floor":14,"key":"Boot"},{"floor":23,"key":"Mango"},{"floor":26,"key":"Gambling Chip"},{"floor":27,"key":"Orichalcum"},{"floor":29,"key":"CeramicFish"},{"floor":31,"key":"Bronze Scales"},{"floor":39,"key":"Thread and Needle"},{"floor":40,"key":"CaptainsWheel"},{"floor":42,"key":"Calipers"},{"floor":46,"key":"PreservedInsect"},{"floor":54,"key":"Whetstone"}],"event_choices":[{"damage_healed":0,"gold_gain":0,"cards_transformed":["Strike_G","Strike_G"],"player_choice":"Became Test Subject","damage_taken":0,"max_hp_gain":0,"max_hp_loss":0,"event_name":"Drug Dealer","floor":19,"gold_loss":0,"cards_obtained":["Corpse Explosion","Grand Finale"]},{"damage_healed":0,"gold_gain":0,"player_choice":"Fight","damage_taken":0,"max_hp_gain":0,"max_hp_loss":0,"event_name":"Mysterious Sphere","floor":39,"gold_loss":0},{"damage_healed":0,"gold_gain":0,"player_choice":"Fight","damage_taken":0,"max_hp_gain":0,"max_hp_loss":0,"event_name":"MindBloom","floor":42,"gold_loss":0}],"is_beta":false,"boss_relics":[{"not_picked":["Busted Crown","Astrolabe"],"picked":"WristBlade"},{"not_picked":["Calling Bell","SacredBark"],"picked":"Empty Cage"}],"items_purged_floors":[12],"is_endless":false,"potions_floor_spawned":[3,4,5,10,14,16,21,23,31,33,35,39,40,45,48,54],"killed_by":"The Heart","ascension_level":6}}