{"host":"Ryley","time":1612288504,"event":{"mods":["BaseMod","Downfall","Minty Spire (QoL Compilation)","StSLib"],"gold_per_floor":[99,99,119,54,70,70,70,86,21,51,66,83,15,42,58,153,153,53,72,72,86,105,105,181,191,209,229,229,256,106,106,123,224,224,224,243,256,145,155,361,386,386,65,65,75,88,107,119,136,136],"floor_reached":51,"language":"ENG","playtime":2147,"items_purged":["Pain"],"score":852,"play_id":"42856d95-ab0a-4d6f-8f13-fe97ea922a2f","local_time":"20210202115504","is_ascension_mode":false,"campfire_choices":[{"data":"bronze:HardenedForm","floor":1,"key":"SMITH"},{"data":"bronze:Separator","floor":6,"key":"SMITH"},{"data":"bronze:Virus","floor":18,"key":"SMITH"},{"floor":23,"key":"REST"},{"data":"Ghostly","floor":35,"key":"SMITH"},{"floor":42,"key":"RECALL"},{"data":"expansioncontent:QuickStudy","floor":44,"key":"SMITH"}],"circlet_count":0,"master_deck":["bronze:Strike","bronze:Strike","bronze:Strike","bronze:Strike","bronze:Defend","bronze:Defend","bronze:Defend","bronze:Defend","bronze:Replicate","bronze:Goto","bronze:HardenedForm+1","bronze:WhirlingStrike","bronze:Separator+1","bronze:OilSpill","bronze:WhirlingStrike","bronze:DelayedSlice","bronze:Frontload","bronze:Branch","bronze:Break","bronze:Safeguard","bronze:Virus+1","CurseOfTheBell","bronze:ItsAFeature","bronze:FollowUp","bronze:BugBarrage+1","bronze:ChosenStrike","bronze:Shield","bronze:Mutator","Ghostly+1","bronze:ShipIt","expansioncontent:QuickStudy+1","bronze:FollowUp+1"],"relics":["bronze:BronzeCore","WarpedTongs","Smiling Mask","CaptainsWheel","Toy Ornithopter","Calling Bell","Tiny Chest","Singing Bowl","Thread and Needle","downfall:HeartBlessingGreen","MutagenicStrength","Question Card","Pen Nib","Orichalcum","TungstenRod","SacredBark","Sling","Bag of Marbles","Potion Belt"],"acts_visited":["Exordium","TheCity","TheBeyond"],"potions_floor_usage":[14,16,29,46,50,50,50,50,50],"damage_taken":[{"damage":9,"enemies":"Jaw Worm","floor":3,"turns":5},{"damage":5,"enemies":"downfall:FleeingMerchant","floor":4,"turns":4},{"damage":3,"enemies":"Cultist","floor":5,"turns":2},{"damage":3,"enemies":"Small Slimes","floor":8,"turns":2},{"damage":7,"enemies":"downfall:FleeingMerchant","floor":9,"turns":4},{"damage":2,"enemies":"3 Louse","floor":11,"turns":3},{"damage":0,"enemies":"Blue Slaver","floor":12,"turns":2},{"damage":15,"enemies":"downfall:FleeingMerchant","floor":13,"turns":4},{"damage":0,"enemies":"Gremlin Nob","floor":14,"turns":3},{"damage":2,"enemies":"Lots of Slimes","floor":15,"turns":2},{"damage":12,"enemies":"SI_SHIV_ARCHETYPE","floor":16,"turns":8},{"damage":1,"enemies":"3 Byrds","floor":19,"turns":3},{"damage":0,"enemies":"Spheric Guardian","floor":21,"turns":4},{"damage":24,"enemies":"Snake Plant","floor":22,"turns":3},{"damage":0,"enemies":"3 Cultists","floor":25,"turns":4},{"damage":6,"enemies":"Shelled Parasite and Fungi","floor":26,"turns":3},{"damage":6,"enemies":"Centurion and Healer","floor":27,"turns":5},{"damage":23,"enemies":"Slavers","floor":29,"turns":4},{"damage":6,"enemies":"Snake Plant","floor":32,"turns":3},{"damage":0,"enemies":"WA_ARCHETYPE_CALM","floor":33,"turns":7},{"damage":6,"enemies":"Orb Walker","floor":36,"turns":3},{"damage":4,"enemies":"3 Shapes","floor":37,"turns":3},{"damage":0,"enemies":"downfall:FleeingMerchant","floor":38,"turns":4},{"damage":19,"enemies":"Transient","floor":39,"turns":5},{"damage":0,"enemies":"downfall:FleeingMerchant","floor":40,"turns":1},{"damage":21,"enemies":"Writhing Mass","floor":45,"turns":7},{"damage":19,"enemies":"4 Shapes","floor":46,"turns":3},{"damage":0,"enemies":"Jaw Worm Horde","floor":47,"turns":5},{"damage":27,"enemies":"3 Darklings","floor":48,"turns":7},{"damage":0,"enemies":"Sphere and 2 Shapes","floor":49,"turns":4},{"damage":0,"enemies":"IC_BLOCK_ARCHETYPE","floor":50,"turns":7}],"seed_played":"-2443549869087544401","potions_obtained":[{"floor":5,"key":"PowerPotion"},{"floor":12,"key":"SkillPotion"},{"floor":14,"key":"FearPotion"},{"floor":15,"key":"GamblersBrew"},{"floor":25,"key":"bronze:FreeFunctionsPotion"},{"floor":27,"key":"Energy Potion"},{"floor":33,"key":"champ:CounterPotion"},{"floor":45,"key":"bronze:FreeFunctionsPotion"},{"floor":47,"key":"FearPotion"},{"floor":49,"key":"LiquidBronze"}],"is_trial":false,"path_per_floor":["R","?","M","$","M","R","T","M","$","?","M","M","$","E","M","B",null,"R","M","?","M","M","R","T","M","M","M","?","E","?","T","M","B",null,"R","M","M","$","M","$","T","R","$","R","M","M","M","M","M","B",null],"character_chosen":"THE_AUTOMATON","items_purchased":["bronze:OilSpill","bronze:Branch","CultistPotion","Sling","expansioncontent:QuickStudy","Potion Belt"],"campfire_rested":1,"item_purchase_floors":[4,13,38,40,43,43],"current_hp_per_floor":[70,70,61,56,53,53,53,50,43,43,41,41,26,26,24,17,70,70,69,69,69,45,66,66,66,60,56,56,38,38,38,34,34,74,74,70,68,70,53,55,55,55,55,55,36,24,24,32,34,59],"gold":136,"neow_bonus":"ONE_RANDOM_RARE_CARD","is_daily":false,"chose_seed":false,"campfire_upgraded":5,"win_rate":0.0,"timestamp":1612288504,"path_taken":["R","?","?","?","?","R","T","M","$","?","M","M","?","E","M","BOSS","R","M","?","M","M","R","T","M","M","M","?","E","?","?","M","BOSS","R","M","?","$","M","$","T","R","?","R","?","M","M","M","M","BOSS"],"items_purchased_type":["Card","Card","Potion","Relic","Card","Relic"],"build_version":"2020-12-18","purchased_purges":1,"victory":true,"max_hp_per_floor":[70,70,70,70,70,70,70,70,70,70,70,70,70,70,70,70,70,70,70,70,70,70,70,70,70,70,72,72,72,72,72,74,74,74,74,76,78,80,82,84,84,84,84,84,86,88,88,90,92,92],"card_choices":[{"not_picked":["bronze:Deprecate","bronze:ClassDefault"],"picked":"bronze:WhirlingStrike","floor":3},{"not_picked":["bronze:Deprecate","bronze:DarkDash"],"picked":"bronze:Separator","floor":4},{"not_picked":["bronze:Terminator","bronze:BugBarrage"],"picked":"bronze:WhirlingStrike","floor":5},{"not_picked":["bronze:DigitalCarnage","bronze:CutThrough","bronze:Iterate"],"picked":"SKIP","floor":8},{"not_picked":["bronze:BitShift","bronze:Frontload"],"picked":"bronze:DelayedSlice","floor":9},{"not_picked":["bronze:Separator","bronze:BurnOut","bronze:Terminator"],"picked":"SKIP","floor":11},{"not_picked":["bronze:NullPointer","bronze:DelayedGuard","bronze:GetLatest"],"picked":"SKIP","floor":12},{"not_picked":["bronze:Turbo","bronze:ForceShield"],"picked":"bronze:Frontload","floor":13},{"not_picked":["bronze:Shell","bronze:Boost"],"picked":"bronze:Break","floor":14},{"not_picked":["bronze:BronzeOrb","bronze:Flail"],"picked":"bronze:Safeguard","floor":15},{"not_picked":["bronze:Format","bronze:Verify"],"picked":"bronze:Virus","floor":16},{"not_picked":["bronze:Backtrace+1","bronze:Allocate"],"picked":"bronze:ItsAFeature","floor":19},{"not_picked":["bronze:Constructor+1","bronze:DelayedSlice"],"picked":"bronze:FollowUp","floor":21},{"not_picked":["bronze:DelayedSlice","bronze:Separator+1"],"picked":"bronze:BugBarrage+1","floor":22},{"not_picked":["bronze:Break","bronze:CutThrough","bronze:Terminator"],"picked":"bronze:ChosenStrike","floor":25},{"not_picked":["bronze:ChosenStrike","bronze:Fortify","bronze:DigitalCarnage+1"],"picked":"bronze:Shield","floor":26},{"not_picked":["bronze:FineTuning","bronze:BugBarrage","bronze:Iterate","bronze:WildBeam"],"picked":"Singing Bowl","floor":27},{"not_picked":["bronze:BitShift","bronze:Separator","bronze:WildBeam"],"picked":"bronze:Mutator","floor":29},{"not_picked":["bronze:Frontload","bronze:BugBarrage","bronze:GetLatest","bronze:DigitalCarnage"],"picked":"Singing Bowl","floor":32},{"not_picked":["bronze:CleanCode","bronze:ThunderWave","bronze:Virus"],"picked":"bronze:ShipIt","floor":33},{"not_picked":["bronze:FineTuning+1","bronze:Turbo+1","bronze:CloningBeam+1","bronze:WhirlingStrike+1"],"picked":"Singing Bowl","floor":36},{"not_picked":["bronze:Branch+1","bronze:Turbo+1","bronze:Separator+1","bronze:BuggyMess"],"picked":"Singing Bowl","floor":37},{"not_picked":["bronze:Virus","bronze:DelayedSlice","bronze:Repulsor+1","bronze:CloningBeam+1"],"picked":"Singing Bowl","floor":38},{"not_picked":["bronze:BugBarrage+1","bronze:DelayedGuard+1","bronze:FineTuning+1","bronze:Turbo"],"picked":"Singing Bowl","floor":39},{"not_picked":["bronze:Shield","bronze:Verify","bronze:CutThrough","bronze:Iterate+1"],"picked":"Singing Bowl","floor":40},{"not_picked":["bronze:BronzeOrb+1","bronze:Invalidate","bronze:Frontload+1","bronze:Separator"],"picked":"Singing Bowl","floor":45},{"not_picked":["bronze:Shield","bronze:Fortify+1","bronze:BitShift","bronze:BugBarrage"],"picked":"Singing Bowl","floor":46},{"not_picked":["bronze:Iterate","bronze:BronzeOrb+1","bronze:CloningBeam+1"],"picked":"bronze:FollowUp+1","floor":47},{"not_picked":["bronze:FineTuning+1","bronze:Shield+1","bronze:MaxOutput+1","bronze:WildBeam"],"picked":"Singing Bowl","floor":48},{"not_picked":["bronze:Branch","bronze:Iterate","bronze:WhirlingStrike","bronze:Overheat"],"picked":"Singing Bowl","floor":49}],"player_experience":373426,"relics_obtained":[{"floor":7,"key":"Smiling Mask"},{"floor":14,"key":"Toy Ornithopter"},{"floor":17,"key":"Tiny Chest"},{"floor":17,"key":"Singing Bowl"},{"floor":17,"key":"Thread and Needle"},{"floor":24,"key":"Question Card"},{"floor":29,"key":"Orichalcum"},{"floor":31,"key":"TungstenRod"},{"floor":41,"key":"Bag of Marbles"}],"event_choices":[{"damage_healed":0,"gold_gain":0,"player_choice":"Inject Mutagens","damage_taken":0,"relics_obtained":["MutagenicStrength"],"max_hp_gain":0,"max_hp_loss":0,"event_name":"Drug Dealer","floor":20,"gold_loss":0}],"is_beta":true,"boss_relics":[{"not_picked":["Runic Pyramid","Coffee Dripper"],"picked":"Calling Bell"},{"not_picked":["Pandora\u0027s Box","Empty Cage"],"picked":"SacredBark"}],"items_purged_floors":[9],"is_endless":false,"potions_floor_spawned":[5,12,14,15,25,27,33,36,39,45,47,49],"ascension_level":0}}