{"host":"5gc11emcm5chfr5t","time":1612298055,"event":{"mods":["2.2 Compatiblity","AchievementEnabler","BaseMod","Bestiary","Better Note","Colored Map","Colored Powertips","Downfall","Googly Eyes","Minty Spire (QoL Compilation)","Rare Cards Sparkle","StSLib"],"gold_per_floor":[99,99,99,99,24,24,48,82,93,103,3,0,0,19,31,31,31,31],"floor_reached":16,"language":"ENG","playtime":522,"items_purged":["Writhe"],"score":196,"play_id":"b713a91f-8f2a-41f8-937f-c36581523ac7","local_time":"20210202153415","is_ascension_mode":true,"campfire_choices":[{"floor":1,"key":"RECALL"},{"floor":11,"key":"REST"},{"data":"sneckomod:WideSting","floor":13,"key":"SMITH"}],"circlet_count":0,"master_deck":["AscendersBane","sneckomod:Defend","sneckomod:Defend","sneckomod:TailWhip","sneckomod:SnekBite","sneckomod:Unknown","sneckomod:Unknown","sneckomod:Unknown0Cost","sneckomod:WideSting+1","sneckomod:UnknownWeak","sneckomod:SlitherStrike","sneckomod:SoulCleanse","sneckomod:QuickMove","sneckomod:UnknownVulnerable","sneckomod:SnakeSap","sneckomod:UnknownClassBLUE"],"relics":["sneckomod:SneckoSoul","downfall:HeartsMalice","Omamori","MealTicket","downfall:HeartBlessingRed"],"acts_visited":["Exordium"],"potions_floor_usage":[14,16],"damage_taken":[{"damage":0,"enemies":"Small Slimes","floor":2,"turns":1},{"damage":0,"enemies":"downfall:FleeingMerchant","floor":5,"turns":1},{"damage":0,"enemies":"2 Louse","floor":6,"turns":1},{"damage":32,"enemies":"Lagavulin","floor":8,"turns":7},{"damage":0,"enemies":"Cultist","floor":9,"turns":2},{"damage":6,"enemies":"Lots of Slimes","floor":10,"turns":3},{"damage":0,"enemies":"downfall:FleeingMerchant","floor":12,"turns":4},{"damage":11,"enemies":"Exordium Wildlife","floor":14,"turns":3},{"damage":16,"enemies":"2 Fungi Beasts","floor":15,"turns":3},{"damage":52,"enemies":"IC_STATUS_ARCHETYPE","floor":16,"turns":8}],"seed_played":"6461636343550019544","potions_obtained":[{"floor":8,"key":"Dexterity Potion"},{"floor":9,"key":"EssenceOfSteel"},{"floor":14,"key":"Energy Potion"},{"floor":15,"key":"DistilledChaos"}],"is_trial":false,"path_per_floor":["R","M","?","?","$","M","T","E","M","M","R","$","R","M","M","B"],"character_chosen":"THE_SNECKO","items_purchased":[],"campfire_rested":1,"item_purchase_floors":[],"current_hp_per_floor":[75,75,75,75,75,75,75,43,43,37,61,76,76,65,49,0,0,0],"gold":31,"neow_bonus":"THREE_ENEMY_KILL","is_daily":false,"chose_seed":false,"campfire_upgraded":1,"win_rate":0.0,"timestamp":1612298055,"path_taken":["R","M","?","?","$","M","T","E","M","?","R","?","R","M","M","BOSS"],"items_purchased_type":[],"build_version":"2020-12-22","purchased_purges":1,"victory":false,"max_hp_per_floor":[83,83,83,83,83,83,83,83,83,83,83,83,83,83,83,83,83,83],"card_choices":[{"not_picked":["sneckomod:PureSnecko","sneckomod:UnknownExhaust"],"picked":"sneckomod:Unknown0Cost","floor":2},{"not_picked":["sneckomod:UnknownClassTHE_CHAMP_GRAY","sneckomod:UnknownCommonSkill"],"picked":"sneckomod:WideSting","floor":5},{"not_picked":["sneckomod:MixItUp","sneckomod:UnknownClassTHE_BRONZE_AUTOMATON"],"picked":"sneckomod:UnknownWeak","floor":6},{"not_picked":["sneckomod:UnknownBlock","sneckomod:UnknownVulnerable"],"picked":"sneckomod:SlitherStrike","floor":8},{"not_picked":["sneckomod:UnknownCommonAttack","sneckomod:UnknownWeak"],"picked":"sneckomod:SoulCleanse","floor":9},{"not_picked":["sneckomod:MixItUp","sneckomod:DiceBoulder"],"picked":"sneckomod:QuickMove","floor":10},{"not_picked":["sneckomod:UnknownDexterity","sneckomod:UnknownClassSLIMEBOUND"],"picked":"sneckomod:UnknownVulnerable","floor":12},{"not_picked":["sneckomod:UnknownVulnerable","sneckomod:UnknownDexterity"],"picked":"sneckomod:SnakeSap","floor":14},{"not_picked":["sneckomod:UnknownStrike","sneckomod:Nope"],"picked":"sneckomod:UnknownClassBLUE","floor":15}],"player_experience":596131,"relics_obtained":[{"floor":7,"key":"Omamori"},{"floor":8,"key":"MealTicket"}],"event_choices":[],"is_beta":false,"boss_relics":[],"items_purged_floors":[5],"is_endless":false,"potions_floor_spawned":[8,9,14,15],"killed_by":"IC_STATUS_ARCHETYPE","ascension_level":20}}