{"host":"qmnyg5dk1o6rw6mz","time":1612229509,"event":{"mods":["2.2 Compatiblity","AchievementEnabler","Act Like it!","Aspiration","Astrologer","BaseMod","Beaked The Cultist","Better Altar","Better Match","Better Note","Better Sensory Stone","Better Skull","Better Third Choice","Better Vampires","Block Reminder","CapriCore","Challenge The Spire","ChefMod","Colored Map","Colored Powertips","Conspire","Defuse TimeMaze Blight","Disable Question Mark Monsters","Displayed Cursed Tome","Downfall","Energized Spire","Fox Events","Gensokyo","GifTheSpireLib","Hermit","Highlight Path","Hubris","Infinite Spire","Jedi Mod","Marisa¡]Ãú«B¡@Å]²z¨F¡^","Marked Mod","Minty Spire (QoL Compilation)","Monster B Gone","Pale of the Ancients","Permanent Neow","Quick Restart","Reimu¡]³Õ???¡^","Relic Filter","Reliquary","Replay The Spire","StSLib","Synergy Search","The Construct","The Cursed","The Dragon Tamer","The Gatherer","The Hayseed","The Poker Player","The Runesmith","The Showman","Unceasing Turn Reminder","Weighted Paths","Wide Potions","thorton"],"gold_per_floor":[135,145,145,43,64,104,134,134,134,134,134,134,194,209,209,209],"floor_reached":14,"language":"ENG","playtime":633,"items_purged":["Normality"],"score":90,"play_id":"cd894681-de7f-43b2-ad6b-0b5052ce7954","local_time":"20210202093149","is_ascension_mode":false,"campfire_choices":[{"data":"thethorton:BusinessCard","floor":10,"key":"SMITH"},{"data":"thethorton:Heckle","floor":12,"key":"SMITH"}],"circlet_count":0,"master_deck":["thethorton:Strike","thethorton:Strike","thethorton:Strike","thethorton:Strike","thethorton:Defend","thethorton:Defend","thethorton:Defend","thethorton:Defend","thethorton:Heckle+1","thethorton:CreditCard+1","thethorton:CoffeeBlast","thethorton:BusinessCard+1","Sickly","thethorton:DualBap","thethorton:FearfulRun","thethorton:GoldBuffer","thethorton:BusinessCard","Clumsy","conspire:SpireCoStock+1","thethorton:ToxicGreed"],"relics":["thethorton:CouragePotion","Ring of Peace","Ring of Misfortune","reliquary:Firecrackers","jedi:bottledfury"],"acts_visited":["Exordium"],"potions_floor_usage":[6,14],"damage_taken":[{"damage":5,"enemies":"conspire:RoseBush","floor":1,"turns":8},{"damage":11,"enemies":"2 Louse","floor":2,"turns":2},{"damage":0,"enemies":"Small Slimes","floor":5,"turns":6},{"damage":14,"enemies":"3 Sentries","floor":6,"turns":9},{"damage":5,"enemies":"Red Slaver","floor":7,"turns":7},{"damage":5,"enemies":"3 Louse","floor":13,"turns":5},{"damage":55,"enemies":"Gremlin Nob","floor":14,"turns":6}],"seed_played":"261652025776195759","potions_obtained":[{"floor":2,"key":"jedi:wingpotion"},{"floor":5,"key":"Swift Potion"},{"floor":6,"key":"Toxic Potion"}],"is_trial":false,"path_per_floor":["M","M","?","$","M","E","M","?","T","R","?","R","M","E"],"character_chosen":"THE_THORT","items_purchased":["thethorton:DualBap"],"campfire_rested":0,"item_purchase_floors":[4],"current_hp_per_floor":[63,52,52,52,52,41,36,43,43,43,43,43,38,0,0,0],"gold":209,"neow_bonus":"UPGRADE_CARD","is_daily":false,"chose_seed":false,"campfire_upgraded":2,"win_rate":0.0,"timestamp":1612229509,"path_taken":["M","?","?","$","M","E","M","?","T","R","?","R","?","E"],"items_purchased_type":["Card"],"build_version":"2020-12-22","purchased_purges":1,"victory":false,"max_hp_per_floor":[68,68,68,68,68,71,71,78,78,78,78,78,78,78,78,78],"card_choices":[{"not_picked":["thethorton:OddChange","thethorton:PocketChange"],"picked":"thethorton:CoffeeBlast","floor":1},{"not_picked":["thethorton:Crash","thethorton:DownPayment"],"picked":"thethorton:BusinessCard","floor":2},{"not_picked":["thethorton:StampSmack","thethorton:PocketChange"],"picked":"thethorton:FearfulRun","floor":5},{"not_picked":["thethorton:Distance","thethorton:Siphon"],"picked":"thethorton:GoldBuffer","floor":6},{"not_picked":["thethorton:WhirlingBriefcase","thethorton:GoldBuffer"],"picked":"thethorton:BusinessCard","floor":7},{"not_picked":["thethorton:Fish","thethorton:ElbowSmash"],"picked":"thethorton:ToxicGreed","floor":13}],"player_experience":209364,"relics_obtained":[{"floor":3,"key":"Ring of Peace"},{"floor":3,"key":"Ring of Misfortune"},{"floor":6,"key":"reliquary:Firecrackers"},{"floor":9,"key":"jedi:bottledfury"}],"event_choices":[{"damage_healed":0,"gold_gain":0,"player_choice":"Take","damage_taken":0,"max_hp_gain":0,"max_hp_loss":0,"event_name":"betterNote:BetterNote","floor":11,"gold_loss":0,"cards_obtained":["conspire:SpireCoStock"]}],"is_beta":false,"boss_relics":[],"items_purged_floors":[4],"is_endless":false,"potions_floor_spawned":[2,5,6],"killed_by":"Gremlin Nob","ascension_level":0}}