{"host":"uc8wz0q199a7d901","time":1612249170,"event":{"mods":["2.2 Compatiblity","BaseMod","Colored Map","DeckTracker","Highlight Path","Minty Spire (QoL Compilation)","Permanent Neow","Quick Restart","SuperFastMode"],"gold_per_floor":[114,129,144,159,84,84,114,129,129,129,47,62,77,92,92,192,192,207,222,82,97,12,42,42,42,42,57,57,87,13,13,13,113,113,128,178,193,193,22,22,22,22,22,22,72,87,87,102,102,102],"floor_reached":51,"language":"KOR","playtime":1546,"items_purged":["Strike_R","Defend_R","Defend_G"],"score":842,"play_id":"9c249746-d28a-4e5c-9cb0-f99df4a98bf8","local_time":"20210202155930","daily_mods":["Chimera","Blue Cards","Binary"],"is_ascension_mode":false,"campfire_choices":[{"data":"Eruption","floor":6.0,"key":"SMITH"},{"data":"Bash","floor":10.0,"key":"SMITH"},{"data":"Hyperbeam","floor":15.0,"key":"SMITH"},{"floor":24.0,"key":"REST"},{"floor":28.0,"key":"REST"},{"floor":32.0,"key":"REST"},{"data":"Seek","floor":40.0,"key":"SMITH"},{"data":"Whirlwind","floor":42.0,"key":"SMITH"},{"floor":44.0,"key":"DIG"},{"floor":49,"key":"DIG"}],"circlet_count":0,"master_deck":["Bash+1","Survivor","Zap","Eruption+1","Strike_G","Strike_B","Defend_P","Flame Barrier","Coolheaded","Cold Snap","Seeing Red","Hyperbeam+1","Sentinel","Berserk","Whirlwind+1","Headbutt+1","Chaos+1","Aggregate","Seek+1","Bloodletting+1","Discovery","Reaper","Flex","Writhe","Steam+1","Power Through","Apotheosis","Secret Weapon"],"relics":["Burning Blood","Kunai","Matryoshka","Black Star","Pantograph","Pen Nib","Gambling Chip","Regal Pillow","Juzu Bracelet","Red Skull","Mummified Hand","Cursed Key","Calipers","Bag of Marbles","Shovel","Akabeko","Torii","Orichalcum"],"acts_visited":["Exordium","TheCity","TheBeyond"],"potions_floor_usage":[50],"damage_taken":[{"damage":2.0,"enemies":"Cultist","floor":1.0,"turns":4.0},{"damage":9.0,"enemies":"Small Slimes","floor":2.0,"turns":4.0},{"damage":2.0,"enemies":"2 Louse","floor":3.0,"turns":4.0},{"damage":2.0,"enemies":"Blue Slaver","floor":4.0,"turns":5.0},{"damage":39.0,"enemies":"Lagavulin","floor":7.0,"turns":5.0},{"damage":8.0,"enemies":"Looter","floor":8.0,"turns":2.0},{"damage":0.0,"enemies":"Exordium Thugs","floor":12.0,"turns":2.0},{"damage":8.0,"enemies":"Exordium Wildlife","floor":13.0,"turns":4.0},{"damage":0.0,"enemies":"Large Slime","floor":14.0,"turns":4.0},{"damage":50.0,"enemies":"Slime Boss","floor":16.0,"turns":4.0},{"damage":0.0,"enemies":"Chosen","floor":18.0,"turns":3.0},{"damage":21.0,"enemies":"Shell Parasite","floor":19.0,"turns":6.0},{"damage":21.0,"enemies":"Snake Plant","floor":21.0,"turns":2.0},{"damage":37.0,"enemies":"Gremlin Leader","floor":23.0,"turns":5.0},{"damage":17.0,"enemies":"Snecko","floor":27.0,"turns":3.0},{"damage":45.0,"enemies":"Book of Stabbing","floor":29.0,"turns":3.0},{"damage":76.0,"enemies":"Automaton","floor":33.0,"turns":8.0},{"damage":1.0,"enemies":"Orb Walker","floor":35.0,"turns":2.0},{"damage":41.0,"enemies":"Mind Bloom Boss Battle","floor":36.0,"turns":7.0},{"damage":3.0,"enemies":"3 Shapes","floor":37.0,"turns":1.0},{"damage":0.0,"enemies":"Giant Head","floor":41.0,"turns":1.0},{"damage":10.0,"enemies":"2 Orb Walkers","floor":45.0,"turns":2.0},{"damage":3.0,"enemies":"Writhing Mass","floor":46.0,"turns":1.0},{"damage":1.0,"enemies":"Spire Growth","floor":48.0,"turns":2.0},{"damage":14,"enemies":"Donu and Deca","floor":50,"turns":2}],"seed_played":"-9070903199233054170","potions_obtained":[{"floor":1.0,"key":"GamblersBrew"},{"floor":2.0,"key":"SmokeBomb"},{"floor":4.0,"key":"FearPotion"},{"floor":16.0,"key":"SteroidPotion"},{"floor":19.0,"key":"SkillPotion"},{"floor":21.0,"key":"SteroidPotion"},{"floor":29.0,"key":"EssenceOfSteel"},{"floor":35.0,"key":"AttackPotion"},{"floor":36.0,"key":"GamblersBrew"},{"floor":48.0,"key":"SteroidPotion"}],"is_trial":false,"path_per_floor":["M","M","M","M","$","R","E","M","T","R","$","M","M","M","R","B",null,"M","M","$","M","?","E","R","?","T","M","R","E","$","?","R","B",null,"M","?","M","?","$","R","E","R","T","R","?","M","?","M","R","B",null],"character_chosen":"IRONCLAD","items_purchased":["Hyperbeam","Whirlwind","Aggregate","Flex"],"campfire_rested":3,"item_purchase_floors":[11,20,30,39],"current_hp_per_floor":[80,77,80,80,80,80,47,45,45,45,45,51,49,55,55,11,80,80,65,65,50,50,19,43,43,43,32,71,32,32,32,71,10,80,80,45,48,48,48,48,54,54,54,54,50,53,43,48,48,65],"gold":102,"neow_bonus":"","is_daily":true,"chose_seed":false,"campfire_upgraded":5,"win_rate":0.0,"timestamp":1612249170,"path_taken":["M","M","M","M","$","R","E","M","T","R","$","M","M","?","R","BOSS","M","M","$","M","?","E","R","?","T","M","R","E","$","?","R","BOSS","M","?","M","?","$","R","E","R","T","R","?","M","?","M","R","BOSS"],"items_purchased_type":["Card","Card","Card","Card"],"build_version":"2020-12-22","purchased_purges":3,"victory":true,"max_hp_per_floor":[80,80,80,80,80,80,80,80,80,80,80,80,80,80,80,80,80,80,80,80,80,80,80,80,80,80,80,80,80,80,80,80,80,80,80,80,80,80,80,80,80,80,80,80,80,80,80,80,80,80],"card_choices":[{"not_picked":["Clothesline"],"picked":"Flame Barrier","floor":1.0},{"not_picked":["Go for the Eyes","Redo"],"picked":"SKIP","floor":2.0},{"not_picked":["Iron Wave"],"picked":"Coolheaded","floor":3.0},{"not_picked":["Dual Wield"],"picked":"Cold Snap","floor":4.0},{"not_picked":["True Grit","Rebound"],"picked":"SKIP","floor":7.0},{"not_picked":["Uppercut"],"picked":"Seeing Red","floor":8.0},{"not_picked":["Rampage"],"picked":"Sentinel","floor":12.0},{"not_picked":["Iron Wave","Beam Cell"],"picked":"SKIP","floor":13.0},{"not_picked":["Ball Lightning","Limit Break"],"picked":"SKIP","floor":14.0},{"not_picked":["Juggernaut"],"picked":"Berserk","floor":16.0},{"not_picked":["Clash","Havoc"],"picked":"SKIP","floor":18.0},{"not_picked":["Flex","Clothesline"],"picked":"SKIP","floor":19.0},{"not_picked":["Melter"],"picked":"Headbutt+1","floor":21.0},{"not_picked":["Hemokinesis","Meteor Strike"],"picked":"SKIP","floor":23.0},{"not_picked":["Thunderclap","Wild Strike"],"picked":"SKIP","floor":27.0},{"not_picked":["Consume+1"],"picked":"Chaos+1","floor":29.0},{"not_picked":["Biased Cognition"],"picked":"Seek","floor":33.0},{"not_picked":["Gash","Coolheaded+1"],"picked":"SKIP","floor":35.0},{"not_picked":["Double Energy"],"picked":"Bloodletting+1","floor":36.0},{"not_picked":["Lockon+1","Cleave+1"],"picked":"SKIP","floor":37.0},{"not_picked":["Scrape"],"picked":"Steam+1","floor":45.0},{"not_picked":["Leap+1"],"picked":"Power Through","floor":46.0},{"not_picked":["Transmutation"],"picked":"Apotheosis","floor":47.0},{"not_picked":["Finesse"],"picked":"Secret Weapon","floor":47.0},{"not_picked":["Darkness","Redo"],"picked":"SKIP","floor":48.0}],"player_experience":714628,"relics_obtained":[{"floor":7.0,"key":"Kunai"},{"floor":9.0,"key":"Matryoshka"},{"floor":23.0,"key":"Pen Nib"},{"floor":23.0,"key":"Gambling Chip"},{"floor":26.0,"key":"Juzu Bracelet"},{"floor":29.0,"key":"Red Skull"},{"floor":29.0,"key":"Mummified Hand"},{"floor":36.0,"key":"Calipers"},{"floor":43.0,"key":"Bag of Marbles"},{"floor":43.0,"key":"Shovel"},{"floor":44.0,"key":"Akabeko"},{"floor":45.0,"key":"Torii"},{"floor":49,"key":"Orichalcum"}],"event_choices":[{"damage_healed":0.0,"max_hp_gain":0.0,"max_hp_loss":0.0,"gold_gain":0.0,"event_name":"Addict","player_choice":"Obtained Relic","floor":22.0,"gold_loss":85.0,"damage_taken":0.0,"relics_obtained":["Pantograph"]},{"damage_healed":0.0,"max_hp_gain":0.0,"max_hp_loss":0.0,"gold_gain":0.0,"event_name":"The Mausoleum","player_choice":"Opened","floor":25.0,"gold_loss":0.0,"damage_taken":0.0,"relics_obtained":["Regal Pillow"]},{"damage_healed":0.0,"max_hp_gain":0.0,"max_hp_loss":0.0,"gold_gain":0.0,"event_name":"Ghosts","player_choice":"Ignored","floor":31.0,"gold_loss":0.0,"damage_taken":0.0},{"damage_healed":0.0,"max_hp_gain":0.0,"max_hp_loss":0.0,"gold_gain":0.0,"event_name":"MindBloom","player_choice":"Fight","floor":36.0,"gold_loss":0.0,"damage_taken":0.0},{"damage_healed":0.0,"max_hp_gain":0.0,"max_hp_loss":0.0,"gold_gain":0.0,"event_name":"Match and Keep!","player_choice":"2 cards matched","floor":38.0,"gold_loss":0.0,"damage_taken":0.0,"cards_obtained":["Discovery","Reaper"]},{"damage_healed":0.0,"max_hp_gain":0.0,"max_hp_loss":0.0,"gold_gain":0.0,"event_name":"Mysterious Sphere","player_choice":"Fight","floor":45.0,"gold_loss":0.0,"damage_taken":0.0},{"damage_healed":0.0,"max_hp_gain":0.0,"max_hp_loss":0.0,"gold_gain":0.0,"event_name":"SensoryStone","player_choice":"Memory 3","floor":47.0,"gold_loss":0.0,"damage_taken":10.0}],"is_beta":false,"boss_relics":[{"not_picked":["Busted Crown","SlaversCollar"],"picked":"Black Star"},{"not_picked":["Calling Bell","Philosopher\u0027s Stone"],"picked":"Cursed Key"}],"items_purged_floors":[5,20,39],"is_endless":false,"potions_floor_spawned":[1,2,4,16,19,21,29,35,36,48],"ascension_level":0}}