{"host":"wuernuywc9gl215o","time":1612291337,"event":{"mods":["AchievementEnabler","BaseMod","Block Reminder","Highlight Path","Key Reminder","Minty Spire (QoL Compilation)","Permanent Neow","Potion Indicator Mod","Quick Restart","Relic Stats"],"gold_per_floor":[117,128,128,128,128,128,141,141,141,160,187,198,212,224,224,224,224],"floor_reached":16,"language":"ENG","playtime":1135,"items_purged":[],"score":208,"play_id":"35e7b3b9-c548-43ff-ab99-00fcbbb36e35","local_time":"20210202184217","is_ascension_mode":true,"campfire_choices":[{"floor":6.0,"key":"REST"},{"floor":15.0,"key":"REST"}],"circlet_count":0,"master_deck":["AscendersBane","Strike_R","Strike_R+1","Strike_R","Strike_R","Defend_R","Defend_R","Defend_R","Defend_R","Bash+1","Pommel Strike","Twin Strike","Dark Embrace","Iron Wave","Flame Barrier","Iron Wave","Disarm","Armaments"],"relics":["Runic Cube","Mango","Ancient Tea Set"],"acts_visited":["Exordium"],"potions_floor_usage":[16,16],"damage_taken":[{"damage":6.0,"enemies":"Cultist","floor":1.0,"turns":3.0},{"damage":14.0,"enemies":"Small Slimes","floor":2.0,"turns":4.0},{"damage":2.0,"enemies":"Jaw Worm","floor":7.0,"turns":3.0},{"damage":13.0,"enemies":"3 Louse","floor":10.0,"turns":3.0},{"damage":38.0,"enemies":"Gremlin Nob","floor":11.0,"turns":5.0},{"damage":6.0,"enemies":"Looter","floor":12.0,"turns":3.0},{"damage":5.0,"enemies":"Large Slime","floor":13.0,"turns":6.0},{"damage":0.0,"enemies":"2 Fungi Beasts","floor":14.0,"turns":4.0},{"damage":34,"enemies":"Hexaghost","floor":16,"turns":10}],"seed_played":"6182260152096819226","potions_obtained":[{"floor":2.0,"key":"Dexterity Potion"},{"floor":10.0,"key":"SkillPotion"},{"floor":14.0,"key":"SkillPotion"}],"is_trial":false,"path_per_floor":["M","M","?","?","?","R","M","?","T","M","E","M","M","M","R","B"],"character_chosen":"IRONCLAD","items_purchased":[],"campfire_rested":2,"item_purchase_floors":[],"current_hp_per_floor":[62,48,25,25,30,54,52,52,66,53,15,9,4,4,32,0,0],"gold":224,"neow_bonus":"BOSS_RELIC","is_daily":false,"chose_seed":false,"campfire_upgraded":0,"win_rate":0.0,"timestamp":1612291337,"path_taken":["M","M","?","?","?","R","?","?","T","M","E","M","M","M","R","BOSS"],"items_purchased_type":[],"build_version":"2020-12-22","purchased_purges":0,"victory":false,"max_hp_per_floor":[75,75,75,75,80,80,80,80,94,94,94,94,94,94,94,94,94],"relic_stats":{"counters":[9,41],"obtain_stats":[{"Mango":9,"Ancient Tea Set":11,"Burning Blood":0,"Runic Cube":0},{"Mango":3,"Ancient Tea Set":5,"Burning Blood":0,"Runic Cube":0},{"Mango":10,"Ancient Tea Set":18,"Burning Blood":0,"Runic Cube":0}],"Runic Cube":[20]},"card_choices":[{"not_picked":["Flex","Warcry"],"picked":"Pommel Strike","floor":1.0},{"not_picked":["Warcry","Havoc"],"picked":"Twin Strike","floor":2.0},{"not_picked":["Havoc","Sword Boomerang"],"picked":"Iron Wave","floor":7.0},{"not_picked":["Rage","Headbutt"],"picked":"Flame Barrier","floor":10.0},{"not_picked":["Second Wind","Reckless Charge"],"picked":"Iron Wave","floor":11.0},{"not_picked":["Pommel Strike","Rampage","Thunderclap"],"picked":"SKIP","floor":12.0},{"not_picked":["Dual Wield","Whirlwind"],"picked":"Disarm","floor":13.0},{"not_picked":["Feel No Pain","Pommel Strike"],"picked":"Armaments","floor":14.0}],"player_experience":780616,"relics_obtained":[{"floor":9.0,"key":"Mango"},{"floor":11.0,"key":"Ancient Tea Set"}],"event_choices":[{"damage_healed":0.0,"max_hp_gain":0.0,"max_hp_loss":0.0,"gold_gain":0.0,"event_name":"Shining Light","player_choice":"Entered Light","floor":3.0,"gold_loss":0.0,"damage_taken":23.0,"cards_upgraded":["Bash","Strike_R"]},{"damage_healed":0.0,"max_hp_gain":0.0,"max_hp_loss":0.0,"gold_gain":0.0,"cards_transformed":["Strike_R"],"event_name":"Living Wall","player_choice":"Change","floor":4.0,"gold_loss":0.0,"damage_taken":0.0,"cards_obtained":["Dark Embrace"]},{"damage_healed":0.0,"max_hp_gain":5.0,"max_hp_loss":0.0,"gold_gain":0.0,"event_name":"Big Fish","player_choice":"Donut","floor":5.0,"gold_loss":0.0,"damage_taken":0.0},{"damage_healed":0.0,"max_hp_gain":0.0,"max_hp_loss":0.0,"gold_gain":0.0,"event_name":"Scrap Ooze","player_choice":"Fled","floor":8.0,"gold_loss":0.0,"damage_taken":0.0}],"is_beta":false,"boss_relics":[],"items_purged_floors":[],"is_endless":false,"potions_floor_spawned":[2,10,14],"killed_by":"Hexaghost","ascension_level":20}}