{"host":"ypzb5vvnu9f3ii1t","time":1612276091,"event":{"mods":["AchievementEnabler","BaseMod","Colored Map","DeckTracker","Keyboard Shortcuts","Minty Spire (QoL Compilation)","Permanent Neow","Quick Restart","SuperFastMode"],"gold_per_floor":[30,30,30,91,129,193,193,237,282,282,282],"floor_reached":10,"language":"KOR","playtime":314,"items_purged":[],"score":82,"play_id":"db33394f-e321-4661-b743-55e0ecfecbd2","local_time":"20210202232811","is_ascension_mode":true,"campfire_choices":[{"floor":7,"key":"REST"}],"circlet_count":0,"master_deck":["Strike_R","Strike_R","Strike_R","Strike_R","Strike_R","Defend_R","Defend_R","Defend_R","Defend_R","Bash","HandOfGreed","Perfected Strike","Combust","Berserk"],"relics":["Burning Blood","Golden Idol","Ornamental Fan","Dream Catcher"],"acts_visited":["Exordium"],"potions_floor_usage":[8,10],"damage_taken":[{"damage":7.0,"enemies":"Jaw Worm","floor":1.0,"turns":3.0},{"damage":2,"enemies":"2 Louse","floor":4,"turns":4},{"damage":0,"enemies":"Cultist","floor":5,"turns":4},{"damage":48,"enemies":"Lagavulin","floor":6,"turns":8},{"damage":25,"enemies":"Lots of Slimes","floor":8,"turns":3},{"damage":21,"enemies":"3 Sentries","floor":10,"turns":2}],"seed_played":"-9043326408005047261","potions_obtained":[{"floor":4,"key":"Swift Potion"},{"floor":6,"key":"Regen Potion"}],"is_trial":false,"path_per_floor":["M","?","?","M","M","E","R","M","T","E"],"character_chosen":"IRONCLAD","items_purchased":[],"campfire_rested":1,"item_purchase_floors":[],"current_hp_per_floor":[79,59,59,63,69,27,51,44,44,23,23],"gold":282,"neow_bonus":"RANDOM_COLORLESS_2","is_daily":false,"chose_seed":false,"campfire_upgraded":0,"win_rate":0.0,"timestamp":1612276091,"path_taken":["M","?","?","M","?","E","R","?","T","E"],"items_purchased_type":[],"build_version":"2020-12-22","purchased_purges":0,"victory":false,"max_hp_per_floor":[80,80,80,80,80,80,80,80,80,80,80],"card_choices":[{"not_picked":["Violence","The Bomb"],"picked":"HandOfGreed","floor":0.0},{"not_picked":["Shrug It Off","Iron Wave"],"picked":"Perfected Strike","floor":1.0},{"not_picked":["Armaments","Feel No Pain","Whirlwind"],"picked":"SKIP","floor":4},{"not_picked":["True Grit","Exhume"],"picked":"Combust","floor":5},{"not_picked":["True Grit","Armaments"],"picked":"Berserk","floor":6},{"not_picked":["Headbutt","Burning Pact","True Grit"],"picked":"SKIP","floor":8}],"player_experience":165961,"relics_obtained":[{"floor":6,"key":"Ornamental Fan"},{"floor":9,"key":"Dream Catcher"}],"event_choices":[{"damage_healed":0.0,"max_hp_gain":0.0,"max_hp_loss":0.0,"gold_gain":0.0,"event_name":"Golden Idol","player_choice":"Take Damage","floor":2.0,"gold_loss":0.0,"damage_taken":20.0,"relics_obtained":["Golden Idol"]},{"damage_healed":0,"gold_gain":0,"player_choice":"Ignored","damage_taken":0,"max_hp_gain":0,"max_hp_loss":0,"event_name":"WeMeetAgain","floor":3,"gold_loss":0}],"is_beta":false,"boss_relics":[],"items_purged_floors":[],"is_endless":false,"potions_floor_spawned":[4,6],"killed_by":"3 Sentries","ascension_level":4}}