{"host":"pnjthw6sukprvbcr","time":1612299861,"event":{"mods":["AchievementEnabler","BaseMod","Block Reminder","Highlight Path","Minty Spire (QoL Compilation)","Relic Stats"],"gold_per_floor":[169,169,169,183,183,211,228,228,255,272,297,311,342,85,85,182,182,201,12,29,44,143,143,176,190,241,241,251,251,269,298,298,400,400,418,418,468,468,277,277,310,325,351,351,351,351,351,370,370,370,370,370,34,61,61,61],"floor_reached":55,"language":"ENG","playtime":4377,"items_purged":[],"score":763,"play_id":"04d465f1-d6fa-43d4-a297-dee50b3c2e77","local_time":"20210202160421","is_ascension_mode":true,"campfire_choices":[{"floor":8.0,"key":"RECALL"},{"data":"Adrenaline","floor":15.0,"key":"SMITH"},{"data":"After Image","floor":23.0,"key":"SMITH"},{"floor":27.0,"key":"REST"},{"data":"Glass Knife","floor":29.0,"key":"SMITH"},{"floor":32.0,"key":"REST"},{"floor":44.0,"key":"REST"},{"floor":45.0,"key":"REST"},{"data":"Wraith Form v2","floor":49.0,"key":"SMITH"},{"data":"Well Laid Plans","floor":52.0,"key":"SMITH"}],"circlet_count":0,"master_deck":["Strike_G","Strike_G","Strike_G+1","Strike_G","Defend_G","Defend_G","Defend_G","Defend_G","Survivor","Neutralize+1","Leg Sweep","Heel Hook+1","All Out Attack","Blade Dance","Neutralize","Infinite Blades","Poisoned Stab","Sucker Punch","Underhanded Strike","Well Laid Plans+1","Cloak And Dagger","Adrenaline+1","Glass Knife+1","Backflip","Blur","After Image+1","PiercingWail","Poisoned Stab","Quick Slash","Dagger Throw+1","Quick Slash+1","Wraith Form v2+1","Prepared","Accuracy","Distraction+1","Accuracy","PiercingWail+1","Terror","Night Terror"],"relics":["Tiny House","MealTicket","Darkstone Periapt","Strawberry","Membership Card","Sozu","TwistedFunnel","Vajra","Pantograph","Nunchaku","Bag of Marbles","HoveringKite","WingedGreaves","Sling","PreservedInsect","Whetstone","Orichalcum","Paper Crane","StoneCalendar","Lantern","Medical Kit","Pen Nib"],"acts_visited":["Exordium","TheCity","TheBeyond","TheEnding"],"potions_floor_usage":[55],"damage_taken":[{"damage":0.0,"enemies":"2 Louse","floor":1.0,"turns":3.0},{"damage":0.0,"enemies":"Small Slimes","floor":4.0,"turns":3.0},{"damage":6.0,"enemies":"3 Sentries","floor":6.0,"turns":8.0},{"damage":0.0,"enemies":"Cultist","floor":7.0,"turns":3.0},{"damage":3.0,"enemies":"Lots of Slimes","floor":10.0,"turns":4.0},{"damage":19.0,"enemies":"Lagavulin","floor":11.0,"turns":9.0},{"damage":1.0,"enemies":"Blue Slaver","floor":12.0,"turns":4.0},{"damage":5.0,"enemies":"Gremlin Nob","floor":13.0,"turns":5.0},{"damage":19.0,"enemies":"Hexaghost","floor":16.0,"turns":12.0},{"damage":10.0,"enemies":"Chosen","floor":18.0,"turns":5.0},{"damage":9.0,"enemies":"Spheric Guardian","floor":20.0,"turns":4.0},{"damage":7.0,"enemies":"Snake Plant","floor":21.0,"turns":5.0},{"damage":16.0,"enemies":"Slavers","floor":24.0,"turns":6.0},{"damage":8.0,"enemies":"Chosen and Byrds","floor":25.0,"turns":6.0},{"damage":0.0,"enemies":"Sentry and Sphere","floor":28.0,"turns":6.0},{"damage":0.0,"enemies":"3 Cultists","floor":30.0,"turns":5.0},{"damage":2.0,"enemies":"Book of Stabbing","floor":31.0,"turns":5.0},{"damage":39.0,"enemies":"Collector","floor":33.0,"turns":13.0},{"damage":0.0,"enemies":"Orb Walker","floor":35.0,"turns":4.0},{"damage":0.0,"enemies":"Mind Bloom Boss Battle","floor":37.0,"turns":4.0},{"damage":29.0,"enemies":"Nemesis","floor":41.0,"turns":8.0},{"damage":16.0,"enemies":"3 Darklings","floor":42.0,"turns":6.0},{"damage":15.0,"enemies":"Spire Growth","floor":48.0,"turns":5.0},{"damage":73.0,"enemies":"Donu and Deca","floor":50.0,"turns":16.0},{"damage":39.0,"enemies":"Shield and Spear","floor":54.0,"turns":7.0},{"damage":66,"enemies":"The Heart","floor":55,"turns":6}],"seed_played":"3108085277286617612","potions_obtained":[{"floor":0.0,"key":"PowerPotion"},{"floor":1.0,"key":"PowerPotion"},{"floor":6.0,"key":"BlessingOfTheForge"},{"floor":11.0,"key":"BlessingOfTheForge"},{"floor":16.0,"key":"AttackPotion"}],"is_trial":false,"path_per_floor":["M","?","?","M","?","E","M","R","T","M","E","M","E","$","R","B",null,"M","$","M","M","?","R","E","M","T","R","M","R","M","E","R","B",null,"M","?","?","?","$","?","E","M","T","R","R","?","T","M","R","B",null,"R","$","E","B"],"character_chosen":"THE_SILENT","items_purchased":["Membership Card","Adrenaline","Strength Potion","TwistedFunnel","Vajra","Blur","Sling","PreservedInsect","Accuracy","StoneCalendar","Lantern","Terror","Medical Kit"],"campfire_rested":4,"item_purchase_floors":[14,14,14,19,19,19,39,39,39,53,53,53,53],"current_hp_per_floor":[75,75,75,75,75,69,69,69,69,66,47,46,48,63,63,44,82,72,82,73,66,66,66,50,42,42,66,66,66,66,64,82,43,82,82,82,82,78,78,78,49,33,33,56,78,78,78,63,63,5,78,78,78,39,0,0],"gold":61,"neow_bonus":"BOSS_RELIC","is_daily":false,"chose_seed":false,"campfire_upgraded":5,"win_rate":0.0,"timestamp":1612299861,"path_taken":["M","?","?","M","?","E","?","R","T","M","E","M","E","$","R","BOSS","M","$","M","?","?","R","E","M","T","R","M","R","M","E","R","BOSS","M","?","?","?","$","?","E","?","T","R","R","?","?","M","R","BOSS","R","$","E","BOSS"],"items_purchased_type":["Relic","Card","Potion","Relic","Relic","Card","Relic","Relic","Card","Relic","Relic","Card","Relic"],"build_version":"2020-12-22","purchased_purges":0,"victory":false,"max_hp_per_floor":[75,75,75,75,75,75,75,75,75,75,75,75,82,82,82,82,82,82,82,82,82,82,82,82,82,82,82,82,82,82,82,82,82,82,82,82,82,78,78,78,78,78,78,78,78,78,78,78,78,78,78,78,78,78,78,78],"relic_stats":{"Darkstone Periapt":0,"counters":[26,162],"HoveringKite":[16],"StoneCalendar":[0],"PreservedInsect":115,"Pen Nib":[2],"Whetstone":["Heel Hook","Strike_G"],"Orichalcum":[18],"Medical Kit":[0],"Sozu":8,"Nunchaku":[28],"Pantograph":40,"MealTicket":25,"obtain_stats":[{"Darkstone Periapt":11,"TwistedFunnel":19,"Lantern":53,"Tiny House":0,"Vajra":19,"HoveringKite":34,"StoneCalendar":53,"PreservedInsect":39,"Pen Nib":54,"Whetstone":41,"Orichalcum":43,"Paper Crane":47,"Sling":39,"Medical Kit":53,"Sozu":17,"Nunchaku":26,"Strawberry":13,"Pantograph":24,"MealTicket":6,"WingedGreaves":37,"Bag of Marbles":31,"Membership Card":14,"Ring of the Snake":0},{"Darkstone Periapt":6,"TwistedFunnel":10,"Lantern":24,"Tiny House":0,"Vajra":10,"HoveringKite":18,"StoneCalendar":24,"PreservedInsect":20,"Pen Nib":25,"Whetstone":21,"Orichalcum":22,"Paper Crane":22,"Sling":20,"Medical Kit":24,"Sozu":9,"Nunchaku":14,"Strawberry":8,"Pantograph":13,"MealTicket":3,"WingedGreaves":20,"Bag of Marbles":17,"Membership Card":8,"Ring of the Snake":0},{"Darkstone Periapt":30,"TwistedFunnel":56,"Lantern":149,"Tiny House":0,"Vajra":56,"HoveringKite":106,"StoneCalendar":149,"PreservedInsect":114,"Pen Nib":156,"Whetstone":122,"Orichalcum":128,"Paper Crane":128,"Sling":114,"Medical Kit":149,"Sozu":51,"Nunchaku":77,"Strawberry":39,"Pantograph":71,"MealTicket":14,"WingedGreaves":114,"Bag of Marbles":93,"Membership Card":39,"Ring of the Snake":0}]},"card_choices":[{"not_picked":["Cloak And Dagger","Crippling Poison"],"picked":"Leg Sweep","floor":0.0},{"not_picked":["Outmaneuver","PiercingWail"],"picked":"Heel Hook","floor":1.0},{"not_picked":["Quick Slash","Dagger Spray"],"picked":"Blade Dance","floor":4.0},{"not_picked":["Blade Dance","Choke"],"picked":"Poisoned Stab","floor":6.0},{"not_picked":["Slice","Leg Sweep","Bane"],"picked":"SKIP","floor":7.0},{"not_picked":["Acrobatics","Bouncing Flask"],"picked":"Sucker Punch","floor":10.0},{"not_picked":["Catalyst","Masterful Stab"],"picked":"Underhanded Strike","floor":11.0},{"not_picked":["Quick Slash","Leg Sweep"],"picked":"Well Laid Plans","floor":12.0},{"not_picked":["Reflex","Tactician"],"picked":"Cloak And Dagger","floor":13.0},{"not_picked":["Tools of the Trade","Night Terror"],"picked":"Glass Knife","floor":16.0},{"not_picked":["Prepared","Underhanded Strike"],"picked":"Backflip","floor":18.0},{"not_picked":["Slice","Crippling Poison"],"picked":"After Image","floor":20.0},{"not_picked":["Backflip","Sucker Punch"],"picked":"PiercingWail","floor":21.0},{"not_picked":["Leg Sweep+1","Riddle With Holes"],"picked":"Poisoned Stab","floor":24.0},{"not_picked":["Underhanded Strike","Tactician+1"],"picked":"Quick Slash","floor":25.0},{"not_picked":["Crippling Poison","Choke"],"picked":"Dagger Throw+1","floor":28.0},{"not_picked":["Dodge and Roll","Blade Dance"],"picked":"Quick Slash+1","floor":30.0},{"not_picked":["Distraction","Tactician","Acrobatics"],"picked":"SKIP","floor":31.0},{"not_picked":["Adrenaline","Corpse Explosion"],"picked":"Wraith Form v2","floor":33.0},{"not_picked":["Dagger Throw+1","Distraction","Expertise"],"picked":"SKIP","floor":35.0},{"not_picked":["Flying Knee","Endless Agony"],"picked":"Prepared","floor":37.0},{"not_picked":["Eviscerate","Bullet Time"],"picked":"Distraction+1","floor":41.0},{"not_picked":["Blade Dance","Dagger Spray+1"],"picked":"Accuracy","floor":42.0},{"not_picked":["Bane+1","Dodge and Roll+1"],"picked":"PiercingWail+1","floor":48.0},{"not_picked":["Caltrops","Sucker Punch+1"],"picked":"Night Terror","floor":54.0}],"player_experience":188688,"relics_obtained":[{"floor":6.0,"key":"MealTicket"},{"floor":11.0,"key":"Darkstone Periapt"},{"floor":13.0,"key":"Strawberry"},{"floor":24.0,"key":"Pantograph"},{"floor":26.0,"key":"Nunchaku"},{"floor":31.0,"key":"Bag of Marbles"},{"floor":37.0,"key":"WingedGreaves"},{"floor":41.0,"key":"Whetstone"},{"floor":43.0,"key":"Orichalcum"},{"floor":47.0,"key":"Paper Crane"},{"floor":54.0,"key":"Pen Nib"}],"event_choices":[{"damage_healed":0.0,"max_hp_gain":0.0,"max_hp_loss":0.0,"gold_gain":0.0,"event_name":"Shining Light","player_choice":"Ignored","floor":2.0,"gold_loss":0.0,"damage_taken":0.0},{"damage_healed":0.0,"max_hp_gain":0.0,"max_hp_loss":0.0,"gold_gain":0.0,"cards_transformed":["Strike_G"],"event_name":"Living Wall","player_choice":"Change","floor":3.0,"gold_loss":0.0,"damage_taken":0.0,"cards_obtained":["All Out Attack"]},{"damage_healed":0.0,"max_hp_gain":0.0,"max_hp_loss":0.0,"gold_gain":0.0,"event_name":"Match and Keep!","player_choice":"2 cards matched","floor":5.0,"gold_loss":0.0,"damage_taken":0.0,"cards_obtained":["Neutralize","Infinite Blades"]},{"damage_healed":0.0,"max_hp_gain":0.0,"max_hp_loss":0.0,"gold_gain":99.0,"event_name":"Nest","player_choice":"Stole From Cult","floor":22.0,"gold_loss":0.0,"damage_taken":0.0},{"damage_healed":0.0,"max_hp_gain":0.0,"max_hp_loss":0.0,"gold_gain":0.0,"event_name":"Mysterious Sphere","player_choice":"Ignored","floor":36.0,"gold_loss":0.0,"damage_taken":0.0},{"damage_healed":0.0,"max_hp_gain":0.0,"max_hp_loss":0.0,"gold_gain":0.0,"event_name":"MindBloom","player_choice":"Fight","floor":37.0,"gold_loss":0.0,"damage_taken":0.0},{"damage_healed":0.0,"max_hp_gain":0.0,"max_hp_loss":4.0,"gold_gain":0.0,"event_name":"Winding Halls","player_choice":"Max HP","floor":38.0,"gold_loss":0.0,"damage_taken":0.0},{"cards_removed":["Defend_G"],"damage_healed":0.0,"max_hp_gain":0.0,"max_hp_loss":0.0,"gold_gain":0.0,"event_name":"Bonfire Elementals","player_choice":"Offered Basic","floor":40.0,"gold_loss":0.0,"damage_taken":0.0},{"damage_healed":0.0,"max_hp_gain":0.0,"max_hp_loss":0.0,"gold_gain":0.0,"event_name":"Tomb of Lord Red Mask","player_choice":"Ignored","floor":46.0,"gold_loss":0.0,"damage_taken":0.0}],"is_beta":false,"boss_relics":[{"not_picked":["Velvet Choker","Astrolabe"],"picked":"Sozu"},{"not_picked":["Empty Cage","Runic Pyramid"],"picked":"HoveringKite"}],"items_purged_floors":[],"is_endless":false,"potions_floor_spawned":[1,6,11,16,18,21,25,30,35,41,42,54],"killed_by":"The Heart","ascension_level":1}}