{"host":"8a72fthmlk1o8pdb","time":1612293770,"event":{"mods":["AchievementEnabler","Aspiration","Astrologer","Bard","BaseMod","Beaked The Cultist","Better Skull","Better Third Choice","Colored Map","Colored Powertips","Downfall","Friendly Minions","GifTheSpireLib","Googly Eyes","Gremlin Mod","Hermit","Jorbs\u0027s Wanderer Trilogy","Marisa????????","Minty Spire (QoL Compilation)","Permanent Neow","Random Character Button","Rare Cards Sparkle","Robot Space Explorer","Shop Mod","Somnambulant","StSLib","The Animator","The Construct","The Cursed","The Disciple","The Hayseed","The Hierophant","The Marked","The Necromancer","The Poker Player","The Problem Sleuth","The Runesmith","thorton"],"gold_per_floor":[118,128,141,212,192,192,217,235,262,297,315,333,333,348,348,348,348],"floor_reached":16,"language":"ENG","playtime":692,"items_purged":[],"score":120,"play_id":"c78b8208-e9ce-411c-b729-93fae85baf42","local_time":"20210202112250","is_ascension_mode":true,"campfire_choices":[{"data":"hermit:Misfire","floor":6,"key":"SMITH"},{"data":"hermit:TakeCover","floor":13,"key":"SMITH"},{"floor":15,"key":"RECALL"}],"circlet_count":0,"master_deck":["hermit:Strike_Hermit","hermit:Strike_Hermit","hermit:Strike_Hermit","hermit:Strike_Hermit","hermit:Defend_Hermit","hermit:Defend_Hermit","hermit:Defend_Hermit","hermit:Defend_Hermit","hermit:Snapshot","hermit:Covet+1","hermit:Misfire+1","hermit:Misfire","hermit:Enervate","hermit:Malice","hermit:Midnight","hermit:TakeCover+1"],"relics":["hermit:Momento","aspiration:HiddenCompartment","Strawberry","Anchor"],"acts_visited":["Exordium"],"potions_floor_usage":[7,7,10,16,16],"damage_taken":[{"damage":0,"enemies":"Small Slimes","floor":1,"turns":4},{"damage":1,"enemies":"Jaw Worm","floor":2,"turns":3},{"damage":0,"enemies":"Cultist","floor":3,"turns":2},{"damage":12,"enemies":"3 Sentries","floor":7,"turns":5},{"damage":2,"enemies":"Blue Slaver","floor":8,"turns":3},{"damage":21,"enemies":"Lagavulin","floor":10,"turns":4},{"damage":5,"enemies":"Large Slime","floor":11,"turns":4},{"damage":0,"enemies":"2 Fungi Beasts","floor":12,"turns":2},{"damage":1,"enemies":"Exordium Thugs","floor":14,"turns":3},{"damage":42,"enemies":"The Guardian","floor":16,"turns":8}],"seed_played":"-6056300263791596275","potions_obtained":[{"floor":1,"key":"Block Potion"},{"floor":3,"key":"hexamod:SoulburnPotion"},{"floor":5,"key":"Explosive Potion"},{"floor":7,"key":"Energy Potion"},{"floor":12,"key":"bronze:BurnAndBuffPotion"},{"floor":14,"key":"BlessingOfTheForge"}],"is_trial":false,"path_per_floor":["M","M","M","?","?","R","E","M","T","E","M","M","R","M","R","B"],"character_chosen":"HERMIT","items_purchased":[],"campfire_rested":0,"item_purchase_floors":[],"current_hp_per_floor":[75,74,74,74,74,74,62,60,67,46,41,41,41,40,40,0,0],"gold":348,"neow_bonus":"UPGRADE_CARD","is_daily":false,"chose_seed":false,"campfire_upgraded":2,"win_rate":0.0,"timestamp":1612293770,"path_taken":["M","M","M","?","?","R","E","?","T","E","M","M","R","M","R","BOSS"],"items_purchased_type":[],"build_version":"2020-12-22","purchased_purges":0,"victory":false,"max_hp_per_floor":[75,75,75,75,75,75,75,75,82,82,82,82,82,82,82,82,82],"card_choices":[{"not_picked":["hermit:Manifest","hermit:LuckOfTheDraw"],"picked":"hermit:Misfire","floor":1},{"not_picked":["hermit:Combo","hermit:Coalescence"],"picked":"hermit:Misfire","floor":2},{"not_picked":["hermit:Dive","hermit:HoleUp","hermit:Glare"],"picked":"SKIP","floor":3},{"not_picked":["hermit:DeadMansHand","hermit:Shortfuse"],"picked":"hermit:Enervate","floor":7},{"not_picked":["hermit:Quickdraw","hermit:Manifest"],"picked":"hermit:Malice","floor":8},{"not_picked":["hermit:Spite","hermit:Glare"],"picked":"hermit:Midnight","floor":10},{"not_picked":["hermit:Roulette","hermit:Coalescence","hermit:Headshot"],"picked":"SKIP","floor":11},{"not_picked":["hermit:Snipe","hermit:Roughhouse"],"picked":"hermit:TakeCover","floor":12},{"not_picked":["hermit:Coalescence","hermit:Midnight","hermit:Vantage"],"picked":"SKIP","floor":14}],"player_experience":101713,"relics_obtained":[{"floor":7,"key":"aspiration:HiddenCompartment"},{"floor":9,"key":"Strawberry"},{"floor":10,"key":"Anchor"}],"event_choices":[{"damage_healed":0,"gold_gain":71,"player_choice":"Gained Gold","damage_taken":0,"max_hp_gain":0,"max_hp_loss":0,"event_name":"Golden Wing","floor":4,"gold_loss":0},{"damage_healed":0,"gold_gain":0,"player_choice":"Bought 1 Potion","damage_taken":0,"max_hp_gain":0,"max_hp_loss":0,"event_name":"The Woman in Blue","floor":5,"gold_loss":0}],"is_beta":false,"boss_relics":[],"items_purged_floors":[],"is_endless":false,"potions_floor_spawned":[1,3,7,12,14],"killed_by":"The Guardian","ascension_level":1}}