{"host":"3498uni0c31c9bdm","time":1612281729,"event":{"mods":["BaseMod","Better Third Choice","Minty Spire (QoL Compilation)","Replay The Spire","StSLib"],"gold_per_floor":[119,132,132,142,118,148,148,180,204,204,257,285,285,323,323,416,416,449,514,256,110,134,179,179,207,207],"floor_reached":25,"language":"ENG","playtime":1012,"items_purged":["Normality"],"score":432,"play_id":"f093796e-9f93-47fd-b177-f12310a88811","local_time":"20210203030209","is_ascension_mode":true,"campfire_choices":[{"floor":7,"key":"REST"},{"floor":10,"key":"REST"},{"floor":15,"key":"REST"},{"floor":24,"key":"REST"}],"circlet_count":0,"master_deck":["AscendersBane","Strike_P","Strike_P","Strike_P","Strike_P","Defend_P","Defend_P","Defend_P","Defend_P","Eruption","Vigilance+1","FlurryOfBlows","Tantrum","FlyingSleeves","EmptyBody","Omniscience","Halt","Prostrate","SignatureMove","CutThroughFate","MasterReality","ClearTheMind","ReplayTheSpireMod:Splinters","FearNoEvil","LikeWater+1","Replay:Hum","JustLucky"],"relics":["PureWater","ReplayTheSpireMod:Lightbulb","PreservedInsect","Potion Belt","Replay:Bandana","Replay:Accelerometer","Replay:Grab Bag","Busted Crown","Philosopher\u0027s Stone","SacredBark","Bag of Preparation","ReplayTheSpireMod:CursedCoin","Damaru","Dream Catcher","Gremlin Food","Blood Vial","MealTicket"],"acts_visited":["Exordium","TheCity"],"potions_floor_usage":[6,8,16,18,23],"damage_taken":[{"damage":18,"enemies":"Jaw Worm","floor":1,"turns":4},{"damage":0,"enemies":"Cultist","floor":2,"turns":2},{"damage":4,"enemies":"2 Louse","floor":4,"turns":3},{"damage":12,"enemies":"Lagavulin","floor":6,"turns":3},{"damage":6,"enemies":"Gremlin Nob","floor":8,"turns":3},{"damage":15,"enemies":"3 Sentries","floor":11,"turns":4},{"damage":5,"enemies":"Blue Slaver","floor":12,"turns":3},{"damage":6,"enemies":"Exordium Thugs","floor":14,"turns":3},{"damage":16,"enemies":"Fading Forest","floor":16,"turns":12},{"damage":28,"enemies":"2 Thieves","floor":18,"turns":5},{"damage":0,"enemies":"Slavers","floor":23,"turns":2},{"damage":70,"enemies":"Book of Stabbing","floor":25,"turns":5}],"seed_played":"-7107234683678182350","potions_obtained":[{"floor":2,"key":"AttackPotion"},{"floor":4,"key":"Weak Potion"},{"floor":11,"key":"Swift Potion"},{"floor":14,"key":"BottledMiracle"},{"floor":19,"key":"Toxic Potion"}],"is_trial":false,"path_per_floor":["M","M","?","M","$","E","R","E","T","R","E","M","?","M","R","B",null,"M","?","$","$","T","E","R","E"],"character_chosen":"WATCHER","items_purchased":["EmptyBody","ReplayTheSpireMod:CursedCoin","Damaru","LikeWater","Dream Catcher","Gremlin Food"],"campfire_rested":4,"item_purchase_floors":[5,20,20,20,20,21],"current_hp_per_floor":[47,47,47,43,43,31,52,46,46,67,52,47,47,41,62,58,69,41,41,41,41,41,43,64,0,0],"gold":207,"neow_bonus":"RANDOM_COMMON_RELIC","is_daily":false,"chose_seed":false,"campfire_upgraded":0,"win_rate":0.0,"timestamp":1612281729,"path_taken":["M","M","?","?","$","E","R","E","T","R","E","?","?","M","R","BOSS","M","?","?","$","?","E","R","E"],"items_purchased_type":["Card","Relic","Relic","Card","Relic","Relic"],"build_version":"2020-12-22","purchased_purges":1,"victory":false,"max_hp_per_floor":[72,72,72,72,72,72,72,72,72,72,72,72,72,72,72,72,72,72,72,72,72,72,72,72,72,72],"card_choices":[{"not_picked":["CarveReality","Replay:Vibes"],"picked":"FlurryOfBlows","floor":1},{"not_picked":["Replay:BluntJabs","Replay:AtTheReady"],"picked":"Tantrum","floor":2},{"not_picked":["Replay:Cycle","Replay:BluntJabs"],"picked":"FlyingSleeves","floor":4},{"not_picked":["Swivel","ThirdEye"],"picked":"Omniscience","floor":6},{"not_picked":["Sanctity","FlyingSleeves"],"picked":"Halt","floor":8},{"not_picked":["EmptyBody","LessonLearned"],"picked":"Prostrate","floor":11},{"not_picked":["Replay:BluntJabs","Wireheading"],"picked":"SignatureMove","floor":12},{"not_picked":["FlyingSleeves","SignatureMove"],"picked":"CutThroughFate","floor":14},{"not_picked":["Wish","ConjureBlade"],"picked":"MasterReality","floor":16},{"not_picked":[],"picked":"ClearTheMind","floor":18},{"not_picked":[],"picked":"FearNoEvil","floor":19},{"not_picked":[],"picked":"Replay:Hum","floor":23},{"not_picked":[],"picked":"JustLucky","floor":24}],"player_experience":813131,"relics_obtained":[{"floor":6,"key":"PreservedInsect"},{"floor":8,"key":"Potion Belt"},{"floor":9,"key":"Replay:Bandana"},{"floor":11,"key":"Replay:Accelerometer"},{"floor":19,"key":"Bag of Preparation"},{"floor":22,"key":"Blood Vial"},{"floor":23,"key":"MealTicket"}],"event_choices":[{"damage_healed":0,"gold_gain":0,"player_choice":"Bought 0 Potions","damage_taken":0,"max_hp_gain":0,"max_hp_loss":0,"event_name":"The Woman in Blue","floor":3,"gold_loss":0}],"is_beta":false,"boss_relics":[{"not_picked":["ChewingGum","Sozu"],"picked":"Replay:Grab Bag"},{"not_picked":["Replay:Wanted Poster","Velvet Choker"],"picked":"Busted Crown"},{"not_picked":["Coffee Dripper","Ectoplasm"],"picked":"Philosopher\u0027s Stone"},{"not_picked":["VioletLotus","Pandora\u0027s Box"],"picked":"SacredBark"}],"items_purged_floors":[20],"is_endless":false,"potions_floor_spawned":[2,4,11,14],"killed_by":"Book of Stabbing","ascension_level":13}}