{"host":"f76wcztdlwlduum6","time":1612240520,"event":{"mods":["BaseMod","BetterRewards","Colored Powertips","Downfall","Minty Spire (QoL Compilation)","Quick Restart","Rare Cards Sparkle","Relic Stats","StSLib","SuperFastMode","everything is the same but u backflip on backflip"],"gold_per_floor":[19,30,30,43,61,86,86,112,135,310,345,345,361,377,377,482,482,500,60,110,155,231,290,309,309,309,219,306,326,326,388,388,520,520,560,665,48,73,211,329,329,309,309,402,402,551,696,696,696,756,756,756,6,41,41],"floor_reached":56,"language":"ENG","playtime":2245,"items_purged":["Defend_P"],"score":2034,"play_id":"24099e8a-3632-44cf-b83b-90b32e274061","local_time":"20210201223520","is_ascension_mode":true,"campfire_choices":[{"data":"Eruption","floor":7.0,"key":"SMITH"},{"floor":15.0,"key":"RECALL"},{"data":"LikeWater","floor":25.0,"key":"SMITH"},{"data":"Vigilance","floor":32.0,"key":"SMITH"},{"data":"1","floor":45.0,"key":"LIFT"},{"data":"2","floor":49.0,"key":"LIFT"},{"data":"3","floor":52.0,"key":"LIFT"}],"circlet_count":0,"master_deck":["Defend_P+1","Defend_P+1","Vigilance+1","Omniscience+1","Omniscience+1","LikeWater+1","Vault+1","Wallop+1","TalkToTheHand+1","ClearTheMind+1","Alpha+1","LikeWater+1","Wish+1","Omniscience+1","Crescendo+1","Wallop+1","LikeWater+1","Wish+1","Bandage Up+1","The Bomb+1"],"relics":["PureWater","TeardropLocket","CloakClasp","VioletLotus","Meat on the Bone","Slimebound:StickyStick","Toxic Egg 2","Juzu Bracelet","Du-Vu Doll","Bottled Lightning","Toy Ornithopter","SlaversCollar","Mango","Lee\u0027s Waffle","Mummified Hand","Vajra","Letter Opener","bronze:BronzeIdol","The Courier","Coffee Dripper","Sling","Slimebound:PreparedRelic","War Paint","Akabeko","Lantern","hexamod:BolsterEngine","Girya","Potion Belt","Pocketwatch","Chemical X","StoneCalendar","Pantograph","HornCleat","Bottled Flame"],"acts_visited":["Exordium","TheCity","TheBeyond","TheEnding"],"potions_floor_usage":[55,55,55],"damage_taken":[{"damage":59.0,"enemies":"Cultist","floor":1.0,"turns":8.0},{"damage":0.0,"enemies":"Small Slimes","floor":4.0,"turns":6.0},{"damage":0.0,"enemies":"2 Louse","floor":5.0,"turns":3.0},{"damage":0.0,"enemies":"Gremlin Nob","floor":6.0,"turns":6.0},{"damage":0.0,"enemies":"Lagavulin","floor":8.0,"turns":4.0},{"damage":5.0,"enemies":"Gremlin Nob","floor":11.0,"turns":4.0},{"damage":24.0,"enemies":"Gremlin Gang","floor":13.0,"turns":4.0},{"damage":5.0,"enemies":"Lots of Slimes","floor":14.0,"turns":4.0},{"damage":0.0,"enemies":"Slime Boss","floor":16.0,"turns":5.0},{"damage":18.0,"enemies":"2 Thieves","floor":18.0,"turns":4.0},{"damage":0.0,"enemies":"Shell Parasite","floor":20.0,"turns":5.0},{"damage":0.0,"enemies":"Snake Plant","floor":21.0,"turns":7.0},{"damage":0.0,"enemies":"Shelled Parasite and Fungi","floor":22.0,"turns":7.0},{"damage":0.0,"enemies":"Slavers","floor":23.0,"turns":5.0},{"damage":0.0,"enemies":"3 Cultists","floor":24.0,"turns":2.0},{"damage":0.0,"enemies":"Gremlin Leader","floor":28.0,"turns":3.0},{"damage":10.0,"enemies":"Centurion and Healer","floor":29.0,"turns":4.0},{"damage":22.0,"enemies":"Book of Stabbing","floor":31.0,"turns":4.0},{"damage":0.0,"enemies":"Collector","floor":33.0,"turns":7.0},{"damage":5.0,"enemies":"3 Darklings","floor":35.0,"turns":3.0},{"damage":11.0,"enemies":"Orb Walker","floor":36.0,"turns":5.0},{"damage":1.0,"enemies":"3 Darklings","floor":39.0,"turns":5.0},{"damage":2.0,"enemies":"Nemesis","floor":40.0,"turns":8.0},{"damage":76.0,"enemies":"Reptomancer","floor":44.0,"turns":7.0},{"damage":10.0,"enemies":"Nemesis","floor":46.0,"turns":6.0},{"damage":2.0,"enemies":"2 Orb Walkers","floor":47.0,"turns":3.0},{"damage":22.0,"enemies":"Time Eater","floor":50.0,"turns":7.0},{"damage":0,"enemies":"Shield and Spear","floor":54,"turns":5},{"damage":97,"enemies":"The Heart","floor":55,"turns":8}],"seed_played":"-6541050432617534482","potions_obtained":[{"floor":1.0,"key":"StancePotion"},{"floor":8.0,"key":"StancePotion"},{"floor":13.0,"key":"sneckomod:MuddlingPotion"},{"floor":24.0,"key":"BottledMiracle"},{"floor":30.0,"key":"FairyPotion"},{"floor":30.0,"key":"CultistPotion"},{"floor":44.0,"key":"Guardian:BlockOnCardUsePotion"},{"floor":47.0,"key":"SpeedPotion"},{"floor":54,"key":"Dexterity Potion"}],"is_trial":false,"path_per_floor":["M","$","T","M","M","E","R","E","T","?","E","?","M","M","R","B",null,"M","$","M","M","M","E","M","R","T","?","E","M","?","E","R","B",null,"M","M","$","T","M","E","?","?","T","E","R","E","?","?","R","B",null,"R","$","E","B",null],"character_chosen":"WATCHER","items_purchased":["Meat on the Bone","Slimebound:StickyStick","Mango","Lee\u0027s Waffle","Sling","Slimebound:PreparedRelic","War Paint","Akabeko","Chemical X","StoneCalendar","Pantograph","HornCleat"],"campfire_rested":0,"item_purchase_floors":[2,2,19,19,37,37,37,37,53,53,53,53],"current_hp_per_floor":[6,6,6,18,30,42,42,42,42,42,37,42,30,37,37,49,70,52,98,98,98,98,98,98,98,98,98,98,88,88,66,66,66,90,85,74,74,74,73,71,61,61,61,41,41,49,53,53,53,49,82,82,82,88,16],"gold":41,"neow_bonus":"REMOVE_TWO","is_daily":false,"chose_seed":false,"campfire_upgraded":3,"win_rate":0.0,"timestamp":1612240520,"path_taken":["M","?","?","M","M","E","R","E","T","?","E","?","M","M","R","BOSS","M","$","M","M","M","E","M","R","T","?","E","M","?","E","R","BOSS","M","M","$","?","M","E","?","?","T","E","R","E","?","?","R","BOSS","R","$","E","BOSS"],"items_purchased_type":["Relic","Relic","Relic","Relic","Relic","Relic","Relic","Relic","Relic","Relic","Relic","Relic"],"build_version":"2020-12-22","purchased_purges":1,"victory":true,"max_hp_per_floor":[72,72,72,72,72,72,72,72,72,72,72,77,77,77,77,77,77,77,98,98,98,98,98,98,98,98,98,98,98,98,98,98,98,98,98,98,98,98,98,98,98,98,98,98,98,98,98,93,93,93,93,93,93,93,93],"relic_stats":{"Lee\u0027s Waffle":32,"counters":[29,149],"StoneCalendar":[52],"CloakClasp":[555],"Juzu Bracelet":2,"Letter Opener":[386],"War Paint":["Defend_P","Defend_P"],"Mummified Hand":[109],"Pantograph":5,"VioletLotus":[4],"Chemical X":[1],"obtain_stats":[{"Lantern":38,"Vajra":23,"Mango":19,"StoneCalendar":53,"CloakClasp":1,"Juzu Bracelet":6,"TeardropLocket":0,"Sling":37,"HornCleat":53,"Slimebound:StickyStick":2,"Mummified Hand":23,"Pantograph":53,"VioletLotus":1,"Chemical X":53,"Toxic Egg 2":3,"Potion Belt":44,"Girya":43,"Lee\u0027s Waffle":19,"The Courier":31,"Letter Opener":26,"War Paint":37,"Akabeko":37,"bronze:BronzeIdol":28,"Du-Vu Doll":8,"SlaversCollar":17,"Bottled Flame":54,"Slimebound:PreparedRelic":37,"Coffee Dripper":34,"Bottled Lightning":8,"PureWater":0,"hexamod:BolsterEngine":40,"Toy Ornithopter":11,"Meat on the Bone":2,"Pocketwatch":47},{"Lantern":21,"Vajra":14,"Mango":10,"StoneCalendar":27,"CloakClasp":1,"Juzu Bracelet":4,"TeardropLocket":0,"Sling":21,"HornCleat":27,"Slimebound:StickyStick":1,"Mummified Hand":14,"Pantograph":27,"VioletLotus":1,"Chemical X":27,"Toxic Egg 2":1,"Potion Belt":24,"Girya":23,"Lee\u0027s Waffle":10,"The Courier":18,"Letter Opener":15,"War Paint":21,"Akabeko":21,"bronze:BronzeIdol":16,"Du-Vu Doll":5,"SlaversCollar":9,"Bottled Flame":28,"Slimebound:PreparedRelic":21,"Coffee Dripper":19,"Bottled Lightning":5,"PureWater":0,"hexamod:BolsterEngine":23,"Toy Ornithopter":6,"Meat on the Bone":1,"Pocketwatch":26},{"Lantern":100,"Vajra":72,"Mango":48,"StoneCalendar":136,"CloakClasp":3,"Juzu Bracelet":23,"TeardropLocket":0,"Sling":100,"HornCleat":136,"Slimebound:StickyStick":8,"Mummified Hand":70,"Pantograph":136,"VioletLotus":3,"Chemical X":136,"Toxic Egg 2":8,"Potion Belt":120,"Girya":113,"Lee\u0027s Waffle":48,"The Courier":85,"Letter Opener":74,"War Paint":100,"Akabeko":100,"bronze:BronzeIdol":77,"Du-Vu Doll":27,"SlaversCollar":44,"Bottled Flame":141,"Slimebound:PreparedRelic":100,"Coffee Dripper":92,"Bottled Lightning":27,"PureWater":0,"hexamod:BolsterEngine":113,"Toy Ornithopter":31,"Meat on the Bone":8,"Pocketwatch":129}],"Toy Ornithopter":2,"Meat on the Bone":120,"Pocketwatch":[15]},"card_choices":[{"not_picked":["InnerPeace","Indignation"],"picked":"PathToVictory","floor":1.0},{"not_picked":["Prostrate+1","Conclude"],"picked":"ClearTheMind+1","floor":4.0},{"not_picked":["CrushJoints","BowlingBash","Study"],"picked":"SKIP","floor":5.0},{"not_picked":["Study","Swivel+1"],"picked":"Alpha+1","floor":6.0},{"not_picked":["CarveReality","Halt+1","Evaluate+1"],"picked":"SKIP","floor":8.0},{"not_picked":["CarveReality","Halt+1","Evaluate+1"],"picked":"SKIP","floor":8.0},{"not_picked":["Collect+1","CarveReality","PathToVictory+1"],"picked":"SKIP","floor":11.0},{"not_picked":["Study","FollowUp","EmptyFist"],"picked":"SKIP","floor":13.0},{"not_picked":["WheelKick","FlurryOfBlows"],"picked":"Wish+1","floor":14.0},{"not_picked":["Scrawl+1","Ragnarok"],"picked":"Omniscience+1","floor":16.0},{"not_picked":["Halt+1","FlurryOfBlows","Fasting2+1"],"picked":"SKIP","floor":18.0},{"not_picked":["EmptyFist+1","ReachHeaven"],"picked":"Crescendo+1","floor":20.0},{"not_picked":["PathToVictory+1","Sanctity+1"],"picked":"Wallop","floor":21.0},{"not_picked":["FlyingSleeves+1","InnerPeace+1"],"picked":"LikeWater","floor":22.0},{"not_picked":["Fasting2","Nirvana+1","PathToVictory+1"],"picked":"SKIP","floor":23.0},{"not_picked":["Halt+1","FlyingSleeves+1","Indignation+1"],"picked":"SKIP","floor":24.0},{"not_picked":["DevaForm","Prostrate+1","JustLucky"],"picked":"SKIP","floor":28.0},{"not_picked":["BowlingBash+1","CrushJoints+1","CarveReality"],"picked":"SKIP","floor":29.0},{"not_picked":["EmptyFist+1","ThirdEye+1","CarveReality"],"picked":"SKIP","floor":31.0},{"not_picked":["Brilliance","MasterReality"],"picked":"Wish+1","floor":33.0},{"not_picked":["EmptyBody+1","FollowUp+1","WaveOfTheHand+1"],"picked":"SKIP","floor":35.0},{"not_picked":["PathToVictory+1","ThirdEye+1","Wallop"],"picked":"SKIP","floor":36.0},{"not_picked":["Pray+1","FlurryOfBlows","Prostrate+1"],"picked":"SKIP","floor":39.0},{"not_picked":["Vengeance+1","SashWhip","Halt+1"],"picked":"SKIP","floor":40.0},{"not_picked":["Sadistic Nature","Purity+1"],"picked":"Bandage Up+1","floor":41.0},{"not_picked":["Purity+1","Panache"],"picked":"The Bomb+1","floor":41.0},{"not_picked":["FlurryOfBlows+1","CutThroughFate","Evaluate+1"],"picked":"SKIP","floor":44.0},{"not_picked":["WreathOfFlame+1","Protect+1","PathToVictory+1"],"picked":"SKIP","floor":46.0},{"not_picked":["Halt+1","BowlingBash+1","Protect+1"],"picked":"SKIP","floor":54}],"player_experience":266743,"relics_obtained":[{"floor":3.0,"key":"Toxic Egg 2"},{"floor":6.0,"key":"Juzu Bracelet"},{"floor":8.0,"key":"Du-Vu Doll"},{"floor":11.0,"key":"Toy Ornithopter"},{"floor":23.0,"key":"Vajra"},{"floor":26.0,"key":"Letter Opener"},{"floor":28.0,"key":"bronze:BronzeIdol"},{"floor":31.0,"key":"The Courier"},{"floor":38.0,"key":"Lantern"},{"floor":40.0,"key":"hexamod:BolsterEngine"},{"floor":43.0,"key":"Girya"},{"floor":44.0,"key":"Potion Belt"},{"floor":46.0,"key":"TeardropLocket"},{"floor":47.0,"key":"Pocketwatch"},{"floor":54,"key":"Bottled Flame"}],"event_choices":[{"damage_healed":0.0,"max_hp_gain":0.0,"max_hp_loss":0.0,"gold_gain":175.0,"event_name":"Liars Game","player_choice":"AGREE","floor":10.0,"gold_loss":0.0,"damage_taken":0.0,"cards_obtained":["Doubt"]},{"damage_healed":0.0,"max_hp_gain":5.0,"max_hp_loss":0.0,"gold_gain":0.0,"event_name":"Big Fish","player_choice":"Donut","floor":12.0,"gold_loss":0.0,"damage_taken":0.0},{"cards_removed":["Strike_P"],"damage_healed":0.0,"max_hp_gain":0.0,"max_hp_loss":0.0,"gold_gain":0.0,"event_name":"Designer","player_choice":"Upgrade and Remove","floor":27.0,"gold_loss":90.0,"damage_taken":0.0,"cards_upgraded":["Wallop"]},{"damage_healed":0.0,"max_hp_gain":0.0,"max_hp_loss":0.0,"gold_gain":0.0,"event_name":"Lab","player_choice":"Got Potions","floor":30.0,"gold_loss":0.0,"damage_taken":0.0},{"damage_healed":0.0,"max_hp_gain":0.0,"max_hp_loss":0.0,"gold_gain":0.0,"event_name":"SensoryStone","player_choice":"Memory 3","floor":41.0,"gold_loss":0.0,"damage_taken":10.0},{"damage_healed":0.0,"max_hp_gain":0.0,"max_hp_loss":0.0,"gold_gain":0.0,"event_name":"The Woman in Blue","player_choice":"Bought 1 Potion","floor":42.0,"gold_loss":0.0,"damage_taken":0.0},{"damage_healed":0.0,"max_hp_gain":0.0,"max_hp_loss":0.0,"gold_gain":0.0,"event_name":"Mysterious Sphere","player_choice":"Fight","floor":47.0,"gold_loss":0.0,"damage_taken":0.0},{"damage_healed":0.0,"max_hp_gain":0.0,"max_hp_loss":5.0,"gold_gain":0.0,"event_name":"Winding Halls","player_choice":"Max HP","floor":48.0,"gold_loss":0.0,"damage_taken":0.0}],"is_beta":false,"boss_relics":[{"not_picked":["SacredBark","Busted Crown"],"picked":"SlaversCollar"},{"not_picked":["Runic Dome","Runic Pyramid"],"picked":"Coffee Dripper"}],"items_purged_floors":[37],"is_endless":false,"potions_floor_spawned":[1,8,13,16,20,23,24,31,39,40,44,47,54],"ascension_level":6}}