{"host":"1a8vswsp13vmqqwt","time":1612284742,"event":{"mods":["AchievementEnabler","BaseMod","Minty Spire (QoL Compilation)","StSLib"],"gold_per_floor":[109,55,72,82,93,93,125,142,169,169,189,189,201,231,231,332,332,344,269,269,285,235,268,268,285,311,345,362,362,374,222,222,222,222],"floor_reached":33,"language":"ENG","playtime":1693,"items_purged":["Defend_G","Strike_G"],"score":329,"play_id":"4c9b3fd5-0e45-4568-b156-7de7e1ac7ef4","local_time":"20210202195222","is_ascension_mode":true,"campfire_choices":[{"data":"Crippling Poison","floor":6.0,"key":"SMITH"},{"floor":12.0,"key":"REST"},{"floor":15.0,"key":"REST"},{"floor":24,"key":"REST"},{"floor":32,"key":"REST"}],"circlet_count":0,"master_deck":["Strike_G","Strike_G","Strike_G","Defend_G","Defend_G","Defend_G","Defend_G","Survivor","Neutralize","Footwork","Dodge and Roll","Dodge and Roll","Catalyst","Crippling Poison+1","Reflex","Blur","Heel Hook","Backflip","Leg Sweep","Bane","Unload","Calculated Gamble","Acrobatics","PiercingWail","Backflip","Cloak And Dagger+1","Flechettes","Concentrate","Poisoned Stab"],"relics":["HoveringKite","Tiny Chest","Regal Pillow","Akabeko","Philosopher\u0027s Stone","PreservedInsect","Boot","Potion Belt","Eternal Feather"],"acts_visited":["Exordium","TheCity"],"potions_floor_usage":[27,28],"damage_taken":[{"damage":0.0,"enemies":"Small Slimes","floor":1.0,"turns":5.0},{"damage":1.0,"enemies":"Cultist","floor":3.0,"turns":6.0},{"damage":1.0,"enemies":"2 Louse","floor":4.0,"turns":4.0},{"damage":6.0,"enemies":"2 Fungi Beasts","floor":5.0,"turns":7.0},{"damage":15.0,"enemies":"3 Sentries","floor":7.0,"turns":14.0},{"damage":12.0,"enemies":"Blue Slaver","floor":8.0,"turns":4.0},{"damage":1.0,"enemies":"Looter","floor":11.0,"turns":5.0},{"damage":0.0,"enemies":"2 Fungi Beasts","floor":13.0,"turns":4.0},{"damage":38.0,"enemies":"Gremlin Nob","floor":14.0,"turns":6.0},{"damage":16.0,"enemies":"The Guardian","floor":16.0,"turns":15.0},{"damage":22.0,"enemies":"2 Thieves","floor":18.0,"turns":4.0},{"damage":7.0,"enemies":"Shell Parasite","floor":21.0,"turns":7.0},{"damage":21,"enemies":"Slavers","floor":23,"turns":10},{"damage":4,"enemies":"Centurion and Healer","floor":25,"turns":11},{"damage":27,"enemies":"Book of Stabbing","floor":27,"turns":6},{"damage":4,"enemies":"Snecko","floor":28,"turns":7},{"damage":13,"enemies":"Snake Plant","floor":30,"turns":7},{"damage":103,"enemies":"Champ","floor":33,"turns":16}],"seed_played":"-1729994791545788464","potions_obtained":[{"floor":1.0,"key":"FearPotion"},{"floor":3.0,"key":"FairyPotion"},{"floor":5.0,"key":"Fire Potion"},{"floor":14.0,"key":"LiquidMemories"},{"floor":25,"key":"Poison Potion"},{"floor":27,"key":"PowerPotion"}],"is_trial":false,"path_per_floor":["M","$","M","M","M","R","E","M","T","?","M","R","M","E","R","B",null,"M","$","?","M","$","E","R","M","T","E","M","T","M","$","R","B"],"character_chosen":"THE_SILENT","items_purchased":["Dodge and Roll","PiercingWail","Poisoned Stab"],"campfire_rested":4,"item_purchase_floors":[2,22,31],"current_hp_per_floor":[70,70,69,68,62,62,47,35,35,35,34,70,70,32,68,52,70,48,48,48,41,41,20,56,52,52,25,21,21,8,8,59,0,0],"gold":222,"neow_bonus":"BOSS_RELIC","is_daily":false,"chose_seed":false,"campfire_upgraded":1,"win_rate":0.0,"timestamp":1612284742,"path_taken":["M","$","M","M","M","R","E","M","T","?","M","R","M","E","R","BOSS","M","?","?","M","$","E","R","M","T","E","M","?","M","?","R","BOSS"],"items_purchased_type":["Card","Card","Card"],"build_version":"2020-12-22","purchased_purges":2,"victory":false,"max_hp_per_floor":[70,70,70,70,70,70,70,70,70,70,70,70,70,70,70,70,70,70,70,70,70,70,70,70,70,70,70,70,70,70,70,70,70,70],"card_choices":[{"not_picked":["Dagger Throw","Backflip"],"picked":"Footwork","floor":1.0},{"not_picked":["Bane","Sucker Punch"],"picked":"Dodge and Roll","floor":3.0},{"not_picked":["Prepared","Backflip"],"picked":"Catalyst","floor":4.0},{"not_picked":["Sucker Punch","Eviscerate"],"picked":"Crippling Poison","floor":5.0},{"not_picked":["Bane","Outmaneuver"],"picked":"Reflex","floor":7.0},{"not_picked":["Backflip","Finisher"],"picked":"Blur","floor":8.0},{"not_picked":["Acrobatics","Prepared"],"picked":"Backflip","floor":11.0},{"not_picked":["Dagger Spray","Blade Dance"],"picked":"Leg Sweep","floor":13.0},{"not_picked":["Blade Dance","Escape Plan"],"picked":"Bane","floor":14.0},{"not_picked":["Tools of the Trade","Night Terror"],"picked":"Unload","floor":16.0},{"not_picked":["Well Laid Plans","Acrobatics"],"picked":"Calculated Gamble","floor":18.0},{"not_picked":["Slice","Endless Agony+1"],"picked":"Acrobatics","floor":21.0},{"not_picked":["Setup","Outmaneuver"],"picked":"Backflip","floor":23},{"not_picked":["Blade Dance+1","Choke","Underhanded Strike"],"picked":"SKIP","floor":25},{"not_picked":["Expertise+1","Heel Hook"],"picked":"Cloak And Dagger+1","floor":27},{"not_picked":["Outmaneuver","Choke"],"picked":"Flechettes","floor":28},{"not_picked":["Endless Agony","Flying Knee"],"picked":"Concentrate","floor":30}],"player_experience":195129,"relics_obtained":[{"floor":7.0,"key":"Tiny Chest"},{"floor":9.0,"key":"Regal Pillow"},{"floor":14.0,"key":"Akabeko"},{"floor":23,"key":"PreservedInsect"},{"floor":26,"key":"Boot"},{"floor":27,"key":"Potion Belt"},{"floor":29,"key":"Eternal Feather"}],"event_choices":[{"damage_healed":0.0,"max_hp_gain":0.0,"max_hp_loss":0.0,"gold_gain":0.0,"cards_transformed":["Strike_G"],"event_name":"Transmorgrifier","player_choice":"Transformed","floor":10.0,"gold_loss":0.0,"damage_taken":0.0,"cards_obtained":["Heel Hook"]},{"damage_healed":0.0,"max_hp_gain":0.0,"max_hp_loss":0.0,"gold_gain":0.0,"event_name":"Ghosts","player_choice":"Ignored","floor":20.0,"gold_loss":0.0,"damage_taken":0.0}],"is_beta":false,"boss_relics":[{"not_picked":["Velvet Choker","Runic Dome"],"picked":"Philosopher\u0027s Stone"}],"items_purged_floors":[19,31],"is_endless":false,"potions_floor_spawned":[1,3,5,13,14,25,27],"killed_by":"Champ","ascension_level":2}}