{"host":"nyffms3wv8okr3l3","time":1612230389,"event":{"mods":["Astrologer","Bard","BaseMod","Beaked The Cultist","Bestiary","BetterRewards","Colored Powertips","Downfall","Fiend Mod","Gremlin Mod","Hermit","Hubris","Hunter ??","Infinite Spire","Marisa????????","Minty Spire (QoL Compilation)","Replay The Spire","StSLib","Synergy Search","The Forsaken"],"gold_per_floor":[114,114,214,227,239,274,290,290,290,306,306,326,326,338,338,440,440,452,367,417,405,421,421,421,421],"floor_reached":24,"language":"ENG","playtime":1197,"items_purged":[],"score":200,"play_id":"00ce22e8-56f6-4534-bc84-17ec31e469f0","local_time":"20210201234629","is_ascension_mode":false,"campfire_choices":[{"floor":8,"key":"REST"},{"floor":11,"key":"REST"},{"floor":13,"key":"REST"},{"floor":15,"key":"REST"},{"floor":23,"key":"REST"}],"circlet_count":0,"master_deck":["Strike_B","Strike_B","Strike_B+1","Strike_B","Defend_B","Defend_B","Defend_B","Defend_B+1","Zap","Dualcast","Dramatic Entrance","Beam Cell","Cold Snap","Gash","Gash","Conserve Battery","Sweeping Beam","Aggregate","ReplayRNGCard","Mirror Shield","Chill","Coolheaded","Ball Lightning"],"relics":["Cracked Core","Simple Rune","hubris:TinFlute","Nuclear Battery","theForsaken:Gavel"],"acts_visited":["Exordium","TheCity"],"potions_floor_usage":[16,16],"damage_taken":[{"damage":6,"enemies":"Jaw Worm","floor":1,"turns":2},{"damage":12,"enemies":"Small Slimes","floor":4,"turns":3},{"damage":0,"enemies":"Cultist","floor":5,"turns":3},{"damage":52,"enemies":"Gremlin Nob","floor":6,"turns":5},{"damage":0,"enemies":"2 Fungi Beasts","floor":7,"turns":2},{"damage":0,"enemies":"3 Louse","floor":10,"turns":2},{"damage":1,"enemies":"Lots of Slimes","floor":12,"turns":2},{"damage":11,"enemies":"Large Slime","floor":14,"turns":4},{"damage":69,"enemies":"The Guardian","floor":16,"turns":11},{"damage":14,"enemies":"Chosen","floor":18,"turns":6},{"damage":14,"enemies":"2 Thieves","floor":21,"turns":4},{"damage":7,"enemies":"Chosen and Byrds","floor":22,"turns":7},{"damage":64,"enemies":"Book of Stabbing","floor":24,"turns":6}],"seed_played":"-3087501240736141681","potions_obtained":[{"floor":1,"key":"Swift Potion"},{"floor":4,"key":"Venom Potion"},{"floor":5,"key":"SneckoOil"},{"floor":22,"key":"Energy Potion"}],"is_trial":false,"path_per_floor":["M","?","?","M","M","E","M","R","T","M","R","M","R","M","R","B",null,"M","?","?","M","M","R","E"],"character_chosen":"DEFECT","items_purchased":[],"campfire_rested":5,"item_purchase_floors":[],"current_hp_per_floor":[69,69,69,57,57,5,5,27,27,27,49,48,70,59,75,6,75,61,61,61,47,40,62,0,0],"gold":421,"neow_bonus":"RANDOM_COLORLESS","is_daily":false,"chose_seed":false,"campfire_upgraded":0,"win_rate":0.0,"timestamp":1612230389,"path_taken":["M","?","?","M","M","E","M","R","T","?","R","M","R","M","R","BOSS","M","?","?","M","?","R","E"],"items_purchased_type":[],"build_version":"2020-12-22","purchased_purges":0,"victory":false,"max_hp_per_floor":[75,75,75,75,75,75,75,75,75,75,75,75,75,75,75,75,75,75,75,75,75,75,75,75,75],"card_choices":[{"not_picked":["Dark Shackles","Specialist"],"picked":"Dramatic Entrance","floor":0},{"not_picked":["Rebound","FTL"],"picked":"Beam Cell","floor":1},{"not_picked":["Force Field","Hologram"],"picked":"Cold Snap","floor":4},{"not_picked":["Reprogram","Hello World"],"picked":"Gash","floor":5},{"not_picked":["Conserve Battery","Compile Driver"],"picked":"Gash","floor":6},{"not_picked":["Force Field","Heatsinks"],"picked":"Conserve Battery","floor":7},{"not_picked":["Rebound","Fusion"],"picked":"Sweeping Beam","floor":10},{"not_picked":["Cold Snap","Defragment"],"picked":"Aggregate","floor":12},{"not_picked":["Chaos","Ball Lightning"],"picked":"ReplayRNGCard","floor":14},{"not_picked":["ReplayRNGCard","Machine Learning"],"picked":"Mirror Shield","floor":16},{"not_picked":["ReplayTheSpireMod:Repulse","Heatsinks"],"picked":"Chill","floor":18},{"not_picked":["Rip and Tear","Cold Snap+1"],"picked":"Coolheaded","floor":21},{"not_picked":["BasicCrystalCard","Double Energy"],"picked":"Ball Lightning","floor":22}],"player_experience":60115,"relics_obtained":[{"floor":6,"key":"Simple Rune"},{"floor":9,"key":"hubris:TinFlute"}],"event_choices":[{"damage_healed":0,"gold_gain":0,"player_choice":"Ignored","damage_taken":0,"max_hp_gain":0,"max_hp_loss":0,"event_name":"Liars Game","floor":2,"gold_loss":0},{"damage_healed":0,"gold_gain":100,"player_choice":"Pray","damage_taken":0,"max_hp_gain":0,"max_hp_loss":0,"event_name":"Golden Shrine","floor":3,"gold_loss":0},{"damage_healed":0,"gold_gain":0,"player_choice":"Obtained Relic","damage_taken":0,"relics_obtained":["theForsaken:Gavel"],"max_hp_gain":0,"max_hp_loss":0,"event_name":"Addict","floor":19,"gold_loss":85},{"damage_healed":0,"gold_gain":100,"player_choice":"Bet on Murderer","damage_taken":0,"max_hp_gain":0,"max_hp_loss":0,"event_name":"The Joust","floor":20,"gold_loss":50}],"is_beta":false,"boss_relics":[{"not_picked":["Tiny House","Snecko Eye"],"picked":"Nuclear Battery"}],"items_purged_floors":[],"is_endless":false,"potions_floor_spawned":[1,4,5,14,22],"killed_by":"Book of Stabbing","ascension_level":0}}