{"host":"gf8hyl7jhl0is674","time":1612288987,"event":{"mods":["2.2 Compatiblity","Act Like it!","Aspiration","BaseMod","CapriCore","Chen","Colored Map","Gensokyo","Hallownest","Jorbs\u0027s Wanderer Trilogy","Koishi","Marisa????????","Minty Spire (QoL Compilation)","Onozuka Komachi Mod","Permanent Neow","Reimu??????","StSLib","The Administrix","The Blue Laboratory","The Immortal","The Jungle","The Servant 0.9.4","Waifu the Spire","Yakumo Yukari mod"],"gold_per_floor":[117,117,130,143,143,178,178,178,178,188,188,188,213,17,17,119,119,138,138,153,2,2,102,128,128,128,78,95,105,134,151,151,253,253,267,267,285,23,23,23,40,58,58,78,78,92,57,88,88,88,88,88,14,47,47],"floor_reached":56,"language":"ENG","playtime":4270,"items_purged":["Strike_B","Strike_B","Defend_G"],"score":1250,"play_id":"8551b9dc-5e40-41d7-ad7e-9bae07d184a4","local_time":"20210202110307","is_ascension_mode":false,"campfire_choices":[{"data":"Dualcast","floor":7,"key":"SMITH"},{"data":"Zap","floor":11,"key":"SMITH"},{"data":"Reinforced Body","floor":15,"key":"SMITH"},{"data":"Defragment","floor":25,"key":"SMITH"},{"floor":32,"key":"REST"},{"floor":40,"key":"RECALL"},{"data":"Rainbow","floor":45,"key":"SMITH"},{"data":"Defragment","floor":49,"key":"SMITH"},{"data":"Skewer","floor":52,"key":"SMITH"}],"circlet_count":0,"master_deck":["Zap+1","Dualcast+1","Rainbow+1","Conserve Battery","Core Surge","Neutralize","Compile Driver","Hallownest:skillLeafShield","Hallownest:skillLeafShield","Hallownest:skillLeafShield","Hallownest:skillLeafShield","Hallownest:skillLeafShield","Defragment+1","Reinforced Body+1","Echo Form","Undo","BootSequence","Redo+1","Reboot","Noxious Fumes","Skewer+1","Coolheaded+1","Defragment+1","Fusion+1"],"relics":["Cracked Core","Hallownest:DreamNailRelic","Hallownest:TeacherSealRelic","aspiration:SeaSaltIceCream","Membership Card","PreservedInsect","aspiration:HummingbirdHeart","aspiration:Stellarator","theJungle:WildStrawberry","Bag of Marbles","Centennial Puzzle","aspiration:FrozenJewel","aspiration:ChemicalBlood","Vajra","Nuclear Battery","Kunai","ClockworkSouvenir","Hallownest:HeavyBlowRelic","InkBottle","Question Card","HandDrill","Art of War"],"acts_visited":["Hallownest:Greenpath","Hallownest:Greenpath","Hallownest:KingdomsEdge","TheEnding"],"potions_floor_usage":[48,48,55,55,55],"damage_taken":[{"damage":0,"enemies":"Hallownest:monsterHuskGuard","floor":1,"turns":5},{"damage":0,"enemies":"Hallownest:2_MossCreeps","floor":3,"turns":7},{"damage":0,"enemies":"Hallownest:monsterHuskWarrior","floor":4,"turns":5},{"damage":10,"enemies":"Hallownest:eliteCrystalGuardian","floor":6,"turns":5},{"damage":1,"enemies":"Hallownest:Wandering_and_Horned","floor":10,"turns":3},{"damage":0,"enemies":"Hallownest:eliteMossKnight","floor":13,"turns":8},{"damage":2,"enemies":"Hallownest:BossBrokenVessel","floor":16,"turns":10},{"damage":22,"enemies":"theJungle:Flameango_and_Byrd","floor":18,"turns":6},{"damage":5,"enemies":"theJungle:GiantWrat","floor":20,"turns":5},{"damage":1,"enemies":"theJungle:2_Phrogs","floor":24,"turns":5},{"damage":8,"enemies":"theJungle:SlimyTreeVines","floor":28,"turns":9},{"damage":0,"enemies":"theJungle:JungleHuntersEncounter","floor":29,"turns":6},{"damage":15,"enemies":"theJungle:MamaSnecko","floor":30,"turns":7},{"damage":6,"enemies":"theJungle:Snecko_Cultist_And_Trap","floor":31,"turns":5},{"damage":3,"enemies":"theJungle:FunGuy","floor":33,"turns":8},{"damage":0,"enemies":"Hallownest:2_Littles","floor":35,"turns":4},{"damage":6,"enemies":"Hallownest:3_Siblings","floor":37,"turns":8},{"damage":0,"enemies":"Hallownest:2_Wing_and_1_Kings","floor":41,"turns":6},{"damage":0,"enemies":"Hallownest:monsterPrimalAspid","floor":42,"turns":3},{"damage":2,"enemies":"Hallownest:2_Wandering_and_1_Horned","floor":44,"turns":6},{"damage":0,"enemies":"Hallownest:Xero_Hu_Marmu","floor":46,"turns":8},{"damage":14,"enemies":"Hallownest:StalkingDevout","floor":48,"turns":7},{"damage":0,"enemies":"Hallownest:Radiance","floor":50,"turns":11},{"damage":10,"enemies":"Shield and Spear","floor":54,"turns":6},{"damage":36,"enemies":"The Heart","floor":55,"turns":8}],"seed_played":"-6167628036521287797","potions_obtained":[{"floor":6,"key":"ZuzhouPotion:ReiMu"},{"floor":13,"key":"blueLaboratory:EnragingPotion"},{"floor":18,"key":"blueLaboratory:EnragingPotion"},{"floor":30,"key":"Explosive Potion"},{"floor":44,"key":"blueLaboratory:CoolantVial"},{"floor":48,"key":"blueLaboratory:BottledHope"},{"floor":54,"key":"GrandPatriotsElixir:ReiMu"},{"floor":54,"key":"DuplicationPotion"}],"is_trial":false,"path_per_floor":["M","?","M","M","?","E","R","?","T","M","R","?","E","$","R","B",null,"M","?","M","$","?","?","E","R","T","$","M","M","E","M","R","B",null,"M","?","M","$","?","R","M","M","T","M","R","M","$","E","R","B",null,"R","$","E","B",null],"character_chosen":"DEFECT","items_purchased":["aspiration:HummingbirdHeart","Reinforced Body","Bag of Marbles","Centennial Puzzle","Kunai","ClockworkSouvenir","Defragment","HandDrill"],"campfire_rested":1,"item_purchase_floors":[14,14,21,21,38,38,47,53],"current_hp_per_floor":[75,75,75,75,75,65,65,65,65,64,64,64,64,64,64,62,75,53,46,41,41,41,41,40,40,40,40,38,38,23,17,41,38,82,82,82,76,76,76,76,76,76,76,74,74,74,74,60,60,60,82,82,82,72,36],"gold":47,"neow_bonus":"ONE_RANDOM_RARE_CARD","is_daily":false,"chose_seed":false,"campfire_upgraded":7,"win_rate":0.0,"timestamp":1612288987,"path_taken":["M","?","?","M","?","E","R","?","T","?","R","?","E","$","R","BOSS","M","?","M","$","?","?","E","R","T","$","?","M","E","M","R","BOSS","M","?","M","?","?","R","M","?","T","M","R","M","$","E","R","BOSS","R","$","E","BOSS"],"items_purchased_type":["Relic","Card","Relic","Relic","Relic","Relic","Card","Relic"],"build_version":"2020-12-22","purchased_purges":3,"victory":true,"max_hp_per_floor":[75,75,75,75,75,75,75,75,75,75,75,75,75,75,75,75,75,75,82,82,82,82,82,82,82,82,82,82,82,82,82,82,82,82,82,82,82,82,82,82,82,82,82,82,82,82,82,82,82,82,82,82,82,82,82],"card_choices":[{"not_picked":["Hologram","Static Discharge"],"picked":"Conserve Battery","floor":1},{"not_picked":["Stack","Melter"],"picked":"Capacitor","floor":3},{"not_picked":["Sweeping Beam","Conserve Battery","Stack"],"picked":"SKIP","floor":4},{"not_picked":["Streamline","Steam"],"picked":"Core Surge","floor":6},{"not_picked":["Gash","Ball Lightning"],"picked":"Compile Driver","floor":10},{"not_picked":["Force Field","Steam"],"picked":"Defragment","floor":13},{"not_picked":["Thunder Strike","Creative AI"],"picked":"Echo Form","floor":16},{"not_picked":["Doom and Gloom","Sweeping Beam","Compile Driver+1"],"picked":"SKIP","floor":18},{"not_picked":["Conserve Battery","Leap"],"picked":"Undo","floor":20},{"not_picked":["Ball Lightning","Undo"],"picked":"BootSequence","floor":24},{"not_picked":["Auto Shields","Melter","Leap"],"picked":"SKIP","floor":28},{"not_picked":["Ball Lightning+1","Streamline"],"picked":"Redo+1","floor":29},{"not_picked":["Echo Form","Steam","Compile Driver"],"picked":"SKIP","floor":30},{"not_picked":["Barrage","BootSequence","Coolheaded"],"picked":"SKIP","floor":31},{"not_picked":["Hyperbeam","Thunder Strike"],"picked":"Reboot","floor":33},{"not_picked":["Streamline+1","Compile Driver","Recycle+1"],"picked":"SKIP","floor":35},{"not_picked":["Steam+1","Steam Power","Stack+1"],"picked":"SKIP","floor":37},{"not_picked":["Multi-Cast","Turbo","Leap"],"picked":"SKIP","floor":41},{"not_picked":["Blizzard+1","Barrage+1"],"picked":"Coolheaded+1","floor":42},{"not_picked":["Ball Lightning+1","Hologram+1","Rebound+1"],"picked":"SKIP","floor":44},{"not_picked":["Ball Lightning","Stack","Steam+1"],"picked":"SKIP","floor":46},{"not_picked":["Auto Shields","Streamline+1"],"picked":"Fusion+1","floor":48},{"not_picked":["Compile Driver+1","Steam Power+1","Cold Snap+1","Steam"],"picked":"SKIP","floor":54}],"player_experience":397380,"relics_obtained":[{"floor":6,"key":"aspiration:SeaSaltIceCream"},{"floor":13,"key":"PreservedInsect"},{"floor":24,"key":"aspiration:FrozenJewel"},{"floor":26,"key":"aspiration:ChemicalBlood"},{"floor":30,"key":"Vajra"},{"floor":43,"key":"InkBottle"},{"floor":48,"key":"Question Card"},{"floor":54,"key":"Art of War"}],"event_choices":[{"damage_healed":0,"gold_gain":100,"player_choice":"Pray","damage_taken":0,"max_hp_gain":0,"max_hp_loss":0,"event_name":"Golden Shrine","floor":23,"gold_loss":0}],"is_beta":false,"boss_relics":[{"not_picked":["aspiration:IroncladSkillbook","Tiny House"],"picked":"aspiration:Stellarator"},{"not_picked":["aspiration:SilentSkillbook","Empty Cage"],"picked":"Nuclear Battery"}],"items_purged_floors":[14,27,38],"is_endless":false,"potions_floor_spawned":[6,13,18,30,41,42,44,48,54],"ascension_level":0}}