{"host":"cjhtzh7tp54jdfyv","time":1612284702,"event":{"mods":["AchievementEnabler","BaseMod","Colored Map","Colored Powertips","Curses Come First","DeckTracker","Minty Spire (QoL Compilation)","RNG Fix","Relic Sorter","Relic Stats","StSLib","UnlockEverythingMod","ojb\u0027s Better Paths Mod","ojb\u0027s Info Mod"],"gold_per_floor":[114,114,389,401,401,401,434,359,385,385,717,209,209,248,248,344,344,362,362,362,97,12,43,43,58,83,83,208,208,248,261,261,354,354,374,264,324,349,365,365,384,415,415,748,748,774,786,786,786,786,786,786,786,44,70,70],"floor_reached":57,"language":"ENG","playtime":5105,"items_purged":["Regret","Strike_G","Backstab+1"],"score":3141,"play_id":"74d1af09-2c78-4908-8c60-0269a37d5d50","local_time":"20210202115142","is_ascension_mode":true,"campfire_choices":[{"data":"Glass Knife","floor":6.0,"key":"SMITH"},{"data":"Bouncing Flask","floor":10.0,"key":"SMITH"},{"floor":15,"key":"REST"},{"floor":24,"key":"REST"},{"floor":32,"key":"REST"},{"floor":40,"key":"RECALL"},{"floor":45,"key":"REST"},{"floor":49,"key":"REST"},{"floor":53,"key":"REST"}],"circlet_count":0,"master_deck":["AscendersBane","Defend_G","Defend_G","Defend_G","Defend_G","Survivor","Neutralize+1","Underhanded Strike","Glass Knife+1","Bouncing Flask+1","Endless Agony+1","Envenom","Leg Sweep+1","Prepared+1","Slice+1","Skewer+1","Infinite Blades+1","Blade Dance","Necronomicurse","Backflip","Terror","Riddle With Holes","Footwork+1","Wraith Form v2+1","Dagger Spray+1","Calculated Gamble+1","Calculated Gamble","Acrobatics","Acrobatics+1","Well Laid Plans+1","Wraith Form v2+1","Footwork+1","Madness","Madness","Deflect+1","Terror","Acrobatics"],"relics":["Ring of the Snake","Happy Flower","NeowsBlessing","Pear","Juzu Bracelet","Old Coin","Kunai","ClockworkSouvenir","Regal Pillow","Fusion Hammer","Orrery","Frozen Egg 2","Snake Skull","Dream Catcher","Necronomicon","FossilizedHelix","Question Card","MutagenicStrength","HornCleat","Astrolabe","TungstenRod","Whetstone","Mercury Hourglass","Centennial Puzzle","Ornamental Fan","Pantograph","Letter Opener"],"acts_visited":["Exordium","TheCity","TheBeyond","TheEnding"],"potions_floor_usage":[14,23,33,35,41,56,56],"damage_taken":[{"damage":0.0,"enemies":"Jaw Worm","floor":1.0,"turns":1.0},{"damage":0.0,"enemies":"2 Louse","floor":4.0,"turns":1.0},{"damage":0.0,"enemies":"3 Sentries","floor":7.0,"turns":2.0},{"damage":5.0,"enemies":"Gremlin Nob","floor":11.0,"turns":3.0},{"damage":15,"enemies":"3 Sentries","floor":14,"turns":8},{"damage":17,"enemies":"The Guardian","floor":16,"turns":9},{"damage":19,"enemies":"Spheric Guardian","floor":18,"turns":5},{"damage":33,"enemies":"Gremlin Leader","floor":23,"turns":4},{"damage":9,"enemies":"Chosen","floor":25,"turns":3},{"damage":12,"enemies":"Colosseum Slavers","floor":28,"turns":2},{"damage":0,"enemies":"Colosseum Nobs","floor":28,"turns":4},{"damage":0,"enemies":"Slavers","floor":30,"turns":4},{"damage":0,"enemies":"Centurion and Healer","floor":31,"turns":2},{"damage":11,"enemies":"Champ","floor":33,"turns":8},{"damage":0,"enemies":"3 Shapes","floor":35,"turns":4},{"damage":11,"enemies":"2 Orb Walkers","floor":37,"turns":3},{"damage":0,"enemies":"3 Darklings","floor":39,"turns":5},{"damage":16,"enemies":"Writhing Mass","floor":41,"turns":5},{"damage":0,"enemies":"Giant Head","floor":42,"turns":7},{"damage":0,"enemies":"Nemesis","floor":46,"turns":5},{"damage":0,"enemies":"Sphere and 2 Shapes","floor":47,"turns":8},{"damage":0,"enemies":"Time Eater","floor":50,"turns":6},{"damage":7,"enemies":"Donu and Deca","floor":51,"turns":9},{"damage":0,"enemies":"Shield and Spear","floor":55,"turns":9},{"damage":10,"enemies":"The Heart","floor":56,"turns":9}],"seed_played":"-3425622070199949269","potions_obtained":[{"floor":1.0,"key":"FairyPotion"},{"floor":7.0,"key":"CunningPotion"},{"floor":16,"key":"SteroidPotion"},{"floor":23,"key":"SkillPotion"},{"floor":28,"key":"PowerPotion"},{"floor":33,"key":"EntropicBrew"},{"floor":35,"key":"ColorlessPotion"},{"floor":41,"key":"Ancient Potion"}],"is_trial":false,"path_per_floor":["M","?","?","M","?","R","E","?","T","R","E","$","?","E","R","B",null,"M","?","?","$","?","E","R","M","T","?","?","?","E","M","R","B",null,"M","?","?","T","M","R","M","E","T","?","R","E","M","?","R","B","B",null,"R","$","E","B",null],"character_chosen":"THE_SILENT","items_purchased":["Kunai","ClockworkSouvenir","Orrery","Ornamental Fan","Acrobatics","Pantograph"],"campfire_rested":6,"item_purchase_floors":[12,12,21,54,54,54],"current_hp_per_floor":[59,59,59,59,69,69,69,69,69,69,64,64,38,23,60,43,68,49,49,27,27,27,24,63,54,54,33,21,21,21,21,60,49,73,73,73,62,62,62,62,46,46,46,46,81,81,81,67,81,81,74,79,81,81,81,71],"gold":70,"neow_bonus":"THREE_ENEMY_KILL","is_daily":false,"chose_seed":false,"campfire_upgraded":2,"win_rate":0.0,"timestamp":1612284702,"path_taken":["M","?","?","?","?","R","E","?","T","R","E","?","?","E","R","BOSS","M","?","?","$","?","E","R","M","T","?","?","?","E","M","R","BOSS","M","?","?","?","M","R","M","E","T","?","R","E","M","?","R","BOSS","BOSS","R","$","E","BOSS"],"items_purchased_type":["Relic","Relic","Relic","Relic","Card","Relic"],"build_version":"2020-12-22","purchased_purges":3,"victory":true,"max_hp_per_floor":[66,66,66,66,76,76,76,76,76,76,76,76,76,76,76,76,76,76,76,81,81,81,81,81,81,81,81,81,81,81,81,81,81,81,81,81,81,81,81,81,81,81,81,81,81,81,81,81,81,81,81,81,81,81,81,81],"relic_stats":{"Regal Pillow":56,"Happy Flower":[40],"counters":[25,125],"Astrolabe":["Backstab","Dagger Spray","Calculated Gamble"],"Snake Skull":[246],"Juzu Bracelet":2,"Whetstone":["Endless Agony","Neutralize"],"Letter Opener":[25],"Question Card":15,"Mercury Hourglass":[118],"Dream Catcher":4,"Centennial Puzzle":[6],"Ornamental Fan":[56],"Pantograph":0,"Necronomicon":[35],"Kunai":[68],"obtain_stats":[{"Regal Pillow":14,"Snake Skull":23,"Juzu Bracelet":7,"Whetstone":42,"Old Coin":11,"ClockworkSouvenir":12,"Dream Catcher":26,"Centennial Puzzle":46,"HornCleat":30,"Pantograph":54,"Fusion Hammer":17,"Necronomicon":27,"Kunai":12,"Ring of the Snake":0,"Pear":5,"NeowsBlessing":0,"Happy Flower":9,"Golden Idol":13,"Astrolabe":34,"Letter Opener":55,"Frozen Egg 2":22,"Question Card":28,"Mercury Hourglass":43,"Ornamental Fan":54,"MutagenicStrength":29,"Orrery":21,"FossilizedHelix":28,"TungstenRod":37},{"Regal Pillow":5,"Snake Skull":8,"Juzu Bracelet":3,"Whetstone":19,"Old Coin":4,"ClockworkSouvenir":4,"Dream Catcher":9,"Centennial Puzzle":20,"HornCleat":12,"Pantograph":23,"Fusion Hammer":6,"Necronomicon":9,"Kunai":4,"Ring of the Snake":0,"Pear":2,"NeowsBlessing":0,"Happy Flower":3,"Golden Idol":4,"Astrolabe":14,"Letter Opener":24,"Frozen Egg 2":7,"Question Card":11,"Mercury Hourglass":19,"Ornamental Fan":23,"MutagenicStrength":11,"Orrery":7,"FossilizedHelix":11,"TungstenRod":16},{"Regal Pillow":15,"Snake Skull":33,"Juzu Bracelet":4,"Whetstone":80,"Old Coin":7,"ClockworkSouvenir":7,"Dream Catcher":36,"Centennial Puzzle":84,"HornCleat":46,"Pantograph":107,"Fusion Hammer":24,"Necronomicon":36,"Kunai":7,"Ring of the Snake":0,"Pear":2,"NeowsBlessing":0,"Happy Flower":4,"Golden Idol":7,"Astrolabe":56,"Letter Opener":116,"Frozen Egg 2":29,"Question Card":42,"Mercury Hourglass":80,"Ornamental Fan":107,"MutagenicStrength":42,"Orrery":29,"FossilizedHelix":42,"TungstenRod":63}],"TungstenRod":45,"Ring of the Snake":[53]},"card_choices":[{"not_picked":["Deadly Poison","Noxious Fumes"],"picked":"Underhanded Strike","floor":1.0},{"not_picked":["Catalyst","All Out Attack","Underhanded Strike"],"picked":"SKIP","floor":4.0},{"not_picked":["Underhanded Strike","Well Laid Plans"],"picked":"Bouncing Flask","floor":7.0},{"not_picked":["Poisoned Stab","Sucker Punch","Expertise"],"picked":"SKIP","floor":11.0},{"not_picked":["Finisher","Sucker Punch"],"picked":"Endless Agony","floor":14},{"not_picked":["Unload","Doppelganger"],"picked":"Envenom","floor":16},{"not_picked":["Distraction","Footwork","Poisoned Stab"],"picked":"SKIP","floor":18},{"not_picked":["Eviscerate","Outmaneuver"],"picked":"Prepared+1","floor":21},{"not_picked":["Deadly Poison","Setup"],"picked":"Slice+1","floor":21},{"not_picked":["Storm of Steel","Leg Sweep"],"picked":"Skewer+1","floor":21},{"not_picked":["Flying Knee","Well Laid Plans+1"],"picked":"Infinite Blades+1","floor":23},{"not_picked":["Predator","Dash"],"picked":"Blade Dance","floor":25},{"not_picked":["Outmaneuver","Blur"],"picked":"Backflip","floor":28},{"not_picked":["Envenom+1","Burst","Infinite Blades+1"],"picked":"Terror","floor":30},{"not_picked":["Quick Slash","Noxious Fumes+1","Heel Hook"],"picked":"Riddle With Holes","floor":31},{"not_picked":["PiercingWail","Dagger Throw+1","Sucker Punch"],"picked":"Footwork+1","floor":32},{"not_picked":["A Thousand Cuts+1","Glass Knife","Storm of Steel"],"picked":"Wraith Form v2+1","floor":33},{"not_picked":["Bouncing Flask","Slice","Setup"],"picked":"Calculated Gamble","floor":35},{"not_picked":["Skewer","PiercingWail+1","Prepared+1"],"picked":"Acrobatics","floor":39},{"not_picked":["Dodge and Roll","Flying Knee","Prepared+1"],"picked":"Acrobatics+1","floor":41},{"not_picked":["Sucker Punch","Die Die Die","Cloak And Dagger","Bane"],"picked":"SKIP","floor":42},{"not_picked":["Acrobatics+1","Calculated Gamble","Escape Plan+1"],"picked":"Well Laid Plans+1","floor":45},{"not_picked":["Deflect+1","Choke","Dodge and Roll"],"picked":"Wraith Form v2+1","floor":46},{"not_picked":["Dagger Spray","Poisoned Stab","Outmaneuver"],"picked":"Footwork+1","floor":47},{"not_picked":["Quick Slash","Setup","Skewer"],"picked":"Deflect+1","floor":49},{"not_picked":["Deflect","Dagger Spray","Slice"],"picked":"Terror","floor":53},{"not_picked":["Skewer","Cloak And Dagger","Crippling Poison","Dagger Spray"],"picked":"SKIP","floor":55}],"player_experience":4590122,"relics_obtained":[{"floor":7.0,"key":"Juzu Bracelet"},{"floor":9.0,"key":"Happy Flower"},{"floor":11.0,"key":"Old Coin"},{"floor":14,"key":"Regal Pillow"},{"floor":23,"key":"Snake Skull"},{"floor":26,"key":"Dream Catcher"},{"floor":27,"key":"Necronomicon"},{"floor":28,"key":"FossilizedHelix"},{"floor":28,"key":"Question Card"},{"floor":30,"key":"HornCleat"},{"floor":37,"key":"TungstenRod"},{"floor":42,"key":"Whetstone"},{"floor":43,"key":"Mercury Hourglass"},{"floor":46,"key":"Centennial Puzzle"},{"floor":55,"key":"Letter Opener"}],"event_choices":[{"damage_healed":0.0,"max_hp_gain":0.0,"max_hp_loss":0.0,"gold_gain":0.0,"cards_transformed":["Defend_G"],"event_name":"Living Wall","player_choice":"Change","floor":2.0,"gold_loss":0.0,"damage_taken":0.0,"cards_obtained":["Glass Knife"]},{"damage_healed":0.0,"max_hp_gain":0.0,"max_hp_loss":0.0,"gold_gain":275.0,"event_name":"Golden Shrine","player_choice":"Desecrate","floor":3.0,"gold_loss":0.0,"damage_taken":0.0,"cards_obtained":["Regret"]},{"damage_healed":0.0,"max_hp_gain":0.0,"max_hp_loss":0.0,"gold_gain":0.0,"event_name":"Big Fish","player_choice":"Box","floor":5.0,"gold_loss":0.0,"damage_taken":0.0,"relics_obtained":["Pear"],"cards_obtained":["Regret"]},{"cards_removed":["Regret"],"damage_healed":0.0,"max_hp_gain":0.0,"max_hp_loss":0.0,"gold_gain":0.0,"event_name":"The Cleric","player_choice":"Card Removal","floor":8.0,"gold_loss":75.0,"damage_taken":0.0},{"damage_healed":0.0,"max_hp_gain":0.0,"max_hp_loss":0.0,"gold_gain":0.0,"event_name":"Golden Idol","player_choice":"Take Damage","floor":13.0,"gold_loss":0.0,"damage_taken":26.0,"relics_obtained":["Golden Idol"]},{"damage_healed":0,"gold_gain":0,"player_choice":"Read","damage_taken":0,"max_hp_gain":0,"max_hp_loss":0,"event_name":"The Library","floor":19,"gold_loss":0,"cards_obtained":["Leg Sweep"]},{"damage_healed":0,"gold_gain":0,"player_choice":"Shed Blood","damage_taken":27,"max_hp_gain":5,"max_hp_loss":0,"event_name":"Forgotten Altar","floor":20,"gold_loss":0},{"damage_healed":0,"gold_gain":0,"player_choice":"Obtained Relic","damage_taken":0,"relics_obtained":["Frozen Egg 2"],"max_hp_gain":0,"max_hp_loss":0,"event_name":"Addict","floor":22,"gold_loss":85},{"damage_healed":0,"gold_gain":0,"player_choice":"Obtained Book","damage_taken":21,"max_hp_gain":0,"max_hp_loss":0,"event_name":"Cursed Tome","floor":27,"gold_loss":0},{"damage_healed":0,"gold_gain":0,"player_choice":"Fight","damage_taken":0,"max_hp_gain":0,"max_hp_loss":0,"event_name":"Colosseum","floor":28,"gold_loss":0},{"damage_healed":0,"gold_gain":0,"player_choice":"Fought Nobs","damage_taken":0,"max_hp_gain":0,"max_hp_loss":0,"event_name":"Colosseum","floor":28,"gold_loss":0},{"damage_healed":0,"gold_gain":0,"player_choice":"Inject Mutagens","damage_taken":0,"relics_obtained":["MutagenicStrength"],"max_hp_gain":0,"max_hp_loss":0,"event_name":"Drug Dealer","floor":29,"gold_loss":0},{"cards_removed":["Strike_G"],"damage_healed":0,"gold_gain":0,"player_choice":"Upgrade and Remove","damage_taken":0,"max_hp_gain":0,"max_hp_loss":0,"event_name":"Designer","floor":36,"gold_loss":110,"cards_upgraded":["Leg Sweep"]},{"damage_healed":0,"gold_gain":0,"player_choice":"Fight","damage_taken":0,"max_hp_gain":0,"max_hp_loss":0,"event_name":"Mysterious Sphere","floor":37,"gold_loss":0},{"damage_healed":0,"gold_gain":333,"player_choice":"Gave Idol","damage_taken":0,"max_hp_gain":0,"max_hp_loss":0,"event_name":"The Moai Head","floor":44,"relics_lost":["Golden Idol"],"gold_loss":0},{"damage_healed":0,"gold_gain":0,"player_choice":"Embrace Madness","damage_taken":15,"max_hp_gain":0,"max_hp_loss":0,"event_name":"Winding Halls","floor":48,"gold_loss":0,"cards_obtained":["Madness","Madness"]}],"is_beta":false,"boss_relics":[{"not_picked":["Calling Bell","SacredBark"],"picked":"Fusion Hammer"},{"not_picked":["Runic Dome","Busted Crown"],"picked":"Astrolabe"}],"items_purged_floors":[12,21,54],"is_endless":false,"potions_floor_spawned":[1,7,16,23,28,28,33,35,41,42,47,55],"ascension_level":20}}