{"host":"ux8r2oyej5019q8x","time":1612302587,"event":{"mods":["AchievementEnabler","BaseMod","Colored Map","Colored Powertips","GifTheSpireLib","HexUI Lib","Highlight Path","Minty Spire (QoL Compilation)","Rare Cards Sparkle","Relic Stats","StSLib","everything is the same but u backflip on backflip"],"gold_per_floor":[114,138,150,169,185,185,196,224,224,244,269,286,301,312,312,407,407,421,438,182,193,193,193,193],"floor_reached":23,"language":"ENG","playtime":4000,"items_purged":["Defend_R"],"score":272,"play_id":"7d8f9c19-ec57-4c06-a8a1-b1eab45ce0cf","local_time":"20210202224947","is_ascension_mode":true,"campfire_choices":[{"data":"Rage","floor":6,"key":"SMITH"},{"floor":15,"key":"REST"}],"circlet_count":0,"master_deck":["Strike_R","Strike_R","Strike_R","Strike_R","Defend_R","Defend_R","Defend_R","Bash","Rage+1","Heavy Blade","True Grit","Whirlwind","Pommel Strike","Shockwave","Inflame","Carnage","Shrug It Off","Juggernaut","CurseOfTheBell","Dual Wield+1","Power Through+1","Feel No Pain","True Grit+1","Battle Trance+1","Entrench+1","Inflame+1","Disarm+1","Cleave+1"],"relics":["Burning Blood","Nunchaku","Vajra","Gremlin Horn","Mercury Hourglass","Boot","Calling Bell","Lantern","Toxic Egg 2","Torii","Orrery"],"acts_visited":["Exordium","TheCity"],"potions_floor_usage":[8,11,11,14,16,21],"damage_taken":[{"damage":11,"enemies":"Cultist","floor":1,"turns":4},{"damage":0,"enemies":"Jaw Worm","floor":3,"turns":3},{"damage":3,"enemies":"Small Slimes","floor":4,"turns":3},{"damage":21,"enemies":"Exordium Wildlife","floor":5,"turns":6},{"damage":2,"enemies":"Blue Slaver","floor":7,"turns":5},{"damage":53,"enemies":"Lagavulin","floor":8,"turns":11},{"damage":0,"enemies":"Large Slime","floor":10,"turns":3},{"damage":23,"enemies":"Gremlin Nob","floor":11,"turns":4},{"damage":0,"enemies":"3 Louse","floor":12,"turns":1},{"damage":0,"enemies":"Blue Slaver","floor":13,"turns":3},{"damage":0,"enemies":"Red Slaver","floor":14,"turns":2},{"damage":46,"enemies":"The Guardian","floor":16,"turns":10},{"damage":22,"enemies":"Shell Parasite","floor":18,"turns":6},{"damage":9,"enemies":"3 Byrds","floor":19,"turns":5},{"damage":7,"enemies":"Centurion and Healer","floor":21,"turns":8},{"damage":43,"enemies":"Slavers","floor":23,"turns":3}],"seed_played":"4233866029827875407","potions_obtained":[{"floor":1,"key":"SpeedPotion"},{"floor":4,"key":"Dexterity Potion"},{"floor":10,"key":"EssenceOfSteel"},{"floor":11,"key":"Explosive Potion"},{"floor":12,"key":"Block Potion"},{"floor":14,"key":"SteroidPotion"}],"is_trial":false,"path_per_floor":["M","T","M","M","M","R","M","E","T","M","E","M","M","M","R","B",null,"M","M","$","M","?","E"],"character_chosen":"IRONCLAD","items_purchased":["Orrery","Disarm+1"],"campfire_rested":1,"item_purchase_floors":[20,20],"current_hp_per_floor":[67,67,73,76,61,61,65,18,18,24,7,13,19,25,49,9,62,46,43,43,42,42,0,0],"gold":193,"neow_bonus":"RANDOM_COMMON_RELIC","is_daily":false,"chose_seed":false,"campfire_upgraded":1,"win_rate":0.0,"timestamp":1612302587,"path_taken":["M","?","M","M","M","R","M","E","T","M","E","?","M","M","R","BOSS","M","?","$","M","?","E"],"items_purchased_type":["Relic","Card"],"build_version":"2020-12-22","purchased_purges":1,"victory":false,"max_hp_per_floor":[80,80,80,80,80,80,80,80,80,80,80,80,80,80,80,80,80,80,80,80,80,80,80,80],"relic_stats":{"Nunchaku":[11],"Gremlin Horn":[3,3],"Torii":8,"counters":[16,77],"Boot":[10],"obtain_stats":[{"Calling Bell":17,"Nunchaku":0,"Lantern":17,"Gremlin Horn":8,"Torii":17,"Vajra":2,"Orrery":20,"Toxic Egg 2":17,"Boot":11,"Burning Blood":0,"Mercury Hourglass":9},{"Calling Bell":12,"Nunchaku":0,"Lantern":12,"Gremlin Horn":6,"Torii":12,"Vajra":1,"Orrery":14,"Toxic Egg 2":12,"Boot":8,"Burning Blood":0,"Mercury Hourglass":6},{"Calling Bell":55,"Nunchaku":0,"Lantern":55,"Gremlin Horn":32,"Torii":55,"Vajra":4,"Orrery":66,"Toxic Egg 2":55,"Boot":39,"Burning Blood":0,"Mercury Hourglass":32}],"Burning Blood":90,"Mercury Hourglass":[177]},"card_choices":[{"not_picked":["Clothesline","Warcry"],"picked":"Rage","floor":1},{"not_picked":["Rupture","Clash"],"picked":"Heavy Blade","floor":3},{"not_picked":["Sever Soul","Clash"],"picked":"True Grit","floor":4},{"not_picked":["Heavy Blade","Anger","Clash"],"picked":"SKIP","floor":5},{"not_picked":["Combust","Heavy Blade"],"picked":"Whirlwind","floor":7},{"not_picked":["Pummel","Twin Strike"],"picked":"Pommel Strike","floor":8},{"not_picked":["Iron Wave","Corruption","Twin Strike"],"picked":"SKIP","floor":10},{"not_picked":["Perfected Strike","Wild Strike"],"picked":"Shockwave","floor":11},{"not_picked":["Twin Strike","Pommel Strike"],"picked":"Inflame","floor":12},{"not_picked":["Iron Wave","Pommel Strike"],"picked":"Carnage","floor":13},{"not_picked":["Headbutt","Searing Blow"],"picked":"Shrug It Off","floor":14},{"not_picked":["Immolate","Brutality"],"picked":"Juggernaut","floor":16},{"not_picked":["Clothesline","Twin Strike"],"picked":"Dual Wield+1","floor":18},{"not_picked":["Shrug It Off+1","Combust"],"picked":"Power Through+1","floor":19},{"not_picked":["Flex+1","Bloodletting+1"],"picked":"Feel No Pain","floor":20},{"not_picked":["Sword Boomerang","Pommel Strike+1"],"picked":"True Grit+1","floor":20},{"not_picked":["Havoc+1","Iron Wave"],"picked":"Battle Trance+1","floor":20},{"not_picked":["Twin Strike","Rupture"],"picked":"Entrench+1","floor":20},{"not_picked":["Rampage","Dual Wield+1"],"picked":"Inflame+1","floor":20},{"not_picked":["Inflame+1","Twin Strike"],"picked":"Cleave+1","floor":21}],"player_experience":233074,"relics_obtained":[{"floor":2,"key":"Vajra"},{"floor":8,"key":"Gremlin Horn"},{"floor":9,"key":"Mercury Hourglass"},{"floor":11,"key":"Boot"},{"floor":17,"key":"Lantern"},{"floor":17,"key":"Toxic Egg 2"},{"floor":17,"key":"Torii"}],"event_choices":[{"cards_removed":["Strike_R"],"damage_healed":0,"gold_gain":0,"player_choice":"Purged","damage_taken":0,"max_hp_gain":0,"max_hp_loss":0,"event_name":"Purifier","floor":22,"gold_loss":0}],"is_beta":false,"boss_relics":[{"not_picked":["Astrolabe","Sozu"],"picked":"Calling Bell"}],"items_purged_floors":[20],"is_endless":false,"potions_floor_spawned":[1,4,10,11,12,14],"killed_by":"Slavers","ascension_level":6}}