{"host":"yq2wmfr0u0wuvxc0","time":1612303527,"event":{"mods":["Act Like it!","Aspiration","BaseMod","Colored Powertips","Curses Come First","Defuse TimeMaze Blight","Downfall","Friendly Minions","Gensokyo","Gremlin Mod","Hallownest","Hubris","Infinite Spire","Koishi","Marisa????????","Minty Spire (QoL Compilation)","Pale of the Ancients","Quick Restart","Rare Cards Sparkle","Remilia??????","Shop Mod","Smile Girya","Spicy Shops","StSLib","The Jungle","The Servant 0.9.4","Wide Potions","Youmu??????"],"gold_per_floor":[99,113,213,213,231,265,289,189,203,203,222,222,241,305,325,480,480,480,497,497,512,527,527,527,527],"floor_reached":23,"language":"ZHS","playtime":987,"items_purged":[],"score":193,"play_id":"1ff36e41-f95a-44f5-9f18-9192b7d43be3","local_time":"20210202140527","is_ascension_mode":false,"campfire_choices":[{"data":"sneckomod:TailWhip","floor":1,"key":"SMITH"},{"data":"sneckomod:DiceBoulder","floor":8,"key":"SMITH"},{"data":"sneckomod:QuickBite","floor":12,"key":"SMITH"},{"data":"sneckomod:DiceBoulder+2","floor":18,"key":"SMITH"}],"circlet_count":0,"master_deck":["sneckomod:Strike","sneckomod:Strike","sneckomod:Defend","sneckomod:Defend","sneckomod:Defend","sneckomod:TailWhip+1","sneckomod:SnekBite","sneckomod:Unknown","sneckomod:Unknown","sneckomod:QuickBite+1","sneckomod:Unknown1Cost","sneckomod:DiceBoulder+3","sneckomod:UnknownUncommonPower","sneckomod:UnknownRareSkill","sneckomod:CheapStock","sneckomod:TrashToTreasure","sneckomod:Restock","sneckomod:Nope","sneckomod:CheapStock"],"relics":["sneckomod:SneckoSoul","hubris:MobiusCoin","hubris:ToyBattleship","Anchor","downfall:HeartBlessingGreen","Meat on the Bone","hubris:TerracottaHorce"],"acts_visited":["Exordium","TheCity"],"potions_floor_usage":[6,11,16,19,23],"damage_taken":[{"damage":5,"enemies":"Small Slimes","floor":2,"turns":3},{"damage":6,"enemies":"Jaw Worm","floor":5,"turns":3},{"damage":12,"enemies":"Gremlin Nob","floor":6,"turns":4},{"damage":0,"enemies":"2 Louse","floor":9,"turns":3},{"damage":5,"enemies":"Gremlin Gang","floor":11,"turns":4},{"damage":0,"enemies":"2 Fungi Beasts","floor":13,"turns":1},{"damage":4,"enemies":"Gremlin Nob","floor":14,"turns":3},{"damage":3,"enemies":"Exordium Wildlife","floor":15,"turns":3},{"damage":69,"enemies":"WA_ARCHETYPE_RETAIN","floor":16,"turns":5},{"damage":16,"enemies":"3 Byrds","floor":19,"turns":4},{"damage":38,"enemies":"Snake Plant","floor":21,"turns":4},{"damage":6,"enemies":"Cultist and Chosen","floor":22,"turns":5},{"damage":48,"enemies":"Book of Stabbing","floor":23,"turns":7}],"seed_played":"-5934602955878005626","potions_obtained":[{"floor":2,"key":"ColorlessPotion"},{"floor":2,"key":"AttackPotion"},{"floor":9,"key":"Fire Potion"},{"floor":15,"key":"SkillPotion"},{"floor":21,"key":"EssenceOfSteel"}],"is_trial":false,"path_per_floor":["R","M","?","?","M","E","T","R","M","?","M","R","M","?","M","B",null,"R","M","?","M","M","E"],"character_chosen":"THE_SNECKO","items_purchased":[],"campfire_rested":0,"item_purchase_floors":[],"current_hp_per_floor":[99,94,94,82,76,65,65,65,65,65,72,72,72,68,66,18,79,79,63,63,39,45,0,0,0],"gold":527,"neow_bonus":"TEN_PERCENT_HP_BONUS","is_daily":false,"chose_seed":false,"campfire_upgraded":4,"win_rate":0.0,"timestamp":1612303527,"path_taken":["R","M","?","?","M","E","T","R","M","?","?","R","M","?","M","BOSS","R","M","?","M","?","E"],"items_purchased_type":[],"build_version":"2020-12-22","purchased_purges":0,"victory":false,"max_hp_per_floor":[99,99,99,99,99,99,99,99,99,99,99,99,99,99,99,99,99,99,99,99,99,99,99,99,99],"card_choices":[{"not_picked":["sneckomod:WideSting","sneckomod:DefensiveFlair"],"picked":"sneckomod:QuickBite","floor":2},{"not_picked":["sneckomod:SoulDraw","sneckomod:UnknownDraw"],"picked":"sneckomod:Unknown1Cost","floor":5},{"not_picked":["sneckomod:DiceCrush","sneckomod:QuickMove"],"picked":"sneckomod:DiceBoulder","floor":6},{"not_picked":["sneckomod:SoulRoll","sneckomod:QuickMove"],"picked":"sneckomod:UnknownUncommonPower","floor":9},{"not_picked":["sneckomod:ImprovisedGuard","sneckomod:QuickBite"],"picked":"sneckomod:UnknownRareSkill","floor":11},{"not_picked":["sneckomod:Unknown1Cost","sneckomod:UnknownBlock"],"picked":"sneckomod:CheapStock","floor":13},{"not_picked":["sneckomod:UnknownCommonSkill","sneckomod:DiceCrush"],"picked":"sneckomod:TrashToTreasure","floor":15},{"not_picked":["sneckomod:UnknownRareAttack","sneckomod:Cheat"],"picked":"sneckomod:Restock","floor":16},{"not_picked":["sneckomod:ImprovisedAttack+1","sneckomod:UnknownCommonSkill"],"picked":"sneckomod:Nope","floor":19},{"not_picked":["sneckomod:QuickBite","sneckomod:Unknown1Cost","sneckomod:SerpentIdol"],"picked":"SKIP","floor":21},{"not_picked":["sneckomod:Unknown1Cost","sneckomod:UnknownCommonSkill"],"picked":"sneckomod:CheapStock","floor":22}],"player_experience":321439,"relics_obtained":[{"floor":6,"key":"hubris:ToyBattleship"},{"floor":7,"key":"Anchor"},{"floor":14,"key":"Meat on the Bone"}],"event_choices":[{"damage_healed":0,"gold_gain":0,"player_choice":"Success","damage_taken":12,"relics_obtained":["hubris:MobiusCoin"],"max_hp_gain":0,"max_hp_loss":0,"event_name":"Scrap Ooze","floor":4,"gold_loss":0},{"cards_removed":["sneckomod:Strike"],"damage_healed":0,"gold_gain":0,"player_choice":"Offered Basic","damage_taken":0,"max_hp_gain":0,"max_hp_loss":0,"event_name":"Bonfire Elementals","floor":20,"gold_loss":0}],"is_beta":false,"boss_relics":[{"not_picked":["aspiration:WatcherSkillbook","Fusion Hammer"],"picked":"hubris:TerracottaHorce"}],"items_purged_floors":[],"is_endless":false,"potions_floor_spawned":[2,9,15,21],"killed_by":"Book of Stabbing","ascension_level":0}}