{"host":"svgvsu39coyat28a","time":1612240078,"event":{"mods":["ATMod(°¢èªMod)","Act Like it!","BaseMod","Dota2Spire","HexUI Lib","Minty Spire (QoL Compilation)","MostiFishMod","StSLib","TestMod","[IsaacMod]ÒÔÈö¼âËþ","noobMod","¡¾ÒÅÎï¿¨ÅÆ¡¿REMEMod"],"gold_per_floor":[112,112,112,37,56,56,87,87,136,151,151,181,192,192,192,266,266,284,304,219,219,119,119,226,101,101,134,184,198,198,213,213,288,288,305,305,42,52,68,100,100,130,130,130,147,147,167,167,167,167,167,167,167,1,33,33],"floor_reached":57,"language":"ZHS","playtime":1634,"items_purged":["Defend_G+1","Strike_G","Strike_G","Defend_G","Flying Knee"],"score":3612,"play_id":"6730e839-b5cb-46e2-b45f-a276eb00db99","local_time":"20210202122758","is_ascension_mode":true,"campfire_choices":[{"data":"Blade Dance","floor":6.0,"key":"SMITH"},{"data":"BloodyBrimstone","floor":8.0,"key":"SMITH"},{"data":"REME_WheelOfFate","floor":11.0,"key":"SMITH"},{"data":"MostiFishMod:Opportunism","floor":15.0,"key":"SMITH"},{"data":"Tactician","floor":23.0,"key":"SMITH"},{"data":"MostiFishMod:WinterMarkForm","floor":30.0,"key":"SMITH"},{"data":"Acrobatics","floor":32.0,"key":"SMITH"},{"floor":41,"key":"RECALL"},{"floor":44,"key":"REST"},{"data":"Escape Plan","floor":46,"key":"SMITH"},{"floor":49,"key":"REST"},{"floor":53,"key":"REST"}],"circlet_count":0,"master_deck":["AscendersBane","Defend_G+1","Defend_G+1","Survivor+1","Neutralize+1","BloodyBrimstone+1","REME_WheelOfFate+1","AT_BreakingExtremeWeapon+1","Cloak And Dagger+1","MostiFishMod:Opportunism+1","Blade Dance+1","Blade Dance+1","Tactician+1","Acrobatics+1","Blade Dance+1","MostiFishMod:WinterMarkForm+1","Acrobatics+1","Backflip+1","Escape Plan+1","PiercingWail+1"],"relics":["Ring of the Snake","HushsDoor","testmod-TestBox","ice","DaveBox","AT_ATBox","REME_ComplimentaryCards","NeowsBlessing","BirthdayGift-Icosahedron","testmod-ConstraintPeriapt","BookofShadows","War Paint","SynthV:TestCard","testmod-OneHitWonder","AT_ArcaneBoots","Akabeko","Dota2Spire:ArcaneBoots","testmod-Fanaticism","DeathBook","SatanicBible","AT_ChloranthyRing","Dream Catcher","AT_TimeSand","CaptainsWheel","Philosopher\u0027s Stone","NineLifeCat","Mark of the Bloom","AT_ImmortalShieldbow","Bag of Marbles","Happy Flower","Omamori","Letter Opener","testmod-TurbochargingSystem","TheAbacus","ArrowTower"],"acts_visited":["Exordium","TheCity","TheBeyond","TheEnding"],"potions_floor_usage":[47,56],"damage_taken":[{"damage":0.0,"enemies":"Jaw Worm","floor":1.0,"turns":1.0},{"damage":0.0,"enemies":"2 Louse","floor":5.0,"turns":1.0},{"damage":0.0,"enemies":"Gremlin Nob","floor":7.0,"turns":1.0},{"damage":6.0,"enemies":"Small Slimes","floor":10.0,"turns":2.0},{"damage":0.0,"enemies":"Lagavulin","floor":12.0,"turns":3.0},{"damage":0.0,"enemies":"Blue Slaver","floor":13.0,"turns":1.0},{"damage":0.0,"enemies":"Slime Boss","floor":16.0,"turns":3.0},{"damage":0.0,"enemies":"Spheric Guardian","floor":18.0,"turns":1.0},{"damage":0.0,"enemies":"Shell Parasite","floor":19.0,"turns":1.0},{"damage":0.0,"enemies":"Gremlin Leader","floor":24.0,"turns":2.0},{"damage":0.0,"enemies":"Slavers","floor":27.0,"turns":1.0},{"damage":0.0,"enemies":"Snake Plant","floor":29.0,"turns":1.0},{"damage":0.0,"enemies":"Chosen and Byrds","floor":31.0,"turns":1.0},{"damage":0.0,"enemies":"Champ","floor":33.0,"turns":1.0},{"damage":0,"enemies":"Orb Walker","floor":35,"turns":1},{"damage":0,"enemies":"3 Darklings","floor":38,"turns":1},{"damage":0,"enemies":"Maw","floor":39,"turns":1},{"damage":0,"enemies":"Giant Head","floor":40,"turns":1},{"damage":0,"enemies":"Nemesis","floor":42,"turns":1},{"damage":0,"enemies":"Jaw Worm Horde","floor":45,"turns":1},{"damage":0,"enemies":"3 Darklings","floor":47,"turns":1},{"damage":0,"enemies":"Awakened One","floor":50,"turns":3},{"damage":0,"enemies":"Donu and Deca","floor":51,"turns":1},{"damage":0,"enemies":"Shield and Spear","floor":55,"turns":1},{"damage":0,"enemies":"The Heart","floor":56,"turns":3}],"seed_played":"497493028262928173","potions_obtained":[{"floor":5.0,"key":"Weak Potion"},{"floor":10.0,"key":"SteroidPotion"},{"floor":27.0,"key":"DistilledChaos"},{"floor":31.0,"key":"ColorlessPotion"},{"floor":45,"key":"DuplicationPotion"},{"floor":47,"key":"testmod-SpacePotion"},{"floor":55,"key":"Poison Potion"}],"is_trial":false,"path_per_floor":["M","?","?","$","M","R","E","R","T","M","R","E","M","?","R","B",null,"M","M","?","?","$","R","E","$","T","E","?","M","R","M","R","B",null,"M","?","$","M","M","E","R","E","T","R","M","R","M","?","R","B","B",null,"R","$","E","B",null],"character_chosen":"THE_SILENT","items_purchased":["DeathBook","SatanicBible","NineLifeCat","AT_ImmortalShieldbow","TheAbacus"],"campfire_rested":3,"item_purchase_floors":[17,17,34,37,54],"current_hp_per_floor":[60,60,53,53,54,54,55,55,55,50,50,54,56,56,56,57,38,38,38,38,38,38,38,38,38,38,32,32,32,32,32,32,32,3,3,3,3,3,1,1,1,1,1,1,1,1,1,1,1,1,1,1,1,1,1,1],"gold":33,"neow_bonus":"THREE_ENEMY_KILL","is_daily":false,"chose_seed":false,"campfire_upgraded":8,"win_rate":0.0,"timestamp":1612240078,"path_taken":["M","?","?","$","M","R","E","R","T","M","R","E","M","?","R","BOSS","M","M","?","?","$","R","E","?","T","E","?","M","R","?","R","BOSS","M","?","$","?","M","E","R","E","T","R","M","R","M","?","R","BOSS","BOSS","R","$","E","BOSS"],"items_purchased_type":["Relic","Relic","Relic","Relic","Relic"],"build_version":"2020-12-22","purchased_purges":5,"victory":true,"max_hp_per_floor":[66,66,66,66,66,66,66,66,66,63,63,63,63,63,63,63,38,38,38,38,38,38,38,38,38,38,32,32,32,32,32,32,32,3,3,3,3,3,1,1,1,1,1,1,1,1,1,1,1,1,1,1,1,1,1,232],"card_choices":[{"not_picked":[],"picked":"BloodyBrimstone","floor":0.0},{"not_picked":["Underhanded Strike","AT_TinkerSharpsword"],"picked":"Cloak And Dagger","floor":1.0},{"not_picked":["PiercingWail","Crippling Poison","REME_ShadowStrike","Bouncing Flask"],"picked":"Blade Dance","floor":5.0},{"not_picked":["Wraith Form v2","AT_WindFlip","Quick Slash","Setup"],"picked":"Blade Dance","floor":7.0},{"not_picked":["Cloak And Dagger","Poisoned Stab","Eviscerate","Dodge and Roll"],"picked":"Tactician","floor":10.0},{"not_picked":["Unload","Cloak And Dagger","Bane","Outmaneuver","AT_WindRun"],"picked":"SKIP","floor":12.0},{"not_picked":["Expertise","AT_WindFlip","MostiFishMod:InvigoratingSolution","Dagger Throw"],"picked":"Acrobatics","floor":13.0},{"not_picked":["Dagger Spray","Finisher","Flying Knee","Tactician","Eviscerate"],"picked":"SKIP","floor":18.0},{"not_picked":["Underhanded Strike+1","Deflect","Outmaneuver","Acrobatics"],"picked":"Blade Dance+1","floor":19.0},{"not_picked":["AT_ThistleTea","Outmaneuver","MostiFishMod:ThornCasing","Leg Sweep"],"picked":"MostiFishMod:WinterMarkForm","floor":24.0},{"not_picked":["Concentrate","Prepared","Poisoned Stab+1","Crippling Poison+1"],"picked":"Acrobatics","floor":27.0},{"not_picked":["MostiFishMod:FrostNova+1","Expertise","Slice","Backstab","Accuracy"],"picked":"SKIP","floor":29.0},{"not_picked":["AT_WomanClash","MostiFishMod:PoisonShield","Flying Knee","Prepared","Backflip"],"picked":"SKIP","floor":31.0},{"not_picked":["Sucker Punch","Heel Hook","Poisoned Stab","MostiFishMod:PerfectParry"],"picked":"Backflip","floor":35},{"not_picked":["Endless Agony+1","PiercingWail+1","Dagger Spray","Outmaneuver","MostiFishMod:ThornCasing"],"picked":"SKIP","floor":38},{"not_picked":["Concentrate","AT_FocusSwordFire+1","REME_ShadowStrike","Slice","Noxious Fumes+1"],"picked":"SKIP","floor":39},{"not_picked":["Quick Slash","Dagger Spray","MostiFishMod:PerfectParry","Prepared","Leg Sweep"],"picked":"SKIP","floor":40},{"not_picked":["Quick Slash","Dagger Spray","MostiFishMod:PerfectParry","Prepared","Leg Sweep"],"picked":"SKIP","floor":40},{"not_picked":["AT_TinkerSharpsword","Heel Hook","Flying Knee+1","MostiFishMod:InvigoratingSolution","Backflip"],"picked":"SKIP","floor":42},{"not_picked":["Flying Knee+1","Cloak And Dagger+1","Infinite Blades","Noxious Fumes"],"picked":"Escape Plan","floor":45},{"not_picked":["Predator","A Thousand Cuts","AT_ThistleTea","Slice"],"picked":"PiercingWail+1","floor":47},{"not_picked":["All Out Attack","Phantasmal Killer","Dodge and Roll","Backflip+1","Crippling Poison"],"picked":"SKIP","floor":55}],"player_experience":106944,"relics_obtained":[{"floor":1.0,"key":"SynthV:TestCard"},{"floor":7.0,"key":"testmod-OneHitWonder"},{"floor":12.0,"key":"Dota2Spire:ArcaneBoots"},{"floor":24.0,"key":"Dream Catcher"},{"floor":26.0,"key":"AT_TimeSand"},{"floor":27.0,"key":"CaptainsWheel"},{"floor":40,"key":"Happy Flower"},{"floor":42,"key":"Omamori"},{"floor":43,"key":"Letter Opener"},{"floor":55,"key":"ArrowTower"}],"event_choices":[{"damage_healed":0.0,"max_hp_gain":0.0,"max_hp_loss":0.0,"gold_gain":0.0,"cards_transformed":["Strike_G"],"event_name":"Living Wall","player_choice":"Change","floor":2.0,"gold_loss":0.0,"damage_taken":0.0,"cards_obtained":["MostiFishMod:Opportunism"]},{"cards_removed":["Defend_G"],"damage_healed":0.0,"max_hp_gain":0.0,"max_hp_loss":0.0,"gold_gain":0.0,"event_name":"Golden Wing","player_choice":"Card Removal","floor":3.0,"gold_loss":0.0,"damage_taken":7.0},{"damage_healed":0.0,"max_hp_gain":0.0,"max_hp_loss":0.0,"gold_gain":0.0,"event_name":"Liars Game","player_choice":"Ignored","floor":14.0,"gold_loss":0.0,"damage_taken":0.0},{"damage_healed":0.0,"max_hp_gain":0.0,"max_hp_loss":0.0,"gold_gain":0.0,"event_name":"Addict","player_choice":"Obtained Relic","floor":20.0,"gold_loss":85.0,"damage_taken":0.0,"relics_obtained":["AT_ChloranthyRing"]},{"damage_healed":0.0,"max_hp_gain":0.0,"max_hp_loss":0.0,"gold_gain":0.0,"cards_transformed":["Strike_G","Strike_G"],"event_name":"Drug Dealer","player_choice":"Became Test Subject","floor":21.0,"gold_loss":0.0,"damage_taken":0.0,"cards_obtained":["Glass Knife","Flying Knee"]},{"damage_healed":0.0,"max_hp_gain":0.0,"max_hp_loss":0.0,"gold_gain":50.0,"event_name":"Nest","player_choice":"Stole From Cult","floor":28.0,"gold_loss":0.0,"damage_taken":0.0},{"damage_healed":0,"gold_gain":0,"player_choice":"Upgrade","damage_taken":0,"relics_obtained":["Mark of the Bloom"],"max_hp_gain":0,"max_hp_loss":0,"event_name":"MindBloom","floor":36,"gold_loss":0,"cards_upgraded":["Defend_G","Defend_G","Neutralize","AT_BreakingExtremeWeapon","Cloak And Dagger","Blade Dance","Glass Knife","Acrobatics","Backflip"]},{"cards_removed":["Glass Knife"],"damage_healed":0,"gold_gain":0,"player_choice":"Removed Attack","damage_taken":0,"max_hp_gain":0,"max_hp_loss":0,"event_name":"Falling","floor":48,"gold_loss":0}],"is_beta":false,"boss_relics":[{"not_picked":["Ectoplasm","MoonlightInvasionPlan"],"picked":"testmod-Fanaticism"},{"not_picked":[]},{"not_picked":["Pandora\u0027s Box","Sozu"],"picked":"Philosopher\u0027s Stone"},{"not_picked":[]}],"items_purged_floors":[4,17,22,25,34],"is_endless":false,"potions_floor_spawned":[5,10,12,18,27,31,33,39,45,47,55],"ascension_level":20}}