{"host":"qmnyg5dk1o6rw6mz","time":1612230873,"event":{"mods":["2.2 Compatiblity","AchievementEnabler","Act Like it!","Aspiration","Astrologer","BaseMod","Beaked The Cultist","Better Altar","Better Match","Better Note","Better Sensory Stone","Better Skull","Better Third Choice","Better Vampires","Block Reminder","CapriCore","Challenge The Spire","ChefMod","Colored Map","Colored Powertips","Conspire","Defuse TimeMaze Blight","Disable Question Mark Monsters","Displayed Cursed Tome","Downfall","Energized Spire","Fox Events","Gensokyo","GifTheSpireLib","Hermit","Highlight Path","Hubris","Infinite Spire","Jedi Mod","Marisa¡]Ãú«B¡@Å]²z¨F¡^","Marked Mod","Minty Spire (QoL Compilation)","Monster B Gone","Pale of the Ancients","Permanent Neow","Quick Restart","Reimu¡]³Õ???¡^","Relic Filter","Reliquary","Replay The Spire","StSLib","Synergy Search","The Construct","The Cursed","The Dragon Tamer","The Gatherer","The Hayseed","The Poker Player","The Runesmith","The Showman","Unceasing Turn Reminder","Weighted Paths","Wide Potions","thorton"],"gold_per_floor":[123,123,21,21,53,83,83,98,98,98],"floor_reached":8,"language":"ENG","playtime":276,"items_purged":["Poor:ReiMu"],"score":54,"play_id":"abab7044-adf4-4ed1-b114-b4f68b756d8c","local_time":"20210202095433","is_ascension_mode":false,"campfire_choices":[{"data":"thethorton:Investment","floor":7,"key":"SMITH"}],"circlet_count":0,"master_deck":["thethorton:Strike","thethorton:Strike","thethorton:Strike","thethorton:Strike","thethorton:Defend","thethorton:Defend","thethorton:Defend","thethorton:Defend","thethorton:Heckle","thethorton:CreditCard","thethorton:CoinShield","thethorton:DownPayment","thethorton:SheetShred","thethorton:Investment+1"],"relics":["thethorton:CouragePotion","YidongShenshe:ReiMu","beaked:ShinyBauble","Pen Nib"],"acts_visited":["Exordium"],"potions_floor_usage":[],"damage_taken":[{"damage":5,"enemies":"2 Louse","floor":1,"turns":3},{"damage":14,"enemies":"Jaw Worm","floor":5,"turns":8},{"damage":27,"enemies":"Lagavulin","floor":6,"turns":8},{"damage":24,"enemies":"3 Sentries","floor":8,"turns":4}],"seed_played":"2163336150846672948","potions_obtained":[{"floor":5,"key":"SteroidPotion"},{"floor":6,"key":"Energy Potion"}],"is_trial":false,"path_per_floor":["M","?","$","T","M","E","R","E"],"character_chosen":"THE_THORT","items_purchased":["thethorton:DownPayment"],"campfire_rested":0,"item_purchase_floors":[3],"current_hp_per_floor":[63,63,63,63,49,22,22,0,0,0],"gold":98,"neow_bonus":"REMOVE_CARD","is_daily":false,"chose_seed":false,"campfire_upgraded":1,"win_rate":0.0,"timestamp":1612230873,"path_taken":["M","?","$","?","M","E","R","E"],"items_purchased_type":["Card"],"build_version":"2020-12-22","purchased_purges":1,"victory":false,"max_hp_per_floor":[68,68,68,68,68,68,68,68,68,68],"card_choices":[{"not_picked":["thethorton:ToxicGreed","thethorton:HedgeFund"],"picked":"thethorton:CoinShield","floor":1},{"not_picked":["thethorton:RichRun","thethorton:ElbowSmash"],"picked":"thethorton:SheetShred","floor":5},{"not_picked":["thethorton:BusinessBurst","thethorton:BusinessBoom"],"picked":"thethorton:Investment","floor":6}],"player_experience":209364,"relics_obtained":[{"floor":4,"key":"beaked:ShinyBauble"},{"floor":6,"key":"Pen Nib"}],"event_choices":[{"damage_healed":0,"gold_gain":0,"player_choice":"Take Tiny Shrine away","damage_taken":0,"relics_obtained":["YidongShenshe:ReiMu"],"max_hp_gain":0,"max_hp_loss":0,"event_name":"yidonshenshe","floor":2,"gold_loss":0,"cards_obtained":["Poor:ReiMu"]}],"is_beta":false,"boss_relics":[],"items_purged_floors":[3],"is_endless":false,"potions_floor_spawned":[5,6],"killed_by":"3 Sentries","ascension_level":0}}