{"host":"h1qktzcccqnez8tx","time":1612224376,"event":{"mods":["AchievementEnabler","BaseMod","Bestiary","Better Note","Block Reminder","Colored Map","Colored Powertips","Curses Come First","Downfall","Highlight Path","Infinite Spire","Minty Spire (QoL Compilation)","Permanent Neow","Quick Restart","Relic Stats","Replay The Spire","Say the Spire","StSLib","The Cursed","UnlockEverythingMod"],"gold_per_floor":[114,124,137,147,147,147,174,186,210,238,163,179,201,218,218,322,322,333,77,77,97,97,117,117,135,135,135,175,175,184,237,237,237,237,237],"floor_reached":33,"language":"ENG","playtime":1314,"items_purged":["Decay","downfall:Aged","hexamod:Strike"],"score":352,"play_id":"57f032d2-618f-4523-93db-f67a60d3ed5a","local_time":"20210202010616","is_ascension_mode":true,"campfire_choices":[{"data":"hexamod:HauntingEcho","floor":6,"key":"SMITH"},{"floor":15,"key":"REST"},{"data":"hexamod:EmpoweredFlame","floor":24,"key":"SMITH"},{"floor":29,"key":"REST"},{"floor":32,"key":"REST"}],"circlet_count":0,"master_deck":["hexamod:Strike+1","hexamod:Strike+1","hexamod:Strike","hexamod:Defend","hexamod:Defend","hexamod:Defend","hexamod:Defend","hexamod:Sear","hexamod:Float","Dramatic Entrance","hexamod:SpectralSpark","hexamod:FlamesFromBeyond+1","hexamod:HauntingEcho+1","hexamod:Hexaguard","hexamod:EmpoweredFlame+1","hexamod:SpectersWail","hexamod:SuperheatedStrike","hexamod:RadiantFlame","hexamod:HexaLevel","hexamod:ThirdSeal","hexamod:FlamesFromBeyond+1","hexamod:SuperheatedStrike+1","hexamod:FlamesFromBeyond+1","hexamod:FlamesFromBeyond+1","hexamod:FlamesFromBeyond+1","hexamod:SoulSteal+1","hexamod:Hexaguard","hexamod:EmpoweredFlame+1","hexamod:ShieldOfDarkness","hexamod:SearingWound"],"relics":["hexamod:UnbrokenSoul","Replay:Bottled Eggs","Tiny Chest","Regal Pillow","Odd Mushroom","ReplayTheSpireMod:CursedCoin","Orichalcum","CeramicFish","Whetstone","sneckomod:SneckoTalon","DollysMirror","bronze:DecasWashers"],"acts_visited":["Exordium","TheCity"],"potions_floor_usage":[21,31,33],"damage_taken":[{"damage":0,"enemies":"Small Slimes","floor":1,"turns":3},{"damage":0,"enemies":"Cultist","floor":2,"turns":3},{"damage":0,"enemies":"Jaw Worm","floor":3,"turns":3},{"damage":0,"enemies":"2 Fungi Beasts","floor":4,"turns":3},{"damage":21,"enemies":"Lagavulin","floor":7,"turns":6},{"damage":1,"enemies":"Looter","floor":8,"turns":3},{"damage":2,"enemies":"Gremlin Nob","floor":10,"turns":3},{"damage":6,"enemies":"Lots of Slimes","floor":12,"turns":2},{"damage":19,"enemies":"The Mushroom Lair","floor":13,"turns":3},{"damage":0,"enemies":"3 Louse","floor":14,"turns":2},{"damage":33,"enemies":"Hexaghost","floor":16,"turns":9},{"damage":45,"enemies":"Spheric Guardian","floor":18,"turns":6},{"damage":46,"enemies":"Shell Parasite","floor":21,"turns":6},{"damage":8,"enemies":"Cultist and Chosen","floor":23,"turns":4},{"damage":18,"enemies":"Centurion and Healer","floor":25,"turns":3},{"damage":30,"enemies":"Gremlin Leader","floor":28,"turns":4},{"damage":50,"enemies":"Book of Stabbing","floor":31,"turns":6},{"damage":62,"enemies":"Champ","floor":33,"turns":8}],"seed_played":"4529812609591249193","potions_obtained":[{"floor":2,"key":"DuplicationPotion"},{"floor":3,"key":"champ:CounterPotion"},{"floor":4,"key":"LiquidBronze"},{"floor":25,"key":"Adrenaline Potion"},{"floor":28,"key":"Energy Potion"}],"is_trial":false,"path_per_floor":["M","M","M","M","?","R","E","M","T","E","$","M","?","M","R","B",null,"M","$","?","M","?","M","R","M","T","T","E","R","AVR","E","R","B"],"character_chosen":"THE_SPIRIT","items_purchased":["hexamod:FlamesFromBeyond","ReplayTheSpireMod:CursedCoin","Orichalcum","FairyPotion"],"campfire_rested":3,"item_purchase_floors":[19,19,19,19],"current_hp_per_floor":[70,70,70,70,70,70,49,48,48,46,46,40,21,21,57,24,70,25,25,25,18,80,72,72,54,54,54,24,63,63,13,52,0,0,0],"gold":237,"neow_bonus":"RANDOM_COLORLESS","is_daily":false,"chose_seed":false,"campfire_upgraded":2,"win_rate":0.0,"timestamp":1612224376,"path_taken":["M","M","M","M","?","R","E","?","T","E","$","M","?","M","R","BOSS","M","$","?","M","?","M","R","M","T","?","E","R","AVR","E","R","BOSS"],"items_purchased_type":["Card","Relic","Relic","Potion"],"build_version":"2020-12-22","purchased_purges":3,"victory":false,"max_hp_per_floor":[70,70,70,70,70,70,70,70,70,70,70,70,70,70,70,70,70,70,70,70,70,80,80,80,80,80,80,80,80,80,80,80,80,80,80],"relic_stats":{"Regal Pillow":45,"counters":[18,77],"CeramicFish":36,"Tiny Chest":1,"Whetstone":["hexamod:Strike","hexamod:Strike"],"Orichalcum":[42],"obtain_stats":[{"Regal Pillow":10,"ReplayTheSpireMod:CursedCoin":19,"CeramicFish":26,"bronze:DecasWashers":31,"Whetstone":28,"Odd Mushroom":13,"Orichalcum":19,"sneckomod:SneckoTalon":30,"hexamod:UnbrokenSoul":17,"DollysMirror":30,"Tiny Chest":9,"Replay:Bottled Eggs":7,"hexamod:SpiritBrand":0},{"Regal Pillow":7,"ReplayTheSpireMod:CursedCoin":12,"CeramicFish":15,"bronze:DecasWashers":17,"Whetstone":16,"Odd Mushroom":9,"Orichalcum":12,"sneckomod:SneckoTalon":16,"hexamod:UnbrokenSoul":11,"DollysMirror":16,"Tiny Chest":6,"Replay:Bottled Eggs":5,"hexamod:SpiritBrand":0},{"Regal Pillow":24,"ReplayTheSpireMod:CursedCoin":46,"CeramicFish":59,"bronze:DecasWashers":69,"Whetstone":63,"Odd Mushroom":29,"Orichalcum":46,"sneckomod:SneckoTalon":63,"hexamod:UnbrokenSoul":40,"DollysMirror":63,"Tiny Chest":21,"Replay:Bottled Eggs":18,"hexamod:SpiritBrand":0}]},"card_choices":[{"not_picked":["Purity","Blind"],"picked":"Dramatic Entrance","floor":0},{"not_picked":["hexamod:AdvancingGuard","hexamod:RetreatToShadows"],"picked":"hexamod:SpectralSpark","floor":1},{"not_picked":["hexamod:SuperheatedStrike","hexamod:FourthSeal"],"picked":"hexamod:FlamesFromBeyond","floor":2},{"not_picked":["hexamod:GhostLash","hexamod:NecessarySacrifice"],"picked":"hexamod:HauntingEcho","floor":3},{"not_picked":["hexamod:Haunt","hexamod:NightmareStrike"],"picked":"hexamod:Hexaguard","floor":4},{"not_picked":["hexamod:ThermalTransfer","hexamod:GhostOfSpirePast"],"picked":"hexamod:EmpoweredFlame","floor":7},{"not_picked":["hexamod:FourthSeal","hexamod:Firestarter","hexamod:RetreatToShadows"],"picked":"SKIP","floor":8},{"not_picked":["hexamod:GhostLash","hexamod:InspiringFlames"],"picked":"hexamod:SpectersWail","floor":10},{"not_picked":["hexamod:GhostShield","hexamod:BacktrackSmack"],"picked":"hexamod:HexaLevel","floor":12},{"not_picked":["hexamod:FirstSeal","hexamod:NightmareStrike"],"picked":"hexamod:SuperheatedStrike","floor":13},{"not_picked":["hexamod:Hexaguard","hexamod:GhostOfSpireFuture"],"picked":"hexamod:RadiantFlame","floor":14},{"not_picked":["hexamod:UnleashSpirits","hexamod:ForkedFlame"],"picked":"hexamod:HexaLevel","floor":16},{"not_picked":["hexamod:AdvancingGuard","hexamod:GhostOfSpirePast+1"],"picked":"hexamod:ThirdSeal","floor":18},{"not_picked":["hexamod:Hexaguard","hexamod:NightmareGuise"],"picked":"hexamod:SuperheatedStrike+1","floor":21},{"not_picked":["hexamod:GhostShield+1","hexamod:StepThrough"],"picked":"hexamod:FlamesFromBeyond","floor":21},{"not_picked":["hexamod:GhostLash","hexamod:RadiantFlame+1"],"picked":"hexamod:FlamesFromBeyond","floor":23},{"not_picked":["hexamod:AdvancingGuard","hexamod:Incineration+1"],"picked":"hexamod:FlamesFromBeyond","floor":23},{"not_picked":["hexamod:ThermalTransfer","hexamod:GhostOfSpireFuture+1"],"picked":"hexamod:SoulSteal+1","floor":25},{"not_picked":["hexamod:CatchUp","hexamod:SpectersWail"],"picked":"hexamod:Hexaguard","floor":28},{"not_picked":["hexamod:AdvancingGuard","hexamod:SwordOfDarkness","hexamod:ShieldOfDarkness"],"picked":"SKIP","floor":28},{"not_picked":["hexamod:NightmareStrike+1","hexamod:SpectersWail"],"picked":"hexamod:ShieldOfDarkness","floor":31},{"not_picked":["hexamod:GhostOfSpirePast","hexamod:ChargedBarrage"],"picked":"hexamod:SearingWound","floor":31}],"player_experience":372472,"relics_obtained":[{"floor":7,"key":"Replay:Bottled Eggs"},{"floor":9,"key":"Tiny Chest"},{"floor":10,"key":"Regal Pillow"},{"floor":13,"key":"Odd Mushroom"},{"floor":26,"key":"CeramicFish"},{"floor":28,"key":"Whetstone"},{"floor":31,"key":"bronze:DecasWashers"}],"event_choices":[{"damage_healed":0,"gold_gain":0,"player_choice":"Cursed","damage_taken":0,"max_hp_gain":0,"max_hp_loss":0,"event_name":"Wheel of Change","floor":5,"gold_loss":0,"cards_obtained":["Decay"]},{"damage_healed":0,"gold_gain":0,"player_choice":"Fought Mushrooms","damage_taken":0,"max_hp_gain":0,"max_hp_loss":0,"event_name":"Mushrooms","floor":13,"gold_loss":0},{"cards_removed":["hexamod:HexaLevel"],"damage_healed":52,"gold_gain":0,"player_choice":"Offered Rare","damage_taken":0,"max_hp_gain":10,"max_hp_loss":0,"event_name":"Bonfire Elementals","floor":22,"gold_loss":0}],"is_beta":false,"boss_relics":[{"not_picked":["Ectoplasm","Abe\u0027s Treasure"],"picked":"hexamod:UnbrokenSoul"}],"items_purged_floors":[11,19,30],"is_endless":false,"potions_floor_spawned":[2,3,4,10,16,18,25,28],"killed_by":"Champ","ascension_level":2}}