{"host":"j4g6ia6asvpyu2b0","time":1612295596,"event":{"mods":["BaseMod","Colored Map","Minty Spire (QoL Compilation)","Permanent Neow","Quick Restart","Relic Stats","StSLib","Unceasing Turn Reminder"],"gold_per_floor":[111,131,150,170,0,32,51,86,112,138,48,80,80,80,80,178,178,191,106,106,19,29,57,57,87,114,214,214,228,258,268,268,371,371,387,403,403,414,414,445,445,457,457,490,490,500,370,420,420,420,420,420,35,64,64],"floor_reached":56,"language":"ENG","playtime":2510,"items_purged":["Strike_G","Strike_G","Strike_G+1","Defend_G+1"],"score":1820,"play_id":"36c01352-ac1c-4ac2-b0fa-0438e6890fa1","local_time":"20210202125316","is_ascension_mode":true,"campfire_choices":[{"data":"Cloak And Dagger","floor":13.0,"key":"SMITH"},{"data":"Noxious Fumes","floor":15.0,"key":"SMITH"},{"data":"Envenom","floor":24,"key":"SMITH"},{"data":"Well Laid Plans","floor":32,"key":"SMITH"},{"floor":41,"key":"RECALL"},{"data":"Strike_G+1","floor":45,"key":"PURGE"},{"floor":49,"key":"REST"},{"data":"Defend_G+1","floor":52,"key":"PURGE"}],"circlet_count":0,"master_deck":["Defend_G+1","Defend_G+1","Defend_G+1","Survivor+1","Neutralize+1","Quick Slash+1","Noxious Fumes+1","Cloak And Dagger+1","Well Laid Plans+1","Backflip","Dagger Spray+1","Backstab+1","Envenom+1","Poisoned Stab+1","Footwork","Footwork","Die Die Die+1","Quick Slash+1","Discovery","Masterful Stab+1","Envenom","Escape Plan","PiercingWail","Heel Hook+1","Dodge and Roll","Dagger Throw+1","Corpse Explosion","Backflip+1","Infinite Blades+1","Enlightenment","Blind","Caltrops","Blade Dance+1","Caltrops","Dash+1","Escape Plan","Doppelganger"],"relics":["Ring of the Snake","Dead Branch","Molten Egg 2","Ginger","Smiling Mask","PreservedInsect","Happy Flower","Art of War","Busted Crown","War Paint","Oddly Smooth Stone","Bottled Flame","Peace Pipe","White Beast Statue","Kunai","Fusion Hammer","Lantern","Dream Catcher","Ice Cream","Tingsha","ClockworkSouvenir","Whetstone"],"acts_visited":["Exordium","TheCity","TheBeyond","TheEnding"],"potions_floor_usage":[25,29,30,40,55,55],"damage_taken":[{"damage":6.0,"enemies":"Cultist","floor":1.0,"turns":5.0},{"damage":1.0,"enemies":"2 Louse","floor":2.0,"turns":4.0},{"damage":0.0,"enemies":"Jaw Worm","floor":3.0,"turns":4.0},{"damage":5.0,"enemies":"3 Louse","floor":4.0,"turns":4.0},{"damage":11.0,"enemies":"Lagavulin","floor":6.0,"turns":7.0},{"damage":0.0,"enemies":"Exordium Wildlife","floor":7.0,"turns":4.0},{"damage":2.0,"enemies":"3 Sentries","floor":8.0,"turns":6.0},{"damage":5.0,"enemies":"Lagavulin","floor":10.0,"turns":9.0},{"damage":15.0,"enemies":"Gremlin Nob","floor":12.0,"turns":4.0},{"damage":0.0,"enemies":"Slime Boss","floor":16.0,"turns":8.0},{"damage":0.0,"enemies":"Chosen","floor":18.0,"turns":4.0},{"damage":5,"enemies":"Shell Parasite","floor":22,"turns":3},{"damage":12,"enemies":"Book of Stabbing","floor":23,"turns":4},{"damage":0,"enemies":"Slavers","floor":25,"turns":2},{"damage":6,"enemies":"Colosseum Slavers","floor":27,"turns":3},{"damage":0,"enemies":"Colosseum Nobs","floor":27,"turns":2},{"damage":0,"enemies":"Chosen and Byrds","floor":29,"turns":4},{"damage":7,"enemies":"Gremlin Leader","floor":30,"turns":4},{"damage":9,"enemies":"Centurion and Healer","floor":31,"turns":3},{"damage":19,"enemies":"Collector","floor":33,"turns":10},{"damage":0,"enemies":"3 Shapes","floor":35,"turns":1},{"damage":2,"enemies":"Orb Walker","floor":36,"turns":3},{"damage":0,"enemies":"Spire Growth","floor":38,"turns":5},{"damage":1,"enemies":"Reptomancer","floor":40,"turns":5},{"damage":0,"enemies":"4 Shapes","floor":42,"turns":5},{"damage":0,"enemies":"Giant Head","floor":44,"turns":5},{"damage":0,"enemies":"Writhing Mass","floor":46,"turns":6},{"damage":0,"enemies":"Mind Bloom Boss Battle","floor":48,"turns":6},{"damage":23,"enemies":"Time Eater","floor":50,"turns":11},{"damage":2,"enemies":"Shield and Spear","floor":54,"turns":6},{"damage":48,"enemies":"The Heart","floor":55,"turns":7}],"seed_played":"-7844506998258234113","potions_obtained":[{"floor":4.0,"key":"Energy Potion"},{"floor":7.0,"key":"BlessingOfTheForge"},{"floor":8.0,"key":"GhostInAJar"},{"floor":10.0,"key":"LiquidMemories"},{"floor":16.0,"key":"Regen Potion"},{"floor":27,"key":"Block Potion"},{"floor":29,"key":"DistilledChaos"},{"floor":30,"key":"AttackPotion"},{"floor":31,"key":"Energy Potion"},{"floor":40,"key":"Regen Potion"}],"is_trial":false,"path_per_floor":["M","M","M","M","$","E","M","E","T","E","$","E","R","?","R","B",null,"M","?","?","$","M","E","R","E","T","?","?","M","E","M","R","B",null,"M","M","?","M","?","E","R","M","T","E","R","M","$","?","R","B",null,"R","$","E","B",null],"character_chosen":"THE_SILENT","items_purchased":["Backflip","PowerPotion","Footwork","Discovery","Caltrops","ClockworkSouvenir","Caltrops","Dash+1","Escape Plan"],"campfire_rested":1,"item_purchase_floors":[5,5,11,21,47,53,53,53,53],"current_hp_per_floor":[57,56,56,51,51,40,40,38,38,33,33,18,18,6,6,6,49,49,49,49,49,44,32,32,32,32,26,26,26,33,24,24,5,49,49,47,47,47,37,36,36,36,36,36,36,36,36,36,54,31,55,55,55,53,20],"gold":64,"neow_bonus":"ONE_RARE_RELIC","is_daily":false,"chose_seed":false,"campfire_upgraded":4,"win_rate":0.0,"timestamp":1612295596,"path_taken":["M","M","M","?","?","E","?","E","T","E","$","E","R","?","R","BOSS","M","?","?","?","?","E","R","E","T","?","?","?","E","M","R","BOSS","M","M","?","M","?","E","R","M","T","E","R","M","$","?","R","BOSS","R","$","E","BOSS"],"items_purchased_type":["Card","Potion","Card","Card","Card","Relic","Card","Card","Card"],"build_version":"2020-12-22","purchased_purges":4,"victory":true,"max_hp_per_floor":[63,63,63,63,63,63,63,63,63,63,63,63,63,63,63,63,63,63,63,63,63,63,63,63,63,63,63,63,63,63,63,63,63,63,63,63,63,63,63,63,63,63,63,63,63,63,63,63,63,63,63,63,63,63,63],"relic_stats":{"Happy Flower":[35],"counters":[31,154],"Dead Branch":[241],"Tingsha":[86],"PreservedInsect":463,"Ginger":[25],"Whetstone":["Quick Slash","Neutralize"],"War Paint":["Defend_G","Survivor"],"Smiling Mask":225,"Peace Pipe":3,"Dream Catcher":1,"Busted Crown":44,"Art of War":[5],"Kunai":[57],"obtain_stats":[{"Ice Cream":44,"Lantern":40,"Happy Flower":12,"Dead Branch":0,"Oddly Smooth Stone":23,"Tingsha":48,"PreservedInsect":10,"Ginger":8,"Whetstone":54,"War Paint":19,"Smiling Mask":9,"White Beast Statue":27,"ClockworkSouvenir":53,"Peace Pipe":27,"Bottled Flame":25,"Dream Catcher":43,"Busted Crown":17,"Molten Egg 2":6,"Fusion Hammer":34,"Art of War":14,"Kunai":30,"Ring of the Snake":0},{"Ice Cream":26,"Lantern":24,"Happy Flower":9,"Dead Branch":0,"Oddly Smooth Stone":13,"Tingsha":28,"PreservedInsect":8,"Ginger":7,"Whetstone":30,"War Paint":11,"Smiling Mask":7,"White Beast Statue":16,"ClockworkSouvenir":29,"Peace Pipe":16,"Bottled Flame":14,"Dream Catcher":25,"Busted Crown":10,"Molten Egg 2":5,"Fusion Hammer":20,"Art of War":9,"Kunai":18,"Ring of the Snake":0},{"Ice Cream":118,"Lantern":108,"Happy Flower":47,"Dead Branch":0,"Oddly Smooth Stone":66,"Tingsha":130,"PreservedInsect":43,"Ginger":34,"Whetstone":147,"War Paint":59,"Smiling Mask":34,"White Beast Statue":73,"ClockworkSouvenir":141,"Peace Pipe":73,"Bottled Flame":68,"Dream Catcher":113,"Busted Crown":55,"Molten Egg 2":24,"Fusion Hammer":94,"Art of War":47,"Kunai":81,"Ring of the Snake":0}],"Ring of the Snake":[62]},"card_choices":[{"not_picked":["Sucker Punch","Dodge and Roll"],"picked":"Quick Slash","floor":1.0},{"not_picked":["Prepared","Masterful Stab"],"picked":"Noxious Fumes","floor":2.0},{"not_picked":["Masterful Stab","Poisoned Stab"],"picked":"Cloak And Dagger","floor":3.0},{"not_picked":["Prepared","Flechettes"],"picked":"Well Laid Plans","floor":4.0},{"not_picked":["Backflip","Deadly Poison"],"picked":"Dagger Spray+1","floor":6.0},{"not_picked":["Poisoned Stab+1","Well Laid Plans"],"picked":"Backstab+1","floor":7.0},{"not_picked":["Dagger Spray+1","Prepared"],"picked":"Envenom","floor":8.0},{"not_picked":["Acrobatics","Underhanded Strike+1"],"picked":"Poisoned Stab+1","floor":10.0},{"not_picked":["Dodge and Roll","Underhanded Strike+1"],"picked":"Footwork","floor":12.0},{"not_picked":["Grand Finale+1","Burst"],"picked":"Die Die Die+1","floor":16.0},{"not_picked":[],"picked":"Quick Slash+1","floor":18.0},{"not_picked":[],"picked":"Masterful Stab+1","floor":22},{"not_picked":[],"picked":"Envenom","floor":23},{"not_picked":[],"picked":"Escape Plan","floor":25},{"not_picked":[],"picked":"PiercingWail","floor":27},{"not_picked":[],"picked":"Dodge and Roll","floor":29},{"not_picked":[],"picked":"Dagger Throw+1","floor":30},{"not_picked":["Reflex"],"picked":"SKIP","floor":31},{"not_picked":[],"picked":"Corpse Explosion","floor":33},{"not_picked":["Well Laid Plans"],"picked":"SKIP","floor":35},{"not_picked":[],"picked":"Backflip+1","floor":36},{"not_picked":[],"picked":"Infinite Blades+1","floor":38},{"not_picked":[],"picked":"Enlightenment","floor":39},{"not_picked":[],"picked":"Blind","floor":39},{"not_picked":["Expertise"],"picked":"SKIP","floor":40},{"not_picked":["Flechettes+1"],"picked":"SKIP","floor":42},{"not_picked":["All Out Attack+1"],"picked":"SKIP","floor":44},{"not_picked":["Underhanded Strike+1"],"picked":"SKIP","floor":46},{"not_picked":[],"picked":"Blade Dance+1","floor":49},{"not_picked":[],"picked":"Doppelganger","floor":54}],"player_experience":1103824,"relics_obtained":[{"floor":6.0,"key":"Molten Egg 2"},{"floor":8.0,"key":"Ginger"},{"floor":9.0,"key":"Smiling Mask"},{"floor":10.0,"key":"PreservedInsect"},{"floor":12.0,"key":"Happy Flower"},{"floor":23,"key":"Oddly Smooth Stone"},{"floor":25,"key":"Bottled Flame"},{"floor":27,"key":"Peace Pipe"},{"floor":27,"key":"White Beast Statue"},{"floor":30,"key":"Kunai"},{"floor":40,"key":"Lantern"},{"floor":43,"key":"Dream Catcher"},{"floor":44,"key":"Ice Cream"},{"floor":48,"key":"Tingsha"},{"floor":54,"key":"Whetstone"}],"event_choices":[{"damage_healed":0.0,"max_hp_gain":0.0,"max_hp_loss":0.0,"gold_gain":0.0,"event_name":"Scrap Ooze","player_choice":"Success","floor":14.0,"gold_loss":0.0,"damage_taken":12.0,"relics_obtained":["Art of War"]},{"damage_healed":0.0,"max_hp_gain":0.0,"max_hp_loss":0.0,"gold_gain":0.0,"event_name":"Addict","player_choice":"Obtained Relic","floor":19.0,"gold_loss":85.0,"damage_taken":0.0,"relics_obtained":["War Paint"]},{"damage_healed":0.0,"max_hp_gain":0.0,"max_hp_loss":0.0,"gold_gain":0.0,"event_name":"Back to Basics","player_choice":"Simplicity","floor":20.0,"gold_loss":0.0,"damage_taken":0.0,"cards_upgraded":["Strike_G","Strike_G","Strike_G","Defend_G","Defend_G","Defend_G","Defend_G"]},{"damage_healed":0,"gold_gain":0,"player_choice":"Fight","damage_taken":0,"max_hp_gain":0,"max_hp_loss":0,"event_name":"Colosseum","floor":27,"gold_loss":0},{"damage_healed":0,"gold_gain":0,"player_choice":"Fought Nobs","damage_taken":0,"max_hp_gain":0,"max_hp_loss":0,"event_name":"Colosseum","floor":27,"gold_loss":0},{"damage_healed":0,"gold_gain":0,"player_choice":"1 cards matched","damage_taken":0,"max_hp_gain":0,"max_hp_loss":0,"event_name":"Match and Keep!","floor":28,"gold_loss":0,"cards_obtained":["Heel Hook"]},{"cards_removed":["Strike_G"],"damage_healed":0,"gold_gain":0,"player_choice":"Removed Attack","damage_taken":0,"max_hp_gain":0,"max_hp_loss":0,"event_name":"Falling","floor":37,"gold_loss":0},{"damage_healed":0,"gold_gain":0,"player_choice":"Memory 3","damage_taken":10,"max_hp_gain":0,"max_hp_loss":0,"event_name":"SensoryStone","floor":39,"gold_loss":0},{"damage_healed":0,"gold_gain":0,"player_choice":"Fight","damage_taken":0,"max_hp_gain":0,"max_hp_loss":0,"event_name":"MindBloom","floor":48,"gold_loss":0}],"is_beta":false,"boss_relics":[{"not_picked":["WristBlade","Pandora\u0027s Box"],"picked":"Busted Crown"},{"not_picked":["Snecko Eye","Astrolabe"],"picked":"Fusion Hammer"}],"items_purged_floors":[5,11,47,53],"is_endless":false,"potions_floor_spawned":[4,7,8,10,12,16,22,27,27,29,30,31,33,35,36,38,40,42,44,46,48,54],"ascension_level":8}}