{"host":"2mxajwyidsax8sss","time":1612274663,"event":{"mods":["100% Spire Juice","2.2 Compatiblity","Act Like it!","Arknights","Aspiration","Bartender","BaseMod","Better Match","Better Note","Better Sensory Stone","Better Vampires","BetterRewards","Block Reminder","CapriCore","ChefMod","Chen","Colored Powertips","Conspire","Decade(???)","Defuse TimeMaze Blight","Downfall","Energized Spire","Friendly Minions","Gensokyo","Googly Eyes","GungeonMod","Hallownest","Hermit","HololiveMod","Hubris","Humility","Jorbs\u0027s Wanderer Trilogy","Koishi","Luminous","Marked Mod","Minty Spire (QoL Compilation)","Nova Terra(??·??)","Pale of the Ancients","Permanent Neow","Prisma Mod","Quick Restart","Random Character Button","Reimu??????","Relic Filter","Relic Stats","Reliquary","Remilia??????","Replay The Spire","SIMod","SOS???????","StSLib","The Animator","The Bug Knight","The Death Knight","The Dragon Tamer","The Immortal","The Kombatant","Wandering Minibosses"],"gold_per_floor":[150,170,186,204,36,51,74,74,74,74],"floor_reached":8,"language":"ENG","playtime":1126,"items_purged":["hexamod:RetreatToShadows"],"score":48,"play_id":"6c679e73-1a06-4879-9d97-3ff74aa3cded","local_time":"20210202150423","is_ascension_mode":false,"campfire_choices":[],"circlet_count":0,"master_deck":["hexamod:Strike","hexamod:Strike","hexamod:Strike","hexamod:Strike","hexamod:Defend","hexamod:Defend","hexamod:Defend","hexamod:Defend","hexamod:Sear","hexamod:Float+1","hexamod:Again","hexamod:GhostflameInferno","hexamod:CatchUp","hexamod:Hexaguard"],"relics":["hexamod:SpiritBrand","Blue Doll"],"acts_visited":["Exordium"],"potions_floor_usage":[8],"damage_taken":[{"damage":17,"enemies":"2 Louse","floor":2,"turns":6},{"damage":2,"enemies":"Small Slimes","floor":3,"turns":4},{"damage":10,"enemies":"conspire:RoseBush","floor":4,"turns":3},{"damage":6,"enemies":"downfall:FleeingMerchant","floor":5,"turns":4},{"damage":8,"enemies":"3 Louse","floor":6,"turns":4},{"damage":32,"enemies":"3 Sentries","floor":8,"turns":7}],"seed_played":"980689141389438423","potions_obtained":[{"floor":3,"key":"Elixir"},{"floor":6,"key":"Fire Potion"}],"is_trial":false,"path_per_floor":["R","M","M","M","$","M","T","E"],"character_chosen":"THE_SPIRIT","items_purchased":["hexamod:CatchUp"],"campfire_rested":0,"item_purchase_floors":[5],"current_hp_per_floor":[70,53,51,41,35,27,27,0,0,0],"gold":74,"neow_bonus":"UPGRADE_CARD","is_daily":false,"chose_seed":false,"campfire_upgraded":0,"win_rate":0.0,"timestamp":1612274663,"path_taken":["R","M","M","M","$","M","T","E"],"items_purchased_type":["Card"],"build_version":"2020-12-22","purchased_purges":1,"victory":false,"max_hp_per_floor":[70,70,70,70,70,70,70,70,70,70],"relic_stats":{"counters":[6,28],"obtain_stats":[{"Blue Doll":7,"DemoMod:GlassGuonStoneRelic":3,"hexamod:SpiritBrand":0},{"Blue Doll":5,"DemoMod:GlassGuonStoneRelic":2,"hexamod:SpiritBrand":0},{"Blue Doll":21,"DemoMod:GlassGuonStoneRelic":10,"hexamod:SpiritBrand":0}]},"card_choices":[{"not_picked":["hexamod:NightmareStrike","hexamod:PhantomFireball"],"picked":"hexamod:Again","floor":2},{"not_picked":["hexamod:GhostLash","hexamod:ThermalTransfer"],"picked":"hexamod:RetreatToShadows","floor":3},{"not_picked":["hexamod:ShieldOfDarkness","hexamod:SwordOfDarkness","hexamod:NightmareGuise"],"picked":"SKIP","floor":4},{"not_picked":["hexamod:GhostOfSpirePast","hexamod:Hexaguard"],"picked":"hexamod:GhostflameInferno","floor":5},{"not_picked":["hexamod:ShieldOfDarkness","hexamod:HeatMetal"],"picked":"hexamod:Hexaguard","floor":6}],"player_experience":207506,"relics_obtained":[{"floor":7,"key":"Blue Doll"}],"event_choices":[],"is_beta":false,"boss_relics":[],"items_purged_floors":[5],"is_endless":false,"potions_floor_spawned":[3,6],"killed_by":"3 Sentries","ascension_level":0,"is_humility":true}}