{"host":"uv231blk40vjdojr","time":1612264247,"event":{"mods":["BaseMod","Bestiary","Minty Spire (QoL Compilation)","Relic Stats"],"gold_per_floor":[209,286,299,315,35,35,65,78,78,94,128,72,72,88,88,166,166,177,195,195,195],"floor_reached":20,"language":"ENG","playtime":1074,"items_purged":[],"score":372,"play_id":"e43c505c-7843-4575-ad97-a713335ce64e","local_time":"20210202121047","is_ascension_mode":true,"campfire_choices":[{"data":"Eruption","floor":6,"key":"SMITH"},{"floor":13,"key":"REST"},{"data":"Wallop","floor":15,"key":"SMITH"}],"circlet_count":0,"master_deck":["AscendersBane","Strike_P","Strike_P","Strike_P","Strike_P","Defend_P","Defend_P","Defend_P","Defend_P","Eruption+1","Vigilance","Halt","Consecrate","ReachHeaven","Wallop+1","InnerPeace","DeusExMachina","BowlingBash","EmptyFist","Indignation","CutThroughFate","Protect","Judgement","CarveReality"],"relics":["PureWater","Question Card","Happy Flower","Peace Pipe","Mummified Hand","Cursed Key"],"acts_visited":["Exordium","TheCity"],"potions_floor_usage":[8,11],"damage_taken":[{"damage":4,"enemies":"Cultist","floor":1,"turns":5},{"damage":11,"enemies":"Jaw Worm","floor":3,"turns":4},{"damage":2,"enemies":"2 Louse","floor":4,"turns":3},{"damage":24,"enemies":"Gremlin Nob","floor":7,"turns":3},{"damage":2,"enemies":"Large Slime","floor":8,"turns":4},{"damage":3,"enemies":"3 Louse","floor":10,"turns":2},{"damage":10,"enemies":"3 Sentries","floor":11,"turns":7},{"damage":0,"enemies":"2 Fungi Beasts","floor":14,"turns":2},{"damage":24,"enemies":"Slime Boss","floor":16,"turns":9},{"damage":31,"enemies":"2 Thieves","floor":18,"turns":4},{"damage":0,"enemies":"Spheric Guardian","floor":19,"turns":1},{"damage":38,"enemies":"Chosen and Byrds","floor":20,"turns":5}],"seed_played":"-2759129732767380841","potions_obtained":[{"floor":1,"key":"Regen Potion"},{"floor":4,"key":"StancePotion"},{"floor":8,"key":"Strength Potion"},{"floor":18,"key":"DuplicationPotion"}],"is_trial":false,"path_per_floor":["M","T","M","M","$","R","E","M","T","M","E","$","R","M","R","B",null,"M","M","M"],"character_chosen":"WATCHER","items_purchased":["Happy Flower","Wallop","InnerPeace","CutThroughFate"],"campfire_rested":1,"item_purchase_floors":[5,5,5,12],"current_hp_per_floor":[57,57,46,44,44,44,20,18,18,15,20,20,40,40,40,16,55,24,24,0,0],"gold":195,"neow_bonus":"HUNDRED_GOLD","is_daily":false,"chose_seed":false,"campfire_upgraded":2,"win_rate":0.0,"timestamp":1612264247,"path_taken":["M","?","M","?","$","R","E","M","T","M","E","$","R","M","R","BOSS","M","M","M"],"items_purchased_type":["Relic","Card","Card","Card"],"build_version":"2020-12-22","purchased_purges":0,"victory":false,"max_hp_per_floor":[68,68,68,68,68,68,68,68,68,68,68,68,68,68,68,68,68,68,68,68,68],"relic_stats":{"Peace Pipe":0,"Happy Flower":[12],"counters":[12,49],"Mummified Hand":[0],"Question Card":10,"Cursed Key":0,"obtain_stats":[{"Peace Pipe":7,"Happy Flower":5,"Mummified Hand":11,"PureWater":0,"Question Card":2,"Cursed Key":17},{"Peace Pipe":4,"Happy Flower":3,"Mummified Hand":7,"PureWater":0,"Question Card":1,"Cursed Key":9},{"Peace Pipe":15,"Happy Flower":12,"Mummified Hand":28,"PureWater":0,"Question Card":5,"Cursed Key":39}]},"card_choices":[{"not_picked":["Collect","Pray"],"picked":"Halt","floor":1},{"not_picked":["ClearTheMind","SashWhip","ThirdEye"],"picked":"Consecrate","floor":3},{"not_picked":["FollowUp","CrushJoints","ForeignInfluence"],"picked":"ReachHeaven","floor":4},{"not_picked":["SashWhip","EmptyBody","ThirdEye"],"picked":"DeusExMachina","floor":7},{"not_picked":["FollowUp","WindmillStrike","Swivel"],"picked":"BowlingBash","floor":8},{"not_picked":["FollowUp","Consecrate","Nirvana"],"picked":"EmptyFist","floor":10},{"not_picked":["EmptyFist","Collect","Prostrate"],"picked":"Indignation","floor":11},{"not_picked":["WindmillStrike","CutThroughFate","Fasting2"],"picked":"Protect","floor":14},{"not_picked":["Blasphemy","Wish","Establishment"],"picked":"Judgement","floor":16},{"not_picked":["FlurryOfBlows","FlyingSleeves","ClearTheMind"],"picked":"CarveReality","floor":18},{"not_picked":["CrushJoints+1","Halt","JustLucky","EmptyBody"],"picked":"SKIP","floor":19}],"player_experience":735309,"relics_obtained":[{"floor":2,"key":"Question Card"},{"floor":7,"key":"Peace Pipe"},{"floor":11,"key":"Mummified Hand"}],"event_choices":[],"is_beta":false,"boss_relics":[{"not_picked":["Ectoplasm","Runic Dome"],"picked":"Cursed Key"}],"items_purged_floors":[],"is_endless":false,"potions_floor_spawned":[1,4,7,8,18],"killed_by":"Chosen and Byrds","ascension_level":20}}