{"host":"ewqldq2sdiy6ytim","time":1612266840,"event":{"mods":["BaseMod","Colored Map","Downfall","Hermit","Hubris","Minty Spire (QoL Compilation)","StSLib","The Animator","The Construct","The Cursed","The Jungle","The Runesmith","The Servant 0.9.4"],"gold_per_floor":[99,115,129,141,152,152,228,248,248,270,329,366,366,383,403,403,403,403],"floor_reached":16,"language":"ENG","playtime":1027,"items_purged":[],"score":111,"play_id":"11bacb64-e087-4fd3-816a-453ca319dff5","local_time":"20210202035400","is_ascension_mode":true,"campfire_choices":[{"data":"Magnetism","floor":1,"key":"SMITH"},{"floor":6,"key":"RECALL"},{"data":"hexamod:EmpoweredFlame","floor":9,"key":"SMITH"}],"circlet_count":0,"master_deck":["hexamod:Strike","hexamod:Strike","hexamod:Strike","hexamod:Strike","hexamod:Defend","hexamod:Defend","hexamod:Defend","hexamod:Defend","hexamod:Sear","hexamod:Float","Magnetism+1","hexamod:FourthSeal","hexamod:SecondSeal","hexamod:EmpoweredFlame+1","hexamod:PowerFromBeyond","hexamod:HexaLevel","hexamod:SixthSeal"],"relics":["hexamod:SpiritBrand","Molten Egg 2","Akabeko","Odd Mushroom","hubris:Towel"],"acts_visited":["Exordium"],"potions_floor_usage":[4,8,10,11,12,14,15,15,16,16],"damage_taken":[{"damage":1,"enemies":"Cultist","floor":2,"turns":4},{"damage":6,"enemies":"Jaw Worm","floor":3,"turns":3},{"damage":3,"enemies":"Small Slimes","floor":4,"turns":3},{"damage":8,"enemies":"2 Fungi Beasts","floor":5,"turns":4},{"damage":9,"enemies":"Exordium Wildlife","floor":8,"turns":6},{"damage":7,"enemies":"Blue Slaver","floor":10,"turns":5},{"damage":13,"enemies":"Lagavulin","floor":11,"turns":6},{"damage":16,"enemies":"The Mushroom Lair","floor":12,"turns":5},{"damage":3,"enemies":"Lots of Slimes","floor":14,"turns":5},{"damage":14,"enemies":"Blue Slaver","floor":15,"turns":4},{"damage":3,"enemies":"WA_ARCHETYPE_RETAIN","floor":16,"turns":4}],"seed_played":"-1505536721149675444","potions_obtained":[{"floor":3,"key":"Swift Potion"},{"floor":4,"key":"Fruit Juice"},{"floor":4,"key":"sneckomod:MuddlingPotion"},{"floor":5,"key":"hexamod:DoubleChargePotion"},{"floor":8,"key":"Energy Potion"},{"floor":10,"key":"LiquidMemories"},{"floor":12,"key":"Regen Potion"},{"floor":14,"key":"LiquidMemories"},{"floor":14,"key":"EssenceOfSteel"},{"floor":15,"key":"Ancient Potion"}],"is_trial":false,"path_per_floor":["R","M","M","M","M","R","T","M","R","M","E","?","?","M","M","B"],"character_chosen":"THE_SPIRIT","items_purchased":[],"campfire_rested":0,"item_purchase_floors":[],"current_hp_per_floor":[63,62,56,58,50,50,50,41,41,34,21,5,5,16,2,0,0,0],"gold":403,"neow_bonus":"RANDOM_COLORLESS_2","is_daily":false,"chose_seed":false,"campfire_upgraded":2,"win_rate":0.0,"timestamp":1612266840,"path_taken":["R","M","M","M","M","R","T","?","R","M","E","?","?","M","M","BOSS"],"items_purchased_type":[],"build_version":"2020-12-22","purchased_purges":0,"victory":false,"max_hp_per_floor":[63,63,63,68,68,68,68,68,68,68,68,68,68,68,68,68,68,68],"card_choices":[{"not_picked":["The Bomb","Master of Strategy"],"picked":"Magnetism","floor":0},{"not_picked":["hexamod:SpectersWail","hexamod:SwordOfDarkness"],"picked":"hexamod:FourthSeal","floor":2},{"not_picked":["hexamod:FastForward","hexamod:NightmareGuise","hexamod:ChargedBarrage"],"picked":"SKIP","floor":3},{"not_picked":["hexamod:Firestarter","hexamod:GhostLash","hexamod:GhostShield"],"picked":"SKIP","floor":4},{"not_picked":["hexamod:BacktrackSmack","hexamod:InspiringFlames"],"picked":"hexamod:SecondSeal","floor":5},{"not_picked":["hexamod:Haunt","hexamod:AdvancingGuard"],"picked":"hexamod:EmpoweredFlame","floor":8},{"not_picked":["hexamod:ExtraCrispy","hexamod:NightmareStrike+1"],"picked":"hexamod:PowerFromBeyond","floor":10},{"not_picked":["hexamod:GhostShield","hexamod:HauntingEcho+1","hexamod:SpectralAdrenaline"],"picked":"SKIP","floor":11},{"not_picked":["hexamod:ThermalTransfer+1","hexamod:Hexaguard"],"picked":"hexamod:HexaLevel","floor":14},{"not_picked":["hexamod:GhostLash+1","hexamod:GhostShield"],"picked":"hexamod:SixthSeal","floor":15}],"player_experience":979016,"relics_obtained":[{"floor":7,"key":"Molten Egg 2"},{"floor":11,"key":"Akabeko"},{"floor":12,"key":"Odd Mushroom"}],"event_choices":[{"damage_healed":0,"gold_gain":0,"player_choice":"Fought Mushrooms","damage_taken":0,"max_hp_gain":0,"max_hp_loss":0,"event_name":"Mushrooms","floor":12,"gold_loss":0}],"is_beta":false,"boss_relics":[],"items_purged_floors":[],"is_endless":false,"potions_floor_spawned":[3,4,8,14],"killed_by":"WA_ARCHETYPE_RETAIN","ascension_level":1}}