{"host":"0rxdudjy6rylha1k","time":1612236345,"event":{"mods":["Aspiration","BaseMod","Colored Map","Colored Powertips","Downfall","Highlight Path","Hubris","Minty Spire (QoL Compilation)","StSLib"],"gold_per_floor":[99,113,98,117,25,59,59,59,76,98,111,127,27,127,145,246,246,246,270,282,282,282,282],"floor_reached":21,"language":"ENG","playtime":1647,"items_purged":[],"score":256,"play_id":"eab09d42-e97e-41bf-8d75-7bcb2eed3a58","local_time":"20210201202545","is_ascension_mode":true,"campfire_choices":[{"floor":1.0,"key":"RECALL"},{"floor":8.0,"key":"REST"},{"floor":13,"key":"REST"},{"data":"Bludgeon","floor":18,"key":"SMITH"}],"circlet_count":0,"master_deck":["hexamod:Strike","hexamod:Strike","hexamod:Strike","hexamod:Strike","hexamod:Defend","hexamod:Defend","hexamod:Defend","hexamod:Defend","hexamod:Sear","hexamod:Float","Thunderclap","Spot Weakness","hexamod:SecondSeal","hexamod:GhostOfSpireFuture","hexamod:ThirdSeal","hexamod:Firestarter","Infernal Blade","hexamod:ThermalTransfer","Twin Strike","Metallicize","hexamod:FirstSeal","hexamod:GhostflameBarrier","Whirlwind","Bludgeon+1","hexamod:VolcanoVisage","Shrug It Off","hexamod:BacktrackSmack","Metallicize"],"relics":["aspiration:IroncladSkillbook","hubris:SlimyHat","Kunai","downfall:HeartBlessingRed","aspiration:SecretTechniqueScroll"],"acts_visited":["Exordium","TheCity"],"potions_floor_usage":[12,20],"damage_taken":[{"damage":0.0,"enemies":"Cultist","floor":2.0,"turns":3.0},{"damage":0.0,"enemies":"downfall:FleeingMerchant","floor":3.0,"turns":4.0},{"damage":9.0,"enemies":"Small Slimes","floor":4.0,"turns":3.0},{"damage":5.0,"enemies":"downfall:FleeingMerchant","floor":5.0,"turns":4.0},{"damage":55.0,"enemies":"3 Sentries","floor":6.0,"turns":9.0},{"damage":0.0,"enemies":"Jaw Worm","floor":9.0,"turns":2.0},{"damage":0.0,"enemies":"3 Louse","floor":10.0,"turns":2.0},{"damage":14.0,"enemies":"Blue Slaver","floor":11.0,"turns":4.0},{"damage":4,"enemies":"Exordium Wildlife","floor":12,"turns":3},{"damage":2,"enemies":"Red Slaver","floor":15,"turns":3},{"damage":26,"enemies":"IC_STATUS_ARCHETYPE","floor":16,"turns":7},{"damage":29,"enemies":"Spheric Guardian","floor":19,"turns":6},{"damage":41,"enemies":"3 Cultists","floor":20,"turns":5},{"damage":20,"enemies":"downfall:FleeingMerchant","floor":21,"turns":2}],"seed_played":"-7111087242475323783","potions_obtained":[{"floor":4.0,"key":"Weak Potion"},{"floor":6.0,"key":"GamblersBrew"},{"floor":9.0,"key":"DuplicationPotion"},{"floor":11,"key":"Regen Potion"},{"floor":19,"key":"SneckoOil"}],"is_trial":false,"path_per_floor":["R","M","$","M","$","E","T","R","M","M","M","M","R","?","M","B",null,"R","M","M","$"],"character_chosen":"THE_SPIRIT","items_purchased":["hexamod:ThirdSeal","hexamod:Firestarter"],"campfire_rested":2,"item_purchase_floors":[5,5],"current_hp_per_floor":[63,67,70,65,64,13,13,34,38,42,32,48,69,69,70,55,66,66,48,18,0,0,0],"gold":282,"neow_bonus":"BOSS_RELIC","is_daily":false,"chose_seed":false,"campfire_upgraded":1,"win_rate":0.0,"timestamp":1612236345,"path_taken":["R","M","$","M","$","E","T","R","M","M","M","M","R","?","M","BOSS","R","M","M","$"],"items_purchased_type":["Card","Card"],"build_version":"2020-12-22","purchased_purges":0,"victory":false,"max_hp_per_floor":[70,70,70,70,70,70,70,70,70,70,70,70,70,70,70,70,70,70,70,70,70,70,70],"card_choices":[{"not_picked":["hexamod:NightmareStrike","hexamod:FastForward","Wild Strike"],"picked":"Thunderclap","floor":2.0},{"not_picked":["Blood for Blood","Cleave","Wild Strike"],"picked":"Spot Weakness","floor":3.0},{"not_picked":["hexamod:GhostShield","hexamod:InspiringFlames","Headbutt"],"picked":"hexamod:SecondSeal","floor":4.0},{"not_picked":["Wild Strike","hexamod:SpectersWail","hexamod:Again"],"picked":"hexamod:GhostOfSpireFuture","floor":5.0},{"not_picked":["hexamod:SkipABeat","Exhume","hubris:ReadiedAction"],"picked":"Infernal Blade","floor":6.0},{"not_picked":["hexamod:BacktrackSmack","hexamod:GhostLash","hexamod:FastForward"],"picked":"hexamod:ThermalTransfer","floor":6.0},{"not_picked":["Cleave","hexamod:HeatMetal","hexamod:SwordOfDarkness"],"picked":"Twin Strike","floor":9.0},{"not_picked":["hexamod:FastForward","hexamod:SoulSteal","hexamod:PhantomFireball"],"picked":"Metallicize","floor":10.0},{"not_picked":["Seeing Red","Burning Pact","hexamod:Hexaguard"],"picked":"hexamod:FirstSeal","floor":11},{"not_picked":["Armaments","Sword Boomerang","hexamod:ThermalTransfer"],"picked":"hexamod:GhostflameBarrier","floor":12},{"not_picked":["Fiend Fire","Wild Strike","Body Slam"],"picked":"Whirlwind","floor":15},{"not_picked":["Juggernaut","Impervious","Barricade"],"picked":"Bludgeon","floor":16},{"not_picked":["Fiend Fire","hexamod:GhostflameInferno","Impervious"],"picked":"hexamod:VolcanoVisage","floor":16},{"not_picked":["hexamod:DynamicBlow","hexamod:GhostLash","hexamod:EmpoweredFlame"],"picked":"Shrug It Off","floor":19},{"not_picked":["hexamod:SpectersWail","hexamod:HauntingEcho+1","Power Through"],"picked":"hexamod:BacktrackSmack","floor":19},{"not_picked":["hexamod:GhostLash+1","Flex+1","Anger"],"picked":"Metallicize","floor":20}],"player_experience":2778586,"relics_obtained":[{"floor":6.0,"key":"hubris:SlimyHat"},{"floor":7.0,"key":"Kunai"}],"event_choices":[],"is_beta":false,"boss_relics":[{"not_picked":["hubris:RunicObelisk","Velvet Choker"],"picked":"aspiration:SecretTechniqueScroll"}],"items_purged_floors":[],"is_endless":false,"potions_floor_spawned":[4,6,9,11,19],"killed_by":"downfall:FleeingMerchant","ascension_level":8}}