{"host":"8anmd7ibyxevnonj","time":1612263872,"event":{"mods":["BaseMod","Curses Come First","Downfall","Minty Spire (QoL Compilation)","StSLib"],"gold_per_floor":[99,9,9,29,43,43,43,43,55,74,74,74,74,103,114,212,212,212,230,250,11,22,22,49,80,96,8,19,19,42,42,57,57,57,57],"floor_reached":33,"language":"ENG","playtime":3028,"items_purged":["Shame"],"score":247,"play_id":"81d47dd0-6018-4141-a3b3-9a623b12f1cf","local_time":"20210202120432","is_ascension_mode":false,"campfire_choices":[{"data":"Apotheosis","floor":1,"key":"SMITH"},{"data":"1","floor":6,"key":"LIFT"},{"data":"2","floor":8,"key":"LIFT"},{"data":"3","floor":11,"key":"LIFT"},{"data":"Forethought","floor":13,"key":"SMITH"},{"data":"bronze:Repair","floor":18,"key":"SMITH"},{"data":"bronze:Mutator","floor":29,"key":"SMITH"}],"circlet_count":0,"master_deck":["bronze:Strike","bronze:Strike","bronze:Strike","bronze:Strike","bronze:Defend","bronze:Defend","bronze:Defend","bronze:Defend","bronze:Replicate","bronze:Goto","Apotheosis+1","bronze:Repair+1","bronze:Optimize","bronze:DarkDash","bronze:Branch","bronze:Allocate","Forethought+1","bronze:AlphaBuild","bronze:Repulsor","bronze:Deprecate","bronze:HyperBeam","bronze:OilSpill","bronze:FineTuning","bronze:Mutator+1","bronze:Philosophize+1","bronze:Frontload","bronze:FineTuning","bronze:Fortify","bronze:BugBarrage","bronze:MaxOutput","bronze:ItsAFeature","bronze:HardenedForm"],"relics":["bronze:BronzeCore","Girya","Pear","Kunai","Coffee Dripper","ClockworkSouvenir","Bag of Preparation","Red Mask","Question Card"],"acts_visited":["Exordium","TheCity"],"potions_floor_usage":[14,15,16,25,28,30,30,33],"damage_taken":[{"damage":10,"enemies":"downfall:FleeingMerchant","floor":2,"turns":4},{"damage":2,"enemies":"Jaw Worm","floor":4,"turns":3},{"damage":0,"enemies":"Small Slimes","floor":5,"turns":3},{"damage":1,"enemies":"Cultist","floor":9,"turns":3},{"damage":0,"enemies":"2 Fungi Beasts","floor":10,"turns":3},{"damage":7,"enemies":"3 Sentries","floor":14,"turns":5},{"damage":7,"enemies":"Blue Slaver","floor":15,"turns":3},{"damage":43,"enemies":"IC_STATUS_ARCHETYPE","floor":16,"turns":11},{"damage":17,"enemies":"Spheric Guardian","floor":19,"turns":5},{"damage":22,"enemies":"Centurion and Healer","floor":20,"turns":6},{"damage":0,"enemies":"downfall:FleeingMerchant","floor":21,"turns":4},{"damage":15,"enemies":"Snecko","floor":22,"turns":4},{"damage":18,"enemies":"Masked Bandits","floor":25,"turns":3},{"damage":8,"enemies":"3 Cultists","floor":26,"turns":6},{"damage":17,"enemies":"downfall:FleeingMerchant","floor":27,"turns":4},{"damage":21,"enemies":"Sentry and Sphere","floor":28,"turns":6},{"damage":4,"enemies":"downfall:FleeingMerchant","floor":30,"turns":4},{"damage":22,"enemies":"Snake Plant","floor":32,"turns":6},{"damage":30,"enemies":"DF_ARCHETYPE_CLAW","floor":33,"turns":3}],"seed_played":"6580876385161944743","potions_obtained":[{"floor":4,"key":"Fire Potion"},{"floor":5,"key":"bronze:BurnAndBuffPotion"},{"floor":9,"key":"hexamod:SoulburnPotion"},{"floor":10,"key":"Explosive Potion"},{"floor":15,"key":"DistilledChaos"},{"floor":19,"key":"Explosive Potion"},{"floor":25,"key":"DistilledChaos"},{"floor":32,"key":"SkillPotion"}],"is_trial":false,"path_per_floor":["R","$","?","M","M","R","T","R","M","M","R","?","R","E","M","B",null,"R","M","M","$","M","?","T","?","M","$","M","R","$","$","M","B"],"character_chosen":"THE_AUTOMATON","items_purchased":["ClockworkSouvenir","bronze:Mutator","Regen Potion","bronze:ItsAFeature","Question Card"],"campfire_rested":0,"item_purchase_floors":[21,21,27,30,30],"current_hp_per_floor":[70,60,48,53,60,60,70,70,79,80,80,80,80,80,80,47,80,80,73,61,71,56,56,56,38,30,24,28,28,35,35,24,0,0,0],"gold":57,"neow_bonus":"RANDOM_COLORLESS_2","is_daily":false,"chose_seed":false,"campfire_upgraded":4,"win_rate":0.0,"timestamp":1612263872,"path_taken":["R","$","?","M","M","R","T","R","M","M","R","?","R","E","M","BOSS","R","M","M","$","?","?","T","?","M","$","M","R","?","$","M","BOSS"],"items_purchased_type":["Relic","Card","Potion","Card","Relic"],"build_version":"2020-12-13","purchased_purges":1,"victory":false,"max_hp_per_floor":[70,70,70,70,70,70,80,80,80,80,80,80,80,80,80,80,80,80,80,80,80,80,80,80,80,80,80,80,80,80,80,80,80,80,80],"card_choices":[{"not_picked":["Thinking Ahead","Transmutation"],"picked":"Apotheosis","floor":0},{"not_picked":["bronze:Deprecate","bronze:Separator"],"picked":"bronze:Repair","floor":2},{"not_picked":["bronze:ForLoop","bronze:Turbo"],"picked":"bronze:Optimize","floor":4},{"not_picked":["bronze:DigitalCarnage","bronze:Overheat"],"picked":"bronze:DarkDash","floor":5},{"not_picked":["bronze:Terminator","bronze:DarkDash"],"picked":"bronze:Branch","floor":9},{"not_picked":["bronze:Terminator","bronze:Overheat"],"picked":"bronze:Allocate","floor":10},{"not_picked":["bronze:Iterate","bronze:CutThrough"],"picked":"bronze:Repulsor","floor":14},{"not_picked":["bronze:Invalidate","bronze:Terminator"],"picked":"bronze:Deprecate","floor":15},{"not_picked":["bronze:RecursiveStrike","bronze:ThunderWave"],"picked":"bronze:HyperBeam","floor":16},{"not_picked":["bronze:Optimize","bronze:Safeguard"],"picked":"bronze:OilSpill","floor":19},{"not_picked":["bronze:Shield","bronze:CutThrough"],"picked":"bronze:FineTuning","floor":20},{"not_picked":["bronze:NullPointer","bronze:Terminator+1","bronze:CutThrough+1"],"picked":"SKIP","floor":21},{"not_picked":["bronze:Allocate+1","bronze:Shield"],"picked":"bronze:Philosophize+1","floor":22},{"not_picked":["bronze:WhirlingStrike","bronze:FineTuning+1"],"picked":"bronze:Frontload","floor":25},{"not_picked":["bronze:NullPointer","bronze:Invalidate+1"],"picked":"bronze:FineTuning","floor":26},{"not_picked":["bronze:Shield+1","bronze:ForceShield+1"],"picked":"bronze:Fortify","floor":27},{"not_picked":["bronze:Overload","bronze:Constructor+1"],"picked":"bronze:BugBarrage","floor":28},{"not_picked":["bronze:DelayedSlice","bronze:Allocate+1"],"picked":"bronze:MaxOutput","floor":30},{"not_picked":["bronze:Return","bronze:Constructor","bronze:Frontload"],"picked":"bronze:HardenedForm","floor":32}],"player_experience":71526,"relics_obtained":[{"floor":7,"key":"Pear"},{"floor":14,"key":"Kunai"},{"floor":24,"key":"Bag of Preparation"},{"floor":25,"key":"Red Mask"}],"event_choices":[{"damage_healed":0,"gold_gain":0,"player_choice":"Success","damage_taken":12,"relics_obtained":["Girya"],"max_hp_gain":0,"max_hp_loss":0,"event_name":"Scrap Ooze","floor":3,"gold_loss":0},{"damage_healed":0,"gold_gain":0,"player_choice":"Ignored","damage_taken":0,"max_hp_gain":0,"max_hp_loss":0,"event_name":"Ghosts","floor":23,"gold_loss":0},{"damage_healed":0,"gold_gain":0,"player_choice":"Fought Bandits","damage_taken":0,"max_hp_gain":0,"max_hp_loss":0,"event_name":"Masked Bandits","floor":25,"gold_loss":0}],"is_beta":false,"boss_relics":[{"not_picked":["bronze:PlatinumCore","Astrolabe"],"picked":"Coffee Dripper"}],"items_purged_floors":[2],"is_endless":false,"potions_floor_spawned":[4,5,9,10,15,19,25,32],"killed_by":"DF_ARCHETYPE_CLAW","ascension_level":0}}