{"host":"qrt7o4dq2qslzw13","time":1612240306,"event":{"mods":["AchievementEnabler","BaseMod","Colored Map","Colored Powertips","Minty Spire (QoL Compilation)","Quick Restart","StSLib","SuperFastMode"],"gold_per_floor":[363,377,377,393,412,412,423,423,423,423,267,296,311,329,329,432,482,493,493,513,513,513,513,548,548,548,561,561,561,579,280,280,376,376,390,440,1439,1439,1439,1439,908,908,931,529,551,570,570,590,590,590],"floor_reached":51,"language":"ENG","playtime":887,"items_purged":["Shame","Writhe","Normality"],"score":802,"play_id":"f16d11de-3308-46ad-807c-46559b97c428","local_time":"20210201233146","is_ascension_mode":true,"campfire_choices":[{"data":"Ball Lightning","floor":6.0,"key":"SMITH"},{"data":"Electrodynamics","floor":8.0,"key":"SMITH"},{"data":"Dualcast","floor":10.0,"key":"SMITH"},{"data":"Storm","floor":15,"key":"SMITH"},{"data":"Multi-Cast","floor":23,"key":"SMITH"},{"floor":25,"key":"REST"},{"data":"Thunder Strike","floor":29,"key":"SMITH"},{"floor":32,"key":"REST"},{"floor":40,"key":"REST"},{"floor":42,"key":"REST"},{"floor":47,"key":"REST"},{"data":"Barrage","floor":49,"key":"SMITH"}],"circlet_count":0,"master_deck":["Strike_B","Strike_B","Strike_B","Defend_B","Defend_B","Defend_B+1","Zap+1","Dualcast+1","Loop+1","Ball Lightning+1","Storm+1","Electrodynamics+1","Loop+1","Capacitor+1","Machine Learning+1","Barrage+1","Auto Shields","Leap+1","Multi-Cast+1","Double Energy+1","Thunder Strike+1","Lockon","Defragment+1","Reboot","CurseOfTheBell","Hologram+1","Steam+1","Normality","White Noise+1","Static Discharge+1","Madness+1","Sadistic Nature+1","Defragment+1","Defragment+1","Finesse+1","Violence+1","Auto Shields+1"],"relics":["Cracked Core","Frozen Egg 2","Lee\u0027s Waffle","Lizard Tail","Tiny House","Meat on the Bone","Mercury Hourglass","Bird Faced Urn","Strawberry","TungstenRod","Runic Capacitor","Calling Bell","Oddly Smooth Stone","Toxic Egg 2","Ice Cream","Gambling Chip","Membership Card","War Paint","CeramicFish","DollysMirror","Bag of Preparation","Pen Nib"],"acts_visited":["Exordium","TheCity","TheBeyond"],"potions_floor_usage":[16,20,20,36,45,50],"damage_taken":[{"damage":2.0,"enemies":"2 Louse","floor":1.0,"turns":2.0},{"damage":1.0,"enemies":"Cultist","floor":2.0,"turns":3.0},{"damage":0.0,"enemies":"Small Slimes","floor":4.0,"turns":3.0},{"damage":11.0,"enemies":"Blue Slaver","floor":5.0,"turns":3.0},{"damage":13.0,"enemies":"2 Fungi Beasts","floor":7.0,"turns":3.0},{"damage":11.0,"enemies":"Gremlin Nob","floor":12.0,"turns":3.0},{"damage":12.0,"enemies":"Looter","floor":13.0,"turns":3.0},{"damage":0,"enemies":"3 Louse","floor":14,"turns":1},{"damage":18,"enemies":"Hexaghost","floor":16,"turns":7},{"damage":11,"enemies":"Spheric Guardian","floor":18,"turns":3},{"damage":20,"enemies":"2 Thieves","floor":20,"turns":3},{"damage":6,"enemies":"Gremlin Leader","floor":24,"turns":4},{"damage":24,"enemies":"Cultist and Chosen","floor":27,"turns":5},{"damage":21,"enemies":"Snecko","floor":30,"turns":4},{"damage":56,"enemies":"Collector","floor":33,"turns":7},{"damage":24,"enemies":"3 Shapes","floor":35,"turns":4},{"damage":75,"enemies":"2 Orb Walkers","floor":36,"turns":4},{"damage":58,"enemies":"3 Darklings","floor":45,"turns":3},{"damage":0,"enemies":"Sphere and 2 Shapes","floor":46,"turns":3},{"damage":0,"enemies":"4 Shapes","floor":48,"turns":1},{"damage":54,"enemies":"Donu and Deca","floor":50,"turns":4}],"seed_played":"-7550475574426618559","potions_obtained":[{"floor":4.0,"key":"PotionOfCapacity"},{"floor":12.0,"key":"Regen Potion"},{"floor":13.0,"key":"SpeedPotion"},{"floor":14,"key":"Weak Potion"},{"floor":16,"key":"DistilledChaos"},{"floor":24,"key":"SteroidPotion"},{"floor":30,"key":"Swift Potion"},{"floor":36,"key":"Fire Potion"},{"floor":46,"key":"LiquidMemories"},{"floor":48,"key":"EntropicBrew"}],"is_trial":false,"path_per_floor":["M","M","?","M","M","R","M","R","T","R","$","E","M","M","R","B",null,"M","?","M","?","?","R","E","R","T","M","T","R","M","$","R","B",null,"M","?","?","?","?","R","$","R","T","$","M","M","R","M","R","B",null],"character_chosen":"DEFECT","items_purchased":["Lee\u0027s Waffle","Defragment+1","Runic Capacitor","Membership Card","War Paint","White Noise+1","Static Discharge+1","Madness+1","Sadistic Nature+1","DuplicationPotion","FocusPotion","Defragment+1","DollysMirror","Finesse+1","Violence+1","Bag of Preparation","Pen Nib"],"campfire_rested":5,"item_purchase_floors":[11,31,31,41,41,41,41,41,41,41,41,44,44,44,44,44,44],"current_hp_per_floor":[66,65,65,65,54,54,41,41,41,41,75,64,52,52,52,34,80,69,69,54,54,54,54,48,72,79,63,63,63,52,52,78,46,87,69,16,16,16,16,42,42,68,68,68,34,54,80,86,86,55],"gold":590,"neow_bonus":"TWO_FIFTY_GOLD","is_daily":false,"chose_seed":false,"campfire_upgraded":7,"win_rate":0.0,"timestamp":1612240306,"path_taken":["M","M","?","?","M","R","M","R","T","R","$","E","?","M","R","BOSS","M","?","M","?","?","R","E","R","T","M","?","R","M","$","R","BOSS","M","?","?","?","?","R","$","R","T","?","M","M","R","M","R","BOSS"],"items_purchased_type":["Relic","Card","Relic","Relic","Relic","Card","Card","Card","Card","Potion","Potion","Card","Relic","Card","Card","Relic","Relic"],"build_version":"2020-12-22","purchased_purges":3,"victory":true,"max_hp_per_floor":[68,68,68,68,68,68,68,68,68,68,75,75,75,75,75,75,80,80,80,80,80,80,80,80,80,87,87,87,87,87,87,87,87,87,87,87,87,87,87,87,87,87,87,87,87,87,87,87,87,87],"card_choices":[{"not_picked":["Cold Snap","Self Repair"],"picked":"Beam Cell","floor":1.0},{"not_picked":["Rebound","Go for the Eyes"],"picked":"Loop","floor":2.0},{"not_picked":["Cold Snap","Turbo"],"picked":"Ball Lightning","floor":4.0},{"not_picked":["Coolheaded","Stack"],"picked":"Storm","floor":5.0},{"not_picked":["Go for the Eyes","Force Field"],"picked":"Electrodynamics","floor":7.0},{"not_picked":["Chill","Barrage"],"picked":"Loop+1","floor":12.0},{"not_picked":["Steam Power","Double Energy"],"picked":"Capacitor+1","floor":13.0},{"not_picked":["Glacier","Darkness","Stack"],"picked":"SKIP","floor":14},{"not_picked":["Core Surge","Reboot"],"picked":"Machine Learning+1","floor":16},{"not_picked":["Steam","Undo"],"picked":"Barrage","floor":17},{"not_picked":["Rebound","Beam Cell"],"picked":"Auto Shields","floor":18},{"not_picked":["Doom and Gloom","Gash+1"],"picked":"Leap+1","floor":20},{"not_picked":["Steam+1","Storm+1"],"picked":"Thunder Strike","floor":24},{"not_picked":["Scrape","Coolheaded+1","Beam Cell"],"picked":"SKIP","floor":27},{"not_picked":["Recycle","Loop+1"],"picked":"Lockon","floor":30},{"not_picked":["All For One","Core Surge"],"picked":"Reboot","floor":33},{"not_picked":["Rebound+1","Fusion+1"],"picked":"Hologram+1","floor":35},{"not_picked":["Recycle+1","Ball Lightning+1"],"picked":"Steam+1","floor":36},{"not_picked":["Chill+1","Barrage"],"picked":"Auto Shields+1","floor":45},{"not_picked":["Meteor Strike","Darkness+1","Gash+1"],"picked":"SKIP","floor":46},{"not_picked":["Static Discharge+1","Sweeping Beam","Barrage+1"],"picked":"SKIP","floor":48},{"not_picked":["Static Discharge+1","Sweeping Beam","Barrage+1"],"picked":"SKIP","floor":48}],"player_experience":615527,"relics_obtained":[{"floor":9.0,"key":"Frozen Egg 2"},{"floor":12.0,"key":"Lizard Tail"},{"floor":24,"key":"Bird Faced Urn"},{"floor":26,"key":"Strawberry"},{"floor":28,"key":"TungstenRod"},{"floor":34,"key":"Oddly Smooth Stone"},{"floor":34,"key":"Toxic Egg 2"},{"floor":34,"key":"Ice Cream"},{"floor":36,"key":"Gambling Chip"},{"floor":43,"key":"CeramicFish"}],"event_choices":[{"damage_healed":0.0,"max_hp_gain":0.0,"max_hp_loss":0.0,"gold_gain":0.0,"event_name":"Upgrade Shrine","player_choice":"Upgraded","floor":3.0,"gold_loss":0.0,"damage_taken":0.0,"cards_upgraded":["Loop"]},{"damage_healed":0,"gold_gain":0,"player_choice":"Stole Relic","damage_taken":0,"relics_obtained":["Meat on the Bone"],"max_hp_gain":0,"max_hp_loss":0,"event_name":"Addict","floor":19,"gold_loss":0,"cards_obtained":["Shame"]},{"damage_healed":0,"gold_gain":0,"player_choice":"Opened","damage_taken":0,"relics_obtained":["Mercury Hourglass"],"max_hp_gain":0,"max_hp_loss":0,"event_name":"The Mausoleum","floor":21,"gold_loss":0,"cards_obtained":["Writhe"]},{"damage_healed":0,"gold_gain":0,"cards_transformed":["Strike_B","Defend_B"],"player_choice":"Became Test Subject","damage_taken":0,"max_hp_gain":0,"max_hp_loss":0,"event_name":"Drug Dealer","floor":22,"gold_loss":0,"cards_obtained":["Multi-Cast","Double Energy"]},{"damage_healed":0,"gold_gain":0,"player_choice":"Fight","damage_taken":0,"max_hp_gain":0,"max_hp_loss":0,"event_name":"Mysterious Sphere","floor":36,"gold_loss":0},{"damage_healed":0,"gold_gain":999,"player_choice":"Gold","damage_taken":0,"max_hp_gain":0,"max_hp_loss":0,"event_name":"MindBloom","floor":37,"gold_loss":0,"cards_obtained":["Normality","Normality"]},{"cards_removed":["Beam Cell"],"damage_healed":0,"gold_gain":0,"player_choice":"Removed Attack","damage_taken":0,"max_hp_gain":0,"max_hp_loss":0,"event_name":"Falling","floor":38,"gold_loss":0},{"damage_healed":0,"gold_gain":0,"player_choice":"Ignored","damage_taken":0,"max_hp_gain":0,"max_hp_loss":0,"event_name":"Tomb of Lord Red Mask","floor":39,"gold_loss":0}],"is_beta":false,"boss_relics":[{"not_picked":["Runic Dome","Snecko Eye"],"picked":"Tiny House"},{"not_picked":["Coffee Dripper","Velvet Choker"],"picked":"Calling Bell"}],"items_purged_floors":[31,41,44],"is_endless":false,"potions_floor_spawned":[4,12,13,14,16,24,30,33,36,46,48],"ascension_level":2}}