{"host":"c2vrdknshfutmcsq","time":1612260816,"event":{"mods":["BaseMod","Minty Spire (QoL Compilation)"],"gold_per_floor":[12,31,42,59,59,59,73,73,73,73,73],"floor_reached":10,"language":"ENG","playtime":452,"items_purged":[],"score":117,"play_id":"4078a7e7-984e-4512-801c-ffdea395a4ad","local_time":"20210202111336","is_ascension_mode":true,"campfire_choices":[{"floor":6,"key":"REST"}],"circlet_count":0,"master_deck":["AscendersBane","Strike_B","Strike_B","Defend_B","Defend_B","Defend_B","Zap","Dualcast","Hello World","Barrage","Compile Driver","Lockon","Streamline","Sweeping Beam","Leap"],"relics":["Cracked Core","Ice Cream","Letter Opener"],"acts_visited":["Exordium"],"potions_floor_usage":[10],"damage_taken":[{"damage":10.0,"enemies":"Small Slimes","floor":1.0,"turns":3.0},{"damage":4.0,"enemies":"Jaw Worm","floor":2.0,"turns":4.0},{"damage":17.0,"enemies":"2 Louse","floor":3.0,"turns":3.0},{"damage":16.0,"enemies":"Exordium Wildlife","floor":4.0,"turns":5.0},{"damage":7,"enemies":"2 Fungi Beasts","floor":7,"turns":3},{"damage":20,"enemies":"3 Sentries","floor":10,"turns":5}],"seed_played":"-5044174377969119610","potions_obtained":[{"floor":4.0,"key":"SteroidPotion"}],"is_trial":false,"path_per_floor":["M","M","M","M","?","R","M","T","T","E"],"character_chosen":"DEFECT","items_purchased":[],"campfire_rested":1,"item_purchase_floors":[],"current_hp_per_floor":[54,50,33,17,10,31,24,24,24,4,4],"gold":73,"neow_bonus":"TRANSFORM_TWO_CARDS","is_daily":false,"chose_seed":false,"campfire_upgraded":0,"win_rate":0.0,"timestamp":1612260816,"path_taken":["M","M","M","M","?","R","M","?","T","E"],"items_purchased_type":[],"build_version":"2020-12-22","purchased_purges":0,"victory":false,"max_hp_per_floor":[71,71,71,71,71,71,71,71,71,71,71],"card_choices":[{"not_picked":["Hologram","Leap"],"picked":"Compile Driver","floor":1.0},{"not_picked":["Rebound","Stack"],"picked":"Lockon","floor":2.0},{"not_picked":["Beam Cell","Consume"],"picked":"Streamline","floor":3.0},{"not_picked":["Loop","Compile Driver"],"picked":"Sweeping Beam","floor":4.0},{"not_picked":["Doom and Gloom","Go for the Eyes"],"picked":"Leap","floor":7}],"player_experience":1331995,"relics_obtained":[{"floor":8,"key":"Ice Cream"},{"floor":9,"key":"Letter Opener"}],"event_choices":[{"cards_removed":["Strike_B"],"damage_healed":0.0,"max_hp_gain":0.0,"max_hp_loss":0.0,"gold_gain":0.0,"event_name":"Golden Wing","player_choice":"Card Removal","floor":5.0,"gold_loss":0.0,"damage_taken":7.0}],"is_beta":false,"boss_relics":[],"items_purged_floors":[],"is_endless":false,"potions_floor_spawned":[4],"killed_by":"3 Sentries","ascension_level":19}}