{"host":"erjc6dqs793djrmy","time":1612244716,"event":{"mods":["BaseMod","Minty Spire (QoL Compilation)","StSLib","The Animator"],"gold_per_floor":[117,76,76,5,33,33,76,95,147,147,190,155,155,216,216,371,371,390,300,322,119,147,147,159,159],"floor_reached":24,"language":"ENG","playtime":1860,"items_purged":["animator:Strike"],"score":367,"play_id":"514ab10d-5faa-493b-b7f1-a5ceb6a5d2c7","local_time":"20210202004516","is_ascension_mode":true,"campfire_choices":[{"data":"animator:Aqua","floor":6,"key":"SMITH"},{"data":"animator:Melzalgald","floor":10,"key":"SMITH"},{"floor":15,"key":"REST"},{"floor":23,"key":"REST"}],"circlet_count":0,"master_deck":["AscendersBane","animator:Strike_Konosuba","animator:Defend_Konosuba","animator:Strike","animator:Defend","animator:Defend+1","animator:Defend","animator:Kazuma+1","animator:Aqua+1","animator:Shuna","animator:Caster+1","animator:Aqua","animator:Chris","animator:Melzalgald+1","animator:Chris","animator:GoblinSlayer","animator:Aqua","animator:GoblinSlayer","animator:Benimaru","animator:Witch","animator:Caster"],"relics":["animator:LivingPicture","animator:TheMissingPiece","NeowsBlessing","Bottled Flame","Smiling Mask","Golden Idol","Centennial Puzzle","Cursed Key","Blood Vial"],"acts_visited":["Exordium","TheCity"],"potions_floor_usage":[8,11,16,18,24],"damage_taken":[{"damage":0,"enemies":"Small Slimes","floor":1,"turns":1},{"damage":0,"enemies":"2 Louse","floor":5,"turns":1},{"damage":0,"enemies":"Gremlin Nob","floor":7,"turns":1},{"damage":0,"enemies":"Cultist","floor":8,"turns":4},{"damage":25,"enemies":"3 Sentries","floor":11,"turns":10},{"damage":32,"enemies":"Lagavulin","floor":14,"turns":7},{"damage":20,"enemies":"Hexaghost","floor":16,"turns":8},{"damage":20,"enemies":"Spheric Guardian","floor":18,"turns":4},{"damage":1,"enemies":"Chosen","floor":20,"turns":3},{"damage":30,"enemies":"Snake Plant","floor":22,"turns":5},{"damage":57,"enemies":"Slavers","floor":24,"turns":5}],"seed_played":"5840102502840279942","potions_obtained":[{"floor":1,"key":"Fire Potion"},{"floor":5,"key":"ColorlessPotion"},{"floor":8,"key":"Strength Potion"},{"floor":16,"key":"Energy Potion"}],"is_trial":false,"path_per_floor":["M","$","?","$","M","R","E","M","T","R","E","?","?","E","R","B",null,"M","?","M","$","M","R","E"],"character_chosen":"THE_ANIMATOR","items_purchased":["animator:Caster","animator:Aqua","Blood Vial"],"campfire_rested":2,"item_purchase_floors":[2,4,21],"current_hp_per_floor":[59,59,46,46,50,50,50,55,55,55,35,51,51,24,42,29,53,40,40,46,46,25,43,0,0],"gold":159,"neow_bonus":"THREE_ENEMY_KILL","is_daily":false,"chose_seed":false,"campfire_upgraded":2,"win_rate":0.0,"timestamp":1612244716,"path_taken":["M","$","?","$","M","R","E","M","T","R","E","?","?","E","R","BOSS","M","?","?","$","M","R","E"],"items_purchased_type":["Card","Card","Relic"],"build_version":"2020-12-22","purchased_purges":1,"victory":false,"max_hp_per_floor":[66,66,66,66,66,66,66,66,66,66,66,66,61,61,61,61,61,61,61,61,61,61,61,61,61],"card_choices":[{"not_picked":["animator:Add","animator:Ciel"],"picked":"animator:Shuna","floor":1},{"not_picked":["animator:Berserker","animator:Lu"],"picked":"animator:Chris","floor":5},{"not_picked":["animator:Berserker","animator:Hakurou"],"picked":"animator:Melzalgald","floor":7},{"not_picked":["animator:Kazuma","animator:Aqua"],"picked":"animator:Chris","floor":8},{"not_picked":["animator:RoryMercury","animator:SwordMaiden"],"picked":"animator:GoblinSlayer","floor":11},{"not_picked":["animator:Verdia","animator:Rena"],"picked":"animator:Aqua","floor":14},{"not_picked":["animator:SwordMaiden","animator:Gilgamesh"],"picked":"animator:GoblinSlayer","floor":16},{"not_picked":["animator:SilverFang","animator:Elsword"],"picked":"animator:Benimaru","floor":18},{"not_picked":["animator:Priestess","animator:GuildGirl"],"picked":"animator:Witch","floor":20},{"not_picked":["animator:Rider","animator:ItamiYouji"],"picked":"animator:Caster","floor":22}],"player_experience":374225,"relics_obtained":[{"floor":7,"key":"Bottled Flame"},{"floor":11,"key":"Smiling Mask"},{"floor":14,"key":"Centennial Puzzle"}],"event_choices":[{"damage_healed":0,"gold_gain":0,"player_choice":"Entered Light","damage_taken":13,"max_hp_gain":0,"max_hp_loss":0,"event_name":"Shining Light","floor":3,"gold_loss":0,"cards_upgraded":["animator:Caster","animator:Defend"]},{"damage_healed":16,"gold_gain":0,"player_choice":"Healed","damage_taken":0,"max_hp_gain":0,"max_hp_loss":0,"event_name":"The Cleric","floor":12,"gold_loss":35},{"damage_healed":0,"gold_gain":0,"player_choice":"Lose Max HP","damage_taken":0,"relics_obtained":["Golden Idol"],"max_hp_gain":0,"max_hp_loss":5,"event_name":"Golden Idol","floor":13,"gold_loss":0},{"cards_removed":["animator:Strike"],"damage_healed":0,"gold_gain":0,"player_choice":"Upgrade and Remove","damage_taken":0,"max_hp_gain":0,"max_hp_loss":0,"event_name":"Designer","floor":19,"gold_loss":90,"cards_upgraded":["animator:Kazuma"]}],"is_beta":false,"boss_relics":[{"not_picked":["Fusion Hammer","animator:HolyGrailRelic"],"picked":"Cursed Key"}],"items_purged_floors":[21],"is_endless":false,"potions_floor_spawned":[1,5,8,16],"killed_by":"Slavers","ascension_level":11}}