{"host":"7tvb1em0d2fx72q7","time":1612233375,"event":{"mods":["BaseMod","Challenge The Spire","Minty Spire (QoL Compilation)","StSLib","everything is the same but u backflip on backflip"],"gold_per_floor":[115,131,131,150,150,150,190,224,247,247,292,292,339,355,355,355,355],"floor_reached":16,"language":"ENG","playtime":1008,"items_purged":[],"score":222,"play_id":"e8bac2b1-79d4-4268-a19d-cda4611ff502","local_time":"20210201213615","is_ascension_mode":true,"campfire_choices":[{"data":"Eruption","floor":6.0,"key":"SMITH"},{"floor":12.0,"key":"REST"},{"data":"WindmillStrike","floor":15,"key":"SMITH"}],"circlet_count":0,"master_deck":["AscendersBane","Strike_P","Strike_P","Strike_P","Strike_P","Defend_P","Defend_P","Defend_P","Defend_P","Eruption+1","Vigilance","Weave","FlurryOfBlows","MentalFortress","CutThroughFate","FlurryOfBlows","JustLucky","WindmillStrike+1"],"relics":["VioletLotus","Golden Idol","CeramicFish","Smiling Mask","Orichalcum","Girya"],"acts_visited":["Exordium"],"potions_floor_usage":[],"damage_taken":[{"damage":9.0,"enemies":"2 Louse","floor":1.0,"turns":6.0},{"damage":4.0,"enemies":"Small Slimes","floor":2.0,"turns":3.0},{"damage":4.0,"enemies":"Jaw Worm","floor":4.0,"turns":6.0},{"damage":37.0,"enemies":"3 Sentries","floor":7.0,"turns":11.0},{"damage":0.0,"enemies":"Exordium Wildlife","floor":8.0,"turns":2.0},{"damage":23.0,"enemies":"Gremlin Nob","floor":11.0,"turns":4.0},{"damage":2.0,"enemies":"Lagavulin","floor":13.0,"turns":6.0},{"damage":0,"enemies":"3 Louse","floor":14,"turns":3},{"damage":24,"enemies":"Hexaghost","floor":16,"turns":7}],"seed_played":"653950444619539130","potions_obtained":[{"floor":2.0,"key":"BottledMiracle"},{"floor":4.0,"key":"Swift Potion"},{"floor":8.0,"key":"BottledMiracle"},{"floor":11.0,"key":"Block Potion"}],"is_trial":false,"path_per_floor":["M","M","?","M","?","R","E","M","T","?","E","R","E","M","R","B"],"character_chosen":"WATCHER","items_purchased":[],"campfire_rested":1,"item_purchase_floors":[],"current_hp_per_floor":[52,48,48,44,44,44,7,7,7,27,4,22,20,20,20,0,0],"gold":355,"neow_bonus":"BOSS_RELIC","is_daily":false,"chose_seed":false,"campfire_upgraded":2,"win_rate":0.0,"timestamp":1612233375,"path_taken":["M","M","?","M","?","R","E","M","T","?","E","R","E","?","R","BOSS"],"items_purchased_type":[],"build_version":"2020-12-22","purchased_purges":0,"victory":false,"max_hp_per_floor":[68,68,68,68,62,62,62,62,62,62,62,62,62,62,62,62,62],"card_choices":[{"not_picked":["FollowUp","Perseverance"],"picked":"Weave","floor":1.0},{"not_picked":["EmptyBody","ForeignInfluence"],"picked":"FlurryOfBlows","floor":2.0},{"not_picked":["Pray","SashWhip"],"picked":"MentalFortress","floor":4.0},{"not_picked":["ThirdEye","Crescendo"],"picked":"CutThroughFate","floor":7.0},{"not_picked":["Protect","CrushJoints"],"picked":"FlurryOfBlows","floor":8.0},{"not_picked":["Study","Nirvana"],"picked":"JustLucky","floor":11.0},{"not_picked":["Collect","Evaluate"],"picked":"WindmillStrike","floor":13.0},{"not_picked":["CrushJoints","PathToVictory","WindmillStrike"],"picked":"SKIP","floor":14}],"player_experience":1994917,"relics_obtained":[{"floor":7.0,"key":"CeramicFish"},{"floor":9.0,"key":"Smiling Mask"},{"floor":11.0,"key":"Orichalcum"},{"floor":13.0,"key":"Girya"}],"event_choices":[{"damage_healed":0.0,"max_hp_gain":0.0,"max_hp_loss":0.0,"gold_gain":0.0,"event_name":"Liars Game","player_choice":"Ignored","floor":3.0,"gold_loss":0.0,"damage_taken":0.0},{"damage_healed":0.0,"max_hp_gain":0.0,"max_hp_loss":6.0,"gold_gain":0.0,"event_name":"Golden Idol","player_choice":"Lose Max HP","floor":5.0,"gold_loss":0.0,"damage_taken":0.0,"relics_obtained":["Golden Idol"]},{"damage_healed":20.0,"max_hp_gain":0.0,"max_hp_loss":0.0,"gold_gain":0.0,"event_name":"Big Fish","player_choice":"Banana","floor":10.0,"gold_loss":0.0,"damage_taken":0.0}],"is_beta":false,"boss_relics":[],"items_purged_floors":[],"is_endless":false,"potions_floor_spawned":[2,4,8,11],"killed_by":"Hexaghost","ascension_level":17}}