{"host":"0i8dz4ityulxi1rd","time":1612238349,"event":{"mods":["BaseMod","Colored Map","Colored Powertips","Custom Start","Highlight Path","Keyboard Shortcuts","Minty Spire (QoL Compilation)","StSLib","SuperFastMode"],"gold_per_floor":[112,132,55,65,65,65,85,85,109,141,141,91,91,146,146,146,146],"floor_reached":16,"language":"KOR","playtime":423,"items_purged":["Strike_G"],"score":196,"play_id":"327d9df9-73d3-4744-b354-b3e689bca169","local_time":"20210202125909","daily_mods":["Chimera","Red Cards","Green Cards","Blue Cards","Purple Cards"],"is_ascension_mode":true,"campfire_choices":[{"data":"Eruption","floor":6.0,"key":"SMITH"},{"data":"Expertise","floor":8,"key":"SMITH"},{"data":"Prepared","floor":11,"key":"SMITH"},{"data":"Fusion","floor":15,"key":"SMITH"}],"circlet_count":0,"master_deck":["AscendersBane","Bash","Survivor","Zap","Eruption+1","Strike_R","Strike_B","Defend_G","Defend_P","Chaos","Reflex","BattleHymn","Expertise+1","Prepared+1","Fusion+1"],"relics":["Burning Blood","Smiling Mask","MealTicket","Turnip"],"acts_visited":["Exordium"],"potions_floor_usage":[10],"damage_taken":[{"damage":4.0,"enemies":"Jaw Worm","floor":1.0,"turns":4.0},{"damage":5.0,"enemies":"Small Slimes","floor":2.0,"turns":4.0},{"damage":16.0,"enemies":"2 Louse","floor":4.0,"turns":2.0},{"damage":10.0,"enemies":"Red Slaver","floor":7.0,"turns":3.0},{"damage":40,"enemies":"Lagavulin","floor":10,"turns":6},{"damage":34,"enemies":"Lagavulin Event","floor":14,"turns":5},{"damage":0,"enemies":"The Guardian","floor":16,"turns":2}],"seed_played":"-8984260756265107539","potions_obtained":[{"floor":1.0,"key":"LiquidBronze"},{"floor":2.0,"key":"Swift Potion"},{"floor":14,"key":"SteroidPotion"}],"is_trial":true,"path_per_floor":["M","M","$","M","?","R","M","R","T","E","R","$","?","?","R","B"],"character_chosen":"IRONCLAD","items_purchased":["BattleHymn"],"campfire_rested":0,"item_purchase_floors":[3],"current_hp_per_floor":[70,71,71,61,54,54,50,50,50,16,16,31,56,28,28,28,28],"gold":146,"neow_bonus":"","is_daily":false,"chose_seed":false,"campfire_upgraded":4,"win_rate":0.0,"timestamp":1612238349,"path_taken":["M","M","$","M","?","R","M","R","T","E","R","$","?","?","R","BOSS"],"items_purchased_type":["Card"],"build_version":"2020-12-22","purchased_purges":1,"victory":false,"max_hp_per_floor":[75,75,75,75,75,75,75,75,75,75,75,75,75,75,75,75,75],"card_choices":[{"not_picked":["Redo","Force Field"],"picked":"Chaos","floor":1.0},{"not_picked":["Loop","Collect"],"picked":"Reflex","floor":2.0},{"not_picked":["Sucker Punch","FlyingSleeves","Hello World"],"picked":"SKIP","floor":4.0},{"not_picked":["True Grit","Compile Driver"],"picked":"Expertise","floor":7.0},{"not_picked":["Pommel Strike","Fasting2"],"picked":"Prepared","floor":10},{"not_picked":["Heavy Blade","Twin Strike"],"picked":"Fusion","floor":14}],"player_experience":1322326,"relics_obtained":[{"floor":9,"key":"Smiling Mask"},{"floor":10,"key":"MealTicket"}],"event_choices":[{"cards_removed":["Defend_R"],"damage_healed":0.0,"max_hp_gain":0.0,"max_hp_loss":0.0,"gold_gain":0.0,"event_name":"Golden Wing","player_choice":"Card Removal","floor":5.0,"gold_loss":0.0,"damage_taken":7.0},{"damage_healed":25,"gold_gain":0,"player_choice":"Banana","damage_taken":0,"max_hp_gain":0,"max_hp_loss":0,"event_name":"Big Fish","floor":13,"gold_loss":0},{"damage_healed":0,"gold_gain":0,"player_choice":"Searched \u00272\u0027 times","damage_taken":0,"relics_obtained":["Turnip"],"max_hp_gain":0,"max_hp_loss":0,"event_name":"Dead Adventurer","floor":14,"gold_loss":0}],"is_beta":false,"boss_relics":[],"items_purged_floors":[12],"is_endless":false,"potions_floor_spawned":[1,2,14],"killed_by":"The Guardian","ascension_level":20}}