{"host":"5w7hw1ne5h7avrl9","time":1612243821,"event":{"mods":["AchievementEnabler","BaseMod","Colored Map","Colored Powertips","Displayed Cursed Tome","Googly Eyes","Minty Spire (QoL Compilation)","SuperFastMode"],"gold_per_floor":[15,32,32,51,51,89,14,33,57,57,78,78,97,135,135,264,264,283,306,54,74,74,115,115,315,365,365,409,432,432,476,476,476,476],"floor_reached":33,"language":"ENG","playtime":2191,"items_purged":["Strike_R"],"score":331,"play_id":"fc7bfb80-12fc-45c8-b456-3a91c4daaec4","local_time":"20210201213021","is_ascension_mode":true,"campfire_choices":[{"floor":10,"key":"REST"},{"data":"Bludgeon","floor":12,"key":"SMITH"},{"data":"Metallicize","floor":15,"key":"SMITH"},{"data":"Armaments","floor":24,"key":"SMITH"},{"data":"Flex","floor":27,"key":"SMITH"},{"data":"Limit Break","floor":32,"key":"SMITH"}],"circlet_count":0,"master_deck":["Strike_R+1","Strike_R+1","Strike_R+1","Defend_R+1","Defend_R+1","Defend_R+1","Bash","Shrug It Off","Metallicize+1","Bludgeon+1","Dual Wield","Headbutt","Limit Break+1","Flex+1","Armaments+1","Seeing Red","Reaper","Rampage","Ghostly Armor"],"relics":["Black Blood","Pocketwatch","Golden Idol","MealTicket","Juzu Bracelet","Happy Flower","Bottled Lightning","Kunai","Anchor","HornCleat","Tiny Chest"],"acts_visited":["Exordium","TheCity"],"potions_floor_usage":[18,19,23,31,33,33],"damage_taken":[{"damage":4,"enemies":"Jaw Worm","floor":1,"turns":5},{"damage":12,"enemies":"2 Louse","floor":2,"turns":3},{"damage":12,"enemies":"Cultist","floor":4,"turns":5},{"damage":30,"enemies":"3 Sentries","floor":6,"turns":13},{"damage":6,"enemies":"Exordium Wildlife","floor":8,"turns":8},{"damage":10,"enemies":"Exordium Thugs","floor":11,"turns":8},{"damage":20,"enemies":"Gremlin Gang","floor":13,"turns":5},{"damage":3,"enemies":"Gremlin Nob","floor":14,"turns":3},{"damage":19,"enemies":"Slime Boss","floor":16,"turns":10},{"damage":22,"enemies":"2 Thieves","floor":18,"turns":5},{"damage":2,"enemies":"Chosen","floor":19,"turns":5},{"damage":17,"enemies":"Centurion and Healer","floor":21,"turns":6},{"damage":37,"enemies":"Book of Stabbing","floor":23,"turns":8},{"damage":47,"enemies":"Gremlin Leader","floor":28,"turns":8},{"damage":0,"enemies":"Snake Plant","floor":29,"turns":2},{"damage":11,"enemies":"Book of Stabbing","floor":31,"turns":4},{"damage":60,"enemies":"Collector","floor":33,"turns":6}],"seed_played":"5360552548280695299","potions_obtained":[{"floor":4,"key":"Swift Potion"},{"floor":11,"key":"SpeedPotion"},{"floor":14,"key":"DuplicationPotion"},{"floor":16,"key":"SneckoOil"},{"floor":21,"key":"Explosive Potion"},{"floor":23,"key":"BlessingOfTheForge"},{"floor":28,"key":"Energy Potion"}],"is_trial":false,"path_per_floor":["M","M","?","M","?","E","$","M","T","R","M","R","M","E","R","B",null,"M","M","$","M","?","E","R","?","T","R","E","M","?","E","R","B"],"character_chosen":"IRONCLAD","items_purchased":["Bottled Lightning"],"campfire_rested":1,"item_purchase_floors":[20],"current_hp_per_floor":[80,74,54,48,41,17,32,32,32,56,52,52,38,41,41,28,80,70,80,80,75,75,50,50,50,50,50,15,27,27,28,28,0,0],"gold":476,"neow_bonus":"ONE_RARE_RELIC","is_daily":false,"chose_seed":false,"campfire_upgraded":5,"win_rate":0.0,"timestamp":1612243821,"path_taken":["M","M","?","M","?","E","?","M","T","R","M","R","M","E","R","BOSS","M","M","$","M","?","E","R","?","T","R","E","M","?","E","R","BOSS"],"items_purchased_type":["Relic"],"build_version":"2020-12-22","purchased_purges":1,"victory":false,"max_hp_per_floor":[80,80,80,80,80,80,80,80,80,80,80,80,80,80,80,80,80,80,80,80,80,80,80,80,80,80,80,80,80,80,80,80,80,80],"card_choices":[{"not_picked":["True Grit","Perfected Strike"],"picked":"Shrug It Off","floor":1},{"not_picked":["Carnage","Clash","Warcry"],"picked":"SKIP","floor":2},{"not_picked":["Power Through","Clash"],"picked":"Metallicize","floor":4},{"not_picked":["Clash","Dark Embrace"],"picked":"Bludgeon","floor":6},{"not_picked":["Body Slam","Disarm"],"picked":"Dual Wield","floor":8},{"not_picked":["Sentinel","True Grit","Thunderclap"],"picked":"SKIP","floor":11},{"not_picked":["Shrug It Off","Warcry"],"picked":"Headbutt","floor":13},{"not_picked":["Disarm","Shockwave","Body Slam"],"picked":"SKIP","floor":14},{"not_picked":["Juggernaut","Exhume"],"picked":"Limit Break","floor":16},{"not_picked":["Evolve+1","Cleave","Shrug It Off"],"picked":"SKIP","floor":18},{"not_picked":["Thunderclap+1","Uppercut"],"picked":"Flex","floor":19},{"not_picked":["Searing Blow","Clash"],"picked":"Armaments","floor":21},{"not_picked":["Havoc","Sever Soul"],"picked":"Seeing Red","floor":23},{"not_picked":["Cleave","Dropkick"],"picked":"Reaper","floor":28},{"not_picked":["Seeing Red","Perfected Strike"],"picked":"Rampage","floor":29},{"not_picked":["Sword Boomerang","Cleave+1"],"picked":"Ghostly Armor","floor":31}],"player_experience":147762,"relics_obtained":[{"floor":6,"key":"MealTicket"},{"floor":9,"key":"Juzu Bracelet"},{"floor":14,"key":"Happy Flower"},{"floor":23,"key":"Kunai"},{"floor":26,"key":"Anchor"},{"floor":28,"key":"HornCleat"},{"floor":31,"key":"Tiny Chest"}],"event_choices":[{"damage_healed":0,"gold_gain":0,"player_choice":"Take Damage","damage_taken":20,"relics_obtained":["Golden Idol"],"max_hp_gain":0,"max_hp_loss":0,"event_name":"Golden Idol","floor":3,"gold_loss":0},{"cards_removed":["Strike_R"],"damage_healed":0,"gold_gain":0,"player_choice":"Card Removal","damage_taken":7,"max_hp_gain":0,"max_hp_loss":0,"event_name":"Golden Wing","floor":5,"gold_loss":0},{"damage_healed":0,"gold_gain":0,"player_choice":"Simplicity","damage_taken":0,"max_hp_gain":0,"max_hp_loss":0,"event_name":"Back to Basics","floor":22,"gold_loss":0,"cards_upgraded":["Strike_R","Strike_R","Strike_R","Defend_R","Defend_R","Defend_R","Defend_R"]},{"damage_healed":0,"gold_gain":200,"player_choice":"Gold","damage_taken":0,"max_hp_gain":0,"max_hp_loss":0,"event_name":"Wheel of Change","floor":25,"gold_loss":0},{"cards_removed":["Defend_R"],"damage_healed":0,"gold_gain":0,"player_choice":"Offered Basic","damage_taken":0,"max_hp_gain":0,"max_hp_loss":0,"event_name":"Bonfire Elementals","floor":30,"gold_loss":0}],"is_beta":false,"boss_relics":[{"not_picked":["Philosopher\u0027s Stone","Snecko Eye"],"picked":"Black Blood"}],"items_purged_floors":[7],"is_endless":false,"potions_floor_spawned":[4,11,14,16,21,23,28],"killed_by":"Collector","ascension_level":1}}