{"host":"q2g9o89qua515qte","time":1612278840,"event":{"mods":["Aspiration","BaseMod","Challenge The Spire","Conspire","Custom Start","Downfall","Googly Eyes","Hubris","Infinite Spire","Minty Spire (QoL Compilation)","Rare Cards Sparkle","Replay The Spire","StSLib","The Cursed","The Jungle"],"gold_per_floor":[111,111,128,83,102,102,139,159,159,159,199,230,230,279,279,415,515,567,621,621,678,732,732,732,732,813,671,730,630,630,694,694,833,833,895,956,956,1026,1090,1177,1177,1251,1276,851,945,1026,1026,1136,1136,1140,1140,1140,1227,2563,2569],"floor_reached":56,"language":"ENG","playtime":3344,"items_purged":["infinitespire:Pacifist","TheCursedMod:LuckyCharm","hubris:Greed","hubris:Greed","downfall:Icky","hubris:Greed"],"score":1622,"play_id":"94467381-ef0e-4aa4-bf08-5e7dc27984d2","local_time":"20210202161400","is_ascension_mode":true,"campfire_choices":[{"data":"Secret Technique","floor":6,"key":"SMITH"},{"data":"TheCursedMod:CleanUpWorkshop","floor":10,"key":"SMITH"},{"data":"TheCursedMod:TacticalStrike","floor":15,"key":"SMITH"},{"data":"TheCursedMod:VoidForm","floor":23,"key":"SMITH"},{"data":"TheCursedMod:SpitefulPlan","floor":25,"key":"SMITH"},{"data":"TheCursedMod:HellfireBreathing","floor":30,"key":"SMITH"},{"data":"TheCursedMod:LuckyCharm","floor":32,"key":"SMITH"},{"floor":41,"key":"RECALL"},{"floor":49,"key":"REST"},{"data":"TheCursedMod:ShockAndAwe","floor":52,"key":"SMITH"}],"circlet_count":0,"master_deck":["TheCursedMod:Defend_TheCursed","TheCursedMod:Defend_TheCursed","TheCursedMod:Defend_TheCursed","TheCursedMod:CursedWand","TheCursedMod:CleanUpWorkshop+1","TheCursedMod:Dregs","TheCursedMod:SurpriseAttack","Unload","TheCursedMod:CursedAmulet","TheCursedMod:TacticalStrike","hubris:Greed","hubris:Greed","TheCursedMod:LuckyCharm+1","TheCursedMod:TacticalStrike+1","ReplayTheSpireMod:Splinters","TheCursedMod:SoulCrush","hubris:Greed","hubris:Greed","hubris:Greed","TheCursedMod:VoidForm+1","TheCursedMod:AbyssShockwave+1","hubris:Greed","TheCursedMod:SpitefulPlan+1","TheCursedMod:HellfireBreathing+1","TheCursedMod:ShockAndAwe+1","TheCursedMod:Dregs","hubris:Compulsion","hubris:Greed","hubris:Greed","hubris:Greed","TheCursedMod:Neurasthenia","hubris:Greed","hubris:Greed","hubris:Greed","hubris:Greed"],"relics":["TheCursedMod:BlackMagic101","Meat on the Bone","infinitespire:Midas Blood","Pocketwatch","Counterbalance","Replay:Rubber Ducky","Replay:Wanted Poster","TheCursedMod:FourLeafCloverCharm","hubris:Reverence","Replay:Grab Bag","Cursed Key","hubris:GrandSneckoEye","Kintsugi","hubris:Backtick","aspiration:SeaSaltIceCream","Golden Idol","Snecko Eye","TheAbacus","aspiration:FetidBarrel","Strawberry","infinitespire:Joker Card","hubris:EmptyBottle","hubris:NiceRug","Turnip","hubris:MedicalManual","conspire:DecoderRing"],"acts_visited":["Exordium","Exordium","TheBeyond","TheEnding"],"potions_floor_usage":[3,28,31,33,35,38,45,50,53,53,53,54,54,55,55,55],"damage_taken":[{"damage":0,"enemies":"2 Louse","floor":1,"turns":3},{"damage":0,"enemies":"infinitespire:Voidling","floor":3,"turns":2},{"damage":0,"enemies":"Small Slimes","floor":5,"turns":3},{"damage":36,"enemies":"Lagavulin","floor":7,"turns":14},{"damage":10,"enemies":"Red Slaver","floor":8,"turns":2},{"damage":6,"enemies":"Exordium Wildlife","floor":12,"turns":4},{"damage":4,"enemies":"3 Sentries","floor":14,"turns":7},{"damage":0,"enemies":"Fading Forest","floor":16,"turns":11},{"damage":3,"enemies":"Shell Parasite","floor":18,"turns":3},{"damage":2,"enemies":"theJungle:Flameango_and_Byrd","floor":19,"turns":5},{"damage":5,"enemies":"theJungle:Lyon","floor":21,"turns":5},{"damage":0,"enemies":"theJungle:SlimyTreeVines","floor":22,"turns":4},{"damage":6,"enemies":"theJungle:JungleHuntersEncounter","floor":28,"turns":5},{"damage":7,"enemies":"Snake Plant","floor":31,"turns":4},{"damage":0,"enemies":"theJungle:FunGuy","floor":33,"turns":6},{"damage":8,"enemies":"3 Shapes","floor":35,"turns":3},{"damage":3,"enemies":"3 Darklings","floor":36,"turns":3},{"damage":27,"enemies":"Writhing Mass","floor":38,"turns":4},{"damage":19,"enemies":"Jaw Worm Horde","floor":39,"turns":2},{"damage":11,"enemies":"Nemesis","floor":40,"turns":5},{"damage":0,"enemies":"Maw","floor":42,"turns":5},{"damage":27,"enemies":"3 Darklings","floor":45,"turns":5},{"damage":0,"enemies":"Spire Growth","floor":46,"turns":3},{"damage":38,"enemies":"R_Hoarder","floor":48,"turns":7},{"damage":9,"enemies":"Donu and Deca","floor":50,"turns":4},{"damage":23,"enemies":"hubris:Merchant","floor":53,"turns":4},{"damage":2,"enemies":"Shield and Spear","floor":54,"turns":6},{"damage":3,"enemies":"The Heart","floor":55,"turns":7}],"seed_played":"-9220040192123497490","potions_obtained":[{"floor":1,"key":"AttackPotion"},{"floor":7,"key":"DuplicationPotion"},{"floor":12,"key":"infinitespire:BlackPotion"},{"floor":14,"key":"Dexterity Potion"},{"floor":18,"key":"DistilledChaos"},{"floor":33,"key":"Block Potion"},{"floor":35,"key":"Flashbang"},{"floor":40,"key":"Dexterity Potion"},{"floor":53,"key":"sneckomod:MuddlingPotion"},{"floor":54,"key":"SteroidPotion"}],"is_trial":false,"path_per_floor":["M","?","M","$","M","R","E","M","T","R","?","M","T","E","R","B",null,"M","M","AVR","M","M","R","?","R","T","$","M","$","R","M","R","B",null,"M","M","AVR","M","M","E","R","M","T","$","M","M","?","E","R","B",null,"R","$","E","B",null],"character_chosen":"THE_CURSED","items_purchased":["TheCursedMod:CircleOfCorruption","TheCursedMod:HellfireBreathing","TheCursedMod:Neurasthenia","Slimebound:ThreeZeroPotion","Adrenaline Potion","hubris:EmptyBottle","champ:CounterPotion","Strength Potion"],"campfire_rested":1,"item_purchase_floors":[4,27,44,44,44,53,53,53],"current_hp_per_floor":[75,75,75,75,75,75,39,41,41,41,41,47,47,43,43,53,75,72,70,70,65,68,68,68,68,68,68,62,62,62,55,55,55,75,67,64,64,49,42,43,43,43,50,50,40,52,52,28,52,43,82,82,59,74,71],"gold":2569,"neow_bonus":"RANDOM_COLORLESS_2","is_daily":false,"chose_seed":false,"campfire_upgraded":8,"win_rate":0.0,"timestamp":1612278840,"path_taken":["M","?","M","$","M","R","E","?","T","R","?","?","?","E","R","BOSS","M","M","AVR","M","M","R","?","R","T","$","M","$","R","M","R","BOSS","M","M","AVR","M","M","E","R","?","T","$","?","M","?","E","R","BOSS","R","$","E","BOSS"],"items_purchased_type":["Card","Card","Card","Potion","Potion","Relic","Potion","Potion"],"build_version":"2020-12-22","purchased_purges":6,"victory":true,"max_hp_per_floor":[75,75,75,75,75,75,75,75,75,75,75,75,75,75,75,75,75,75,75,75,75,75,75,75,75,75,75,75,75,75,75,75,75,75,75,75,75,75,75,75,75,75,82,82,82,82,82,82,82,82,82,82,82,82,82],"card_choices":[{"not_picked":["Panache","Mayhem"],"picked":"Secret Technique","floor":0},{"not_picked":["TheCursedMod:CursedBlade","TheCursedMod:ReleasedStrength"],"picked":"TheCursedMod:SurpriseAttack","floor":1},{"not_picked":["TheCursedMod:SmokeScreen","TheCursedMod:VitalStrike"],"picked":"TheCursedMod:CursedAmulet","floor":3},{"not_picked":["TheCursedMod:Stretching","TheCursedMod:Wield"],"picked":"TheCursedMod:TacticalStrike","floor":5},{"not_picked":["TheCursedMod:EmpowerCircles","TheCursedMod:CircleOfCorruption"],"picked":"TheCursedMod:LuckyCharm","floor":7},{"not_picked":["TheCursedMod:Stigma","TheCursedMod:SpreadPlague"],"picked":"TheCursedMod:TacticalStrike","floor":8},{"not_picked":["TheCursedMod:CursedStaff","TheCursedMod:SmokeScreen"],"picked":"TheCursedMod:SoulCrush","floor":12},{"not_picked":["TheCursedMod:FuryStrike","TheCursedMod:SpreadPlague"],"picked":"TheCursedMod:LuckyCharm","floor":14},{"not_picked":["TheCursedMod:ParallelWorld","TheCursedMod:NeowsMight"],"picked":"TheCursedMod:VoidForm","floor":16},{"not_picked":["TheCursedMod:SpitefulStrike","TheCursedMod:Obscuration"],"picked":"TheCursedMod:AbyssShockwave+1","floor":18},{"not_picked":["TheCursedMod:Mangle+1","TheCursedMod:RavingStaff"],"picked":"TheCursedMod:SpitefulPlan","floor":19},{"not_picked":["TheCursedMod:Grudge+1","TheCursedMod:EmpowerCircles","TheCursedMod:VitalStrike+1"],"picked":"SKIP","floor":21},{"not_picked":["TheCursedMod:CursedMace+1","TheCursedMod:Stretching","TheCursedMod:WearCloak"],"picked":"SKIP","floor":22},{"not_picked":["TheCursedMod:PrepareRite","TheCursedMod:SoulReap+1","TheCursedMod:BlessingInDisguise"],"picked":"SKIP","floor":28},{"not_picked":["TheCursedMod:Torture+1","TheCursedMod:CircleOfWindfury","TheCursedMod:FleshFromBone"],"picked":"SKIP","floor":31},{"not_picked":["TheCursedMod:StunningStrike","TheCursedMod:ParallelWorld"],"picked":"TheCursedMod:ShockAndAwe","floor":33},{"not_picked":["TheCursedMod:TacticalStrike","TheCursedMod:Stigma+1","TheCursedMod:CircleOfFlame+1"],"picked":"SKIP","floor":35},{"not_picked":["TheCursedMod:CircleOfFocus+1","TheCursedMod:CursedBoomerang","TheCursedMod:LuckyCharm"],"picked":"SKIP","floor":36},{"not_picked":["TheCursedMod:RapidMovement","TheCursedMod:CursedBlade+1","TheCursedMod:Stretching"],"picked":"SKIP","floor":38},{"not_picked":["TheCursedMod:RavingStaff","TheCursedMod:Mangle+1","TheCursedMod:SmokeScreen"],"picked":"SKIP","floor":39},{"not_picked":["TheCursedMod:DoubleShield","TheCursedMod:FuryStrike+1","TheCursedMod:PrepareRite"],"picked":"SKIP","floor":40},{"not_picked":["TheCursedMod:FleshFromBone+1","TheCursedMod:RapidMovement+1","TheCursedMod:Obscuration+1"],"picked":"SKIP","floor":42},{"not_picked":["TheCursedMod:PrepareRite+1","TheCursedMod:HellsGateOpen+1","TheCursedMod:FleshFromBone+1"],"picked":"SKIP","floor":45},{"not_picked":["TheCursedMod:CursedShiv+1","TheCursedMod:CircleOfFlame+1","TheCursedMod:SpreadPlague+1"],"picked":"SKIP","floor":46},{"not_picked":["TheCursedMod:CursedBlade+1","TheCursedMod:CursedBoomerang+1","TheCursedMod:ManaBullet+1"],"picked":"SKIP","floor":48},{"not_picked":["TheCursedMod:StingEye"],"picked":"SKIP","floor":53},{"not_picked":["TheCursedMod:SurpriseAttack"],"picked":"SKIP","floor":53},{"not_picked":["TheCursedMod:Torture"],"picked":"SKIP","floor":53},{"not_picked":["TheCursedMod:Stretching"],"picked":"SKIP","floor":53},{"not_picked":["TheCursedMod:LuckyCharm"],"picked":"SKIP","floor":53},{"not_picked":["Blind"],"picked":"SKIP","floor":53},{"not_picked":["Secret Weapon"],"picked":"SKIP","floor":53},{"not_picked":["TheCursedMod:FuryStrike","TheCursedMod:StingEye+1","TheCursedMod:RavingStaff+1"],"picked":"SKIP","floor":54}],"player_experience":1009715,"relics_obtained":[{"floor":7,"key":"Meat on the Bone"},{"floor":9,"key":"infinitespire:Midas Blood"},{"floor":11,"key":"Pocketwatch"},{"floor":13,"key":"Counterbalance"},{"floor":14,"key":"Replay:Rubber Ducky"},{"floor":40,"key":"aspiration:FetidBarrel"},{"floor":43,"key":"Strawberry"},{"floor":48,"key":"infinitespire:Joker Card"},{"floor":53,"key":"Turnip"},{"floor":53,"key":"hubris:MedicalManual"},{"floor":54,"key":"conspire:DecoderRing"}],"event_choices":[{"damage_healed":0,"gold_gain":0,"player_choice":"Gold","damage_taken":0,"max_hp_gain":0,"max_hp_loss":0,"event_name":"Wheel of Change","floor":24,"gold_loss":0},{"cards_removed":["Secret Technique"],"damage_healed":0,"gold_gain":0,"player_choice":"Removed Skill","damage_taken":0,"max_hp_gain":0,"max_hp_loss":0,"event_name":"Falling","floor":47,"gold_loss":0}],"is_beta":false,"boss_relics":[{"not_picked":["Fusion Hammer","hubris:VirtuousBlindfold"],"picked":"Replay:Wanted Poster"},{"not_picked":["aspiration:FutureDiary","conspire:RoyalGoblet"],"picked":"Replay:Grab Bag"},{"not_picked":["Abe\u0027s Treasure","hubris:RunicObelisk"],"picked":"Cursed Key"},{"not_picked":["Coffee Dripper","Painkiller Herb"],"picked":"hubris:GrandSneckoEye"},{"not_picked":["Ring of Chaos","hubris:HollowSoul"],"picked":"Kintsugi"},{"not_picked":["Calling Bell","aspiration:SilentSkillbook"],"picked":"hubris:Backtick"}],"items_purged_floors":[20,27,29,37,44,53],"is_endless":false,"potions_floor_spawned":[1,7,12,14,18,19,33,35,40,54],"ascension_level":1}}