{"host":"8i4doyxqctgl5qb0","time":1612270923,"event":{"mods":["AchievementEnabler","BaseMod","Block Reminder","Colored Powertips","Downfall","Minty Spire (QoL Compilation)","Permanent Neow","Potion Indicator Mod","Rare Cards Sparkle","StSLib","SuperFastMode","The Jungle"],"gold_per_floor":[113,113,18,37,37,72,72,72,72,72,90,90,123,141,141,261,261,279,279,279,303,322,322,322,322,373,80,80,112,132,132,132,227,227,244,294,294,4,20,20,50,50,50,50,66,66,66,80,80,80],"floor_reached":51,"language":"ZHS","playtime":2249,"items_purged":["Injury"],"score":1086,"play_id":"30ff00fd-e119-4bb5-a83b-e21f8bea1529","local_time":"20210202210203","is_ascension_mode":true,"campfire_choices":[{"floor":7.0,"key":"REST"},{"floor":10.0,"key":"REST"},{"data":"Neutralize","floor":12.0,"key":"SMITH"},{"floor":15.0,"key":"REST"},{"data":"Discovery","floor":23.0,"key":"SMITH"},{"data":"Venomology","floor":25.0,"key":"SMITH"},{"data":"Footwork","floor":28.0,"key":"SMITH"},{"floor":32.0,"key":"REST"},{"data":"Backflip","floor":40.0,"key":"SMITH"},{"data":"Cloak And Dagger","floor":42.0,"key":"SMITH"},{"data":"Cloak And Dagger","floor":44.0,"key":"SMITH"},{"data":"Accuracy","floor":46.0,"key":"SMITH"},{"data":"Footwork","floor":49.0,"key":"SMITH"}],"circlet_count":0,"master_deck":["AscendersBane","Strike_G+1","Strike_G+1","Strike_G+1","Strike_G+1","Defend_G+1","Defend_G+1","Defend_G+1","Defend_G+1","Defend_G+1","Survivor","Neutralize+1","Dagger Spray","Deflect","Dagger Spray","Footwork+1","Poisoned Stab","Corpse Explosion","Poisoned Stab","Venomology+1","Acrobatics+1","Doppelganger","Discovery+1","Noxious Fumes","Well Laid Plans","Footwork+1","Leg Sweep","Purity","Crippling Poison","Backflip+1","Burst+1","Cloak And Dagger+1","Cloak And Dagger+1","Footwork+1","Dagger Spray+1","Accuracy+1","Secret Weapon","Dodge and Roll+1"],"relics":["Ring of the Serpent","Smiling Mask","Bloody Idol","Potion Belt","Torii","Philosopher\u0027s Stone","Regal Pillow","Oddly Smooth Stone","Dead Branch","TungstenRod","Chemical X","Bronze Scales","The Courier","Pantograph"],"acts_visited":["Exordium","TheCity","TheBeyond"],"potions_floor_usage":[50,50,50,50,50],"damage_taken":[{"damage":0.0,"enemies":"2 Louse","floor":1.0,"turns":3.0},{"damage":0.0,"enemies":"Jaw Worm","floor":4.0,"turns":7.0},{"damage":50.0,"enemies":"Gremlin Nob","floor":6.0,"turns":6.0},{"damage":3.0,"enemies":"Cultist","floor":11.0,"turns":4.0},{"damage":10.0,"enemies":"3 Sentries","floor":13.0,"turns":8.0},{"damage":6.0,"enemies":"Blue Slaver","floor":14.0,"turns":5.0},{"damage":49.0,"enemies":"Slime Boss","floor":16.0,"turns":15.0},{"damage":2.0,"enemies":"3 Byrds","floor":18.0,"turns":3.0},{"damage":2.0,"enemies":"Shell Parasite","floor":21.0,"turns":5.0},{"damage":12.0,"enemies":"Centurion and Healer","floor":22.0,"turns":6.0},{"damage":10.0,"enemies":"Book of Stabbing","floor":29.0,"turns":8.0},{"damage":13.0,"enemies":"Sentry and Sphere","floor":30.0,"turns":5.0},{"damage":25.0,"enemies":"Automaton","floor":33.0,"turns":11.0},{"damage":1.0,"enemies":"3 Darklings","floor":35.0,"turns":3.0},{"damage":13.0,"enemies":"Mind Bloom Boss Battle","floor":36.0,"turns":9.0},{"damage":21.0,"enemies":"3 Shapes","floor":39.0,"turns":2.0},{"damage":16.0,"enemies":"Nemesis","floor":41.0,"turns":9.0},{"damage":0.0,"enemies":"Maw","floor":45.0,"turns":8.0},{"damage":0.0,"enemies":"Sphere and 2 Shapes","floor":48.0,"turns":5.0},{"damage":27,"enemies":"Awakened One","floor":50,"turns":17}],"seed_played":"3759976675363512128","potions_obtained":[{"floor":1.0,"key":"Dexterity Potion"},{"floor":11.0,"key":"SpeedPotion"},{"floor":14.0,"key":"PowerPotion"},{"floor":21.0,"key":"Fire Potion"},{"floor":29.0,"key":"ColorlessPotion"},{"floor":36.0,"key":"Strength Potion"},{"floor":41.0,"key":"Energy Potion"},{"floor":48.0,"key":"Dexterity Potion"}],"is_trial":false,"path_per_floor":["M","?","$","M","$","E","R","?","T","R","M","R","E","M","R","B",null,"M","?","?","M","M","R","?","R","T","$","R","E","M","?","R","B",null,"M","?","?","$","M","R","E","R","T","R","M","R","?","M","R","B",null],"character_chosen":"THE_SILENT","items_purchased":["Dagger Spray","Footwork","Footwork","Leg Sweep","Purity","Chemical X","Bronze Scales"],"campfire_rested":4,"item_purchase_floors":[3,3,27,27,27,38,38],"current_hp_per_floor":[70,70,70,70,70,20,43,43,43,66,63,63,53,47,70,21,63,61,61,61,59,47,47,47,47,52,52,52,47,39,39,77,57,72,76,68,68,68,52,52,41,41,41,41,46,46,46,51,51,49],"gold":80,"neow_bonus":"TEN_PERCENT_HP_BONUS","is_daily":false,"chose_seed":false,"campfire_upgraded":9,"win_rate":0.0,"timestamp":1612270923,"path_taken":["M","?","$","M","$","E","R","?","T","R","M","R","E","M","R","BOSS","M","?","?","M","?","R","?","R","T","?","R","E","M","?","R","BOSS","M","?","?","$","?","R","E","R","T","R","M","R","?","M","R","BOSS"],"items_purchased_type":["Card","Card","Card","Card","Card","Relic","Relic"],"build_version":"2020-12-22","purchased_purges":1,"victory":true,"max_hp_per_floor":[77,77,77,77,77,77,77,77,77,77,77,77,77,77,77,77,77,77,77,77,77,77,77,77,77,77,77,77,77,77,77,77,77,77,77,77,77,77,77,77,77,77,77,77,77,77,77,77,77,77],"card_choices":[{"not_picked":["Accuracy","Deadly Poison"],"picked":"Dagger Spray","floor":1.0},{"not_picked":["Blade Dance","Masterful Stab","Calculated Gamble"],"picked":"SKIP","floor":4.0},{"not_picked":["Flying Knee","Outmaneuver"],"picked":"Poisoned Stab","floor":6.0},{"not_picked":["Quick Slash","All Out Attack","Heel Hook"],"picked":"SKIP","floor":11.0},{"not_picked":["Dagger Throw","PiercingWail"],"picked":"Corpse Explosion","floor":13.0},{"not_picked":["Riddle With Holes","Underhanded Strike"],"picked":"Poisoned Stab","floor":14.0},{"not_picked":["Bullet Time","Envenom"],"picked":"Venomology","floor":16.0},{"not_picked":["Dodge and Roll","Reflex"],"picked":"Acrobatics+1","floor":18.0},{"not_picked":["Backflip","Dodge and Roll+1"],"picked":"Noxious Fumes","floor":21.0},{"not_picked":["Sucker Punch","PiercingWail"],"picked":"Well Laid Plans","floor":22.0},{"not_picked":["Blade Dance+1","Finisher"],"picked":"Crippling Poison","floor":29.0},{"not_picked":["Acrobatics","Tactician"],"picked":"Backflip","floor":30.0},{"not_picked":["Malaise","Night Terror"],"picked":"Burst","floor":33.0},{"not_picked":["Outmaneuver","Backstab+1"],"picked":"Cloak And Dagger","floor":35.0},{"not_picked":["Dagger Spray+1","Dagger Throw+1"],"picked":"Cloak And Dagger","floor":36.0},{"not_picked":["Quick Slash","Outmaneuver"],"picked":"Footwork+1","floor":39.0},{"not_picked":["Skewer","Setup+1"],"picked":"Dagger Spray+1","floor":41.0},{"not_picked":["Flying Knee+1","Outmaneuver"],"picked":"Accuracy","floor":45.0},{"not_picked":["Sadistic Nature","HandOfGreed"],"picked":"Secret Weapon","floor":47.0},{"not_picked":["Deflect","Underhanded Strike+1"],"picked":"Dodge and Roll+1","floor":48.0}],"player_experience":271279,"relics_obtained":[{"floor":6.0,"key":"Smiling Mask"},{"floor":9.0,"key":"Potion Belt"},{"floor":13.0,"key":"Torii"},{"floor":26.0,"key":"Regal Pillow"},{"floor":29.0,"key":"Oddly Smooth Stone"},{"floor":36.0,"key":"TungstenRod"},{"floor":41.0,"key":"The Courier"},{"floor":43.0,"key":"Pantograph"}],"event_choices":[{"damage_healed":0.0,"max_hp_gain":0.0,"max_hp_loss":0.0,"gold_gain":0.0,"cards_transformed":["Strike_G"],"event_name":"Living Wall","player_choice":"Change","floor":2.0,"gold_loss":0.0,"damage_taken":0.0,"cards_obtained":["Deflect"]},{"damage_healed":0.0,"max_hp_gain":0.0,"max_hp_loss":0.0,"gold_gain":0.0,"event_name":"Golden Idol","player_choice":"Take Wound","floor":8.0,"gold_loss":0.0,"damage_taken":0.0,"relics_obtained":["Golden Idol"],"cards_obtained":["Injury"]},{"damage_healed":0.0,"max_hp_gain":0.0,"max_hp_loss":0.0,"gold_gain":0.0,"event_name":"Back to Basics","player_choice":"Simplicity","floor":19.0,"gold_loss":0.0,"damage_taken":0.0,"cards_upgraded":["Strike_G","Strike_G","Strike_G","Strike_G","Defend_G","Defend_G","Defend_G","Defend_G","Defend_G"]},{"damage_healed":0.0,"max_hp_gain":0.0,"max_hp_loss":0.0,"gold_gain":0.0,"event_name":"Match and Keep!","player_choice":"2 cards matched","floor":20.0,"gold_loss":0.0,"damage_taken":0.0,"cards_obtained":["Doppelganger","Discovery"]},{"damage_healed":0.0,"max_hp_gain":0.0,"max_hp_loss":0.0,"gold_gain":0.0,"event_name":"Forgotten Altar","player_choice":"Gave Idol","floor":24.0,"relics_lost":["Golden Idol"],"gold_loss":0.0,"damage_taken":0.0,"relics_obtained":["Bloody Idol"]},{"damage_healed":0.0,"max_hp_gain":0.0,"max_hp_loss":0.0,"gold_gain":0.0,"event_name":"The Mausoleum","player_choice":"Opened","floor":31.0,"gold_loss":0.0,"damage_taken":0.0,"relics_obtained":["Dead Branch"]},{"damage_healed":0.0,"max_hp_gain":0.0,"max_hp_loss":0.0,"gold_gain":0.0,"event_name":"MindBloom","player_choice":"Fight","floor":36.0,"gold_loss":0.0,"damage_taken":0.0},{"damage_healed":0.0,"max_hp_gain":0.0,"max_hp_loss":0.0,"gold_gain":0.0,"event_name":"Upgrade Shrine","player_choice":"Upgraded","floor":37.0,"gold_loss":0.0,"damage_taken":0.0,"cards_upgraded":["Burst"]},{"damage_healed":0.0,"max_hp_gain":0.0,"max_hp_loss":0.0,"gold_gain":0.0,"event_name":"SensoryStone","player_choice":"Memory 1","floor":47.0,"gold_loss":0.0,"damage_taken":0.0}],"is_beta":false,"boss_relics":[{"not_picked":["Busted Crown","Runic Dome"],"picked":"Philosopher\u0027s Stone"},{"not_picked":["Empty Cage","HoveringKite"],"picked":"Ring of the Serpent"}],"items_purged_floors":[27],"is_endless":false,"potions_floor_spawned":[1,11,14,21,29,33,36,41,48],"ascension_level":10}}