{"host":"gbbz8f5svnnpwo8d","time":1612273402,"event":{"mods":["AchievementEnabler","AlwaysNeverKeys","BaseMod","Bestiary","Better Altar","Better Match","Better Note","Better Sensory Stone","Better Silent Start","Better Skull","Better Third Choice","Better Vampires","Better-Laid Plans","BetterRewards","Block Reminder","Colored Map","Colored Powertips","Curses Come First","Dark Map","Displayed Cursed Tome","GifTheSpireLib","Minty Spire (QoL Compilation)","MonsterHotkey","Permanent Neow","Potion Indicator Mod","Quick Restart","Random Character Button","Rare Cards Sparkle","Relic Stats","Shop Mod","Spicy Shops","Spire Birthday Party","StSLib","Transform Curses"],"gold_per_floor":[112,62,62,75,75,75,109,127,127,127,202,227,227,242,242,363,363,384,384,407,432,17,57,57,57,109,109,127,127,167,204,216,323,335,360,372,384,410,442,488,6,6,29,64,64,79,79,95,95,95,95,95,42,68,68],"floor_reached":56,"language":"ENG","playtime":1999,"items_purged":["Strike_R","Defend_R","Defend_R"],"score":1713,"play_id":"2669c5b1-27ac-4d0d-b13f-9c54097844ba","local_time":"20210202064322","is_ascension_mode":false,"campfire_choices":[{"floor":6.0,"key":"DIG"},{"floor":10.0,"key":"DIG"},{"floor":13.0,"key":"DIG"},{"floor":15.0,"key":"DIG"},{"floor":24.0,"key":"DIG"},{"floor":27.0,"key":"DIG"},{"floor":29.0,"key":"DIG"},{"floor":32.0,"key":"DIG"},{"floor":42.0,"key":"DIG"},{"data":"Dual Wield","floor":47.0,"key":"SMITH"},{"data":"Dual Wield","floor":49.0,"key":"SMITH"},{"data":"Rage","floor":52,"key":"SMITH"}],"circlet_count":0,"master_deck":["Defend_R","Defend_R","Bash","Trip+1","Reckless Charge","Flex","Seeing Red","Anger+1","Disarm+1","Dual Wield+1","Immolate+1","Rampage+1","Hemokinesis+1","Disarm+1","Flame Barrier","Dual Wield+1","Inflame","Shrug It Off+1","Body Slam+1","Anger+1","Rage+1","Rage","Headbutt","Offering","Reaper","Rage+1","Panache","Master of Strategy","Warcry+1","Dropkick","Infernal Blade+1","Flash of Steel","Madness","Madness","DevaForm","Dual Wield+1","Rage+1","Good Instincts","Body Slam+1"],"relics":["Burning Blood","Incense Burner","Vajra","Shovel","Magic Flower","Shuriken","Pen Nib","MerchantsRug","Bag of Preparation","Blood Vial","Lantern","Eternal Feather","Letter Opener","TungstenRod","Akabeko","SlaversCollar","Ornamental Fan","Nunchaku","Gambling Chip","HornCleat","Kunai","Boot"],"acts_visited":["Exordium","TheCity","TheBeyond","TheEnding"],"potions_floor_usage":[55,55,55],"damage_taken":[{"damage":0.0,"enemies":"Small Slimes","floor":1.0,"turns":2.0},{"damage":1.0,"enemies":"2 Louse","floor":4.0,"turns":3.0},{"damage":39.0,"enemies":"Lagavulin","floor":7.0,"turns":7.0},{"damage":1.0,"enemies":"Cultist","floor":8.0,"turns":3.0},{"damage":0.0,"enemies":"Blue Slaver","floor":12.0,"turns":2.0},{"damage":1.0,"enemies":"Large Slime","floor":14.0,"turns":4.0},{"damage":0.0,"enemies":"Slime Boss","floor":16.0,"turns":7.0},{"damage":3.0,"enemies":"Spheric Guardian","floor":18.0,"turns":3.0},{"damage":5.0,"enemies":"Chosen","floor":20.0,"turns":5.0},{"damage":0.0,"enemies":"Snake Plant","floor":21.0,"turns":3.0},{"damage":35.0,"enemies":"Slavers","floor":23.0,"turns":5.0},{"damage":3.0,"enemies":"Cultist and Chosen","floor":28.0,"turns":6.0},{"damage":44.0,"enemies":"Gremlin Leader","floor":30.0,"turns":5.0},{"damage":15.0,"enemies":"Slavers","floor":31.0,"turns":4.0},{"damage":46.0,"enemies":"Collector","floor":33.0,"turns":7.0},{"damage":7.0,"enemies":"Orb Walker","floor":35.0,"turns":2.0},{"damage":5.0,"enemies":"3 Shapes","floor":38.0,"turns":1.0},{"damage":0.0,"enemies":"Jaw Worm Horde","floor":39.0,"turns":3.0},{"damage":1.0,"enemies":"Reptomancer","floor":40.0,"turns":2.0},{"damage":6.0,"enemies":"Nemesis","floor":44.0,"turns":4.0},{"damage":3.0,"enemies":"Spire Growth","floor":46.0,"turns":3.0},{"damage":2.0,"enemies":"Transient","floor":48.0,"turns":5.0},{"damage":71.0,"enemies":"Donu and Deca","floor":50.0,"turns":8.0},{"damage":8,"enemies":"Shield and Spear","floor":54,"turns":3},{"damage":140,"enemies":"The Heart","floor":55,"turns":12}],"seed_played":"-6452233553591415447","potions_obtained":[{"floor":1.0,"key":"BloodPotion"},{"floor":8.0,"key":"BlessingOfTheForge"},{"floor":14.0,"key":"Energy Potion"},{"floor":16.0,"key":"HeartOfIron"},{"floor":20.0,"key":"FearPotion"},{"floor":30.0,"key":"LiquidMemories"},{"floor":35.0,"key":"ColorlessPotion"}],"is_trial":false,"path_per_floor":["M","?","?","M","?","R","E","M","T","R","?","M","R","M","R","B",null,"M","?","M","M","$","E","R","?","T","R","M","R","E","E","R","B",null,"M","?","?","M","M","E","$","R","T","E","?","M","R","M","R","B",null,"R","$","E","B",null],"character_chosen":"IRONCLAD","items_purchased":["Vajra","Shovel","Trip","MerchantsRug","Question Card","Rage","Membership Card","Ornamental Fan","Flash of Steel","War Paint","PrismaticShard","Block Potion","Block Potion","HornCleat","Kunai","Good Instincts"],"campfire_rested":0,"item_purchase_floors":[0,0,0,22,22,22,41,41,41,41,41,53,53,53,53,53],"current_hp_per_floor":[51,51,31,36,36,36,19,27,41,41,32,41,41,49,49,58,94,94,94,94,94,94,75,75,48,53,53,67,82,60,67,87,63,101,101,101,101,101,101,101,101,101,101,101,89,101,101,101,101,39,101,101,101,101,17],"gold":68,"neow_bonus":"","is_daily":false,"chose_seed":false,"campfire_upgraded":3,"win_rate":0.0,"timestamp":1612273402,"path_taken":["M","?","?","M","?","R","E","M","T","R","?","?","R","M","R","BOSS","M","?","M","M","$","E","R","?","T","R","M","R","E","E","R","BOSS","M","?","?","M","M","E","$","R","T","E","?","M","R","?","R","BOSS","R","$","E","BOSS"],"items_purchased_type":["Relic","Relic","Card","Relic","Relic","Card","Relic","Relic","Card","Relic","Relic","Potion","Potion","Relic","Relic","Card"],"build_version":"2020-12-22","purchased_purges":3,"victory":true,"max_hp_per_floor":[80,80,80,80,80,80,80,80,94,94,94,94,94,94,94,94,94,94,94,94,94,94,101,101,101,101,101,101,101,101,101,101,101,101,101,101,101,101,101,101,101,101,101,101,101,101,101,101,101,101,101,101,101,101,101],"relic_stats":{"counters":[147,651],"Magic Flower":[60],"Eternal Feather":30,"Pen Nib":[19],"Bag of Preparation":[28],"Letter Opener":[229],"Boot":[1],"Burning Blood":780,"Blood Vial":15,"Nunchaku":[30],"Shovel":9,"Shuriken":[39],"Ornamental Fan":[80],"Gambling Chip":[18],"Kunai":[9],"obtain_stats":[{"Ice Cream":0,"Calipers":37,"Gremlin Horn":25,"CeramicFish":44,"Vajra":0,"Whetstone":6,"Ginger":0,"Boot":14,"Sozu":17,"Blood Vial":25,"Centennial Puzzle":48,"HornCleat":53,"DollysMirror":53,"Strawberry":53,"MealTicket":37,"Prayer Wheel":6,"Kunai":29,"Toxic Egg 2":26,"MerchantsRug":0,"Girya":0,"Pear":46,"Happy Flower":26,"Astrolabe":17,"Oddly Smooth Stone":53,"Eternal Feather":52,"Pen Nib":54,"Charon\u0027s Ashes":53,"Letter Opener":53,"War Paint":41,"Question Card":30,"Akabeko":32,"SlaversCollar":17,"Shuriken":41,"Bird Faced Urn":0,"Bronze Scales":42,"Mark of Pain":34,"StrikeDummy":54,"Meat on the Bone":24,"Lantern":44,"reliquary:Firecrackers":43,"Black Blood":17,"Magic Flower":7,"StoneCalendar":37,"Mango":9,"Incense Burner":0,"Juzu Bracelet":8,"Bag of Preparation":44,"Ancient Tea Set":0,"PrismaticShard":0,"Cursed Key":34,"Burning Blood":0,"ClockworkSouvenir":45,"Nunchaku":23,"Shovel":0,"Mummified Hand":0,"Gambling Chip":40,"Pantograph":52,"Tiny Chest":31,"reliquary:RoseTintedGlasses":45,"WingedGreaves":13,"Red Mask":45,"InkBottle":27,"Red Skull":27,"Paper Frog":13,"Potion Belt":43,"Lee\u0027s Waffle":30,"Self Forming Clay":40,"Golden Idol":4,"PreservedInsect":31,"The Courier":48,"Omamori":12,"Odd Mushroom":13,"MawBank":29,"White Beast Statue":54,"Peace Pipe":0,"Anchor":0,"Busted Crown":17,"Ornamental Fan":41,"Bloody Idol":25,"Art of War":9,"reliquary:TuningFork":31,"Bag of Marbles":44,"Membership Card":0,"Bottled Lightning":49,"Champion Belt":53,"TungstenRod":9,"FossilizedHelix":26,"Toy Ornithopter":22},{"Ice Cream":0,"Calipers":70,"Gremlin Horn":38,"CeramicFish":46,"Vajra":78,"Whetstone":4,"Ginger":51,"Boot":83,"Sozu":84,"Blood Vial":133,"Centennial Puzzle":48,"HornCleat":145,"DollysMirror":49,"Strawberry":95,"MealTicket":91,"Prayer Wheel":124,"Kunai":66,"Toxic Egg 2":65,"MerchantsRug":0,"Girya":24,"Pear":19,"Happy Flower":11,"Astrolabe":129,"Oddly Smooth Stone":49,"Eternal Feather":76,"Pen Nib":23,"Charon\u0027s Ashes":49,"Letter Opener":22,"War Paint":141,"Question Card":40,"Akabeko":136,"SlaversCollar":104,"Shuriken":72,"Bird Faced Urn":0,"Bronze Scales":46,"Mark of Pain":14,"StrikeDummy":50,"Meat on the Bone":38,"Lantern":73,"reliquary:Firecrackers":46,"Black Blood":61,"Magic Flower":125,"StoneCalendar":43,"Mango":126,"Incense Burner":0,"Juzu Bracelet":5,"Bag of Preparation":73,"Ancient Tea Set":97,"PrismaticShard":97,"Cursed Key":113,"Burning Blood":0,"ClockworkSouvenir":46,"Nunchaku":108,"Shovel":24,"Mummified Hand":51,"Gambling Chip":18,"Pantograph":49,"Tiny Chest":67,"reliquary:RoseTintedGlasses":46,"WingedGreaves":127,"Red Mask":73,"InkBottle":11,"Red Skull":38,"Paper Frog":32,"Potion Belt":19,"Lee\u0027s Waffle":66,"Self Forming Clay":45,"Golden Idol":99,"PreservedInsect":40,"The Courier":75,"Omamori":82,"Odd Mushroom":7,"MawBank":134,"White Beast Statue":121,"Peace Pipe":78,"Anchor":97,"Busted Crown":8,"Ornamental Fan":141,"Bloody Idol":133,"Art of War":30,"reliquary:TuningFork":40,"Bag of Marbles":73,"Membership Card":24,"Bottled Lightning":48,"Champion Belt":120,"TungstenRod":5,"FossilizedHelix":38,"Toy Ornithopter":63},{"Ice Cream":0,"Calipers":328,"Gremlin Horn":201,"CeramicFish":226,"Vajra":375,"Whetstone":13,"Ginger":247,"Boot":387,"Sozu":393,"Blood Vial":586,"Centennial Puzzle":231,"HornCleat":636,"DollysMirror":237,"Strawberry":433,"MealTicket":418,"Prayer Wheel":547,"Kunai":297,"Toxic Egg 2":294,"MerchantsRug":0,"Girya":164,"Pear":113,"Happy Flower":58,"Astrolabe":570,"Oddly Smooth Stone":237,"Eternal Feather":362,"Pen Nib":150,"Charon\u0027s Ashes":237,"Letter Opener":139,"War Paint":616,"Question Card":207,"Akabeko":601,"SlaversCollar":463,"Shuriken":337,"Bird Faced Urn":0,"Bronze Scales":226,"Mark of Pain":80,"StrikeDummy":240,"Meat on the Bone":201,"Lantern":342,"reliquary:Firecrackers":226,"Black Blood":277,"Magic Flower":554,"StoneCalendar":215,"Mango":557,"Incense Burner":0,"Juzu Bracelet":21,"Bag of Preparation":342,"Ancient Tea Set":443,"PrismaticShard":443,"Cursed Key":500,"Burning Blood":0,"ClockworkSouvenir":226,"Nunchaku":476,"Shovel":164,"Mummified Hand":247,"Gambling Chip":108,"Pantograph":237,"Tiny Chest":305,"reliquary:RoseTintedGlasses":226,"WingedGreaves":559,"Red Mask":342,"InkBottle":58,"Red Skull":201,"Paper Frog":181,"Potion Belt":113,"Lee\u0027s Waffle":297,"Self Forming Clay":222,"Golden Idol":448,"PreservedInsect":207,"The Courier":351,"Omamori":385,"Odd Mushroom":29,"MawBank":592,"White Beast Statue":534,"Peace Pipe":375,"Anchor":443,"Busted Crown":41,"Ornamental Fan":616,"Bloody Idol":586,"Art of War":178,"reliquary:TuningFork":207,"Bag of Marbles":342,"Membership Card":164,"Bottled Lightning":231,"Champion Belt":527,"TungstenRod":21,"FossilizedHelix":201,"Toy Ornithopter":286}],"TungstenRod":70},"card_choices":[{"not_picked":["Clash","Headbutt"],"picked":"Reckless Charge","floor":1.0},{"not_picked":["Entrench","Sever Soul"],"picked":"Flex","floor":4.0},{"not_picked":["Bludgeon","Rage"],"picked":"Seeing Red","floor":7.0},{"not_picked":["Infernal Blade","Power Through"],"picked":"Whirlwind","floor":8.0},{"not_picked":["Hemokinesis","Armaments","Sword Boomerang"],"picked":"SKIP","floor":8.0},{"not_picked":["Warcry","Armaments"],"picked":"Anger","floor":12.0},{"not_picked":["Combust","Second Wind"],"picked":"Disarm","floor":12.0},{"not_picked":["Heavy Blade","Burning Pact"],"picked":"Dual Wield","floor":14.0},{"not_picked":["Reckless Charge","Iron Wave","Clash"],"picked":"SKIP","floor":14.0},{"not_picked":["Berserk","Fiend Fire"],"picked":"Immolate","floor":16.0},{"not_picked":["Perfected Strike","Havoc"],"picked":"Flame Barrier","floor":18.0},{"not_picked":["Entrench+1","Twin Strike"],"picked":"Dual Wield","floor":18.0},{"not_picked":["Dark Embrace+1","Thunderclap"],"picked":"Inflame","floor":20.0},{"not_picked":["Warcry","Rupture"],"picked":"Shrug It Off+1","floor":20.0},{"not_picked":["Dual Wield+1","True Grit+1"],"picked":"Body Slam+1","floor":21.0},{"not_picked":["Thunderclap","True Grit"],"picked":"Anger+1","floor":21.0},{"not_picked":["Demon Form","Clash","Sword Boomerang","Anger"],"picked":"SKIP","floor":23.0},{"not_picked":["Disarm","Armaments","Dual Wield"],"picked":"Rage","floor":28.0},{"not_picked":["Uppercut+1","Thunderclap","Combust"],"picked":"Headbutt","floor":28.0},{"not_picked":["Body Slam","Exhume","Reckless Charge"],"picked":"Offering","floor":30.0},{"not_picked":["Armaments+1","Rampage","Perfected Strike","Sever Soul"],"picked":"SKIP","floor":31.0},{"not_picked":["Double Tap","Barricade","Demon Form"],"picked":"Reaper","floor":33.0},{"not_picked":["Clash","Thunderclap","Cleave+1"],"picked":"Rage+1","floor":35.0},{"not_picked":["Entrench","Anger","Thunderclap+1","Cleave+1"],"picked":"SKIP","floor":35.0},{"not_picked":["The Bomb","Trip","Magnetism"],"picked":"Panache","floor":36.0},{"not_picked":["Swift Strike","Madness","Magnetism"],"picked":"Master of Strategy","floor":36.0},{"not_picked":["Fire Breathing","Rupture","Carnage"],"picked":"Warcry+1","floor":38.0},{"not_picked":["Uppercut+1","Heavy Blade+1","Clothesline+1"],"picked":"Dropkick","floor":38.0},{"not_picked":["Thunderclap","Anger","Pommel Strike"],"picked":"Infernal Blade+1","floor":39.0},{"not_picked":["Anger+1","Sword Boomerang","Carnage","Pommel Strike+1"],"picked":"SKIP","floor":39.0},{"not_picked":["Clothesline+1","Sever Soul","Burning Pact","Cleave"],"picked":"SKIP","floor":40.0},{"not_picked":["Burning Pact+1","Uppercut","Tempest+1","Mind Blast"],"picked":"SKIP","floor":44.0},{"not_picked":["Slice","Dagger Spray","Feel No Pain"],"picked":"DevaForm","floor":46.0},{"not_picked":["PiercingWail","Chill+1","Halt+1"],"picked":"Dual Wield+1","floor":46.0},{"not_picked":["Redo","Slice+1","Acrobatics+1"],"picked":"Rage+1","floor":48.0},{"not_picked":["Iron Wave+1","Clash","Gash","Flying Knee+1"],"picked":"SKIP","floor":48.0},{"not_picked":["Pommel Strike","Inflame"],"picked":"Body Slam+1","floor":54}],"player_experience":3670905,"relics_obtained":[{"floor":6.0,"key":"Prayer Wheel"},{"floor":7.0,"key":"Magic Flower"},{"floor":9.0,"key":"Mango"},{"floor":10.0,"key":"Shuriken"},{"floor":13.0,"key":"WingedGreaves"},{"floor":15.0,"key":"Pen Nib"},{"floor":23.0,"key":"Strawberry"},{"floor":24.0,"key":"Bag of Preparation"},{"floor":26.0,"key":"Lantern"},{"floor":27.0,"key":"Eternal Feather"},{"floor":29.0,"key":"MawBank"},{"floor":30.0,"key":"Letter Opener"},{"floor":31.0,"key":"TungstenRod"},{"floor":32.0,"key":"Akabeko"},{"floor":40.0,"key":"Ancient Tea Set"},{"floor":42.0,"key":"Nunchaku"},{"floor":43.0,"key":"Whetstone"},{"floor":44.0,"key":"Gambling Chip"},{"floor":54,"key":"Boot"}],"event_choices":[{"cards_removed":["Strike_R"],"damage_healed":0.0,"max_hp_gain":0.0,"max_hp_loss":0.0,"gold_gain":0.0,"event_name":"The Cleric","player_choice":"Card Removal","floor":2.0,"gold_loss":50.0,"damage_taken":0.0},{"damage_healed":0.0,"max_hp_gain":0.0,"max_hp_loss":0.0,"gold_gain":0.0,"event_name":"Golden Idol","player_choice":"Take Damage","floor":3.0,"gold_loss":0.0,"damage_taken":20.0,"relics_obtained":["Golden Idol"]},{"damage_healed":36.0,"max_hp_gain":0.0,"max_hp_loss":80.0,"gold_gain":0.0,"event_name":"betterThird:BetterShining","player_choice":"Leave","floor":5.0,"gold_loss":0.0,"damage_taken":0.0},{"damage_healed":0.0,"max_hp_gain":0.0,"max_hp_loss":0.0,"gold_gain":75.0,"event_name":"FaceTrader","player_choice":"Touch","floor":11.0,"gold_loss":0.0,"damage_taken":9.0},{"cards_removed":["Defend_R"],"damage_healed":0.0,"max_hp_gain":0.0,"max_hp_loss":0.0,"gold_gain":0.0,"event_name":"betterNote:BetterNote","player_choice":"Give","floor":19.0,"gold_loss":0.0,"damage_taken":0.0,"cards_obtained":["Strike_R"]},{"damage_healed":0.0,"max_hp_gain":75.0,"max_hp_loss":48.0,"gold_gain":0.0,"event_name":"betterAltar:BetterAltar","player_choice":" GoldIdol Vial ","floor":25.0,"potions_obtained":[],"relics_lost":["Golden Idol"],"gold_loss":0.0,"damage_taken":27.0,"relics_obtained":["Bloody Idol","Blood Vial"]},{"damage_healed":0.0,"max_hp_gain":0.0,"max_hp_loss":0.0,"gold_gain":3.0,"event_name":"betterStone:BetterStone","player_choice":"1","floor":36.0,"gold_loss":0.0,"damage_taken":0.0},{"cards_removed":["Whirlwind"],"damage_healed":0.0,"max_hp_gain":0.0,"max_hp_loss":0.0,"gold_gain":0.0,"event_name":"Falling","player_choice":"Removed Attack","floor":37.0,"gold_loss":0.0,"damage_taken":0.0},{"damage_healed":0.0,"max_hp_gain":0.0,"max_hp_loss":0.0,"gold_gain":0.0,"event_name":"Winding Halls","player_choice":"Embrace Madness","floor":45.0,"gold_loss":0.0,"damage_taken":13.0,"cards_obtained":["Madness","Madness"]}],"is_beta":false,"boss_relics":[{"not_picked":["Black Star","Empty Cage"],"picked":"Astrolabe"},{"not_picked":["Coffee Dripper","Runic Pyramid"],"picked":"SlaversCollar"}],"items_purged_floors":[0,41,53],"is_endless":false,"potions_floor_spawned":[1,8,14,16,20,30,35,38,40,46],"ascension_level":0}}