{"host":"erjc6dqs793djrmy","time":1612291371,"event":{"mods":["BaseMod","Minty Spire (QoL Compilation)","StSLib","The Animator"],"gold_per_floor":[109,125,156,156,212,252,222,222,222,12,31,48,0,0,0,101,101,133,58,70,70,70,70,70],"floor_reached":23,"language":"ENG","playtime":1543,"items_purged":["animator:Strike"],"score":293,"play_id":"31e98211-f2b8-4263-8a5f-b502edff25ca","local_time":"20210202134251","is_ascension_mode":true,"campfire_choices":[{"data":"animator:Sloth","floor":8,"key":"SMITH"},{"floor":15,"key":"DIG"}],"circlet_count":0,"master_deck":["AscendersBane","animator:Strike_Overlord","animator:Defend_Overlord","animator:Strike","animator:Defend","animator:Defend","animator:Defend","animator:Cocytus","animator:Demiurge","animator:Cocytus","animator:Sloth+1","animator:Mitsurugi","animator:Entoma","animator:GoblinSlayer","animator:Vanir","animator:Sloth","animator:GoblinSlayer","animator:Kazuma+1","animator:NarberalGamma","animator:Sloth+1"],"relics":["animator:TheMissingPiece","Coffee Dripper","Happy Flower","Orichalcum","Shovel","Toy Ornithopter","Philosopher\u0027s Stone"],"acts_visited":["Exordium","TheCity"],"potions_floor_usage":[6,12,16,16,23],"damage_taken":[{"damage":3,"enemies":"Cultist","floor":1,"turns":5},{"damage":7,"enemies":"Small Slimes","floor":2,"turns":4},{"damage":0,"enemies":"2 Louse","floor":3,"turns":2},{"damage":24,"enemies":"Lagavulin","floor":6,"turns":5},{"damage":0,"enemies":"Red Slaver","floor":11,"turns":4},{"damage":6,"enemies":"Exordium Thugs","floor":12,"turns":3},{"damage":29,"enemies":"Hexaghost","floor":16,"turns":9},{"damage":37,"enemies":"3 Byrds","floor":18,"turns":7},{"damage":11,"enemies":"Shell Parasite","floor":20,"turns":5},{"damage":14,"enemies":"Book of Stabbing","floor":23,"turns":4}],"seed_played":"873435814961443779","potions_obtained":[{"floor":1,"key":"SkillPotion"},{"floor":7,"key":"SneckoOil"},{"floor":7,"key":"Dexterity Potion"},{"floor":11,"key":"FearPotion"},{"floor":20,"key":"Dexterity Potion"}],"is_trial":false,"path_per_floor":["M","M","M","?","?","E","?","R","T","$","M","M","$","?","R","B",null,"M","?","M","?","?","E"],"character_chosen":"THE_ANIMATOR","items_purchased":["animator:GoblinSlayer","FearPotion"],"campfire_rested":0,"item_purchase_floors":[10,13],"current_hp_per_floor":[56,49,49,46,46,22,22,22,22,22,23,17,17,39,39,20,55,18,18,8,8,8,0,0],"gold":70,"neow_bonus":"BOSS_RELIC","is_daily":false,"chose_seed":false,"campfire_upgraded":1,"win_rate":0.0,"timestamp":1612291371,"path_taken":["M","?","M","?","?","E","?","R","T","$","M","?","?","?","R","BOSS","M","?","M","?","?","E"],"items_purchased_type":["Card","Potion"],"build_version":"2020-12-22","purchased_purges":1,"victory":false,"max_hp_per_floor":[66,66,66,66,66,66,66,66,66,66,67,67,67,67,67,67,67,67,67,68,68,68,68,68],"card_choices":[{"not_picked":["animator:Aqua","animator:WinryRockbell"],"picked":"animator:Cocytus","floor":1},{"not_picked":["animator:TukaLunaMarceau","animator:Lancer"],"picked":"animator:Sloth","floor":2},{"not_picked":["animator:RoryMercury","animator:Lancer"],"picked":"animator:Mitsurugi","floor":3},{"not_picked":["animator:PandorasActor","animator:Evileye"],"picked":"animator:Entoma","floor":6},{"not_picked":["animator:KyokoSakura","animator:NarberalGamma"],"picked":"animator:Vanir","floor":11},{"not_picked":["animator:RoyMustang","animator:Alexander"],"picked":"animator:Sloth","floor":12},{"not_picked":["animator:Saber","animator:Hans"],"picked":"animator:GoblinSlayer","floor":16},{"not_picked":["animator:Assassin","animator:DwarfShaman"],"picked":"animator:Kazuma+1","floor":18},{"not_picked":["animator:Evileye","animator:Demiurge"],"picked":"animator:NarberalGamma","floor":20}],"player_experience":380612,"relics_obtained":[{"floor":6,"key":"Orichalcum"},{"floor":9,"key":"Shovel"},{"floor":15,"key":"Toy Ornithopter"}],"event_choices":[{"damage_healed":0,"gold_gain":0,"player_choice":"Success","damage_taken":3,"relics_obtained":["Happy Flower"],"max_hp_gain":0,"max_hp_loss":0,"event_name":"Scrap Ooze","floor":4,"gold_loss":0},{"damage_healed":0,"gold_gain":56,"player_choice":"Gained Gold","damage_taken":0,"max_hp_gain":0,"max_hp_loss":0,"event_name":"Golden Wing","floor":5,"gold_loss":0},{"damage_healed":0,"gold_gain":0,"player_choice":"Bought 2 Potions","damage_taken":0,"max_hp_gain":0,"max_hp_loss":0,"event_name":"The Woman in Blue","floor":7,"gold_loss":0},{"damage_healed":22,"gold_gain":0,"player_choice":"Banana","damage_taken":0,"max_hp_gain":0,"max_hp_loss":0,"event_name":"Big Fish","floor":14,"gold_loss":0},{"cards_removed":["animator:Strike"],"damage_healed":0,"gold_gain":0,"player_choice":"Gave Gold","damage_taken":0,"max_hp_gain":0,"max_hp_loss":0,"event_name":"Beggar","floor":19,"gold_loss":75},{"damage_healed":0,"gold_gain":0,"player_choice":"Ignored","damage_taken":0,"max_hp_gain":0,"max_hp_loss":0,"event_name":"Cursed Tome","floor":21,"gold_loss":0},{"damage_healed":0,"gold_gain":0,"player_choice":"Copied","damage_taken":0,"max_hp_gain":0,"max_hp_loss":0,"event_name":"Duplicator","floor":22,"gold_loss":0,"cards_obtained":["animator:Sloth"]}],"is_beta":false,"boss_relics":[{"not_picked":["Cursed Key","Runic Dome"],"picked":"Philosopher\u0027s Stone"}],"items_purged_floors":[10],"is_endless":false,"potions_floor_spawned":[1,11,20],"killed_by":"Book of Stabbing","ascension_level":11}}