{"host":"evas95mgssit1md2","time":1612273599,"event":{"mods":["AchievementEnabler","BaseMod","Downfall","Hubris","Minty Spire (QoL Compilation)","Replay The Spire","StSLib"],"gold_per_floor":[99,109,121,121,121,150,150,150,162,173,186,203,237,254,264,264,264,264],"floor_reached":16,"language":"ENG","playtime":879,"items_purged":[],"score":141,"play_id":"20c6c102-9463-4aa4-8bc4-017884919cdf","local_time":"20210202074639","is_ascension_mode":false,"campfire_choices":[{"floor":1,"key":"DIG"},{"data":"bronze:ClassDefault","floor":8,"key":"SMITH"}],"circlet_count":0,"master_deck":["bronze:Strike","bronze:Strike","bronze:Strike","bronze:Defend","bronze:Defend","bronze:Defend","bronze:Defend","bronze:Replicate","bronze:Goto","bronze:Iterate","bronze:Flail","bronze:ClassDefault+1","bronze:WildBeam","bronze:NullPointer","bronze:ShipIt","bronze:Overheat","bronze:MaxOutput"],"relics":["bronze:BronzeCore","Mercury Hourglass","Singing Bowl","White Beast Statue","Smiling Mask"],"acts_visited":["Exordium"],"potions_floor_usage":[13,14,16,16,16],"damage_taken":[{"damage":9,"enemies":"2 Louse","floor":2,"turns":2},{"damage":1,"enemies":"Cultist","floor":3,"turns":3},{"damage":24,"enemies":"Lagavulin","floor":6,"turns":6},{"damage":0,"enemies":"Small Slimes","floor":9,"turns":2},{"damage":6,"enemies":"Exordium Wildlife","floor":10,"turns":3},{"damage":10,"enemies":"Exordium Thugs","floor":11,"turns":2},{"damage":7,"enemies":"Blue Slaver","floor":12,"turns":2},{"damage":12,"enemies":"Gremlin Nob","floor":13,"turns":2},{"damage":13,"enemies":"Lots of Slimes","floor":14,"turns":2},{"damage":0,"enemies":"2 Fungi Beasts","floor":15,"turns":2},{"damage":21,"enemies":"IC_STATUS_ARCHETYPE","floor":16,"turns":4}],"seed_played":"533603569888673495","potions_obtained":[{"floor":2,"key":"SneckoOil"},{"floor":3,"key":"Dexterity Potion"},{"floor":6,"key":"DuplicationPotion"},{"floor":9,"key":"Swift Potion"},{"floor":11,"key":"Death Potion"},{"floor":13,"key":"Swift Potion"},{"floor":14,"key":"LifebloodPotion"},{"floor":15,"key":"bronze:BurnAndBuffPotion"}],"is_trial":false,"path_per_floor":["R","M","M","?","?","E","T","R","M","M","M","M","E","M","M","B"],"character_chosen":"THE_AUTOMATON","items_purchased":[],"campfire_rested":0,"item_purchase_floors":[],"current_hp_per_floor":[77,68,67,67,77,53,53,53,53,47,39,32,20,7,9,0,0,0],"gold":264,"neow_bonus":"TEN_PERCENT_HP_BONUS","is_daily":false,"chose_seed":false,"campfire_upgraded":1,"win_rate":0.0,"timestamp":1612273599,"path_taken":["R","M","M","?","?","E","T","R","?","M","M","M","E","M","M","BOSS"],"items_purchased_type":[],"build_version":"2020-12-22","purchased_purges":0,"victory":false,"max_hp_per_floor":[77,77,77,77,77,77,77,77,77,77,79,79,79,79,81,81,81,81],"card_choices":[{"not_picked":["bronze:Allocate","bronze:CutThrough"],"picked":"bronze:Iterate","floor":2},{"not_picked":["bronze:ChildClass","bronze:BronzeArmor"],"picked":"bronze:MaxOutput","floor":3},{"not_picked":["bronze:DarkDash","bronze:Safeguard"],"picked":"bronze:ClassDefault","floor":6},{"not_picked":["bronze:Turbo","bronze:Overload"],"picked":"bronze:WildBeam","floor":9},{"not_picked":["bronze:ForLoop","bronze:Flail"],"picked":"bronze:NullPointer","floor":10},{"not_picked":["bronze:Overheat","bronze:ChildClass","bronze:Frontload"],"picked":"Singing Bowl","floor":11},{"not_picked":["bronze:Deprecate","bronze:CutThrough"],"picked":"bronze:ShipIt","floor":12},{"not_picked":["bronze:ChildClass","bronze:Shield"],"picked":"bronze:Overheat","floor":13},{"not_picked":["bronze:Frontload","bronze:Deprecate"],"picked":"bronze:MaxOutput","floor":14},{"not_picked":["bronze:Invalidate","bronze:BronzeArmor","bronze:ClassDefault"],"picked":"Singing Bowl","floor":15}],"player_experience":463371,"relics_obtained":[{"floor":1,"key":"Mercury Hourglass"},{"floor":6,"key":"Singing Bowl"},{"floor":7,"key":"White Beast Statue"},{"floor":13,"key":"Smiling Mask"}],"event_choices":[{"cards_removed":["bronze:MaxOutput"],"damage_healed":10,"gold_gain":0,"player_choice":"Offered Uncommon","damage_taken":0,"max_hp_gain":0,"max_hp_loss":0,"event_name":"Bonfire Elementals","floor":5,"gold_loss":0}],"is_beta":false,"boss_relics":[],"items_purged_floors":[],"is_endless":false,"potions_floor_spawned":[2,3,6,9,10,11,12,13,14,15],"killed_by":"IC_STATUS_ARCHETYPE","ascension_level":0}}