{"host":"yans4pr1zf0lm9bx","time":1612304998,"event":{"mods":["AchievementEnabler","BaseMod","Downfall","Minty Spire (QoL Compilation)","StSLib","SuperFastMode","slay the spire mod where everything is the same but ironclad has a cowboy hat"],"gold_per_floor":[99,99,274,294,304,321,321,341,373,391,391,420,2,37,51,147,147,147,6,6,6,25,54,79,179,196,210,220,230,326,346,356,459,459,259,277,292,292,118,18,97,122,122,172,172,191,191,219,237,237,237,237],"floor_reached":50,"language":"ENG","playtime":3357,"items_purged":["champ:Strike","champ:Defend","champ:Defend"],"score":725,"play_id":"8473cc62-f121-4ce4-8758-73e9b039f10d","local_time":"20210202172958","is_ascension_mode":true,"campfire_choices":[{"data":"champ:Taunt","floor":1,"key":"SMITH"},{"data":"champ:StrikeOfGenius","floor":18,"key":"SMITH"},{"floor":35,"key":"RECALL"},{"data":"champ:Improvising","floor":40,"key":"SMITH"},{"data":"expansioncontent:StudyTheSpire","floor":47,"key":"SMITH"}],"circlet_count":0,"master_deck":["champ:Defend","champ:Execute","champ:Taunt+1","champ:PreciseThrust","champ:DefensiveShout","champ:RisingSlash+1","champ:Shatter+1","champ:Encircle+1","champ:FanOfKnives+1","expansioncontent:StudyTheSpire+1","champ:SwordThrow+1","champ:BerserkersShout","champ:StrikeOfGenius+1","champ:SteelEdge+1","champ:EnGarde+1","champ:ArenaPreparation+1","champ:Endure","champ:EnragedBash+1","champ:RecklessLeap+1","champ:Encircle+1","champ:FanOfKnives+1","champ:FanOfKnives+1","champ:BerserkerStyle","champ:Shatter+1","champ:BerserkersShout+1","Flash of Steel+1","champ:ArenaPreparation+1","champ:Improvising+1","champ:EnGarde+1","champ:AdrenalArmor+1","Master of Strategy","champ:ShieldSigil+1","champ:EnragedBash+1","champ:Shatter+1","champ:FocusedBerserking"],"relics":["champ:ChampionCrown","Ornamental Fan","Molten Egg 2","Lantern","Letter Opener","Membership Card","Bottled Lightning","Mercury Hourglass","Astrolabe","Toolbox","Vajra","MutagenicStrength","DollysMirror","Philosopher\u0027s Stone","downfall:HeartBlessingBlue","downfall:HeartBlessingGreen","White Beast Statue","Omamori","downfall:HeartBlessingRed","InkBottle","HornCleat","Torii","Pantograph"],"acts_visited":["Exordium","TheCity","TheBeyond"],"potions_floor_usage":[8,12,14,19,29,30,33,33,50,50,50],"damage_taken":[{"damage":10,"enemies":"Small Slimes","floor":4,"turns":3},{"damage":20,"enemies":"Jaw Worm","floor":5,"turns":4},{"damage":12,"enemies":"2 Louse","floor":6,"turns":3},{"damage":31,"enemies":"Large Slime","floor":8,"turns":7},{"damage":85,"enemies":"Lagavulin","floor":9,"turns":9},{"damage":25,"enemies":"2 Fungi Beasts","floor":10,"turns":4},{"damage":29,"enemies":"3 Sentries","floor":12,"turns":8},{"damage":20,"enemies":"downfall:FleeingMerchant","floor":13,"turns":4},{"damage":15,"enemies":"Lagavulin","floor":14,"turns":4},{"damage":15,"enemies":"Blue Slaver","floor":15,"turns":2},{"damage":52,"enemies":"WA_ARCHETYPE_RETAIN","floor":16,"turns":5},{"damage":36,"enemies":"downfall:FleeingMerchant","floor":19,"turns":4},{"damage":25,"enemies":"3 Byrds","floor":22,"turns":2},{"damage":44,"enemies":"Book of Stabbing","floor":23,"turns":5},{"damage":60,"enemies":"downfall:Augmenter","floor":25,"turns":4},{"damage":35,"enemies":"Shell Parasite","floor":26,"turns":2},{"damage":50,"enemies":"Shelled Parasite and Fungi","floor":27,"turns":3},{"damage":25,"enemies":"Snecko","floor":28,"turns":2},{"damage":50,"enemies":"Centurion and Healer","floor":29,"turns":3},{"damage":45,"enemies":"downfall:FleeingMerchant","floor":30,"turns":4},{"damage":10,"enemies":"Shelled Parasite and Fungi","floor":31,"turns":1},{"damage":0,"enemies":"Snake Plant","floor":32,"turns":2},{"damage":118,"enemies":"DF_ARCHETYPE_CLAW","floor":33,"turns":6},{"damage":32,"enemies":"3 Darklings","floor":36,"turns":2},{"damage":55,"enemies":"3 Shapes","floor":37,"turns":3},{"damage":67,"enemies":"Giant Head","floor":42,"turns":5},{"damage":77,"enemies":"Giant Head","floor":44,"turns":4},{"damage":35,"enemies":"Sphere and 2 Shapes","floor":46,"turns":2},{"damage":105,"enemies":"Reptomancer","floor":48,"turns":4},{"damage":38,"enemies":"4 Shapes","floor":49,"turns":3},{"damage":123,"enemies":"SI_POISON_ARCHETYPE","floor":50,"turns":2}],"seed_played":"6400727766695369070","potions_obtained":[{"floor":5,"key":"champ:OpenerPotion"},{"floor":9,"key":"Regen Potion"},{"floor":10,"key":"Block Potion"},{"floor":14,"key":"sneckomod:MuddlingPotion"},{"floor":15,"key":"BlessingOfTheForge"},{"floor":23,"key":"champ:CounterPotion"},{"floor":25,"key":"ColorlessPotion"},{"floor":27,"key":"Swift Potion"},{"floor":29,"key":"SkillPotion"},{"floor":32,"key":"Weak Potion"},{"floor":36,"key":"Swift Potion"},{"floor":37,"key":"AttackPotion"},{"floor":48,"key":"EntropicBrew"}],"is_trial":false,"path_per_floor":["R","?","?","M","M","M","T","M","E","M","?","E","$","E","M","B",null,"R","$","?","?","M","E","T","?","M","M","M","M","$","M","M","B",null,"R","M","M","?","$","R","T","E","?","?","?","M","R","E","M","B"],"character_chosen":"THE_CHAMP","items_purchased":["Membership Card","Bottled Lightning","expansioncontent:StudyTheSpire","Toolbox","Flash of Steel+1","DollysMirror","Fruit Juice","Omamori","Master of Strategy"],"campfire_rested":0,"item_purchase_floors":[13,13,13,19,30,30,30,39,39],"current_hp_per_floor":[99,96,96,96,96,94,94,88,48,48,48,59,59,59,59,37,99,99,88,88,88,88,84,84,84,84,84,84,79,84,84,84,35,104,114,112,112,112,112,112,112,112,112,112,112,112,112,112,112,0,0,0],"gold":237,"neow_bonus":"TEN_PERCENT_HP_BONUS","is_daily":false,"chose_seed":false,"campfire_upgraded":4,"win_rate":0.0,"timestamp":1612304998,"path_taken":["R","?","?","M","M","M","T","M","E","M","?","E","$","E","M","BOSS","R","$","?","?","M","E","T","?","M","M","?","?","$","M","M","BOSS","R","M","M","?","$","R","T","E","?","?","?","M","R","E","M","BOSS"],"items_purchased_type":["Relic","Relic","Card","Relic","Card","Relic","Potion","Relic","Card"],"build_version":"2020-12-22","purchased_purges":3,"victory":false,"max_hp_per_floor":[99,99,99,99,99,99,99,99,99,99,99,99,99,99,99,99,99,99,99,99,99,99,99,99,99,99,99,99,99,104,104,104,104,104,114,114,114,114,114,114,114,114,114,114,114,114,114,114,114,114,114,114],"card_choices":[{"not_picked":["champ:Circumvent","champ:PerfectedStrike"],"picked":"champ:GutPunch","floor":4},{"not_picked":["champ:Backstep","champ:HeartStrike"],"picked":"champ:PreciseThrust","floor":5},{"not_picked":["champ:Backstep","champ:PreciseThrust"],"picked":"champ:AdrenalArmor","floor":6},{"not_picked":["champ:BringItOn","champ:Circumvent"],"picked":"champ:DefensiveShout","floor":8},{"not_picked":["champ:Devastate+1","champ:CrownThrow+1"],"picked":"champ:RisingSlash+1","floor":9},{"not_picked":["champ:GutPunch+1","champ:DeathBlow+1"],"picked":"champ:Shatter+1","floor":10},{"not_picked":["champ:HeartStrike+1","champ:TornadoPunch+1"],"picked":"champ:Encircle+1","floor":12},{"not_picked":["champ:DefensiveShout","champ:StanceDance"],"picked":"champ:FanOfKnives+1","floor":13},{"not_picked":["champ:TornadoPunch+1","champ:IronFortress"],"picked":"champ:SwordThrow+1","floor":14},{"not_picked":["champ:Backstep","champ:StanceDance"],"picked":"champ:BerserkersShout","floor":15},{"not_picked":["champ:ShieldThrow+1","champ:LastStand"],"picked":"champ:StrikeOfGenius","floor":16},{"not_picked":["champ:Encircle+1","champ:EnragedBash+1"],"picked":"champ:ArenaPreparation+1","floor":19},{"not_picked":["champ:HeartStrike+1","champ:EnGarde"],"picked":"champ:Endure","floor":22},{"not_picked":["champ:GladiatorStyle+1","champ:FlashCut+1","champ:PerfectedStrike+1"],"picked":"SKIP","floor":23},{"not_picked":["champ:FocusedDefense+1","champ:Haymaker+1"],"picked":"champ:EnragedBash+1","floor":25},{"not_picked":["champ:PreemptiveStrike+1","champ:Devastate+1"],"picked":"champ:FanOfKnives+1","floor":26},{"not_picked":["champ:BerserkersShout","champ:TornadoPunch+1"],"picked":"champ:FanOfKnives+1","floor":27},{"not_picked":["champ:Shatter+1","champ:IronFortress"],"picked":"champ:BerserkerStyle","floor":28},{"not_picked":["champ:ViciousMockery","champ:StanceDance"],"picked":"champ:Shatter+1","floor":29},{"not_picked":["champ:Circumvent+1","champ:IronFortress"],"picked":"champ:BerserkersShout+1","floor":30},{"not_picked":["champ:StanceDance","champ:EnGarde","champ:FlashCut+1"],"picked":"SKIP","floor":31},{"not_picked":["champ:GutPunch+1","champ:ShieldSlam","champ:BerserkersShout"],"picked":"SKIP","floor":32},{"not_picked":["champ:ShieldThrow+1","champ:SwordThrow+1"],"picked":"champ:Improvising","floor":33},{"not_picked":["champ:CrownThrow+1","champ:PerfectedStrike+1"],"picked":"champ:EnGarde+1","floor":36},{"not_picked":["champ:PreciseThrust+1","champ:RapidStrikes+1"],"picked":"champ:AdrenalArmor+1","floor":37},{"not_picked":["champ:Haymaker+1","champ:PreciseThrust+1"],"picked":"champ:ShieldSigil+1","floor":42},{"not_picked":["champ:Backstep+1","champ:BladeFlurry+1"],"picked":"champ:EnragedBash+1","floor":44},{"not_picked":["champ:BringItOn","champ:GladiatorForm"],"picked":"champ:Shatter+1","floor":46},{"not_picked":["champ:FocusedDefense","champ:Backstep","champ:FancyFootwork"],"picked":"SKIP","floor":48},{"not_picked":["champ:Backstep+1","champ:DefensiveStyle"],"picked":"champ:FocusedBerserking","floor":49}],"player_experience":317578,"relics_obtained":[{"floor":7,"key":"Molten Egg 2"},{"floor":9,"key":"Lantern"},{"floor":12,"key":"Letter Opener"},{"floor":14,"key":"Mercury Hourglass"},{"floor":23,"key":"Vajra"},{"floor":25,"key":"MutagenicStrength"},{"floor":38,"key":"White Beast Statue"},{"floor":41,"key":"InkBottle"},{"floor":42,"key":"HornCleat"},{"floor":44,"key":"Torii"},{"floor":48,"key":"Pantograph"}],"event_choices":[{"damage_healed":0,"gold_gain":0,"player_choice":"Success","damage_taken":3,"relics_obtained":["Ornamental Fan"],"max_hp_gain":0,"max_hp_loss":0,"event_name":"Scrap Ooze","floor":2,"gold_loss":0},{"cards_removed":["Doubt"],"damage_healed":0,"gold_gain":0,"player_choice":"Card Removal","damage_taken":0,"max_hp_gain":0,"max_hp_loss":0,"event_name":"The Cleric","floor":11,"gold_loss":0},{"cards_removed":["champ:AdrenalArmor"],"damage_healed":0,"gold_gain":0,"player_choice":"Removed Skill","damage_taken":0,"max_hp_gain":0,"max_hp_loss":0,"event_name":"Falling","floor":43,"gold_loss":0}],"is_beta":false,"boss_relics":[{"not_picked":["Busted Crown","Calling Bell"],"picked":"Astrolabe"},{"not_picked":["Fusion Hammer","Pandora\u0027s Box"],"picked":"Philosopher\u0027s Stone"}],"items_purged_floors":[13,19,30],"is_endless":false,"potions_floor_spawned":[5,9,10,14,15,23,25,27,29,32,36,37,42,44,46,48,49],"killed_by":"SI_POISON_ARCHETYPE","ascension_level":1}}