{"host":"lktusdb9orijgc6z","time":1612305790,"event":{"mods":["BaseMod","Bestiary","Colored Map","Colored Powertips","Minty Spire (QoL Compilation)","Permanent Neow","Quick Restart","Relic Stats","StSLib","everything is the same but u backflip on backflip","slay the spire mod where everything is the same but ironclad has a cowboy hat"],"gold_per_floor":[116,129,148,248,259,287,287,313,313,313,26,37,37,37,37,115,115,88,88,13,33,33,33,33,33],"floor_reached":24,"language":"ENG","playtime":767,"items_purged":[],"score":337,"play_id":"7955a646-145d-44cb-9315-8a434caaf334","local_time":"20210202234310","is_ascension_mode":true,"campfire_choices":[{"data":"Perfected Strike","floor":7,"key":"SMITH"},{"floor":10,"key":"REST"},{"data":"Barricade","floor":13,"key":"SMITH"},{"data":"Entrench","floor":15,"key":"SMITH"},{"data":"Dark Embrace","floor":23,"key":"SMITH"}],"circlet_count":0,"master_deck":["AscendersBane","Strike_R","Strike_R","Strike_R","Strike_R","Strike_R","Defend_R","Defend_R","Defend_R","Defend_R","Bash","Barricade+1","Cleave","Perfected Strike+1","Sword Boomerang","Dark Embrace+1","Impervious","Entrench+1","Whirlwind","Metallicize","Reaper","Seeing Red"],"relics":["Burning Blood","Darkstone Periapt","Turnip","Paper Frog","Bottled Tornado","Mark of Pain","Singing Bowl","CultistMask"],"acts_visited":["Exordium","TheCity"],"potions_floor_usage":[8,12,24,24],"damage_taken":[{"damage":7,"enemies":"2 Louse","floor":1,"turns":3},{"damage":10,"enemies":"Cultist","floor":2,"turns":4},{"damage":7,"enemies":"Jaw Worm","floor":3,"turns":2},{"damage":12,"enemies":"Looter","floor":5,"turns":3},{"damage":37,"enemies":"Gremlin Nob","floor":6,"turns":5},{"damage":23,"enemies":"3 Sentries","floor":8,"turns":8},{"damage":0,"enemies":"Large Slime","floor":12,"turns":2},{"damage":13,"enemies":"Slime Boss","floor":16,"turns":18},{"damage":37,"enemies":"2 Thieves","floor":18,"turns":5},{"damage":30,"enemies":"3 Byrds","floor":21,"turns":6},{"damage":50,"enemies":"Slavers","floor":24,"turns":3}],"seed_played":"5775932669328046331","potions_obtained":[{"floor":2,"key":"Block Potion"},{"floor":8,"key":"FearPotion"},{"floor":16,"key":"Energy Potion"},{"floor":21,"key":"Weak Potion"}],"is_trial":false,"path_per_floor":["M","M","M","?","M","E","R","E","T","R","$","M","R","$","R","B",null,"M","?","?","M","?","R","E"],"character_chosen":"IRONCLAD","items_purchased":["Bottled Tornado","Whirlwind"],"campfire_rested":1,"item_purchase_floors":[11,11],"current_hp_per_floor":[71,67,66,66,60,29,29,12,12,36,36,42,42,42,42,35,69,42,48,48,30,30,30,0,0],"gold":33,"neow_bonus":"ONE_RANDOM_RARE_CARD","is_daily":false,"chose_seed":false,"campfire_upgraded":4,"win_rate":0.0,"timestamp":1612305790,"path_taken":["M","M","M","?","M","E","R","E","T","R","$","M","R","?","R","BOSS","M","?","?","M","?","R","E"],"items_purchased_type":["Relic","Card"],"build_version":"2020-12-22","purchased_purges":0,"victory":false,"max_hp_per_floor":[80,80,80,80,80,80,80,80,80,80,80,80,80,80,80,80,80,80,86,86,86,86,86,86,86],"relic_stats":{"Darkstone Periapt":6,"Singing Bowl":0,"counters":[11,59],"Turnip":[8],"obtain_stats":[{"Darkstone Periapt":6,"Singing Bowl":19,"Turnip":8,"Mark of Pain":17,"CultistMask":22,"Bottled Tornado":11,"Burning Blood":0,"Paper Frog":9},{"Darkstone Periapt":5,"Singing Bowl":9,"Turnip":6,"Mark of Pain":8,"CultistMask":10,"Bottled Tornado":6,"Burning Blood":0,"Paper Frog":6},{"Darkstone Periapt":17,"Singing Bowl":50,"Turnip":25,"Mark of Pain":45,"CultistMask":56,"Bottled Tornado":25,"Burning Blood":0,"Paper Frog":25}],"Burning Blood":60},"card_choices":[{"not_picked":["Clash","Shrug It Off"],"picked":"Cleave","floor":1},{"not_picked":["Blood for Blood","Fire Breathing"],"picked":"Perfected Strike","floor":2},{"not_picked":["Body Slam","Heavy Blade"],"picked":"Sword Boomerang","floor":3},{"not_picked":["Pommel Strike","Warcry"],"picked":"Dark Embrace","floor":5},{"not_picked":["Fire Breathing","Perfected Strike"],"picked":"Impervious","floor":6},{"not_picked":["Metallicize","Inflame"],"picked":"Entrench","floor":8},{"not_picked":["Clash","Iron Wave"],"picked":"Metallicize","floor":12},{"not_picked":["Bludgeon","Barricade"],"picked":"Reaper","floor":16},{"not_picked":["Dark Embrace","Heavy Blade","Perfected Strike"],"picked":"SKIP","floor":18},{"not_picked":["Armaments","Iron Wave"],"picked":"Seeing Red","floor":21}],"player_experience":748982,"relics_obtained":[{"floor":6,"key":"Darkstone Periapt"},{"floor":8,"key":"Turnip"},{"floor":9,"key":"Paper Frog"}],"event_choices":[{"damage_healed":0,"gold_gain":100,"player_choice":"Pray","damage_taken":0,"max_hp_gain":0,"max_hp_loss":0,"event_name":"Golden Shrine","floor":4,"gold_loss":0},{"damage_healed":0,"gold_gain":0,"player_choice":"Stole Relic","damage_taken":0,"relics_obtained":["Singing Bowl"],"max_hp_gain":0,"max_hp_loss":0,"event_name":"Addict","floor":19,"gold_loss":0,"cards_obtained":["Shame"]},{"cards_removed":["Shame"],"damage_healed":0,"gold_gain":0,"player_choice":"Gave Gold","damage_taken":0,"max_hp_gain":0,"max_hp_loss":0,"event_name":"Beggar","floor":20,"gold_loss":75},{"damage_healed":0,"gold_gain":0,"player_choice":"Trade","damage_taken":0,"relics_obtained":["CultistMask"],"max_hp_gain":0,"max_hp_loss":0,"event_name":"FaceTrader","floor":22,"gold_loss":0}],"is_beta":false,"boss_relics":[{"not_picked":["SlaversCollar","Empty Cage"],"picked":"Mark of Pain"}],"items_purged_floors":[],"is_endless":false,"potions_floor_spawned":[2,8,16,21],"killed_by":"Slavers","ascension_level":13}}