{"host":"j4nfyhit1dl35m08","time":1612251118,"event":{"mods":["BaseMod","Downfall","Highlight Path","Minty Spire (QoL Compilation)","StSLib"],"gold_per_floor":[99,116,128,142,142,168,168,201,201,214,214,231,242,242,259,358,358,358,372,33,44,44,62,62,72,90,190,190,218,233,18,18,18,18],"floor_reached":32,"language":"ENG","playtime":3452,"items_purged":["downfall:Aged"],"score":332,"play_id":"addaaf07-b2dd-4d49-8ad7-57955ef8f1e6","local_time":"20210202013158","is_ascension_mode":true,"campfire_choices":[{"data":"Guardian:HyperBeam_Guardian","floor":1,"key":"SMITH"},{"data":"Guardian:ArmoredProtocol","floor":9,"key":"SMITH"},{"data":"Guardian:Clone","floor":11,"key":"SMITH"},{"data":"Guardian:StasisField","floor":18,"key":"SMITH"}],"circlet_count":0,"master_deck":["Guardian:CurlUp","Guardian:TwinSlam","Guardian:ArmoredProtocol+1","Guardian:Clone+1","Guardian:ArmoredProtocol","Guardian:HyperBeam_Guardian+1","Guardian:AncientConstruct","Guardian:ExploitGems","Guardian:TemporalShield","Guardian:TimeCapacitor","Guardian:DecasProtection","Guardian:Suspension","Guardian:ShieldCharger","Guardian:StasisField+1","Guardian:TemporalShield+1","Guardian:HyperBeam_Guardian+1","Guardian:Recover","Guardian:ConstructionForm","Guardian:Gem_Yellow","Chrysalis","Guardian:Gem_Red","Guardian:FastForward","Guardian:Incinerate","Guardian:Gem_Purple","Guardian:SentryBeam","Guardian:BronzeOrb","Guardian:PrismaticBeam","Guardian:FloatingOrbs","Guardian:SentryBeam"],"relics":["Pandora\u0027s Box","Darkstone Periapt","MealTicket","Tiny Chest","Oddly Smooth Stone","Question Card","Astrolabe","Vajra","Omamori","Shuriken","Kunai"],"acts_visited":["Exordium","TheCity"],"potions_floor_usage":[3,16,16,29,30,30,32],"damage_taken":[{"damage":0,"enemies":"Small Slimes","floor":2,"turns":1},{"damage":0,"enemies":"Jaw Worm","floor":3,"turns":3},{"damage":0,"enemies":"Cultist","floor":4,"turns":3},{"damage":38,"enemies":"Lagavulin","floor":8,"turns":9},{"damage":12,"enemies":"Exordium Thugs","floor":10,"turns":2},{"damage":0,"enemies":"Gremlin Gang","floor":12,"turns":1},{"damage":0,"enemies":"2 Fungi Beasts","floor":13,"turns":2},{"damage":10,"enemies":"Gremlin Gang","floor":15,"turns":3},{"damage":7,"enemies":"DF_ARCHETYPE_STREAMLINE","floor":16,"turns":11},{"damage":1,"enemies":"Shell Parasite","floor":19,"turns":5},{"damage":10,"enemies":"downfall:FleeingMerchant","floor":20,"turns":4},{"damage":21,"enemies":"Chosen and Byrds","floor":21,"turns":5},{"damage":2,"enemies":"Snake Plant","floor":23,"turns":4},{"damage":9,"enemies":"Snecko","floor":25,"turns":4},{"damage":14,"enemies":"Centurion and Healer","floor":26,"turns":9},{"damage":24,"enemies":"Book of Stabbing","floor":29,"turns":7},{"damage":7,"enemies":"Cultist and Chosen","floor":30,"turns":8},{"damage":0,"enemies":"downfall:FleeingMerchant","floor":31,"turns":4},{"damage":22,"enemies":"Shelled Parasite and Fungi","floor":32,"turns":3}],"seed_played":"4604872896530381704","potions_obtained":[{"floor":2,"key":"Block Potion"},{"floor":4,"key":"BlessingOfTheForge"},{"floor":10,"key":"Guardian:DefensiveModePotion"},{"floor":13,"key":"AttackPotion"},{"floor":23,"key":"Fire Potion"},{"floor":25,"key":"LiquidMemories"},{"floor":26,"key":"bronze:BurnAndBuffPotion"},{"floor":29,"key":"Fire Potion"}],"is_trial":false,"path_per_floor":["R","M","M","M","?","T","T","E","R","M","R","M","M","T","M","B",null,"R","M","$","M","T","M","T","M","M","?","T","E","M","$","M"],"character_chosen":"GUARDIAN","items_purchased":["Guardian:Gem_Yellow","Chrysalis","Guardian:FloatingOrbs","Guardian:SentryBeam","SkillPotion"],"campfire_rested":0,"item_purchase_floors":[20,20,31,31,31],"current_hp_per_floor":[80,80,80,80,86,86,86,48,48,36,36,36,36,36,26,19,92,92,91,82,61,61,59,59,50,36,36,36,12,5,20,0,0,0],"gold":18,"neow_bonus":"BOSS_RELIC","is_daily":false,"chose_seed":false,"campfire_upgraded":4,"win_rate":0.0,"timestamp":1612251118,"path_taken":["R","M","M","M","?","?","T","E","R","?","R","M","M","?","M","BOSS","R","M","$","?","?","?","T","?","M","?","?","E","M","$","M"],"items_purchased_type":["Card","Card","Card","Card","Potion"],"build_version":"2020-12-22","purchased_purges":1,"victory":false,"max_hp_per_floor":[80,80,80,80,86,86,86,86,86,86,86,86,86,86,86,86,92,92,92,92,92,92,92,92,92,92,92,92,92,92,92,92,92,92],"card_choices":[{"not_picked":["Guardian:ShieldSpikes","Guardian:Gem_Blue"],"picked":"Guardian:Gem_Yellow","floor":2},{"not_picked":["Guardian:VentSteam","Guardian:Recover"],"picked":"Guardian:TemporalShield","floor":3},{"not_picked":["Guardian:TemporalStrike","Guardian:Reroute"],"picked":"Guardian:BronzeArmor","floor":4},{"not_picked":["Guardian:CrystalBeam","Guardian:Repulse"],"picked":"Guardian:TimeCapacitor","floor":8},{"not_picked":["Guardian:Gem_Green","Guardian:RollAttack"],"picked":"Guardian:DecasProtection","floor":10},{"not_picked":["Guardian:Incinerate","Guardian:PiercingHide"],"picked":"Guardian:Suspension","floor":12},{"not_picked":["Guardian:Gem_Red","Guardian:ShieldCharger"],"picked":"Guardian:Gem_Orange","floor":13},{"not_picked":["Guardian:Incinerate","Guardian:PolyBeam","Guardian:SpikerProtocol"],"picked":"Guardian:ShieldCharger","floor":15},{"not_picked":["Guardian:ConstructionForm","Guardian:ExploitGems","Guardian:AncientConstruct"],"picked":"Guardian:StasisField","floor":16},{"not_picked":["Guardian:ChargeCore","Guardian:Gem_Lightblue","Guardian:GuardianWhirl"],"picked":"Guardian:Recover","floor":19},{"not_picked":["Guardian:PiercingHide","Guardian:GuardianWhirl","Guardian:RollAttack"],"picked":"Guardian:ConstructionForm","floor":20},{"not_picked":["Guardian:PolyBeam","Guardian:CrystalBeam","Guardian:Recover"],"picked":"Guardian:Gem_Red","floor":21},{"not_picked":["Guardian:SpikerProtocol","Guardian:Gem_Green","Guardian:PrismaticBeam"],"picked":"Guardian:FastForward","floor":23},{"not_picked":["Guardian:Gem_Red","Guardian:WalkerClaw","Guardian:TimeCapacitor"],"picked":"Guardian:Incinerate","floor":25},{"not_picked":["Guardian:PolyBeam","Guardian:EvasiveProtocol+1","Guardian:Gem_Red"],"picked":"Guardian:Gem_Purple","floor":26},{"not_picked":["Guardian:MultiBeam+1","Guardian:RevengeProtocol","Guardian:TimeCapacitor"],"picked":"Guardian:SentryBeam","floor":29},{"not_picked":["Guardian:TimeBomb","Guardian:Preprogram","Guardian:Gem_Lightblue"],"picked":"Guardian:BronzeOrb","floor":30},{"not_picked":["Guardian:Planning","Guardian:Reroute+1","Guardian:Gem_Green"],"picked":"Guardian:PrismaticBeam","floor":31}],"player_experience":358156,"relics_obtained":[{"floor":6,"key":"MealTicket"},{"floor":7,"key":"Tiny Chest"},{"floor":8,"key":"Oddly Smooth Stone"},{"floor":14,"key":"Question Card"},{"floor":22,"key":"Vajra"},{"floor":24,"key":"Omamori"},{"floor":28,"key":"Shuriken"},{"floor":29,"key":"Kunai"}],"event_choices":[{"damage_healed":0,"gold_gain":0,"player_choice":"Box","damage_taken":0,"relics_obtained":["Darkstone Periapt"],"max_hp_gain":0,"max_hp_loss":0,"event_name":"Big Fish","floor":5,"gold_loss":0,"cards_obtained":["Regret"]}],"is_beta":false,"boss_relics":[{"not_picked":["Velvet Choker","Runic Dome"],"picked":"Astrolabe"}],"items_purged_floors":[20],"is_endless":false,"potions_floor_spawned":[2,4,10,13,23,25,26,29],"killed_by":"Shelled Parasite and Fungi","ascension_level":1}}