{"host":"u7y9frlpoazak2mn","time":1612228008,"event":{"mods":["AchievementEnabler","Act Like it!","Alarm Clock","Aspiration","Astrologer","BaseMod","Beaked The Cultist","Better Altar","Better Match","Better Note","Better Sensory Stone","Better Skull","Better Third Choice","CCEM2","Chen","Colored Map","Colored Powertips","Conspire","Curses Come First","Dark Map","Displayed Cursed Tome","Energized Spire","Friendly Minions","Gensokyo","GifTheSpireLib","Glutton Mod","Halation","Hallownest","Hermit","Hubris","Infinite Spire","Jedi Mod","Koishi","Marisa????????","Marked Mod","Mimic Mod","Minty Spire (QoL Compilation)","Pale of the Ancients","Prisma Mod","Quick Restart","Random Character Button","Rare Cards Sparkle","Relic Stats","Reliquary","Remilia??????","Replay The Spire","Retaliation","Spicy Shops","Spikes Relics","StS++","StSLib","Stuff the Spire","The Administrix","The Blue Laboratory","The Bug Knight","The Construct","The Cursed","The Druid","The Forsaken","The Juggle","The Jungle","The Marked","The Servant 0.9.4","Waifu the Spire","Wandering Minibosses","Wide Potions","Yuri Mod"],"gold_per_floor":[115,225,236,254,269,269,269,269],"floor_reached":7,"language":"ENG","playtime":675,"items_purged":[],"score":49,"play_id":"5fba1bd6-676e-4f57-9c2d-bdb2607ca2cd","local_time":"20210201200648","is_ascension_mode":true,"campfire_choices":[{"floor":6,"key":"REST"}],"circlet_count":0,"master_deck":["Strike_G","Strike_G","Strike_G","Defend_G","Defend_G","Defend_G","Defend_G","Defend_G","Survivor","Neutralize","Fluid Movement","Venomology","Backflip","InfectiousVector","conspire:DoublingDagger","StSpp:TimeParadox"],"relics":["Ring of the Snake"],"acts_visited":["Exordium"],"potions_floor_usage":[1,3,3,5,5,5,7],"damage_taken":[{"damage":4,"enemies":"Jaw Worm","floor":1,"turns":9},{"damage":0,"enemies":"Cultist","floor":3,"turns":4},{"damage":10,"enemies":"2 Louse","floor":4,"turns":4},{"damage":4,"enemies":"Large Slime","floor":5,"turns":5},{"damage":48,"enemies":"3 Sentries","floor":7,"turns":12}],"seed_played":"3994333765757787258","potions_obtained":[{"floor":1,"key":"blueLaboratory:BottleOfRum"},{"floor":4,"key":"Languid Potion"},{"floor":5,"key":"Energy Potion"}],"is_trial":false,"path_per_floor":["M","?","M","M","M","R","E"],"character_chosen":"THE_SILENT","items_purchased":[],"campfire_rested":1,"item_purchase_floors":[],"current_hp_per_floor":[45,37,37,27,23,44,0,0],"gold":269,"neow_bonus":"TRANSFORM_TWO_CARDS","is_daily":false,"chose_seed":false,"campfire_upgraded":0,"win_rate":0.0,"timestamp":1612228008,"path_taken":["M","?","M","M","M","R","E"],"items_purchased_type":[],"build_version":"2020-12-22","purchased_purges":0,"victory":false,"max_hp_per_floor":[70,70,70,70,70,70,70,70],"relic_stats":{"counters":[5,34],"obtain_stats":[{"Ring of the Snake":0},{"Ring of the Snake":0},{"Ring of the Snake":0}],"Ring of the Snake":[10]},"card_choices":[{"not_picked":["StuffTheSpire:BumpUp","Dagger Throw"],"picked":"Backflip","floor":1},{"not_picked":["Flying Knee","StuffTheSpire:ClusterCrunch"],"picked":"InfectiousVector","floor":3},{"not_picked":["StuffTheSpire:ClusterCrunch","Dagger Throw"],"picked":"conspire:DoublingDagger","floor":4},{"not_picked":["Distraction","StuffTheSpire:ClusterCrunch"],"picked":"StSpp:TimeParadox","floor":5}],"player_experience":370759,"relics_obtained":[],"event_choices":[{"damage_healed":0,"gold_gain":110,"player_choice":"GO ","damage_taken":9,"relics_obtained":[],"max_hp_gain":0,"max_hp_loss":0,"event_name":"betterSkull:BetterSkull","floor":2,"gold_loss":0,"cards_upgraded":[]}],"is_beta":false,"boss_relics":[],"items_purged_floors":[],"is_endless":false,"potions_floor_spawned":[1,4,5],"killed_by":"3 Sentries","ascension_level":3}}