{"host":"mdxxh7xrx9vr3ma8","time":1612286833,"event":{"mods":["AchievementEnabler","Act Like it!","BaseMod","Better Altar","Better Match","Better Note","Better Sensory Stone","Better Skull","Better Third Choice","BetterRewards","Colored Map","Colored Powertips","Downfall","Friendly Minions","GifTheSpireLib","Googly Eyes","Hermit","Highlight Path","Infinite Spire","Marisa????????","Minty Spire (QoL Compilation)","Rare Cards Sparkle","Shop Mod","StSLib","SuperFastMode","The Animator","The Necromancer","everything is the same but u backflip on backflip"],"gold_per_floor":[114,114,132,132,132,170,170,188,233,233,257,257,108,144,144,269,269,283,283,303,322,322,366,366,391,441,462,209,223,223],"floor_reached":29,"language":"ENG","playtime":6355,"items_purged":[],"score":255,"play_id":"ef206bd5-fef0-4347-9261-54e763e79d58","local_time":"20210202092713","is_ascension_mode":false,"campfire_choices":[{"floor":7,"key":"REST"},{"data":"MysteriousBeam","floor":10,"key":"SMITH"},{"floor":12,"key":"REST"},{"floor":15,"key":"REST"},{"floor":24,"key":"REST"}],"circlet_count":0,"master_deck":["Strike_MRS","Strike_MRS","Strike_MRS","Strike_MRS","Defend_MRS","Defend_MRS","Defend_MRS","Defend_MRS","MasterSpark","UpSweep","Apotheosis+1","DC","CurseOfTheBell","CurseOfTheBell","ShootTheMoon","MysteriousBeam+1","BlazeAway","DarkMatter","StarBarrage"],"relics":["MiniHakkero","downfall:ExtraCursedBell","Omamori","Mummified Hand","infinitespire:CursedDice","Golden Idol","infinitespire:Satchel","Oddly Smooth Stone","HandmadeGrimoire","Fusion Hammer","PreservedInsect","Strawberry","infinitespire:BottledMercury"],"acts_visited":["Exordium","TheCity"],"potions_floor_usage":[23,23],"damage_taken":[{"damage":5,"enemies":"Small Slimes","floor":1,"turns":3},{"damage":8,"enemies":"2 Louse","floor":3,"turns":3},{"damage":20,"enemies":"Gremlin Nob","floor":6,"turns":4},{"damage":0,"enemies":"Cultist","floor":8,"turns":2},{"damage":8,"enemies":"Lots of Slimes","floor":11,"turns":3},{"damage":30,"enemies":"Lagavulin","floor":14,"turns":4},{"damage":53,"enemies":"The Guardian","floor":16,"turns":8},{"damage":6,"enemies":"3 Byrds","floor":18,"turns":4},{"damage":14,"enemies":"2 Thieves","floor":20,"turns":3},{"damage":10,"enemies":"Centurion and Healer","floor":21,"turns":6},{"damage":23,"enemies":"Gremlin Leader","floor":23,"turns":6},{"damage":27,"enemies":"Shelled Parasite and Fungi","floor":25,"turns":3},{"damage":21,"enemies":"3 Cultists","floor":27,"turns":4},{"damage":19,"enemies":"Snecko","floor":29,"turns":6}],"seed_played":"-2073411235942496120","potions_obtained":[{"floor":11,"key":"champ:CounterPotion"},{"floor":14,"key":"Weak Potion"},{"floor":16,"key":"Fire Potion"},{"floor":20,"key":"DuplicationPotion"},{"floor":25,"key":"SpeedPotion"},{"floor":27,"key":"DistilledChaos"}],"is_trial":false,"path_per_floor":["M","?","M","?","?","E","R","M","T","R","M","R","$","E","R","B",null,"M","?","M","M","?","E","R","M","T","M","$","M"],"character_chosen":"MARISA","items_purchased":["LiquidBronze","BlazeAway","infinitespire:BottledMercury"],"campfire_rested":4,"item_purchase_floors":[13,13,28],"current_hp_per_floor":[77,77,69,69,69,49,73,73,73,73,65,82,82,52,76,23,82,76,76,62,52,56,33,57,30,37,16,16,32,32],"gold":223,"neow_bonus":"TEN_PERCENT_HP_BONUS","is_daily":false,"chose_seed":false,"campfire_upgraded":1,"win_rate":0.0,"timestamp":1612286833,"path_taken":["M","?","M","?","?","E","R","M","T","R","M","R","$","E","R","BOSS","M","?","?","?","?","E","R","M","T","M","?","?"],"items_purchased_type":["Potion","Card","Relic"],"build_version":"2020-12-22","purchased_purges":0,"victory":false,"max_hp_per_floor":[82,82,82,82,82,82,82,82,82,82,82,82,82,82,82,82,82,82,82,82,82,82,82,82,82,89,89,89,89,89],"card_choices":[{"not_picked":["Singularity","Orbital","WitchLeyline"],"picked":"SKIP","floor":1},{"not_picked":["IllusionStar","SporeBomb"],"picked":"DC","floor":3},{"not_picked":["MysteriousBeam","ManaConvection"],"picked":"ShootTheMoon","floor":6},{"not_picked":["UnstableBomb","DoubleSpark"],"picked":"MysteriousBeam","floor":8},{"not_picked":["DC","MilkyWay","IllusionStar"],"picked":"SKIP","floor":11},{"not_picked":["MagicChant","LuminesStrike","WitchLeyline"],"picked":"SKIP","floor":14},{"not_picked":["Singularity","EnergyFlow","NonDirectionalLaser+1"],"picked":"SKIP","floor":18},{"not_picked":["Singularity","EnergyFlow","NonDirectionalLaser+1"],"picked":"SKIP","floor":18},{"not_picked":["GalacticHalo","ShootingEcho"],"picked":"DarkMatter","floor":20},{"not_picked":["RefractionSpark","PulseMagic"],"picked":"StarBarrage","floor":21},{"not_picked":["EventHorizon","WitchLeyline","SporeBomb"],"picked":"SKIP","floor":23},{"not_picked":["Acceleration","FairyDestructionRay","RefractionSpark"],"picked":"SKIP","floor":25},{"not_picked":["EnergyRecoil","Acceleration","LuminesStrike"],"picked":"SKIP","floor":27}],"player_experience":119285,"relics_obtained":[{"floor":4,"key":"Omamori"},{"floor":4,"key":"Mummified Hand"},{"floor":4,"key":"infinitespire:CursedDice"},{"floor":6,"key":"infinitespire:Satchel"},{"floor":9,"key":"Oddly Smooth Stone"},{"floor":14,"key":"HandmadeGrimoire"},{"floor":23,"key":"PreservedInsect"},{"floor":26,"key":"Strawberry"}],"event_choices":[{"damage_healed":77,"gold_gain":0,"player_choice":"Embrace Burn","damage_taken":0,"max_hp_gain":0,"max_hp_loss":82,"event_name":"betterThird:BetterShining","floor":2,"gold_loss":0},{"damage_healed":0,"gold_gain":0,"player_choice":"Take Wound","damage_taken":0,"relics_obtained":["Golden Idol"],"max_hp_gain":0,"max_hp_loss":0,"event_name":"Golden Idol","floor":5,"gold_loss":0,"cards_obtained":["Injury"]},{"cards_removed":["Apotheosis"],"damage_healed":0,"gold_gain":0,"player_choice":"Give","damage_taken":0,"max_hp_gain":0,"max_hp_loss":0,"event_name":"betterNote:BetterNote","floor":19,"gold_loss":0,"cards_obtained":["None"]},{"damage_healed":4,"gold_gain":0,"player_choice":"LEAVE ","damage_taken":0,"relics_obtained":[],"max_hp_gain":0,"max_hp_loss":0,"event_name":"betterSkull:BetterSkull","floor":22,"gold_loss":0,"cards_upgraded":[]}],"is_beta":false,"boss_relics":[{"not_picked":["Ectoplasm","SlaversCollar"],"picked":"Fusion Hammer"}],"items_purged_floors":[],"is_endless":false,"potions_floor_spawned":[11,14,16,18,20,25,27],"killed_by":"Snecko","ascension_level":0}}