{"host":"2ty4h143nj8vwezc","time":1612243381,"event":{"mods":["BaseMod","Colored Map","Googly Eyes","Highlight Path","Minty Spire (QoL Compilation)","Quick Restart","StSLib"],"gold_per_floor":[113,137,137,51,64,90,5,40,40,50,62,62,74,92,92,166,216,236,256,256,13,13,41,41,41,67,80,98,47,65,84,84,163,163,175,175,188,5,5,5,32,32,32,32,49,49,68,68,68,68],"floor_reached":51,"language":"ENG","playtime":2524,"items_purged":["Strike_G","Strike_G+1"],"score":1345,"play_id":"2b3f7c8f-a088-484e-a031-9207fb1c1750","local_time":"20210202002301","is_ascension_mode":true,"campfire_choices":[{"data":"Accuracy","floor":12.0,"key":"SMITH"},{"floor":15.0,"key":"REST"},{"floor":25.0,"key":"REST"},{"floor":32.0,"key":"REST"},{"floor":40.0,"key":"REST"},{"data":"After Image","floor":42.0,"key":"SMITH"},{"data":"Accuracy","floor":44.0,"key":"SMITH"},{"floor":49.0,"key":"REST"}],"circlet_count":0,"master_deck":["AscendersBane","Strike_G+1","Strike_G+1","Strike_G+1","Defend_G+1","Defend_G+1","Defend_G+1","Defend_G+1","Defend_G+1","Survivor","Neutralize","Cloak And Dagger","Infinite Blades+1","Deflect","Infinite Blades","Accuracy+1","Finisher","Storm of Steel","After Image+1","Blade Dance","Wraith Form v2","PiercingWail","Escape Plan","Escape Plan","Phantasmal Killer","Blade Dance","Accuracy+1","Escape Plan+1"],"relics":["Ring of the Snake","NeowsBlessing","Strawberry","Ninja Scroll","Ancient Tea Set","Regal Pillow","Tiny House","Vajra","PreservedInsect","Happy Flower","Cursed Key","Toxic Egg 2","Ornamental Fan","Spirit Poop"],"acts_visited":["Exordium","TheCity","TheBeyond"],"potions_floor_usage":[50],"damage_taken":[{"damage":0.0,"enemies":"Cultist","floor":1.0,"turns":1.0},{"damage":0.0,"enemies":"2 Louse","floor":5.0,"turns":1.0},{"damage":0.0,"enemies":"3 Sentries","floor":6.0,"turns":2.0},{"damage":13.0,"enemies":"Lagavulin","floor":8.0,"turns":6.0},{"damage":2.0,"enemies":"Jaw Worm","floor":10.0,"turns":4.0},{"damage":2.0,"enemies":"Large Slime","floor":11.0,"turns":4.0},{"damage":3.0,"enemies":"3 Louse","floor":13.0,"turns":4.0},{"damage":1.0,"enemies":"Blue Slaver","floor":14.0,"turns":4.0},{"damage":23.0,"enemies":"The Guardian","floor":16.0,"turns":8.0},{"damage":3.0,"enemies":"3 Byrds","floor":18.0,"turns":5.0},{"damage":0.0,"enemies":"Spheric Guardian","floor":19.0,"turns":2.0},{"damage":25.0,"enemies":"Slavers","floor":23.0,"turns":5.0},{"damage":26.0,"enemies":"Snake Plant","floor":27.0,"turns":5.0},{"damage":19.0,"enemies":"Centurion and Healer","floor":28.0,"turns":6.0},{"damage":0.0,"enemies":"Sentry and Sphere","floor":30.0,"turns":3.0},{"damage":6.0,"enemies":"Shelled Parasite and Fungi","floor":31.0,"turns":5.0},{"damage":10.0,"enemies":"Champ","floor":33.0,"turns":10.0},{"damage":28.0,"enemies":"3 Darklings","floor":35.0,"turns":7.0},{"damage":11.0,"enemies":"3 Shapes","floor":37.0,"turns":6.0},{"damage":9.0,"enemies":"Giant Head","floor":41.0,"turns":6.0},{"damage":11.0,"enemies":"Sphere and 2 Shapes","floor":45.0,"turns":6.0},{"damage":3.0,"enemies":"Maw","floor":47.0,"turns":7.0},{"damage":65,"enemies":"Time Eater","floor":50,"turns":8}],"seed_played":"-6626398544267533559","potions_obtained":[{"floor":3.0,"key":"LiquidBronze"},{"floor":3.0,"key":"Weak Potion"},{"floor":5.0,"key":"Block Potion"},{"floor":10.0,"key":"Dexterity Potion"},{"floor":11.0,"key":"Block Potion"},{"floor":14.0,"key":"Fire Potion"},{"floor":17.0,"key":"Explosive Potion"},{"floor":23.0,"key":"Regen Potion"},{"floor":31.0,"key":"BlessingOfTheForge"},{"floor":35.0,"key":"Fruit Juice"},{"floor":47.0,"key":"CunningPotion"}],"is_trial":false,"path_per_floor":["M","T","?","$","M","E","$","E","T","M","M","R","M","M","R","B",null,"M","M","?","$","?","E","?","R","T","M","M","$","M","M","R","B",null,"M","$","M","$","?","R","E","R","T","R","M","?","M","?","R","B",null],"character_chosen":"THE_SILENT","items_purchased":["Infinite Blades","Accuracy","Vajra","PiercingWail","Accuracy"],"campfire_rested":5,"item_purchase_floors":[4,7,21,29,38],"current_hp_per_floor":[59,66,66,66,66,66,66,53,53,51,49,49,46,45,73,50,72,69,69,69,69,69,44,44,78,78,52,33,33,33,27,65,55,72,44,44,38,38,38,77,68,68,68,68,57,57,54,54,79,14],"gold":68,"neow_bonus":"THREE_ENEMY_KILL","is_daily":false,"chose_seed":false,"campfire_upgraded":3,"win_rate":0.0,"timestamp":1612243381,"path_taken":["M","?","?","$","?","E","$","E","T","M","M","R","M","M","R","BOSS","M","M","?","$","?","E","?","R","T","M","M","$","M","M","R","BOSS","M","$","M","$","?","R","E","R","T","R","M","?","M","?","R","BOSS"],"items_purchased_type":["Card","Card","Relic","Card","Card"],"build_version":"2020-12-22","purchased_purges":2,"victory":true,"max_hp_per_floor":[66,73,73,73,73,73,73,73,73,73,73,73,73,73,73,73,78,78,78,78,78,78,78,78,78,78,78,78,78,78,78,78,78,78,78,78,83,83,83,83,83,83,83,83,83,79,79,79,79,79],"card_choices":[{"not_picked":["Acrobatics","Dagger Throw"],"picked":"Cloak And Dagger","floor":1.0},{"not_picked":["Concentrate","Sucker Punch"],"picked":"Deflect","floor":5.0},{"not_picked":["Backflip","Bane"],"picked":"Infinite Blades","floor":6.0},{"not_picked":["Backflip","Bouncing Flask","Dodge and Roll"],"picked":"SKIP","floor":8.0},{"not_picked":["Deflect","Underhanded Strike"],"picked":"Finisher","floor":10.0},{"not_picked":["Deflect","Poisoned Stab","Backflip"],"picked":"SKIP","floor":11.0},{"not_picked":["Riddle With Holes","Acrobatics"],"picked":"Storm of Steel","floor":13.0},{"not_picked":["Blur","Dodge and Roll","Poisoned Stab"],"picked":"SKIP","floor":14.0},{"not_picked":["Wraith Form v2","Phantasmal Killer"],"picked":"After Image","floor":16.0},{"not_picked":["Eviscerate+1","Tactician","Distraction"],"picked":"SKIP","floor":18.0},{"not_picked":["Skewer","Flying Knee"],"picked":"Blade Dance","floor":19.0},{"not_picked":["Quick Slash","Deflect"],"picked":"Wraith Form v2","floor":23.0},{"not_picked":["Dodge and Roll","Quick Slash","Finisher"],"picked":"SKIP","floor":27.0},{"not_picked":["Dagger Throw","Calculated Gamble","Sucker Punch"],"picked":"SKIP","floor":28.0},{"not_picked":["Deadly Poison","Footwork"],"picked":"Escape Plan","floor":30.0},{"not_picked":["Crippling Poison","Sucker Punch"],"picked":"Escape Plan","floor":31.0},{"not_picked":["Unload","Storm of Steel"],"picked":"Phantasmal Killer","floor":33.0},{"not_picked":["Footwork","Dagger Spray"],"picked":"Blade Dance","floor":35.0},{"not_picked":["Blur","All Out Attack","Backflip"],"picked":"SKIP","floor":37.0},{"not_picked":["Crippling Poison+1","Deadly Poison+1","Heel Hook+1"],"picked":"SKIP","floor":41.0},{"not_picked":["Catalyst+1","Slice"],"picked":"Escape Plan+1","floor":45.0},{"not_picked":["Poisoned Stab","Heel Hook+1","Well Laid Plans"],"picked":"SKIP","floor":47.0}],"player_experience":323729,"relics_obtained":[{"floor":2.0,"key":"Strawberry"},{"floor":6.0,"key":"Ninja Scroll"},{"floor":8.0,"key":"Ancient Tea Set"},{"floor":9.0,"key":"Regal Pillow"},{"floor":23.0,"key":"PreservedInsect"},{"floor":26.0,"key":"Happy Flower"},{"floor":41.0,"key":"Toxic Egg 2"},{"floor":43.0,"key":"Ornamental Fan"}],"event_choices":[{"damage_healed":0.0,"max_hp_gain":0.0,"max_hp_loss":0.0,"gold_gain":0.0,"event_name":"Lab","player_choice":"Got Potions","floor":3.0,"gold_loss":0.0,"damage_taken":0.0},{"damage_healed":0.0,"max_hp_gain":0.0,"max_hp_loss":0.0,"gold_gain":0.0,"event_name":"Ghosts","player_choice":"Ignored","floor":20.0,"gold_loss":0.0,"damage_taken":0.0},{"damage_healed":0.0,"max_hp_gain":0.0,"max_hp_loss":0.0,"gold_gain":0.0,"event_name":"Vampires","player_choice":"Ignored","floor":22.0,"gold_loss":0.0,"damage_taken":0.0},{"damage_healed":0.0,"max_hp_gain":0.0,"max_hp_loss":0.0,"gold_gain":0.0,"event_name":"Back to Basics","player_choice":"Simplicity","floor":24.0,"gold_loss":0.0,"damage_taken":0.0,"cards_upgraded":["Strike_G","Strike_G","Strike_G","Strike_G","Defend_G","Defend_G","Defend_G","Defend_G","Defend_G"]},{"damage_healed":0.0,"max_hp_gain":0.0,"max_hp_loss":0.0,"gold_gain":0.0,"event_name":"The Moai Head","player_choice":"Ignored","floor":39.0,"gold_loss":0.0,"damage_taken":0.0},{"damage_healed":0.0,"max_hp_gain":0.0,"max_hp_loss":4.0,"gold_gain":0.0,"event_name":"Winding Halls","player_choice":"Max HP","floor":46.0,"gold_loss":0.0,"damage_taken":0.0},{"cards_removed":["Writhe"],"damage_healed":0.0,"max_hp_gain":0.0,"max_hp_loss":0.0,"gold_gain":0.0,"event_name":"Bonfire Elementals","player_choice":"Offered Curse","floor":48.0,"gold_loss":0.0,"damage_taken":0.0,"relics_obtained":["Spirit Poop"]}],"is_beta":false,"boss_relics":[{"not_picked":["Busted Crown","Fusion Hammer"],"picked":"Tiny House"},{"not_picked":["Calling Bell","Empty Cage"],"picked":"Cursed Key"}],"items_purged_floors":[21,38],"is_endless":false,"potions_floor_spawned":[5,10,11,14,23,31,35,47],"ascension_level":18}}