{"host":"3498uni0c31c9bdm","time":1612280705,"event":{"mods":["BaseMod","Better Third Choice","Minty Spire (QoL Compilation)","Replay The Spire","StSLib"],"gold_per_floor":[116,128,128,108,71,71,86,117,117,117,143,143,173,188,188,262,262,279,299,299,43,65,65,102,121,121,121,132,132,47,74,74,74,74],"floor_reached":33,"language":"ENG","playtime":1304,"items_purged":[],"score":475,"play_id":"e0da3103-3deb-4871-a4f7-5c716feda2a0","local_time":"20210203024505","is_ascension_mode":true,"campfire_choices":[{"floor":6.0,"key":"RECALL"},{"data":"Alpha","floor":10.0,"key":"SMITH"},{"floor":12.0,"key":"REST"},{"floor":15.0,"key":"REST"},{"floor":23.0,"key":"REST"},{"floor":29,"key":"REST"},{"floor":32,"key":"REST"}],"circlet_count":0,"master_deck":["AscendersBane","Strike_P","Strike_P","Strike_P","Strike_P","Defend_P","Defend_P","Defend_P","Defend_P","Eruption","Vigilance+1","Evaluate","FlurryOfBlows","SignatureMove","Alpha+1","EmptyFist","SashWhip","DevaForm","Replay:Battleflow","Judgement+1","CurseOfTheBell","SpiritShield","EmptyBody","Mayhem","Apotheosis","Finesse","BowlingBash","Wallop","SashWhip","Looming Evil","JustLucky"],"relics":["PureWater","NeowsBlessing","Mummified Hand","Kunai","Odd Mushroom","Letter Opener","Calling Bell","Art of War","Replay:Ringing Soul","CloakClasp","CeramicFish","ReplayTheSpireMod:ShopPack","Orichalcum","Replay:Kaleidoscope","Garlic","ReplayTheSpireMod:CursedCoin","War Paint","Blood Vial"],"acts_visited":["Exordium","TheCity"],"potions_floor_usage":[27,33],"damage_taken":[{"damage":0.0,"enemies":"Jaw Worm","floor":1.0,"turns":1.0},{"damage":0.0,"enemies":"Cultist","floor":2.0,"turns":1.0},{"damage":0.0,"enemies":"Small Slimes","floor":7.0,"turns":1.0},{"damage":20.0,"enemies":"3 Sentries","floor":8.0,"turns":4.0},{"damage":18.0,"enemies":"The Mushroom Lair","floor":11.0,"turns":5.0},{"damage":11.0,"enemies":"Lagavulin","floor":13.0,"turns":6.0},{"damage":11.0,"enemies":"2 Fungi Beasts","floor":14.0,"turns":3.0},{"damage":40.0,"enemies":"The Guardian","floor":16.0,"turns":9.0},{"damage":14.0,"enemies":"Shell Parasite","floor":18.0,"turns":6.0},{"damage":12.0,"enemies":"3 Byrds","floor":19.0,"turns":5.0},{"damage":18.0,"enemies":"3 Cultists","floor":22.0,"turns":4.0},{"damage":9.0,"enemies":"Replay:Snechameleon","floor":24.0,"turns":6.0},{"damage":40.0,"enemies":"Centurion and Healer","floor":25.0,"turns":8.0},{"damage":3,"enemies":"Colosseum Slavers","floor":27,"turns":3},{"damage":3,"enemies":"Snecko","floor":31,"turns":6},{"damage":72,"enemies":"Automaton","floor":33,"turns":8}],"seed_played":"1750973903968426927","potions_obtained":[{"floor":4.0,"key":"Strength Potion"},{"floor":7.0,"key":"Dexterity Potion"},{"floor":14.0,"key":"Energy Potion"},{"floor":16.0,"key":"Weak Potion"},{"floor":19.0,"key":"FearPotion"},{"floor":31,"key":"PowerPotion"}],"is_trial":false,"path_per_floor":["M","M","$","?","$","R","M","E","T","R","?","R","E","M","R","B",null,"M","M","?","$","M","R","E","M","T","?","$","R","?","M","R","B"],"character_chosen":"WATCHER","items_purchased":["SignatureMove","ReplayTheSpireMod:ShopPack","Orichalcum","ReplayTheSpireMod:CursedCoin","War Paint"],"campfire_rested":5,"item_purchase_floors":[5,21,21,28,28],"current_hp_per_floor":[65,65,65,65,65,65,65,45,45,45,27,48,37,26,47,7,56,45,36,36,39,24,49,43,6,6,3,6,33,33,35,63,0,0],"gold":74,"neow_bonus":"THREE_ENEMY_KILL","is_daily":false,"chose_seed":false,"campfire_upgraded":1,"win_rate":0.0,"timestamp":1612280705,"path_taken":["M","M","$","?","?","R","M","E","T","R","?","R","E","M","R","BOSS","M","M","?","$","?","R","E","M","T","?","$","R","?","M","R","BOSS"],"items_purchased_type":["Card","Relic","Relic","Relic","Relic"],"build_version":"2020-12-22","purchased_purges":0,"victory":false,"max_hp_per_floor":[72,72,72,72,72,72,72,72,72,72,72,72,72,72,72,72,72,75,78,78,81,84,84,87,90,90,90,93,93,93,96,96,96,96],"card_choices":[{"not_picked":["ThirdEye","InnerPeace"],"picked":"Evaluate","floor":1.0},{"not_picked":["Crescendo","Consecrate"],"picked":"FlurryOfBlows","floor":2.0},{"not_picked":["Replay:ManipulateFuture","Pray"],"picked":"Alpha","floor":7.0},{"not_picked":["WreathOfFlame","Consecrate"],"picked":"EmptyFist","floor":8.0},{"not_picked":["WreathOfFlame","Replay:BluntJabs"],"picked":"SashWhip","floor":11.0},{"not_picked":["Protect","PathToVictory"],"picked":"DevaForm","floor":13.0},{"not_picked":["Crescendo","Nirvana"],"picked":"Replay:Battleflow","floor":14.0},{"not_picked":["Alpha","Ragnarok"],"picked":"Judgement","floor":16.0},{"not_picked":["JustLucky","CutThroughFate+1"],"picked":"SpiritShield","floor":18.0},{"not_picked":["Protect","ThirdEye"],"picked":"EmptyBody","floor":19.0},{"not_picked":["Master of Strategy","Midas Touch"],"picked":"Mayhem","floor":21.0},{"not_picked":["Replay:BasicMightCard","ReplayTheSpireMod:Trickstab"],"picked":"Apotheosis","floor":21.0},{"not_picked":["PanicButton","Replay:Parry"],"picked":"Finesse","floor":21.0},{"not_picked":["ClearTheMind+1","DeceiveReality"],"picked":"BowlingBash","floor":22.0},{"not_picked":["CarveReality","Fasting2"],"picked":"Wallop","floor":24.0},{"not_picked":["Replay:ManipulateFuture","JustLucky"],"picked":"SashWhip","floor":25.0},{"not_picked":["EmptyBody","Halt"],"picked":"JustLucky","floor":31}],"player_experience":811827,"relics_obtained":[{"floor":8.0,"key":"Mummified Hand"},{"floor":9.0,"key":"Kunai"},{"floor":11.0,"key":"Odd Mushroom"},{"floor":13.0,"key":"Letter Opener"},{"floor":17.0,"key":"Art of War"},{"floor":17.0,"key":"Replay:Ringing Soul"},{"floor":17.0,"key":"CloakClasp"},{"floor":20.0,"key":"CeramicFish"},{"floor":24.0,"key":"Replay:Kaleidoscope"},{"floor":26.0,"key":"Garlic"}],"event_choices":[{"damage_healed":0.0,"max_hp_gain":0.0,"max_hp_loss":0.0,"gold_gain":0.0,"event_name":"The Woman in Blue","player_choice":"Bought 1 Potion","floor":4.0,"gold_loss":0.0,"damage_taken":0.0},{"damage_healed":0.0,"max_hp_gain":0.0,"max_hp_loss":0.0,"gold_gain":0.0,"event_name":"Mushrooms","player_choice":"Fought Mushrooms","floor":11.0,"gold_loss":0.0,"damage_taken":0.0},{"damage_healed":0.0,"max_hp_gain":0.0,"max_hp_loss":0.0,"gold_gain":0.0,"event_name":"Wheel of Change","player_choice":"Relic","floor":20.0,"gold_loss":0.0,"damage_taken":0.0},{"damage_healed":0,"gold_gain":0,"player_choice":"Fight","damage_taken":0,"max_hp_gain":0,"max_hp_loss":0,"event_name":"Colosseum","floor":27,"gold_loss":0},{"damage_healed":0,"gold_gain":0,"player_choice":"Fled From Nobs","damage_taken":0,"max_hp_gain":0,"max_hp_loss":0,"event_name":"Colosseum","floor":27,"gold_loss":0},{"damage_healed":0,"gold_gain":0,"player_choice":"Obtained Relic","damage_taken":0,"relics_obtained":["Blood Vial"],"max_hp_gain":0,"max_hp_loss":0,"event_name":"Addict","floor":30,"gold_loss":85}],"is_beta":false,"boss_relics":[{"not_picked":["ReplayTheSpireMod:DimensionalGlitch","Abe\u0027s Treasure"],"picked":"Calling Bell"}],"items_purged_floors":[],"is_endless":false,"potions_floor_spawned":[7,8,14,16,18,19,31],"killed_by":"Automaton","ascension_level":13}}