{"host":"k7udt7atmcuzf6l0","time":1612243015,"event":{"mods":["AchievementEnabler","BaseMod","BetterRewards","Colored Map","Colored Powertips","Highlight Path","Minty Spire (QoL Compilation)","Quick Restart","Rare Cards Sparkle","Relic Stats","StSLib","UnlockEverythingMod"],"gold_per_floor":[214,214,57,57,71,71,89,89,115,46,61,87,87,87,87],"floor_reached":14,"language":"ZHS","playtime":229,"items_purged":[],"score":88,"play_id":"ed023af0-356d-41fb-af61-816281dbd005","local_time":"20210202131655","is_ascension_mode":false,"campfire_choices":[{"data":"Rage","floor":6,"key":"SMITH"},{"data":"Pommel Strike","floor":8,"key":"SMITH"},{"data":"Rupture","floor":13,"key":"SMITH"}],"circlet_count":0,"master_deck":["Strike_R","Strike_R","Strike_R","Strike_R","Strike_R","Defend_R","Defend_R","Defend_R","Bash","Rage+1","Pommel Strike+1","Thunderclap","Rupture+1","Combust","Battle Trance"],"relics":["Burning Blood","Lantern","Shuriken","Tiny Chest","Red Skull"],"acts_visited":["Exordium"],"potions_floor_usage":[],"damage_taken":[{"damage":13,"enemies":"Jaw Worm","floor":1,"turns":3},{"damage":10,"enemies":"2 Louse","floor":5,"turns":3},{"damage":0,"enemies":"Cultist","floor":7,"turns":3},{"damage":0,"enemies":"Looter","floor":11,"turns":2},{"damage":33,"enemies":"Gremlin Nob","floor":12,"turns":4},{"damage":29,"enemies":"Lagavulin","floor":14,"turns":3}],"seed_played":"7063681597059305178","potions_obtained":[{"floor":1,"key":"GamblersBrew"},{"floor":12,"key":"Ancient Potion"}],"is_trial":false,"path_per_floor":["M","?","$","?","M","R","M","R","T","$","M","E","R","E"],"character_chosen":"IRONCLAD","items_purchased":["Lantern","Rupture"],"campfire_rested":0,"item_purchase_floors":[3,10],"current_hp_per_floor":[73,66,66,48,44,44,50,50,50,50,56,29,29,0,0],"gold":87,"neow_bonus":"HUNDRED_GOLD","is_daily":false,"chose_seed":false,"campfire_upgraded":3,"win_rate":0.0,"timestamp":1612243015,"path_taken":["M","?","$","?","M","R","M","R","T","?","M","E","R","E"],"items_purchased_type":["Relic","Card"],"build_version":"2020-12-22","purchased_purges":0,"victory":false,"max_hp_per_floor":[80,80,80,80,80,80,80,80,80,80,80,80,80,80,80],"relic_stats":{"counters":[6,18],"Shuriken":[4],"Tiny Chest":0,"obtain_stats":[{"Lantern":3,"Shuriken":4,"Tiny Chest":9,"Burning Blood":0,"Red Skull":12},{"Lantern":1,"Shuriken":1,"Tiny Chest":3,"Burning Blood":0,"Red Skull":5},{"Lantern":3,"Shuriken":3,"Tiny Chest":9,"Burning Blood":0,"Red Skull":15}],"Burning Blood":30},"card_choices":[{"not_picked":["Feel No Pain","Hemokinesis"],"picked":"Rage","floor":1},{"not_picked":["Havoc","Heavy Blade"],"picked":"Pommel Strike","floor":5},{"not_picked":["Metallicize","Intimidate"],"picked":"Thunderclap","floor":7},{"not_picked":["Headbutt","Carnage"],"picked":"Combust","floor":11},{"not_picked":["Clothesline","Twin Strike"],"picked":"Battle Trance","floor":12}],"player_experience":35397,"relics_obtained":[{"floor":9,"key":"Tiny Chest"},{"floor":12,"key":"Red Skull"}],"event_choices":[{"cards_removed":["Defend_R"],"damage_healed":0,"gold_gain":0,"player_choice":"Card Removal","damage_taken":7,"max_hp_gain":0,"max_hp_loss":0,"event_name":"Golden Wing","floor":2,"gold_loss":0},{"damage_healed":0,"gold_gain":0,"player_choice":"Success","damage_taken":18,"relics_obtained":["Shuriken"],"max_hp_gain":0,"max_hp_loss":0,"event_name":"Scrap Ooze","floor":4,"gold_loss":0}],"is_beta":false,"boss_relics":[],"items_purged_floors":[],"is_endless":false,"potions_floor_spawned":[1,12],"killed_by":"Lagavulin","ascension_level":0}}