{"host":"jumrmhf584hajrnz","time":1612293483,"event":{"mods":["BaseMod","Duelist Mod","GifTheSpireLib","Minty Spire (QoL Compilation)","Quick Restart","StSLib"],"gold_per_floor":[139,139,155,155,170,200,200,42,42,42,73,73,98,116,116,190,190,209,209,233,233,248,248,163,197,197,197,227,54,82,82,82],"floor_reached":31,"language":"ENG","playtime":1227,"items_purged":[],"score":644,"play_id":"92629430-bd3c-4c91-a250-8a5c6e62316f","local_time":"20210202201803","is_ascension_mode":true,"campfire_choices":[{"floor":7,"key":"REST"},{"floor":10,"key":"RECALL"},{"floor":15,"key":"REST"},{"floor":23,"key":"REST"}],"circlet_count":0,"master_deck":["theDuelist:AngelTrumpeter","AscendersBane","theDuelist:CactusBouncer","theDuelist:CastleWalls","theDuelist:DarkworldThorns","theDuelist:Inmato","theDuelist:JerryBeansMan","theDuelist:JerryBeansMan+1","theDuelist:Sparks","theDuelist:Sparks","theDuelist:BeastFangs","theDuelist:Predaponics","theDuelist:Nameless:Power:SpiralSpearStrike+1","theDuelist:Nameless:War:AllyJustice","theDuelist:PreventRat","theDuelist:BlueRoseDragon+1","theDuelist:PredaplantFlytrap+1","theDuelist:RainbowKuriboh+1","theDuelist:PredaplantPterapenthes+1","theDuelist:BlackRoseDragon+1","theDuelist:Gigaplant+1","theDuelist:PowerGiant+1","theDuelist:TwilightRoseKnight+1","theDuelist:LonefireBlossom","theDuelist:RagingMadPlants+1","theDuelist:PredaplantChlamydosundew+1","theDuelist:VioletCrystal+1"],"relics":["theDuelist:MillenniumPuzzle","theDuelist:CardPoolRelic","theDuelist:CardPoolBasicRelic","theDuelist:BoosterPackPoolRelic","theDuelist:CardPoolAddRelic","theDuelist:CardPoolMinusRelic","theDuelist:CardPoolSaveRelic","theDuelist:CardPoolOptionsRelic","theDuelist:BoosterPackMonsterEgg","Red Skull","TwistedFunnel","theDuelist:ZoneToken","Odd Mushroom","Velvet Choker","Dream Catcher","Frozen Egg 2","Regal Pillow","Shovel","Happy Flower","Orichalcum","Whetstone"],"acts_visited":["Exordium","TheCity"],"potions_floor_usage":[13,16,18,25],"damage_taken":[{"damage":8,"enemies":"2 Louse","floor":1,"turns":3},{"damage":3,"enemies":"Small Slimes","floor":3,"turns":3},{"damage":0,"enemies":"Cultist","floor":5,"turns":3},{"damage":16,"enemies":"3 Sentries","floor":6,"turns":5},{"damage":30,"enemies":"Gremlin Nob","floor":11,"turns":4},{"damage":9,"enemies":"The Mushroom Lair","floor":13,"turns":2},{"damage":0,"enemies":"2 Fungi Beasts","floor":14,"turns":2},{"damage":25,"enemies":"The Guardian","floor":16,"turns":5},{"damage":16,"enemies":"2 Thieves","floor":18,"turns":4},{"damage":1,"enemies":"3 Byrds","floor":22,"turns":3},{"damage":35,"enemies":"theDuelist:KaibaA2","floor":25,"turns":4},{"damage":26,"enemies":"Book of Stabbing","floor":28,"turns":5},{"damage":0,"enemies":"theDuelist:KaibaA2","floor":30,"turns":2},{"damage":6,"enemies":"Snecko","floor":31,"turns":3}],"seed_played":"-4412776753172561898","potions_obtained":[{"floor":5,"key":"Fire Potion"},{"floor":6,"key":"Dexterity Potion"},{"floor":13,"key":"theDuelist:VoidBottle"},{"floor":16,"key":"theDuelist:MillenniumElixir"},{"floor":18,"key":"Fruit Juice"}],"is_trial":false,"path_per_floor":["M","?","M","?","M","E","R","$","T","R","E","?","?","M","R","B",null,"M","?","T","?","M","R","?","E","T","?","E","$","E","M"],"character_chosen":"THE_DUELIST","items_purchased":["TwistedFunnel","Orichalcum"],"campfire_rested":3,"item_purchase_floors":[8,29],"current_hp_per_floor":[55,60,57,49,49,33,55,55,55,55,25,25,16,16,38,13,60,49,26,26,43,42,67,67,32,32,32,6,6,6,0,0],"gold":82,"neow_bonus":"TRANSFORM_CARD","is_daily":false,"chose_seed":false,"campfire_upgraded":0,"win_rate":0.0,"timestamp":1612293483,"path_taken":["M","?","M","?","?","E","R","$","T","R","E","?","?","M","R","BOSS","M","?","?","?","?","R","?","E","T","?","E","$","E","M"],"items_purchased_type":["Relic","Relic"],"build_version":"2020-12-22","purchased_purges":0,"victory":false,"max_hp_per_floor":[70,75,75,75,75,75,75,75,75,75,75,75,75,75,75,75,75,80,85,85,85,85,85,85,85,85,85,85,85,85,85,85],"card_choices":[{"not_picked":["theDuelist:VenomShot","theDuelist:HammerShot","theDuelist:RagingMadPlants","theDuelist:MiracleFertilizer"],"picked":"theDuelist:Predaponics","floor":1},{"not_picked":["theDuelist:EarthquakeGiant","theDuelist:LightningVortex","theDuelist:GreyGreedOni","theDuelist:Terraforming"],"picked":"theDuelist:PreventRat","floor":3},{"not_picked":["theDuelist:BlueBloodedOni+1","theDuelist:GreenGraveOni+1","theDuelist:GreyGreedOni+1","theDuelist:RainbowKuriboh+1"],"picked":"theDuelist:BlueRoseDragon+1","floor":5},{"not_picked":["theDuelist:BotanicalLion+1","theDuelist:PredaplantPterapenthes+1","theDuelist:LonefireBlossom+1","theDuelist:FrozenRose"],"picked":"theDuelist:PredaplantFlytrap+1","floor":6},{"not_picked":["theDuelist:MudGolem+1","theDuelist:RainbowLife","theDuelist:RockSunrise","theDuelist:DummyGolem+1"],"picked":"theDuelist:RainbowKuriboh+1","floor":11},{"not_picked":["theDuelist:BotanicalLion+1","theDuelist:Spore+1","theDuelist:WormApocalypse+1","theDuelist:CheerfulCoffin"],"picked":"theDuelist:PredaplantPterapenthes+1","floor":13},{"not_picked":["theDuelist:GreenGraveOni+1","theDuelist:GreyGreedOni+1","theDuelist:PurplePainOni+1","theDuelist:RedHeadedOni+1"],"picked":"theDuelist:BlackRoseDragon+1","floor":14},{"not_picked":["theDuelist:SeedCannon","theDuelist:PlantFoodChain","theDuelist:HeartUnderdog","theDuelist:BlackRoseMoonlight+1"],"picked":"theDuelist:Gigaplant+1","floor":16},{"not_picked":["theDuelist:RainbowLife","theDuelist:FlameTiger+1","theDuelist:ReinforcementsArmy","theDuelist:UltimateOffering"],"picked":"theDuelist:PowerGiant+1","floor":18},{"not_picked":["theDuelist:Spore+1","theDuelist:BirdRoses+1","theDuelist:CrystalRose+1","theDuelist:PredaplantDrosophyllum+1"],"picked":"theDuelist:TwilightRoseKnight+1","floor":22},{"not_picked":["theDuelist:SilverApples","theDuelist:Firegrass"],"picked":"theDuelist:LonefireBlossom","floor":23},{"not_picked":["theDuelist:WorldTree+1","theDuelist:Cloning","theDuelist:Hinotama+1","theDuelist:MagicalStone+1"],"picked":"theDuelist:RagingMadPlants+1","floor":25},{"not_picked":["theDuelist:BotanicalLion+1","theDuelist:DarkworldThorns+1","theDuelist:JerryBeansMan+1","theDuelist:CheerfulCoffin"],"picked":"theDuelist:PredaplantChlamydosundew+1","floor":28},{"not_picked":["theDuelist:WorldTree+1","theDuelist:BloomingDarkestRose+1","theDuelist:SplendidRose+1","theDuelist:PredaplantSarraceniant+1"],"picked":"theDuelist:VioletCrystal+1","floor":30}],"player_experience":1682061,"relics_obtained":[{"floor":6,"key":"Red Skull"},{"floor":11,"key":"theDuelist:ZoneToken"},{"floor":13,"key":"Odd Mushroom"},{"floor":20,"key":"Dream Catcher"},{"floor":25,"key":"Regal Pillow"},{"floor":26,"key":"Shovel"},{"floor":28,"key":"Happy Flower"},{"floor":30,"key":"Whetstone"}],"event_choices":[{"power_reward":4,"total_magic_score":16,"gold_gain":0,"duelist":true,"damage_taken":0,"relics_obtained":[],"points":13,"war_reward":4,"max_hp_gain":5,"max_hp_loss":0,"spent_points":{"magic":0,"greed":0,"war":4,"power":4,"hunger":4},"event_name":"Nameless Tomb","hunger_reward":4,"floor":2,"gold_loss":0,"cards_obtained":["theDuelist:Nameless:Power:SpiralSpearStrike","theDuelist:Nameless:War:AllyJustice"]},{"damage_healed":0,"gold_gain":0,"player_choice":"Dig - random Duelist relic","duelist":true,"damage_taken":0,"max_hp_gain":0,"max_hp_loss":0,"event_name":"Aknamkanon\u0027s Tomb","floor":4,"gold_loss":0},{"damage_healed":0,"gold_gain":0,"player_choice":"Leave","duelist":true,"damage_taken":0,"max_hp_gain":0,"max_hp_loss":0,"event_name":"Tomb of the Nameless","floor":12,"gold_loss":0},{"damage_healed":0,"gold_gain":0,"player_choice":"Fought Mushrooms","damage_taken":0,"max_hp_gain":0,"max_hp_loss":0,"event_name":"Mushrooms","floor":13,"gold_loss":0},{"damage_healed":0,"gold_gain":0,"player_choice":"Shed Blood","damage_taken":28,"max_hp_gain":5,"max_hp_loss":0,"event_name":"Forgotten Altar","floor":19,"gold_loss":0},{"damage_healed":17,"gold_gain":0,"player_choice":"Heal","damage_taken":0,"max_hp_gain":0,"max_hp_loss":0,"event_name":"The Library","floor":21,"gold_loss":0},{"damage_healed":0,"gold_gain":0,"player_choice":"Obtained Relic","damage_taken":0,"relics_obtained":["Frozen Egg 2"],"max_hp_gain":0,"max_hp_loss":0,"event_name":"Addict","floor":24,"gold_loss":85},{"damage_healed":0,"gold_gain":0,"player_choice":"Leave","duelist":true,"damage_taken":0,"max_hp_gain":0,"max_hp_loss":0,"event_name":"Egyptian Village","floor":27,"gold_loss":0}],"is_beta":false,"boss_relics":[{"not_picked":["theDuelist:GamblerChip","Ectoplasm"],"picked":"Velvet Choker"}],"items_purged_floors":[],"is_endless":false,"potions_floor_spawned":[5,6,13,14,16,18],"killed_by":"Snecko","ascension_level":20}}