{"host":"zjc1tzo4ovig5lll","time":1612282298,"event":{"mods":["AchievementEnabler","Aspiration","BaseMod","Beaked The Cultist","Better Altar","Better Match","Better Note","Better Sensory Stone","Colored Map","Colored Powertips","Conspire","Energized Spire","Friendly Minions","GifTheSpireLib","Halation","Hermit","Hubris","Minty Spire (QoL Compilation)","Rare Cards Sparkle","Replay The Spire","StSLib","The Blue Laboratory","The Bug Knight","The Construct","The Jungle","everything is the same but u backflip on backflip"],"gold_per_floor":[110,110,110,75,90,90,165,190,214,214,228,65,65,65,65,161,161,178,161,31,31,31,31,31,31],"floor_reached":24,"language":"ENG","playtime":709,"items_purged":[],"score":258,"play_id":"30bd9627-7db3-47e2-96a6-a7df7d033b00","local_time":"20210202181138","is_ascension_mode":true,"campfire_choices":[{"data":"Sucker Punch","floor":6,"key":"SMITH"},{"data":"Noxious Fumes","floor":10,"key":"SMITH"},{"data":"Outmaneuver","floor":13,"key":"SMITH"},{"data":"Footwork","floor":15,"key":"SMITH"},{"floor":23,"key":"RECALL"}],"circlet_count":0,"master_deck":["Strike_G","Strike_G","Strike_G","Strike_G","Strike_G","Defend_G","Defend_G","Defend_G","Defend_G","Defend_G","Survivor","Neutralize","Sucker Punch+1","Noxious Fumes+1","Outmaneuver+1","Footwork+1","Backflip","Outmaneuver","A Thousand Cuts","Hidden Blade+1","Infinite Blades","Quick Slash"],"relics":["NeowsBlessing","Sizzling Blood","conspire:Flyswatter","Strawberry","halation:PlatinumPhoenix","FaceOfCleric"],"acts_visited":["Exordium","TheCity"],"potions_floor_usage":[],"damage_taken":[{"damage":0,"enemies":"Cultist","floor":1,"turns":1},{"damage":0,"enemies":"2 Louse","floor":5,"turns":1},{"damage":0,"enemies":"Lagavulin","floor":8,"turns":1},{"damage":1,"enemies":"Small Slimes","floor":11,"turns":4},{"damage":48,"enemies":"Slime Boss","floor":16,"turns":15},{"damage":15,"enemies":"conspire:FuzzyDice","floor":18,"turns":9},{"damage":14,"enemies":"2 Thieves","floor":19,"turns":4},{"damage":0,"enemies":"conspire:HollyBat","floor":24,"turns":2}],"seed_played":"8492297940164325595","potions_obtained":[{"floor":18,"key":"blueLaboratory:BubblePotion"},{"floor":19,"key":"Strength Potion"}],"is_trial":false,"path_per_floor":["M","?","?","$","M","R","?","E","T","R","M","$","R","$","R","B",null,"M","M","$","?","?","R","M"],"character_chosen":"THE_SILENT","items_purchased":["Noxious Fumes","Footwork","Backflip","Outmaneuver","Infinite Blades","Quick Slash"],"campfire_rested":0,"item_purchase_floors":[4,12,12,12,20,20],"current_hp_per_floor":[70,74,74,74,74,74,63,67,74,74,77,77,77,77,77,33,81,70,60,60,60,60,60,60,60],"gold":31,"neow_bonus":"THREE_ENEMY_KILL","is_daily":false,"chose_seed":false,"campfire_upgraded":4,"win_rate":0.0,"timestamp":1612282298,"path_taken":["M","?","?","$","M","R","?","E","T","R","?","$","R","?","R","BOSS","M","M","$","?","?","R","M"],"items_purchased_type":["Card","Card","Card","Card","Card","Card"],"build_version":"2020-12-22","purchased_purges":0,"victory":false,"max_hp_per_floor":[70,74,74,74,74,74,74,74,81,81,81,81,81,81,81,81,81,81,81,81,81,81,81,81,81],"card_choices":[{"not_picked":["Underhanded Strike","Escape Plan"],"picked":"Sucker Punch","floor":1},{"not_picked":["Blade Dance","Poisoned Stab","Cloak And Dagger"],"picked":"SKIP","floor":5},{"not_picked":["Backflip","Backstab"],"picked":"Outmaneuver","floor":8},{"not_picked":["Dodge and Roll","PiercingWail","Replay:Poison Smokescreen"],"picked":"SKIP","floor":11},{"not_picked":["Tools of the Trade","Poison Darts"],"picked":"A Thousand Cuts","floor":16},{"not_picked":["Flying Knee","PiercingWail"],"picked":"Hidden Blade+1","floor":18},{"not_picked":["Quick Slash","Sucker Punch","Deflect"],"picked":"SKIP","floor":19}],"player_experience":669486,"relics_obtained":[{"floor":8,"key":"conspire:Flyswatter"},{"floor":9,"key":"Strawberry"}],"event_choices":[{"damage_healed":0,"gold_gain":0,"player_choice":"Ignored","damage_taken":0,"max_hp_gain":0,"max_hp_loss":0,"event_name":"Shining Light","floor":3,"gold_loss":0},{"damage_healed":0,"gold_gain":75,"player_choice":"Gather Gold","damage_taken":11,"max_hp_gain":0,"max_hp_loss":0,"event_name":"World of Goop","floor":7,"gold_loss":0},{"damage_healed":0,"gold_gain":2,"player_choice":"1","damage_taken":0,"max_hp_gain":0,"max_hp_loss":0,"event_name":"betterStone:BetterStone","floor":21,"gold_loss":0},{"damage_healed":0,"gold_gain":0,"player_choice":"Trade","damage_taken":0,"relics_obtained":["FaceOfCleric"],"max_hp_gain":0,"max_hp_loss":0,"event_name":"FaceTrader","floor":22,"gold_loss":0}],"is_beta":false,"boss_relics":[{"not_picked":["hubris:ScarierMask","energizedSpire:HighHeels"],"picked":"halation:PlatinumPhoenix"}],"items_purged_floors":[],"is_endless":false,"potions_floor_spawned":[11,18,19],"killed_by":"conspire:HollyBat","ascension_level":4}}