{"host":"bgyhjzqafgkxdxsh","time":1612253214,"event":{"mods":["BaseMod","Colored Map","Downfall","Minty Spire (QoL Compilation)","Relic Stats","StSLib","everything is the same but u backflip on backflip"],"gold_per_floor":[99,113,124,141,141,151,199,224,235,35,47,65,82,115,126,126,126,126],"floor_reached":16,"language":"ENG","playtime":1273,"items_purged":[],"score":118,"play_id":"70cf9dce-f68a-4f69-a14c-a11dd60698fc","local_time":"20210202180654","is_ascension_mode":false,"campfire_choices":[{"floor":1,"key":"RECALL"},{"data":"sneckomod:TailWhip","floor":10,"key":"SMITH"}],"circlet_count":0,"master_deck":["sneckomod:Strike+1","sneckomod:Strike","sneckomod:Strike","sneckomod:Defend","sneckomod:Defend","sneckomod:Defend+1","sneckomod:TailWhip+1","sneckomod:SnekBite","sneckomod:Unknown+1","sneckomod:Unknown+1","sneckomod:SoulDraw","sneckomod:Unknown1Cost","sneckomod:WideSting","downfall:Malfunctioning","sneckomod:UnknownCommonSkill","sneckomod:Unknown0Cost","sneckomod:UnknownUncommonPower","sneckomod:UnknownX","sneckomod:DiceBlock","sneckomod:UnknownBlock","sneckomod:UnknownBlock"],"relics":["sneckomod:SneckoSoul","Centennial Puzzle","PreservedInsect","downfall:HeartBlessingRed","downfall:HeartBlessingGreen","Pantograph"],"acts_visited":["Exordium"],"potions_floor_usage":[11,16,16],"damage_taken":[{"damage":6,"enemies":"Cultist","floor":2,"turns":3},{"damage":2,"enemies":"2 Louse","floor":3,"turns":3},{"damage":11,"enemies":"Jaw Worm","floor":4,"turns":3},{"damage":0,"enemies":"Red Slaver","floor":6,"turns":5},{"damage":18,"enemies":"Lagavulin","floor":8,"turns":6},{"damage":2,"enemies":"Blue Slaver","floor":9,"turns":4},{"damage":9,"enemies":"Lots of Slimes","floor":11,"turns":3},{"damage":16,"enemies":"Exordium Thugs","floor":12,"turns":4},{"damage":8,"enemies":"Large Slime","floor":13,"turns":8},{"damage":11,"enemies":"3 Sentries","floor":14,"turns":5},{"damage":0,"enemies":"Lots of Slimes","floor":15,"turns":3},{"damage":67,"enemies":"DF_ARCHETYPE_STREAMLINE","floor":16,"turns":14}],"seed_played":"465607845220896672","potions_obtained":[{"floor":6,"key":"DistilledChaos"},{"floor":8,"key":"Dexterity Potion"},{"floor":9,"key":"Swift Potion"},{"floor":11,"key":"hexamod:SoulburnPotion"},{"floor":14,"key":"DistilledChaos"}],"is_trial":false,"path_per_floor":["R","M","M","M","?","M","T","E","M","R","M","M","M","E","M","B"],"character_chosen":"THE_SNECKO","items_purchased":[],"campfire_rested":0,"item_purchase_floors":[],"current_hp_per_floor":[99,93,91,80,80,80,80,62,60,60,51,35,27,16,16,0,0,0],"gold":126,"neow_bonus":"TEN_PERCENT_HP_BONUS","is_daily":false,"chose_seed":false,"campfire_upgraded":1,"win_rate":0.0,"timestamp":1612253214,"path_taken":["R","M","M","?","?","M","T","E","M","R","M","M","M","E","M","BOSS"],"items_purchased_type":[],"build_version":"2020-12-22","purchased_purges":0,"victory":false,"max_hp_per_floor":[99,99,99,99,99,99,99,99,99,99,99,99,99,99,99,99,99,99],"relic_stats":{"Centennial Puzzle":[21],"counters":[12,61],"Pantograph":25,"PreservedInsect":30,"obtain_stats":[{"Centennial Puzzle":7,"downfall:HeartBlessingRed":10,"Pantograph":14,"downfall:HeartBlessingGreen":10,"PreservedInsect":8,"sneckomod:SneckoSoul":0},{"Centennial Puzzle":4,"downfall:HeartBlessingRed":6,"Pantograph":10,"downfall:HeartBlessingGreen":6,"PreservedInsect":5,"sneckomod:SneckoSoul":0},{"Centennial Puzzle":14,"downfall:HeartBlessingRed":24,"Pantograph":44,"downfall:HeartBlessingGreen":24,"PreservedInsect":20,"sneckomod:SneckoSoul":0}]},"card_choices":[{"not_picked":["sneckomod:QuickMove","sneckomod:DiceCrush"],"picked":"sneckomod:SoulDraw","floor":2},{"not_picked":["sneckomod:CheapStock","sneckomod:WideSting"],"picked":"sneckomod:Unknown1Cost","floor":3},{"not_picked":["sneckomod:QuickMove","sneckomod:IronFang"],"picked":"sneckomod:WideSting","floor":4},{"not_picked":["sneckomod:MasterEye","sneckomod:QuickMove"],"picked":"sneckomod:UnknownCommonSkill","floor":6},{"not_picked":["sneckomod:UnlimitedRolls","sneckomod:DiceCrush"],"picked":"sneckomod:Unknown0Cost","floor":8},{"not_picked":["sneckomod:SerpentIdol","sneckomod:UnknownDraw"],"picked":"sneckomod:UnknownUncommonPower","floor":9},{"not_picked":["sneckomod:SnekBeam","sneckomod:UnknownUncommonPower","sneckomod:UnknownCommonAttack"],"picked":"SKIP","floor":11},{"not_picked":["sneckomod:TrashToTreasure","sneckomod:DiceCrush"],"picked":"sneckomod:UnknownX","floor":12},{"not_picked":["sneckomod:SoulDraw","sneckomod:UnknownVulnerable"],"picked":"sneckomod:DiceBlock","floor":13},{"not_picked":["sneckomod:UnendingSupply","sneckomod:UnknownBoss"],"picked":"sneckomod:UnknownBlock","floor":14},{"not_picked":["sneckomod:UnknownUncommonPower","sneckomod:QuickBite"],"picked":"sneckomod:UnknownBlock","floor":15}],"player_experience":505463,"relics_obtained":[{"floor":7,"key":"Centennial Puzzle"},{"floor":8,"key":"PreservedInsect"},{"floor":14,"key":"Pantograph"}],"event_choices":[],"is_beta":false,"boss_relics":[],"items_purged_floors":[],"is_endless":false,"potions_floor_spawned":[6,8,9,11,12,14,15],"killed_by":"DF_ARCHETYPE_STREAMLINE","ascension_level":0}}