{"host":"epo9t9qajflxsfbx","time":1612252152,"event":{"mods":["Act Like it!","BaseMod","Better Altar","Better Match","Better Note","Better Sensory Stone","Better Skull","Better Third Choice","Better Vampires","BetterRewards","Clockwork Mod","Defuse TimeMaze Blight","Displayed Cursed Tome","Elementarium","Hermit","Highlight Path","Hubris","Infinite Spire","Minty Spire (QoL Compilation)","Quick Restart","Relic Stats","Reliquary","Replay The Spire","Shade Mod","Shop Mod","Somnambulant","StSLib","The Bladedancer","The Cursed","The Hierophant","The Jungle","The Servant 0.9.4","everything is the same but u backflip on backflip"],"gold_per_floor":[113,175,175,185,35,62,78,105,105,105,136,148,163,3,3,98,98,109,109,328,363,285,285,319,319,319,393,393,422,422,8,8,107,107,25,25,95,95,114,43,73,97,97,97,128,155,88,25,25,25],"floor_reached":49,"language":"ENG","playtime":3020,"items_purged":["Hallucinations","infinitespire:Pacifist","hermit:BodyArmor+1"],"score":875,"play_id":"c7867857-3180-423d-b1dd-62ae5014bfed","local_time":"20210201234912","daily_mods":["Heirloom","Flight","DeadlyEvents"],"is_ascension_mode":false,"campfire_choices":[{"floor":10,"key":"REST"},{"floor":23,"key":"REST"},{"floor":28,"key":"DIG"},{"data":"hermit:HeroicBravado","floor":30,"key":"SMITH"},{"floor":32,"key":"DIG"}],"circlet_count":0,"master_deck":["hermit:Strike_Hermit","hermit:Strike_Hermit","hermit:Defend_Hermit","hermit:Defend_Hermit","hermit:Defend_Hermit","hermit:Defend_Hermit","hermit:Snapshot","hermit:Covet","hermit:Snipe","hermit:Enervate","hermit:FlashPowder","hermit:WideOpen","hermit:Feint","hermit:RoundhouseKick+1","hermit:Combo","hermit:Desperado","hermit:Quickdraw","hermit:Grudge","hermit:FatalDesire+1","Pain","Decay","hermit:FlashPowder+1","hermit:HeroicBravado+1","hermit:Determination","hermit:Vantage","hermit:EyeOfTheStorm+1","hermit:PistolWhip","hermit:PistolWhip","Mayhem","hermit:Determination","hermit:Vantage+1","hermit:FinalCanter","hermit:SprayPray+1","Apotheosis+1","hermit:Virtue+1","hermit:Quickdraw","hermit:HeroicBravado+1","hermit:Determination+1","ReplayTheSpireMod:Faulty Equipment","hermit:BodyArmor+1","hermit:Glare+1"],"relics":["hermit:Momento","Ring of Chaos","hermit:CharredGlove","Lantern","hubris:CuriousFeather","hubris:BundleOfHerbs","TungstenRod","Membership Card","Happy Flower","hubris:MysteriousPyramids","Lizard Tail","Nloth\u0027s Gift","Replay:Wax Seal","reliquary:ExpiredCoupon","Blood Vial","hubris:TenFootPole","MerchantsRug","reliquary:WeakTea","reliquary:RedCape","Pen Nib","Replay:Multitool","Toxic Egg 2","Art of War","Gremlin Food","Guide Book","Counterbalance","Snack Pack","Toy Ornithopter","Cursed Key","hubris:Towel","ReplayTheSpireMod:CursedCoin","Replay:Bottled Flurry","hubris:Reverence","hubris:GlazedTorus","infinitespire:EvilPickle","Replay:Ringing Soul","Boot","reliquary:IridiumChain","hubris:SlimyHat"],"acts_visited":["Exordium","TheCity","TheBeyond"],"potions_floor_usage":[16,16,21,24,24,24,33,49,49],"damage_taken":[{"damage":0,"enemies":"2 Louse","floor":1,"turns":3},{"damage":1,"enemies":"Cultist","floor":4,"turns":3},{"damage":19,"enemies":"3 Sentries","floor":6,"turns":9},{"damage":0,"enemies":"Jaw Worm","floor":7,"turns":2},{"damage":40,"enemies":"Gremlin Nob","floor":8,"turns":5},{"damage":15,"enemies":"3 Sentries","floor":11,"turns":11},{"damage":0,"enemies":"Looter","floor":12,"turns":3},{"damage":2,"enemies":"2 Fungi Beasts","floor":13,"turns":3},{"damage":27,"enemies":"The Guardian","floor":16,"turns":7},{"damage":0,"enemies":"Spheric Guardian","floor":18,"turns":3},{"damage":9,"enemies":"Book of Stabbing","floor":21,"turns":5},{"damage":11,"enemies":"Gremlin Leader","floor":24,"turns":5},{"damage":28,"enemies":"Slavers","floor":29,"turns":5},{"damage":2,"enemies":"Pondfish","floor":33,"turns":8},{"damage":15,"enemies":"3 Darklings","floor":35,"turns":5},{"damage":6,"enemies":"Orb Walker","floor":39,"turns":2},{"damage":0,"enemies":"R_Hoarder","floor":40,"turns":5},{"damage":19,"enemies":"Nemesis","floor":41,"turns":5},{"damage":0,"enemies":"Maw","floor":42,"turns":6},{"damage":0,"enemies":"R_Hoarder","floor":45,"turns":5},{"damage":27,"enemies":"Jaw Worm Horde","floor":46,"turns":3},{"damage":0,"enemies":"Giant Head","floor":47,"turns":4},{"damage":36,"enemies":"infinitespire:Three Voidlings","floor":49,"turns":4},{"damage":72,"enemies":"Nightmare_Alpha","floor":49,"turns":6}],"seed_played":"-6230551928600253179","potions_obtained":[{"floor":7,"key":"GamblersBrew"},{"floor":8,"key":"AttackPotion"},{"floor":11,"key":"Fire Potion"},{"floor":21,"key":"Doom Potion"},{"floor":29,"key":"Swift Potion"},{"floor":35,"key":"FearPotion"},{"floor":41,"key":"Reflective Coating"},{"floor":45,"key":"Elixir"}],"is_trial":true,"path_per_floor":["M","?","?","M","$","E","M","E","T","R","E","M","M","$","R","B",null,"M","?","?","E","$","R","E","AVR","T","T","R","E","R","$","R","B",null,"M","?","$","?","M","E","E","M","T","?","E","M","E","$","R"],"character_chosen":"HERMIT","items_purchased":["Lantern","Membership Card","hermit:Quickdraw","BargainBundle","hubris:TenFootPole","reliquary:RosewoodLute","MerchantsRug","hermit:Determination","hermit:Vantage","Adrenaline Potion","SkillPotion","Guide Book","Counterbalance","hermit:PistolWhip","Mayhem","Snack Pack","hermit:Determination","hermit:Vantage+1","ReplayTheSpireMod:CursedCoin","Replay:Bottled Flurry","hubris:Reverence","Apotheosis+1"],"campfire_rested":2,"item_purchase_floors":[5,14,14,22,22,22,22,22,22,22,22,31,31,31,31,31,31,31,37,37,37,37],"current_hp_per_floor":[75,75,75,74,74,55,55,15,15,37,67,67,65,65,65,38,75,75,75,18,9,9,33,24,24,24,24,24,61,61,61,61,72,82,73,73,73,73,73,75,76,85,88,88,94,70,81,81,0,0],"gold":25,"neow_bonus":"","is_daily":false,"chose_seed":false,"campfire_upgraded":1,"win_rate":0.0,"timestamp":1612252152,"path_taken":["M","?","?","M","$","E","M","?","T","R","?","M","?","?","R","BOSS","M","?","?","?","$","R","E","AVR","T","?","R","?","R","?","R","BOSS","M","?","?","?","M","E","?","?","T","?","E","?","?","$","R"],"items_purchased_type":["Relic","Relic","Card","Relic","Relic","Relic","Relic","Card","Card","Potion","Potion","Relic","Relic","Card","Card","Relic","Card","Card","Relic","Relic","Relic","Card"],"build_version":"2020-12-22","purchased_purges":3,"victory":false,"max_hp_per_floor":[75,75,75,75,75,75,75,75,75,75,75,75,75,75,75,75,75,75,75,82,82,82,82,82,82,82,82,82,82,82,82,82,82,82,82,82,82,82,82,82,85,88,91,91,94,97,100,100,100,100],"relic_stats":{"Blood Vial":22,"Lizard Tail":41,"Happy Flower":[23],"counters":[24,117],"Pen Nib":[13],"Nloth\u0027s Gift":12,"Art of War":[2],"Cursed Key":1,"Boot":[12],"obtain_stats":[{"Lantern":5,"Replay:Multitool":26,"hubris:SlimyHat":47,"hubris:MysteriousPyramids":17,"reliquary:RedCape":25,"Cursed Key":34,"Boot":43,"Blood Vial":21,"Replay:Ringing Soul":41,"Lizard Tail":17,"Strawberry":20,"hubris:CuriousFeather":6,"Replay:Bottled Flurry":37,"Replay:Wax Seal":20,"Toxic Egg 2":27,"hubris:GlazedTorus":40,"Gremlin Food":29,"MerchantsRug":22,"BargainBundle":22,"Happy Flower":17,"ReplayTheSpireMod:CursedCoin":37,"Guide Book":31,"Counterbalance":31,"Ring of Chaos":0,"Pen Nib":25,"Replay:Ancient Bell":17,"infinitespire:CheckeredPen":11,"reliquary:WeakTea":24,"reliquary:RosewoodLute":22,"hubris:Towel":36,"reliquary:IridiumChain":45,"infinitespire:EvilPickle":40,"reliquary:ExpiredCoupon":20,"hermit:CharredGlove":0,"hubris:BundleOfHerbs":8,"Nloth\u0027s Gift":19,"hubris:TenFootPole":22,"Art of War":28,"Snack Pack":31,"Membership Card":14,"hermit:Momento":0,"TungstenRod":9,"Toy Ornithopter":32,"hubris:Reverence":37},{"Lantern":2,"Replay:Multitool":12,"hubris:SlimyHat":22,"hubris:MysteriousPyramids":9,"reliquary:RedCape":12,"Cursed Key":14,"Boot":19,"Blood Vial":11,"Replay:Ringing Soul":18,"Lizard Tail":9,"Strawberry":10,"hubris:CuriousFeather":3,"Replay:Bottled Flurry":15,"Replay:Wax Seal":10,"Toxic Egg 2":12,"hubris:GlazedTorus":17,"Gremlin Food":13,"MerchantsRug":11,"BargainBundle":11,"Happy Flower":9,"ReplayTheSpireMod:CursedCoin":15,"Guide Book":13,"Counterbalance":13,"Ring of Chaos":0,"Pen Nib":12,"Replay:Ancient Bell":9,"infinitespire:CheckeredPen":6,"reliquary:WeakTea":12,"reliquary:RosewoodLute":11,"hubris:Towel":15,"reliquary:IridiumChain":20,"infinitespire:EvilPickle":17,"reliquary:ExpiredCoupon":10,"hermit:CharredGlove":0,"hubris:BundleOfHerbs":5,"Nloth\u0027s Gift":10,"hubris:TenFootPole":11,"Art of War":12,"Snack Pack":13,"Membership Card":8,"hermit:Momento":0,"TungstenRod":5,"Toy Ornithopter":13,"hubris:Reverence":15},{"Lantern":6,"Replay:Multitool":59,"hubris:SlimyHat":107,"hubris:MysteriousPyramids":46,"reliquary:RedCape":59,"Cursed Key":72,"Boot":95,"Blood Vial":54,"Replay:Ringing Soul":89,"Lizard Tail":46,"Strawberry":49,"hubris:CuriousFeather":15,"Replay:Bottled Flurry":77,"Replay:Wax Seal":49,"Toxic Egg 2":59,"hubris:GlazedTorus":84,"Gremlin Food":64,"MerchantsRug":54,"BargainBundle":54,"Happy Flower":46,"ReplayTheSpireMod:CursedCoin":77,"Guide Book":64,"Counterbalance":64,"Ring of Chaos":0,"Pen Nib":59,"Replay:Ancient Bell":46,"infinitespire:CheckeredPen":33,"reliquary:WeakTea":59,"reliquary:RosewoodLute":54,"hubris:Towel":77,"reliquary:IridiumChain":100,"infinitespire:EvilPickle":84,"reliquary:ExpiredCoupon":49,"hermit:CharredGlove":0,"hubris:BundleOfHerbs":22,"Nloth\u0027s Gift":49,"hubris:TenFootPole":54,"Art of War":59,"Snack Pack":64,"Membership Card":39,"hermit:Momento":0,"TungstenRod":22,"Toy Ornithopter":64,"hubris:Reverence":77}],"TungstenRod":83,"Toy Ornithopter":15},"card_choices":[{"not_picked":["hermit:HoleUp","hermit:CalledShot"],"picked":"hermit:Snipe","floor":1},{"not_picked":["hermit:Snipe","hermit:ItchyTrigger"],"picked":"hermit:FlashPowder","floor":4},{"not_picked":["hermit:Headshot","hermit:Quickdraw"],"picked":"hermit:WideOpen","floor":6},{"not_picked":["hermit:Roulette","hermit:Horror"],"picked":"hermit:Feint","floor":7},{"not_picked":["hermit:WideOpen","hermit:ItchyTrigger"],"picked":"hermit:RoundhouseKick","floor":8},{"not_picked":["hermit:Manifest","hermit:Ricochet"],"picked":"hermit:SprayPray","floor":11},{"not_picked":["hermit:Glare","hermit:SprayPray"],"picked":"hermit:Combo","floor":12},{"not_picked":["hermit:Headshot","hermit:Adapt"],"picked":"hermit:Desperado","floor":13},{"not_picked":["hermit:BlackWind","hermit:DeadOrAlive"],"picked":"hermit:FatalDesire","floor":16},{"not_picked":["hubris:Disease","CommonCold"],"picked":"Pain","floor":17},{"not_picked":["CurseOfTheBell","hubris:Gluttony"],"picked":"Decay","floor":17},{"not_picked":["CommonCold","ReplayTheSpireMod:Faulty Equipment"],"picked":"Hallucinations","floor":17},{"not_picked":["hermit:Headshot","hermit:Roulette"],"picked":"hermit:FlashPowder+1","floor":18},{"not_picked":["hermit:Virtue","hermit:Showdown"],"picked":"hermit:HeroicBravado","floor":21},{"not_picked":["hermit:Feint","hermit:Desperado","hermit:Horror"],"picked":"SKIP","floor":24},{"not_picked":["hermit:FinalCanter","hermit:DeadOrAlive"],"picked":"hermit:EyeOfTheStorm+1","floor":29},{"not_picked":["hermit:OverwhelmingPower","hermit:Dissolve+1"],"picked":"hermit:FinalCanter","floor":33},{"not_picked":["hermit:LowProfile+1","hermit:Misfire"],"picked":"hermit:SprayPray+1","floor":35},{"not_picked":["hermit:Showdown+1","hermit:CalledShot+1"],"picked":"hermit:Virtue+1","floor":39},{"not_picked":["hermit:HighNoon","hermit:LowProfile+1"],"picked":"hermit:Quickdraw","floor":40},{"not_picked":["hermit:HighNoon","hermit:Gambit+1"],"picked":"hermit:HeroicBravado+1","floor":41},{"not_picked":["hermit:NoHoldsBarred+1","hermit:TrackingShot"],"picked":"hermit:Determination+1","floor":42},{"not_picked":["hermit:Shortfuse+1","hermit:Misfire+1"],"picked":"hermit:BodyArmor+1","floor":45},{"not_picked":["hermit:Feint+1","hermit:BlackWind"],"picked":"hermit:BodyArmor+1","floor":46},{"not_picked":["hermit:FullyLoaded+1","hermit:Midnight+1"],"picked":"hermit:Glare+1","floor":47}],"player_experience":290357,"relics_obtained":[{"floor":6,"key":"hubris:CuriousFeather"},{"floor":8,"key":"hubris:BundleOfHerbs"},{"floor":9,"key":"TungstenRod"},{"floor":11,"key":"infinitespire:CheckeredPen"},{"floor":21,"key":"Blood Vial"},{"floor":24,"key":"reliquary:WeakTea"},{"floor":26,"key":"Replay:Multitool"},{"floor":27,"key":"Toxic Egg 2"},{"floor":28,"key":"Art of War"},{"floor":29,"key":"Gremlin Food"},{"floor":32,"key":"Toy Ornithopter"},{"floor":40,"key":"hubris:GlazedTorus"},{"floor":41,"key":"Replay:Ringing Soul"},{"floor":43,"key":"Boot"},{"floor":45,"key":"reliquary:IridiumChain"},{"floor":47,"key":"hubris:SlimyHat"}],"event_choices":[{"damage_healed":0,"gold_gain":62,"player_choice":"Gained Gold","damage_taken":0,"max_hp_gain":0,"max_hp_loss":0,"event_name":"Golden Wing","floor":2,"gold_loss":0},{"damage_healed":0,"gold_gain":0,"cards_transformed":["hermit:Strike_Hermit"],"player_choice":"Transformed","damage_taken":0,"max_hp_gain":0,"max_hp_loss":0,"event_name":"Transmorgrifier","floor":3,"gold_loss":0,"cards_obtained":["hermit:Enervate"]},{"damage_healed":0,"gold_gain":0,"player_choice":"Traded Relic","damage_taken":0,"relics_obtained":["Nloth\u0027s Gift"],"max_hp_gain":0,"max_hp_loss":0,"event_name":"N\u0027loth","floor":19,"relics_lost":["infinitespire:CheckeredPen"],"gold_loss":0},{"damage_healed":0,"gold_gain":219,"player_choice":"RE GO GO RE RE ","damage_taken":78,"relics_obtained":["Replay:Wax Seal","reliquary:ExpiredCoupon","Strawberry"],"max_hp_gain":0,"max_hp_loss":0,"event_name":"betterSkull:BetterSkull","floor":20,"gold_loss":0,"cards_upgraded":[]},{"cards_removed":["hermit:Strike_Hermit"],"damage_healed":0,"gold_gain":0,"player_choice":"Removed Attack","damage_taken":0,"max_hp_gain":0,"max_hp_loss":0,"event_name":"Falling","floor":38,"gold_loss":0}],"is_beta":false,"boss_relics":[{"not_picked":["hermit:DentedPlate","SlaversCollar"],"picked":"Replay:Ancient Bell"},{"not_picked":["infinitespire:Satchel","Nunchaku"],"picked":"Happy Flower"},{"not_picked":["Singing Bowl","reliquary:HotPoker"],"picked":"hubris:MysteriousPyramids"},{"not_picked":["infinitespire:Joker Card","CaptainsWheel"],"picked":"Lizard Tail"},{"not_picked":["reliquary:WritOfMandamus","Black Star"],"picked":"Cursed Key"}],"items_purged_floors":[22,37,48],"is_endless":false,"potions_floor_spawned":[7,8,11,21,29,35,41,45,49],"killed_by":"Nightmare_Alpha","ascension_level":0}}