{"host":"d6gsnuetzz7j8con","time":1612237650,"event":{"mods":["AchievementEnabler","BaseMod","Better Altar","Better Match","Better Note","Better Sensory Stone","Better Skull","Better Third Choice","BetterRewards","Evolution","Minty Spire (QoL Compilation)","Permanent Neow","Remove Card Discount Mod","StSLib"],"gold_per_floor":[114,114,129,304,14,45,45,58,58,58,102,76,100,113,113,234,234,259,259,259,284,307,347,347,388,388,426,446,446,446,466,466,597,597,622,622,646,2,20,59,59,78,105,125,161,161,161],"floor_reached":46,"language":"ENG","playtime":6118,"items_purged":["Doubt","Injury","Regret","Defend_B","Dualcast","Defend_B","Rebound"],"score":650,"play_id":"0683fab0-e228-4003-aaa7-800739b6b0da","local_time":"20210201224730","is_ascension_mode":false,"campfire_choices":[{"data":"Tempest","floor":7.0,"key":"SMITH"},{"floor":15.0,"key":"REST"},{"floor":30.0,"key":"REST"},{"floor":32.0,"key":"REST"},{"floor":41.0,"key":"RECALL"}],"circlet_count":0,"master_deck":["Compile Driver","Compile Driver","Compile Driver","Zap","Panacea+1","Redo","Redo+1","Electrodynamics","Thunder Strike","Tempest+1","Leap","Stack","Reinforced Body","Echo Form+1","Echo Form+1","Storm+1","Leap","Ball Lightning","BootSequence","Defragment+1","Heatsinks+1","Turbo","Creative AI+1","Leap+1","Fission+1","Tempest+1","Turbo+1","Apotheosis+1","Conserve Battery+1","Reinforced Body+1","Reinforced Body+1","Tempest+1","Steam Power+1","Auto Shields+1"],"relics":["Cracked Core","EVO:Axolotl","Matryoshka","PreservedInsect","Lee\u0027s Waffle","Gambling Chip","White Beast Statue","Empty Cage","Golden Idol","Regal Pillow","Bag of Marbles","Frozen Egg 2","Letter Opener","Sozu","Nloth\u0027s Gift","Boot","WarpedTongs","Gremlin Horn","Happy Flower","Kunai","Bottled Lightning","Toxic Egg 2","SlaversCollar","Pantograph","ClockworkSouvenir","InkBottle","Dream Catcher"],"acts_visited":["Exordium","TheCity","TheBeyond"],"potions_floor_usage":[],"damage_taken":[{"damage":1.0,"enemies":"Jaw Worm","floor":1.0,"turns":3.0},{"damage":0.0,"enemies":"2 Louse","floor":3.0,"turns":1.0},{"damage":26.0,"enemies":"Lagavulin","floor":6.0,"turns":5.0},{"damage":0.0,"enemies":"Small Slimes","floor":8.0,"turns":2.0},{"damage":22.0,"enemies":"Gremlin Nob","floor":11.0,"turns":3.0},{"damage":0.0,"enemies":"Blue Slaver","floor":13.0,"turns":2.0},{"damage":6.0,"enemies":"Red Slaver","floor":14.0,"turns":2.0},{"damage":18.0,"enemies":"Hexaghost","floor":16.0,"turns":6.0},{"damage":3.0,"enemies":"Chosen","floor":18.0,"turns":3.0},{"damage":15.0,"enemies":"Shell Parasite","floor":21.0,"turns":5.0},{"damage":16.0,"enemies":"Chosen and Byrds","floor":22.0,"turns":5.0},{"damage":13.0,"enemies":"Gremlin Leader","floor":23.0,"turns":5.0},{"damage":4.0,"enemies":"Book of Stabbing","floor":25.0,"turns":3.0},{"damage":21.0,"enemies":"Slavers","floor":27.0,"turns":3.0},{"damage":0.0,"enemies":"Sentry and Sphere","floor":28.0,"turns":2.0},{"damage":13.0,"enemies":"Centurion and Healer","floor":31.0,"turns":6.0},{"damage":9.0,"enemies":"Collector","floor":33.0,"turns":6.0},{"damage":6.0,"enemies":"Orb Walker","floor":35.0,"turns":3.0},{"damage":0.0,"enemies":"3 Shapes","floor":37.0,"turns":3.0},{"damage":0.0,"enemies":"3 Darklings","floor":39.0,"turns":1.0},{"damage":5.0,"enemies":"Nemesis","floor":40.0,"turns":3.0},{"damage":21.0,"enemies":"Sphere and 2 Shapes","floor":42.0,"turns":3.0},{"damage":13,"enemies":"Maw","floor":44,"turns":5},{"damage":5,"enemies":"Reptomancer","floor":45,"turns":3},{"damage":55,"enemies":"Writhing Mass","floor":46,"turns":3}],"seed_played":"-8379635833918769680","potions_obtained":[{"floor":1.0,"key":"Dexterity Potion"},{"floor":3.0,"key":"Swift Potion"},{"floor":6.0,"key":"Dexterity Potion"},{"floor":8.0,"key":"DistilledChaos"},{"floor":11.0,"key":"SkillPotion"},{"floor":13.0,"key":"DuplicationPotion"}],"is_trial":false,"path_per_floor":["M","?","M","?","$","E","R","M","T","?","E","$","M","M","R","B",null,"M","?","?","M","M","E","?","E","T","E","M","?","R","M","R","B",null,"M","?","M","$","M","E","R","M","T","M","E","M"],"character_chosen":"DEFECT","items_purchased":["Matryoshka","PreservedInsect","Lee\u0027s Waffle","Electrodynamics","Thunder Strike","Stack","Apotheosis+1","Pantograph","ClockworkSouvenir","Conserve Battery+1"],"campfire_rested":3,"item_purchase_floors":[0,0,0,5,5,12,38,38,38,38],"current_hp_per_floor":[81,81,81,81,81,55,55,55,55,55,33,33,33,27,66,48,82,79,79,79,64,48,35,35,31,31,10,10,10,49,36,75,66,82,76,76,76,76,76,71,71,50,50,37,32,0,0],"gold":161,"neow_bonus":"","is_daily":false,"chose_seed":false,"campfire_upgraded":1,"win_rate":0.0,"timestamp":1612237650,"path_taken":["M","?","M","?","$","E","R","M","T","?","E","?","?","M","R","BOSS","M","?","?","?","M","E","?","E","T","E","?","?","R","M","R","BOSS","M","?","M","$","M","E","R","?","T","M","E","M"],"items_purchased_type":["Relic","Relic","Relic","Card","Card","Card","Card","Relic","Relic","Card"],"build_version":"2020-12-22","purchased_purges":7,"victory":false,"max_hp_per_floor":[82,82,82,82,82,82,82,82,82,82,82,82,82,82,82,82,82,82,82,82,82,82,82,82,82,82,82,82,82,82,82,82,82,82,82,82,82,82,82,82,82,82,82,82,82,82,82],"card_choices":[{"not_picked":["Darkness","Cold Snap"],"picked":"Redo","floor":1.0},{"not_picked":["Melter","Storm"],"picked":"Redo","floor":3.0},{"not_picked":["Coolheaded","Barrage"],"picked":"Tempest","floor":6.0},{"not_picked":["Steam","Beam Cell"],"picked":"Leap","floor":8.0},{"not_picked":["Sweeping Beam","Reprogram"],"picked":"Rebound","floor":11.0},{"not_picked":["Cold Snap","Force Field"],"picked":"Reinforced Body","floor":13.0},{"not_picked":["Conserve Battery","Cold Snap"],"picked":"Echo Form+1","floor":14.0},{"not_picked":["Electrodynamics+1","All For One"],"picked":"Echo Form+1","floor":16.0},{"not_picked":["Auto Shields","Darkness"],"picked":"Storm+1","floor":18.0},{"not_picked":["Barrage+1","Thunder Strike"],"picked":"Ball Lightning","floor":21.0},{"not_picked":["Beam Cell","Streamline+1"],"picked":"BootSequence","floor":22.0},{"not_picked":["Chaos","Storm+1"],"picked":"Defragment+1","floor":23.0},{"not_picked":["All For One","Reinforced Body"],"picked":"Heatsinks+1","floor":25.0},{"not_picked":["Ball Lightning","Echo Form+1"],"picked":"Turbo","floor":27.0},{"not_picked":["Stack","Go for the Eyes"],"picked":"Creative AI+1","floor":28.0},{"not_picked":["Ball Lightning","Chill+1"],"picked":"Leap+1","floor":31.0},{"not_picked":["Multi-Cast+1","All For One"],"picked":"Fission+1","floor":33.0},{"not_picked":["Streamline","Rebound+1"],"picked":"Tempest+1","floor":35.0},{"not_picked":["Tempest+1","Streamline+1"],"picked":"Turbo+1","floor":37.0},{"not_picked":["Coolheaded+1","Cold Snap"],"picked":"Reinforced Body+1","floor":39.0},{"not_picked":["Steam+1","Hologram+1"],"picked":"Reinforced Body+1","floor":40.0},{"not_picked":["Steam+1","Cold Snap+1"],"picked":"Tempest+1","floor":42.0},{"not_picked":["Hologram+1","Sweeping Beam+1"],"picked":"Steam Power+1","floor":44},{"not_picked":["Genetic Algorithm+1","Rebound"],"picked":"Auto Shields+1","floor":45}],"player_experience":76511,"relics_obtained":[{"floor":6.0,"key":"War Paint"},{"floor":9.0,"key":"Regal Pillow"},{"floor":9.0,"key":"Bag of Marbles"},{"floor":11.0,"key":"Letter Opener"},{"floor":23.0,"key":"Boot"},{"floor":25.0,"key":"Gremlin Horn"},{"floor":26.0,"key":"Happy Flower"},{"floor":26.0,"key":"Kunai"},{"floor":27.0,"key":"Bottled Lightning"},{"floor":40.0,"key":"InkBottle"},{"floor":45,"key":"Dream Catcher"}],"event_choices":[{"damage_healed":0.0,"max_hp_gain":0.0,"max_hp_loss":0.0,"gold_gain":0.0,"event_name":"Golden Idol","player_choice":"Take Wound","floor":2.0,"gold_loss":0.0,"damage_taken":0.0,"relics_obtained":["Golden Idol"],"cards_obtained":["Injury"]},{"damage_healed":0.0,"max_hp_gain":0.0,"max_hp_loss":0.0,"gold_gain":175.0,"event_name":"betterThird:BetterSerpent","player_choice":"AGREE","floor":4.0,"gold_loss":0.0,"damage_taken":129.0},{"damage_healed":0.0,"max_hp_gain":0.0,"max_hp_loss":0.0,"gold_gain":0.0,"event_name":"Big Fish","player_choice":"Box","floor":10.0,"gold_loss":0.0,"damage_taken":0.0,"relics_obtained":["Frozen Egg 2"],"cards_obtained":["Regret"]},{"damage_healed":0.0,"max_hp_gain":0.0,"max_hp_loss":0.0,"gold_gain":0.0,"cards_transformed":["Compile Driver"],"event_name":"Transmorgrifier","player_choice":"Transformed","floor":19.0,"gold_loss":0.0,"damage_taken":0.0,"cards_obtained":["Leap"]},{"damage_healed":0.0,"max_hp_gain":0.0,"max_hp_loss":0.0,"gold_gain":0.0,"event_name":"N\u0027loth","player_choice":"Traded Relic","floor":20.0,"relics_lost":["War Paint"],"gold_loss":0.0,"damage_taken":0.0,"relics_obtained":["Nloth\u0027s Gift"]},{"damage_healed":0.0,"max_hp_gain":0.0,"max_hp_loss":0.0,"gold_gain":0.0,"event_name":"Accursed Blacksmith","player_choice":"Rummage","floor":24.0,"gold_loss":0.0,"damage_taken":0.0,"relics_obtained":["WarpedTongs"],"cards_obtained":["Pain"]},{"damage_healed":0.0,"max_hp_gain":0.0,"max_hp_loss":0.0,"gold_gain":0.0,"event_name":"The Mausoleum","player_choice":"Opened","floor":29.0,"gold_loss":0.0,"damage_taken":0.0,"relics_obtained":["Toxic Egg 2"]},{"cards_removed":["Pain"],"damage_healed":0.0,"max_hp_gain":0.0,"max_hp_loss":0.0,"gold_gain":0.0,"event_name":"Fountain of Cleansing","player_choice":"Removed Curses","floor":36.0,"gold_loss":0.0,"damage_taken":0.0}],"is_beta":false,"boss_relics":[{"not_picked":["Coffee Dripper","Ectoplasm"],"picked":"Sozu"},{"not_picked":["Busted Crown","Inserter"],"picked":"SlaversCollar"}],"items_purged_floors":[5,5,12,12,38,38,38],"is_endless":false,"potions_floor_spawned":[1,3,6,8,11,13,14,16,18,21,22,23,25,27,28,31,33,35,37,39,40,42,44,45],"killed_by":"Writhing Mass","ascension_level":0}}