{"host":"we8ay8el3o9pwc2d","time":1612237857,"event":{"mods":["Act Like it!","Aspiration","BaseMod","BetterRewards","Colored Map","Conspire","Elementarium","GungeonMod","Minty Spire (QoL Compilation)","Robot Space Explorer","StSLib","The Jungle","The Marked","Waifu the Spire"],"gold_per_floor":[116,126,136,136,151,151,181,181,181,197,216,216,235,246,246,347,347,358,375,285,303,317,317,317,330,330,330,348,359,378,388,388,388],"floor_reached":32,"language":"ENG","playtime":2475,"items_purged":[],"score":254,"play_id":"b1ae1c6b-78a6-40e9-9493-a21bb7287b14","local_time":"20210201205057","is_ascension_mode":false,"campfire_choices":[{"floor":6,"key":"REST"},{"floor":8,"key":"RECALL"},{"data":"RobotSpaceExplorer:Multitool","floor":15,"key":"SMITH"},{"floor":23,"key":"REST"},{"data":"RobotSpaceExplorer:PlasmaMissile","floor":27,"key":"SMITH"}],"circlet_count":0,"master_deck":["RobotSpaceExplorer:Strike","RobotSpaceExplorer:Strike","RobotSpaceExplorer:Strike","RobotSpaceExplorer:Defend","RobotSpaceExplorer:Defend","RobotSpaceExplorer:Defend","RobotSpaceExplorer:Scan","RobotSpaceExplorer:MiniLasers","RobotSpaceExplorer:BigMissile","RobotSpaceExplorer:PowerGlove","RobotSpaceExplorer:StarLightning","RobotSpaceExplorer:ShockKick","RobotSpaceExplorer:PlasmaMissile+1","RobotSpaceExplorer:Fix","RobotSpaceExplorer:DualCore+1","RobotSpaceExplorer:TrailblazerForm","RobotSpaceExplorer:SurgingShield","RobotSpaceExplorer:Multitool+1","RobotSpaceExplorer:Ammunition+1","RobotSpaceExplorer:LaserBurst","RobotSpaceExplorer:DoubleFind+1","RobotSpaceExplorer:ImprovisedAttack+1","RobotSpaceExplorer:Pulsar","RobotSpaceExplorer:IronShell"],"relics":["RobotSpaceExplorer:RoboCore","Ice Cream","Bronze Scales","aspiration:HatOfInfinitePower","DemoMod:RingOfEthereal","DemoMod:Orange","Meat on the Bone","RobotSpaceExplorer:Reprocessor"],"acts_visited":["Exordium","TheCity","DemoMod:Maze"],"potions_floor_usage":[16,16,18,21,22,22,30],"damage_taken":[{"damage":0,"enemies":"Cultist","floor":1,"turns":3},{"damage":0,"enemies":"Small Slimes","floor":2,"turns":3},{"damage":0,"enemies":"conspire:RoseBush","floor":3,"turns":2},{"damage":9,"enemies":"Large Slime","floor":5,"turns":4},{"damage":35,"enemies":"3 Sentries","floor":7,"turns":9},{"damage":7,"enemies":"Blue Slaver","floor":10,"turns":3},{"damage":7,"enemies":"conspire:2 RoseBushes","floor":11,"turns":5},{"damage":3,"enemies":"Looter","floor":13,"turns":3},{"damage":0,"enemies":"Large Slime","floor":14,"turns":5},{"damage":6,"enemies":"Slime Boss","floor":16,"turns":8},{"damage":5,"enemies":"3 Byrds","floor":18,"turns":2},{"damage":13,"enemies":"Shell Parasite","floor":19,"turns":4},{"damage":35,"enemies":"Shelled Parasite and Fungi","floor":21,"turns":5},{"damage":14,"enemies":"Centurion and Healer","floor":22,"turns":6},{"damage":15,"enemies":"Snake Plant","floor":25,"turns":3},{"damage":0,"enemies":"DemoMod:4_Bullet_Kins","floor":28,"turns":4},{"damage":25,"enemies":"DemoMod:Veteran_shot_gun_kin_and_bullet_kin","floor":29,"turns":3},{"damage":35,"enemies":"DemoMod:Veteran_shot_gun_kin_and_red_shotgun_kin_with_gunsinger","floor":30,"turns":3},{"damage":35,"enemies":"DemoMod:Red_and_blue_shotgun_kin_with_gunsinger","floor":31,"turns":3},{"damage":16,"enemies":"DemoMod:Veteran_shot_gun_kin_and_blue_shotgun_kin_with_gunsinger","floor":32,"turns":2}],"seed_played":"1861092885363214265","potions_obtained":[{"floor":2,"key":"LiquidBronze"},{"floor":3,"key":"Ancient Potion"},{"floor":11,"key":"Weak Potion"},{"floor":13,"key":"Explosive Potion"},{"floor":16,"key":"Regen Potion"},{"floor":18,"key":"Swift Potion"},{"floor":19,"key":"Fire Potion"},{"floor":25,"key":"Ancient Potion"},{"floor":29,"key":"SteroidPotion"}],"is_trial":false,"path_per_floor":["M","M","M","?","M","R","E","R","T","M","M","$","M","M","R","B",null,"M","M","?","M","M","R","?","M","T","R","M","M","M","M","M"],"character_chosen":"RobotSpaceExplorer","items_purchased":["Ice Cream","Bronze Scales","RobotSpaceExplorer:BigMissile","DemoMod:GnawedKey","RobotSpaceExplorer:PowerGlove"],"campfire_rested":2,"item_purchase_floors":[0,0,0,0,0],"current_hp_per_floor":[40,40,40,40,31,53,34,34,34,43,52,52,49,53,53,51,87,82,69,69,47,45,71,71,60,87,87,87,62,39,16,0,0],"gold":388,"neow_bonus":"","is_daily":false,"chose_seed":false,"campfire_upgraded":2,"win_rate":0.0,"timestamp":1612237857,"path_taken":["M","M","?","?","M","R","E","R","T","M","?","$","M","M","R","BOSS","M","M","?","M","?","R","?","M","T","R","M","M","M","M","M"],"items_purchased_type":["Relic","Relic","Card","Relic","Card"],"build_version":"2020-12-22","purchased_purges":0,"victory":false,"max_hp_per_floor":[75,75,75,75,75,75,87,87,87,87,87,87,87,87,87,87,87,87,87,87,87,87,87,87,87,87,87,87,87,87,87,87,87],"card_choices":[{"not_picked":["RobotSpaceExplorer:Jetpack","RobotSpaceExplorer:SlimeMissile"],"picked":"RobotSpaceExplorer:StarLightning","floor":1},{"not_picked":["RobotSpaceExplorer:ScrapMissile","RobotSpaceExplorer:JunkDive"],"picked":"RobotSpaceExplorer:ShockKick","floor":2},{"not_picked":["RobotSpaceExplorer:DoubleBlock","RobotSpaceExplorer:MiniDrones"],"picked":"RobotSpaceExplorer:PlasmaMissile","floor":3},{"not_picked":["RobotSpaceExplorer:Probe","RobotSpaceExplorer:MetalStrike"],"picked":"RobotSpaceExplorer:Fix","floor":5},{"not_picked":["RobotSpaceExplorer:ShockKick","RobotSpaceExplorer:LuckyStrike"],"picked":"RobotSpaceExplorer:DualCore","floor":7},{"not_picked":["RobotSpaceExplorer:FreezeRay","RobotSpaceExplorer:MiniDrones"],"picked":"RobotSpaceExplorer:TrailblazerForm","floor":10},{"not_picked":["RobotSpaceExplorer:Ammunition","RobotSpaceExplorer:ToxicBomb","RobotSpaceExplorer:Electropulse"],"picked":"SKIP","floor":11},{"not_picked":["RobotSpaceExplorer:Smokescreen","RobotSpaceExplorer:SelfCleaning"],"picked":"RobotSpaceExplorer:SurgingShield","floor":13},{"not_picked":["RobotSpaceExplorer:ShovelStrike","RobotSpaceExplorer:LuckyStrike"],"picked":"RobotSpaceExplorer:Multitool","floor":14},{"not_picked":["RobotSpaceExplorer:Smokescreen","RobotSpaceExplorer:Probe"],"picked":"RobotSpaceExplorer:Ammunition+1","floor":18},{"not_picked":["RobotSpaceExplorer:MetalStrike","RobotSpaceExplorer:SlimeMissile+1"],"picked":"RobotSpaceExplorer:LaserBurst","floor":19},{"not_picked":["RobotSpaceExplorer:SurgingShield","RobotSpaceExplorer:JunkDive+1"],"picked":"RobotSpaceExplorer:DoubleFind+1","floor":21},{"not_picked":["RobotSpaceExplorer:BigMissile","RobotSpaceExplorer:ShovelStrike","RobotSpaceExplorer:DoubleFind"],"picked":"SKIP","floor":22},{"not_picked":["RobotSpaceExplorer:SelfCleaning","RobotSpaceExplorer:SlimeMissile","RobotSpaceExplorer:GlueSpray"],"picked":"SKIP","floor":25},{"not_picked":["RobotSpaceExplorer:ShovelStrike+1","RobotSpaceExplorer:Wormhole"],"picked":"RobotSpaceExplorer:ImprovisedAttack+1","floor":28},{"not_picked":["RobotSpaceExplorer:DoubleBlock+1","RobotSpaceExplorer:ShockKick","RobotSpaceExplorer:FranticSearch"],"picked":"SKIP","floor":29},{"not_picked":["RobotSpaceExplorer:MakeshiftVolley","RobotSpaceExplorer:SlimeMissile+1"],"picked":"RobotSpaceExplorer:Pulsar","floor":30},{"not_picked":["RobotSpaceExplorer:DualCore+1","RobotSpaceExplorer:GlueShot"],"picked":"RobotSpaceExplorer:IronShell","floor":31}],"player_experience":1789988,"relics_obtained":[{"floor":7,"key":"DemoMod:Orange"},{"floor":9,"key":"Meat on the Bone"}],"event_choices":[{"damage_healed":0,"gold_gain":0,"player_choice":"Gave Potion","damage_taken":0,"relics_obtained":["DemoMod:RingOfEthereal"],"max_hp_gain":0,"max_hp_loss":0,"event_name":"WeMeetAgain","floor":4,"gold_loss":0},{"cards_removed":["RobotSpaceExplorer:Strike"],"damage_healed":0,"gold_gain":0,"player_choice":"Upgrade and Remove","damage_taken":0,"max_hp_gain":0,"max_hp_loss":0,"event_name":"Designer","floor":20,"gold_loss":90,"cards_upgraded":["RobotSpaceExplorer:DualCore"]},{"cards_removed":["RobotSpaceExplorer:Defend"],"damage_healed":0,"gold_gain":0,"player_choice":"Elegance","damage_taken":0,"max_hp_gain":0,"max_hp_loss":0,"event_name":"Back to Basics","floor":24,"gold_loss":0}],"is_beta":false,"boss_relics":[{"not_picked":["SacredBark","Runic Pyramid"],"picked":"RobotSpaceExplorer:Reprocessor"}],"items_purged_floors":[],"is_endless":false,"potions_floor_spawned":[2,3,11,13,14,16,18,19,25,29],"killed_by":"DemoMod:Veteran_shot_gun_kin_and_blue_shotgun_kin_with_gunsinger","ascension_level":0}}