{"host":"Jackie","time":1612289258,"event":{"mods":["BaseMod","Highlight Path","Minty Spire (QoL Compilation)","Relic Stats","Slay the Relics Exporter","StSLib","Twitch Decklist"],"gold_per_floor":[119,139,139,12,32,65,65,94,94,107,107,123,123,151,151,226,226,238,267,267,8,25,25,40,40,40,70,70,98,45,45,45],"floor_reached":31,"language":"ENG","playtime":2472,"items_purged":["Strike_B"],"score":582,"play_id":"96a1628b-85c5-4246-b220-c81b0180934b","local_time":"20210202100738","is_ascension_mode":true,"campfire_choices":[{"data":"Zap","floor":7.0,"key":"SMITH"},{"data":"Darkness","floor":11.0,"key":"SMITH"},{"data":"Defragment","floor":15.0,"key":"SMITH"},{"floor":23.0,"key":"REST"},{"floor":28.0,"key":"REST"}],"circlet_count":0,"master_deck":["AscendersBane","Defend_B","Defend_B","Defend_B","Zap+1","Dualcast","Darkness+1","Streamline","All For One","Compile Driver","Conserve Battery","Coolheaded","Steam","Defragment+1","Seek+1","All For One","Reboot","Hyperbeam","Undo","Recycle","Cold Snap","Electrodynamics"],"relics":["Cursed Key","StrikeDummy","Nunchaku","DataDisk","Snecko Eye","Red Mask","Blood Vial","Ginger","Pen Nib"],"acts_visited":["Exordium","TheCity"],"potions_floor_usage":[31,31],"damage_taken":[{"damage":0.0,"enemies":"Cultist","floor":1.0,"turns":4.0},{"damage":1.0,"enemies":"2 Louse","floor":2.0,"turns":2.0},{"damage":0.0,"enemies":"Small Slimes","floor":5.0,"turns":2.0},{"damage":18.0,"enemies":"3 Sentries","floor":6.0,"turns":6.0},{"damage":4.0,"enemies":"Gremlin Nob","floor":8.0,"turns":3.0},{"damage":0.0,"enemies":"Blue Slaver","floor":10.0,"turns":4.0},{"damage":8.0,"enemies":"Gremlin Gang","floor":12.0,"turns":6.0},{"damage":7.0,"enemies":"Lagavulin","floor":14.0,"turns":6.0},{"damage":7.0,"enemies":"Slime Boss","floor":16.0,"turns":5.0},{"damage":11.0,"enemies":"Shell Parasite","floor":18.0,"turns":3.0},{"damage":44.0,"enemies":"Masked Bandits","floor":19.0,"turns":7.0},{"damage":0.0,"enemies":"Chosen","floor":22.0,"turns":2.0},{"damage":0.0,"enemies":"Centurion and Healer","floor":24.0,"turns":4.0},{"damage":8.0,"enemies":"Gremlin Leader","floor":27.0,"turns":5.0},{"damage":12,"enemies":"Slavers","floor":29,"turns":3},{"damage":38,"enemies":"Book of Stabbing","floor":31,"turns":5}],"seed_played":"8053772072385640092","potions_obtained":[{"floor":1.0,"key":"LiquidMemories"},{"floor":6.0,"key":"BlessingOfTheForge"},{"floor":8.0,"key":"LiquidBronze"},{"floor":12.0,"key":"FearPotion"},{"floor":22.0,"key":"Explosive Potion"},{"floor":27.0,"key":"Explosive Potion"}],"is_trial":false,"path_per_floor":["M","M","?","$","M","E","R","E","T","M","R","M","?","E","R","B",null,"M","?","?","$","M","R","M","?","T","E","R","E","$","E"],"character_chosen":"DEFECT","items_purchased":["Compile Driver","Undo","Blood Vial","FocusPotion"],"campfire_rested":2,"item_purchase_floors":[4,21,21,30],"current_hp_per_floor":[64,63,63,63,63,45,45,41,41,41,41,33,33,26,26,19,58,47,3,3,3,5,26,28,28,28,22,43,33,33,0,0],"gold":45,"neow_bonus":"BOSS_RELIC","is_daily":false,"chose_seed":false,"campfire_upgraded":3,"win_rate":0.0,"timestamp":1612289258,"path_taken":["M","M","?","$","?","E","R","E","T","M","R","M","?","E","R","BOSS","M","?","?","$","M","R","M","?","T","E","R","E","$","E"],"items_purchased_type":["Card","Card","Relic","Potion"],"build_version":"2020-12-18","purchased_purges":1,"victory":false,"max_hp_per_floor":[71,71,71,71,71,71,71,71,71,71,71,71,71,71,71,71,71,71,71,71,71,71,71,71,71,71,71,71,71,71,71,71],"relic_stats":{"Blood Vial":10,"Nunchaku":[7],"counters":[16,67],"Snecko Eye":[46,67,55,52],"Pen Nib":[0],"Ginger":[0],"Cursed Key":0,"obtain_stats":[{"Blood Vial":21,"Nunchaku":8,"DataDisk":14,"Snecko Eye":17,"Pen Nib":29,"Red Mask":19,"Ginger":27,"Cracked Core":0,"Cursed Key":0,"StrikeDummy":6},{"Blood Vial":11,"Nunchaku":5,"DataDisk":8,"Snecko Eye":9,"Pen Nib":15,"Red Mask":11,"Ginger":14,"Cracked Core":0,"Cursed Key":0,"StrikeDummy":4},{"Blood Vial":48,"Nunchaku":17,"DataDisk":33,"Snecko Eye":38,"Pen Nib":62,"Red Mask":48,"Ginger":59,"Cracked Core":0,"Cursed Key":0,"StrikeDummy":14}]},"card_choices":[{"not_picked":["Fusion","Beam Cell"],"picked":"Darkness","floor":1.0},{"not_picked":["Stack","Barrage"],"picked":"Streamline","floor":2.0},{"not_picked":["Hello World","Sweeping Beam"],"picked":"Conserve Battery","floor":5.0},{"not_picked":["Sweeping Beam","Streamline"],"picked":"Coolheaded","floor":6.0},{"not_picked":["Aggregate","White Noise"],"picked":"Steam","floor":8.0},{"not_picked":["BootSequence","Streamline","Barrage"],"picked":"SKIP","floor":10.0},{"not_picked":["BootSequence","Streamline","Barrage"],"picked":"SKIP","floor":10.0},{"not_picked":["Stack","Reprogram"],"picked":"Defragment","floor":12.0},{"not_picked":["Leap","Stack","Go for the Eyes"],"picked":"SKIP","floor":14.0},{"not_picked":["Hyperbeam","Thunder Strike"],"picked":"Seek","floor":16.0},{"not_picked":["Leap","Chaos","Stack"],"picked":"SKIP","floor":18.0},{"not_picked":["FTL+1","Go for the Eyes+1"],"picked":"All For One","floor":19.0},{"not_picked":["Steam","Chaos"],"picked":"Recycle","floor":22.0},{"not_picked":["Steam+1","Self Repair"],"picked":"Cold Snap","floor":24.0},{"not_picked":["Turbo","Sunder","Redo"],"picked":"SKIP","floor":27.0},{"not_picked":["Ball Lightning","Compile Driver"],"picked":"Electrodynamics","floor":29}],"player_experience":2189058,"relics_obtained":[{"floor":6.0,"key":"StrikeDummy"},{"floor":8.0,"key":"Nunchaku"},{"floor":14.0,"key":"DataDisk"},{"floor":19.0,"key":"Red Mask"},{"floor":27.0,"key":"Ginger"},{"floor":29,"key":"Pen Nib"}],"event_choices":[{"damage_healed":0.0,"max_hp_gain":0.0,"max_hp_loss":0.0,"gold_gain":0.0,"cards_transformed":["Strike_B"],"event_name":"Transmorgrifier","player_choice":"Transformed","floor":3.0,"gold_loss":0.0,"damage_taken":0.0,"cards_obtained":["All For One"]},{"cards_removed":["Defend_B"],"damage_healed":0.0,"max_hp_gain":0.0,"max_hp_loss":0.0,"gold_gain":0.0,"event_name":"Wheel of Change","player_choice":"Card Removal","floor":13.0,"gold_loss":0.0,"damage_taken":0.0},{"damage_healed":0.0,"max_hp_gain":0.0,"max_hp_loss":0.0,"gold_gain":0.0,"event_name":"Masked Bandits","player_choice":"Fought Bandits","floor":19.0,"gold_loss":0.0,"damage_taken":0.0},{"damage_healed":0.0,"max_hp_gain":0.0,"max_hp_loss":0.0,"gold_gain":0.0,"cards_transformed":["Strike_B","Strike_B"],"event_name":"Drug Dealer","player_choice":"Became Test Subject","floor":20.0,"gold_loss":0.0,"damage_taken":0.0,"cards_obtained":["Reboot","Hyperbeam"]},{"damage_healed":0.0,"max_hp_gain":0.0,"max_hp_loss":0.0,"gold_gain":0.0,"event_name":"Upgrade Shrine","player_choice":"Upgraded","floor":25.0,"gold_loss":0.0,"damage_taken":0.0,"cards_upgraded":["Seek"]}],"is_beta":true,"boss_relics":[{"not_picked":["Velvet Choker","Coffee Dripper"],"picked":"Snecko Eye"}],"items_purged_floors":[4],"is_endless":false,"potions_floor_spawned":[1,6,8,12,22,27],"killed_by":"Book of Stabbing","ascension_level":20}}