{"host":"0rqu4i4oge8wiabo","time":1612308238,"event":{"mods":["2.2 Compatiblity","AchievementEnabler","BaseMod","Colored Powertips","Downfall","Hermit","Minty Spire (QoL Compilation)","Replay The Spire","StSLib","The Bug Knight","The Cursed","The Disciple","The Jungle","The Necromancer","The Servant 0.9.4"],"gold_per_floor":[116,129,129,148,165,182,193,206,206,206,215,237,265,309,309,422,503,530,440,440,465,20,20,20],"floor_reached":23,"language":"ENG","playtime":2117,"items_purged":[],"score":197,"play_id":"522cdeae-60a8-4b6b-b247-da409d8332d1","local_time":"20210202232358","is_ascension_mode":false,"campfire_choices":[{"floor":10,"key":"REST"},{"floor":15,"key":"REST"}],"circlet_count":0,"master_deck":["HollowMod:FocusHealStart+1","HollowMod:PogoStrike+1","HollowMod:DoubleDash","HollowMod:SharpenedNail+1","HollowMod:NewGlowingWomb","HollowMod:NewJinnsSoul","HollowMod:CycloneSlash","HollowMod:MantisMark","HollowMod:BlackTendrils","SashWhip","HollowMod:VengefulSpirit","HollowMod:VengefulVoid","HollowMod:CycloneSlash","HollowMod:AwokenDreamNail","HollowMod:NewLittleFool","HollowMod:SoulShaman","HollowMod:FastStrike","HollowMod:Grubsong","HollowMod:CycloneSlash","HollowMod:VoidDash","HollowMod:LifebloodCocoon","HollowMod:AbyssShriek","HollowMod:NewJinnsSoul","HollowMod:MawleksShell+1","HollowMod:ChannelNail+1","HollowMod:DescendingDark"],"relics":["HollowMod:VesselMask","Bird Faced Urn","CeramicFish","MealTicket","Pandora\u0027s Box","theJungle:ParSnip","Oddly Smooth Stone","Gremlin Horn"],"acts_visited":["Exordium","theJungle:Jungle"],"potions_floor_usage":[16,16,16],"damage_taken":[{"damage":0,"enemies":"Cultist","floor":1,"turns":3},{"damage":0,"enemies":"Small Slimes","floor":2,"turns":4},{"damage":2,"enemies":"2 Louse","floor":4,"turns":3},{"damage":14,"enemies":"Large Slime","floor":5,"turns":9},{"damage":13,"enemies":"2 Fungi Beasts","floor":6,"turns":4},{"damage":2,"enemies":"Blue Slaver","floor":7,"turns":5},{"damage":11,"enemies":"Exordium Thugs","floor":8,"turns":4},{"damage":3,"enemies":"Lots of Slimes","floor":12,"turns":5},{"damage":9,"enemies":"2 Fungi Beasts","floor":13,"turns":3},{"damage":18,"enemies":"3 Sentries","floor":14,"turns":5},{"damage":67,"enemies":"The Guardian","floor":16,"turns":17},{"damage":15,"enemies":"theJungle:GiantWrat","floor":18,"turns":5},{"damage":44,"enemies":"theJungle:5_Spyders","floor":21,"turns":9},{"damage":61,"enemies":"theJungle:2_Snecko_Cultists","floor":23,"turns":4}],"seed_played":"-2085806191254543789","potions_obtained":[{"floor":2,"key":"Milkshake"},{"floor":4,"key":"sneckomod:MuddlingPotion"},{"floor":5,"key":"SpeedPotion"},{"floor":16,"key":"Languid Potion"}],"is_trial":false,"path_per_floor":["M","M","?","M","M","M","M","M","T","R","?","M","M","E","R","B",null,"M","?","?","M","$","M"],"character_chosen":"THE_BUGKNIGHT","items_purchased":["Oddly Smooth Stone","HollowMod:DescendingDark","Gremlin Horn"],"campfire_rested":2,"item_purchase_floors":[22,22,22],"current_hp_per_floor":[75,75,75,73,65,54,54,45,45,67,67,65,56,41,63,12,75,60,60,60,30,45,0,0],"gold":20,"neow_bonus":"ONE_RARE_RELIC","is_daily":false,"chose_seed":false,"campfire_upgraded":0,"win_rate":0.0,"timestamp":1612308238,"path_taken":["M","?","?","?","M","M","M","M","T","R","?","?","M","E","R","BOSS","M","?","?","M","$","M"],"items_purchased_type":["Relic","Card","Relic"],"build_version":"2020-12-22","purchased_purges":0,"victory":false,"max_hp_per_floor":[75,75,75,75,75,75,75,75,75,75,75,75,75,75,75,75,75,75,75,75,75,75,75,75],"card_choices":[{"not_picked":["HollowMod:LifebloodCocoon","HollowMod:GoodIntentions"],"picked":"HollowMod:DoubleDash","floor":1},{"not_picked":["HollowMod:SiblingsShadow","HollowMod:FastStrike"],"picked":"HollowMod:SharpenedNail","floor":2},{"not_picked":["HollowMod:DoubleDash","HollowMod:CloakDash"],"picked":"HollowMod:NewGlowingWomb","floor":4},{"not_picked":["HollowMod:ShadowDash","HollowMod:HowlingWraiths"],"picked":"HollowMod:NewJinnsSoul","floor":5},{"not_picked":["HollowMod:TaintedHusks","HollowMod:HornetsHelp"],"picked":"HollowMod:CycloneSlash","floor":6},{"not_picked":["HollowMod:NewLittleFool","HollowMod:CloakDash"],"picked":"HollowMod:MantisMark","floor":7},{"not_picked":["HollowMod:ShadowDash","HollowMod:DescendingDark"],"picked":"HollowMod:BlackTendrils","floor":8},{"not_picked":["HollowMod:BaldurShell","HollowMod:NewJinnsSoul"],"picked":"HollowMod:VengefulSpirit","floor":12},{"not_picked":["HollowMod:BaldurShell","HollowMod:GreatSlash"],"picked":"HollowMod:VengefulVoid","floor":13},{"not_picked":["HollowMod:NewLittleFool","HollowMod:BrokenVessel"],"picked":"HollowMod:CycloneSlash","floor":14},{"not_picked":["HollowMod:ElderbugsWisdom","HollowMod:HornetsHelp"],"picked":"HollowMod:AwokenDreamNail","floor":16},{"not_picked":["HollowMod:SoulSplash+1","HollowMod:NewLittleFool"],"picked":"HollowMod:MawleksShell+1","floor":18},{"not_picked":["HollowMod:MantisMark","HollowMod:VengefulVoid"],"picked":"HollowMod:ChannelNail+1","floor":21}],"player_experience":445564,"relics_obtained":[{"floor":9,"key":"CeramicFish"},{"floor":14,"key":"MealTicket"}],"event_choices":[{"damage_healed":0,"gold_gain":0,"player_choice":"Forge","damage_taken":0,"max_hp_gain":0,"max_hp_loss":0,"event_name":"Accursed Blacksmith","floor":3,"gold_loss":0,"cards_upgraded":["HollowMod:SharpenedNail"]},{"cards_removed":["HollowMod:NailStrikeStart"],"damage_healed":0,"gold_gain":0,"player_choice":"Took Card","damage_taken":0,"max_hp_gain":0,"max_hp_loss":0,"event_name":"NoteForYourself","floor":11,"gold_loss":0,"cards_obtained":["SashWhip"]}],"is_beta":false,"boss_relics":[{"not_picked":["SlaversCollar","Astrolabe"],"picked":"Pandora\u0027s Box"}],"items_purged_floors":[],"is_endless":false,"potions_floor_spawned":[2,4,5,12,14,16],"killed_by":"theJungle:2_Snecko_Cultists","ascension_level":0}}