{"host":"1hw3ks68c0zl1mxv","time":1612285768,"event":{"mods":["2.2 Compatiblity","Act Like it!","Aspiration","BaseMod","BetterRewards","Colored Map","Colored Powertips","Conspire","Downfall","Energized Spire","GungeonMod","Halation","Hallownest","Hubris","Infinite Spire","Marisa????????","Mimic Mod","Minty Spire (QoL Compilation)","Quick Restart","Replay The Spire","Shop Mod","StSLib","The Bug Knight","The Construct","The Elementalist","The Necromancer","The Saiyan","The Servant 0.9.4","TheHero"],"gold_per_floor":[99,112,15,15,8,8,8,26,26,54,79,72,72,97,108,214,214,283,306,306,306,306,306,306,306,342,342,359,369,369,384,408,518,518,518,518,541,561,17,17,17,17,37,37,37,37],"floor_reached":44,"language":"ENG","playtime":7220,"items_purged":[],"score":493,"play_id":"67f02ec7-ce95-4377-a12e-faaac2ac3475","local_time":"20210202100928","is_ascension_mode":false,"campfire_choices":[{"data":"hexamod:Sear","floor":1.0,"key":"SMITH"},{"data":"hexamod:Float","floor":6.0,"key":"SMITH"},{"data":"hexamod:BurningTouch","floor":13.0,"key":"SMITH"},{"data":"hexamod:Rewind","floor":25.0,"key":"SMITH"},{"data":"hexamod:WildfireWeapon","floor":27.0,"key":"SMITH"},{"floor":30.0,"key":"REST"},{"data":"hexamod:HeatMetal","floor":30.0,"key":"SMITH"},{"data":"hexamod:ForkedFlame","floor":35.0,"key":"SMITH"}],"circlet_count":0,"master_deck":["hexamod:Strike","hexamod:Strike","hexamod:Strike","hexamod:Strike","hexamod:Defend","hexamod:Defend","hexamod:Defend","hexamod:Defend","hexamod:Float+1","hexamod:SecondSeal","hexamod:FourthSeal","hexamod:Rewind+1","hexamod:DynamicBlow","hexamod:HeatMetal","hexamod:DynamicBlow","hexamod:WildfireWeapon+1","hexamod:HeatMetal+1","hexamod:GhostOfSpirePresent+1","hexamod:ThirdSeal","hexamod:ForkedFlame+1","hexamod:FifthSeal","hexamod:SixthSeal","hexamod:Firestarter+1","hexamod:FirstSeal","hexamod:BurningTouch","hexamod:BurningTouch","hubris:DuctTapeCard","ReplayTheSpireMod:IOU"],"relics":["hexamod:SpiritBrand","HollowMod:LifeEnderRelic","halation:EternalFortune","aspiration:RitualStick","Replay:Wax Seal","hubris:Backtick","hubris:PeanutButter","infinitespire:Magic Flask","Replay:Bottled Snecko","hubris:DuctTape","MerchantsRug","DemoMod:MonsterBlood","hubris:SphereOfDissonance","Medical Kit","Bird Faced Urn"],"acts_visited":["Exordium","TheCity","TheBeyond"],"potions_floor_usage":[43,44,44,44],"damage_taken":[{"damage":0.0,"enemies":"Cultist","floor":2.0,"turns":3.0},{"damage":0.0,"enemies":"downfall:FleeingMerchant","floor":3.0,"turns":4.0},{"damage":0.0,"enemies":"downfall:FleeingMerchant","floor":5.0,"turns":4.0},{"damage":0.0,"enemies":"Small Slimes","floor":8.0,"turns":4.0},{"damage":1.0,"enemies":"conspire:RoseBush","floor":10.0,"turns":5.0},{"damage":14.0,"enemies":"Red Slaver","floor":11.0,"turns":4.0},{"damage":5.0,"enemies":"downfall:FleeingMerchant","floor":12.0,"turns":4.0},{"damage":0.0,"enemies":"conspire:2 RoseBushes","floor":14.0,"turns":5.0},{"damage":9.0,"enemies":"3 Louse","floor":15.0,"turns":3.0},{"damage":34.0,"enemies":"IC_STATUS_ARCHETYPE","floor":16.0,"turns":6.0},{"damage":5.0,"enemies":"Chosen","floor":19.0,"turns":3.0},{"damage":0.0,"enemies":"Gremlin Leader","floor":26.0,"turns":6.0},{"damage":6.0,"enemies":"Shell Parasite","floor":28.0,"turns":5.0},{"damage":32.0,"enemies":"Centurion and Healer","floor":29.0,"turns":5.0},{"damage":0.0,"enemies":"Chosen and Byrds","floor":31.0,"turns":6.0},{"damage":10.0,"enemies":"conspire:HollyBat","floor":32.0,"turns":6.0},{"damage":60.0,"enemies":"SI_MIRROR_ARCHETYPE","floor":33.0,"turns":8.0},{"damage":0.0,"enemies":"3 Darklings","floor":36.0,"turns":1.0},{"damage":11.0,"enemies":"3 Shapes","floor":37.0,"turns":7.0},{"damage":52.0,"enemies":"Writhing Mass","floor":38.0,"turns":7.0},{"damage":10.0,"enemies":"downfall:FleeingMerchant","floor":39.0,"turns":4.0},{"damage":10,"enemies":"downfall:FleeingMerchant","floor":43,"turns":4},{"damage":45,"enemies":"Nightmare","floor":44,"turns":4}],"seed_played":"8464990791652550604","potions_obtained":[{"floor":5.0,"key":"Energy Potion"},{"floor":8.0,"key":"SmokeBomb"},{"floor":8.0,"key":"PowerPotion"},{"floor":11.0,"key":"DemoMod:BlankPotion"},{"floor":15.0,"key":"DemoMod:LeadSkinPotion"},{"floor":16.0,"key":"Regen Potion"},{"floor":26.0,"key":"conspire:TimeTravelPotion"},{"floor":29.0,"key":"Dexterity Potion"},{"floor":31.0,"key":"Doom Potion"},{"floor":32.0,"key":"Death Potion"},{"floor":37.0,"key":"FearPotion"},{"floor":38.0,"key":"Toxic Potion"},{"floor":38.0,"key":"hexamod:EctoCoolerPotion"},{"floor":39.0,"key":"champ:CounterPotion"}],"is_trial":false,"path_per_floor":["R","M","$","?","$","R","T","M","?","M","M","$","R","M","M","B",null,"R_BF","M","?","?","T","AVR","T","R","E","R","M","M","R","M","M","B",null,"R","M","M","M","$","?","T","?","$","NM"],"character_chosen":"THE_SPIRIT","items_purchased":["hexamod:FourthSeal","MerchantsRug","DemoMod:MonsterBlood","champ:CounterPotion","hubris:SphereOfDissonance","Medical Kit","hexamod:BurningTouch","LifebloodPotion"],"campfire_rested":1,"item_purchase_floors":[3,39,39,39,39,39,39,43],"current_hp_per_floor":[77,77,77,77,77,77,77,77,77,76,62,57,57,57,48,14,77,77,72,75,59,59,59,59,59,59,59,53,34,58,73,63,3,80,80,80,69,17,21,21,21,21,26,0,0,0],"gold":37,"neow_bonus":"TEN_PERCENT_HP_BONUS","is_daily":false,"chose_seed":false,"campfire_upgraded":7,"win_rate":0.0,"timestamp":1612285768,"path_taken":["R","M","?","?","$","R","T","?","?","?","M","?","R","M","M","BOSS","R_BF","M","?","?","?","AVR","T","R","E","R","M","?","R","M","M","BOSS","R","M","M","M","$","?","T","?","$","NM"],"items_purchased_type":["Card","Relic","Relic","Potion","Relic","Relic","Card","Potion"],"build_version":"2020-12-22","purchased_purges":0,"victory":false,"max_hp_per_floor":[77,77,77,77,77,77,77,77,77,77,77,77,77,77,77,77,77,77,77,80,80,80,80,80,80,80,80,80,80,80,80,80,80,80,80,80,80,80,87,87,87,87,87,87,87,87],"card_choices":[{"not_picked":["hexamod:AdvancingGuard","hexamod:FastForward","hexamod:Hexaguard"],"picked":"SKIP","floor":2.0},{"not_picked":["hexamod:SpectersWail","hexamod:NightmareStrike"],"picked":"hexamod:SecondSeal","floor":3.0},{"not_picked":["hexamod:SpectersWail","hexamod:NightmareStrike"],"picked":"hexamod:Rewind","floor":5.0},{"not_picked":["hexamod:NightmareStrike","hexamod:Hexaguard"],"picked":"hexamod:DynamicBlow","floor":8.0},{"not_picked":["hexamod:SpectersWail","hexamod:GhostOfSpirePresent"],"picked":"hexamod:BurningTouch","floor":10.0},{"not_picked":["hexamod:ShieldOfDarkness","hexamod:GhostShield","hexamod:SpectersWail"],"picked":"SKIP","floor":11.0},{"not_picked":["hexamod:ShieldOfDarkness","hexamod:GhostLash","hexamod:AdvancingGuard"],"picked":"SKIP","floor":12.0},{"not_picked":["hexamod:SpectersWail","hexamod:HauntingEcho"],"picked":"hexamod:HeatMetal","floor":14.0},{"not_picked":["hexamod:GhostOfSpireFuture","hexamod:SecondSeal"],"picked":"hexamod:DynamicBlow","floor":15.0},{"not_picked":["hexamod:TimeWarp","hexamod:UnleashSpirits"],"picked":"hexamod:WildfireWeapon","floor":16.0},{"not_picked":["hexamod:NecessarySacrifice","hexamod:RecurringNightmare","hexamod:FastForward"],"picked":"SKIP","floor":19.0},{"not_picked":["hexamod:GhostShield","hexamod:EmpoweredFlame"],"picked":"hexamod:HeatMetal","floor":26.0},{"not_picked":["hexamod:GhostflameBarrier","hexamod:ShieldOfDarkness","hexamod:BacktrackSmack"],"picked":"SKIP","floor":28.0},{"not_picked":["hexamod:GhostShield+1","hexamod:GhostLash"],"picked":"hexamod:GhostOfSpirePresent","floor":29.0},{"not_picked":["hexamod:FastForward","hexamod:ShieldOfDarkness+1","hexamod:InspiringFlames"],"picked":"SKIP","floor":31.0},{"not_picked":["hexamod:SpectersWail+1","hexamod:SecondSeal"],"picked":"hexamod:ThirdSeal","floor":32.0},{"not_picked":["hexamod:UnleashSpirits","hexamod:TimeWarp"],"picked":"hexamod:ForkedFlame","floor":33.0},{"not_picked":["hexamod:TimeWarp","hexamod:GhostflameInferno"],"picked":"hexamod:FifthSeal","floor":33.0},{"not_picked":["hexamod:FourthSeal","hexamod:ThirdSeal"],"picked":"hexamod:SixthSeal","floor":37.0},{"not_picked":["hexamod:NightmareGuise+1","hexamod:ShieldOfDarkness+1"],"picked":"hexamod:Firestarter+1","floor":37.0},{"not_picked":["hexamod:NightmareStrike","hexamod:HauntingEcho+1","hexamod:GhostOfSpirePresent"],"picked":"SKIP","floor":37.0},{"not_picked":["hexamod:SecondSeal","hexamod:ThirdSeal"],"picked":"hexamod:FirstSeal","floor":38.0},{"not_picked":["hexamod:ThermalTransfer","hexamod:InspiringFlames+1","hexamod:SwordOfDarkness+1"],"picked":"SKIP","floor":38.0},{"not_picked":["hexamod:BacktrackSmack","hexamod:SkipABeat"],"picked":"hexamod:BurningTouch","floor":39.0},{"not_picked":["hexamod:HauntingEcho","hexamod:SpectersWail","hexamod:SwordOfDarkness+1"],"picked":"SKIP","floor":43},{"not_picked":["hexamod:RainOfEmbers","hexamod:NightmareStrike","hexamod:Incineration"],"picked":"SKIP","floor":43}],"player_experience":1460185,"relics_obtained":[{"floor":7.0,"key":"HollowMod:LifeEnderRelic"},{"floor":22.0,"key":"Replay:Wax Seal"},{"floor":24.0,"key":"Replay:Bottled Snecko"},{"floor":26.0,"key":"hubris:DuctTape"},{"floor":41.0,"key":"Bird Faced Urn"}],"event_choices":[],"is_beta":false,"boss_relics":[{"not_picked":["halation:SmartPhone","aspiration:MarisaSkillbook"],"picked":"energizedSpire:DeadBattery"},{"not_picked":["halation:HeavySnake","Replay:Bronze Core"],"picked":"energizedSpire:SpiderWeb"}],"items_purged_floors":[],"is_endless":false,"potions_floor_spawned":[8,11,14,15,16,19,26,32,37,38],"killed_by":"Nightmare","ascension_level":0}}