{"host":"18wi9kpcl4eah7pe","time":1612250154,"event":{"mods":["BaseMod","Colored Powertips","Downfall","Minty Spire (QoL Compilation)","StSLib"],"gold_per_floor":[99,111,124,299,399,431,431,265,165,200,112,109,121,133,164,279,291,303,315,347,162,180,180,180,180],"floor_reached":23,"language":"ENG","playtime":753,"items_purged":[],"score":234,"play_id":"33ea1a32-e245-405b-beca-34c63eac3af9","local_time":"20210202011554","is_ascension_mode":true,"campfire_choices":[{"floor":1,"key":"RECALL"},{"data":"1","floor":9,"key":"LIFT"},{"floor":11,"key":"REST"},{"data":"2","floor":13,"key":"LIFT"},{"data":"3","floor":18,"key":"LIFT"}],"circlet_count":0,"master_deck":["hexamod:Strike+1","hexamod:Strike","hexamod:Strike","hexamod:Strike","hexamod:Defend+1","hexamod:Defend","hexamod:Defend","hexamod:Defend+1","hexamod:Sear","hexamod:Float+1","hexamod:HeatMetal","hexamod:GhostOfSpirePast","hexamod:ThermalTransfer+1","hexamod:SpectersWail","hexamod:SixthSeal","hexamod:HauntingEcho","hexamod:StepThrough","hexamod:HexaLevel","hexamod:SpectersWail","hexamod:Hexaguard+1","hexamod:FourthSeal","hexamod:SoulSteal+1"],"relics":["hexamod:SpiritBrand","Girya","Pen Nib","Regal Pillow","downfall:HeartBlessingRed","MawBank","downfall:HeartBlessingGreen","SlaversCollar","Vajra"],"acts_visited":["Exordium","TheCity"],"potions_floor_usage":[10,16,21],"damage_taken":[{"damage":0,"enemies":"2 Louse","floor":2,"turns":2},{"damage":2,"enemies":"Jaw Worm","floor":3,"turns":3},{"damage":30,"enemies":"Lagavulin","floor":6,"turns":8},{"damage":0,"enemies":"downfall:FleeingMerchant","floor":8,"turns":4},{"damage":5,"enemies":"3 Sentries","floor":10,"turns":5},{"damage":4,"enemies":"downfall:FleeingMerchant","floor":12,"turns":4},{"damage":0,"enemies":"Cultist","floor":15,"turns":3},{"damage":12,"enemies":"IC_STATUS_ARCHETYPE","floor":16,"turns":6},{"damage":1,"enemies":"Chosen","floor":20,"turns":3},{"damage":8,"enemies":"downfall:FleeingMerchant","floor":21,"turns":4},{"damage":30,"enemies":"3 Byrds","floor":22,"turns":4},{"damage":40,"enemies":"Book of Stabbing","floor":23,"turns":4}],"seed_played":"357549444704144122","potions_obtained":[{"floor":6,"key":"Strength Potion"},{"floor":15,"key":"Strength Potion"},{"floor":20,"key":"hexamod:EctoCoolerPotion"}],"is_trial":false,"path_per_floor":["R","M","M","?","?","E","T","$","R","E","R","$","R","?","M","B",null,"R","?","M","$","M","E"],"character_chosen":"THE_SPIRIT","items_purchased":["Regal Pillow","Vajra","hexamod:FourthSeal"],"campfire_rested":1,"item_purchase_floors":[8,21,21],"current_hp_per_floor":[77,77,75,75,75,45,45,45,45,40,77,73,73,73,73,61,77,77,77,76,68,38,0,0,0],"gold":180,"neow_bonus":"TEN_PERCENT_HP_BONUS","is_daily":false,"chose_seed":false,"campfire_upgraded":0,"win_rate":0.0,"timestamp":1612250154,"path_taken":["R","M","M","?","?","E","T","?","R","E","R","$","R","?","M","BOSS","R","?","M","$","M","E"],"items_purchased_type":["Relic","Relic","Card"],"build_version":"2020-12-22","purchased_purges":0,"victory":false,"max_hp_per_floor":[77,77,77,77,77,77,77,77,77,77,77,77,77,77,77,77,77,77,77,77,77,77,77,77,77],"card_choices":[{"not_picked":["hexamod:Again","hexamod:NightmareStrike"],"picked":"hexamod:HeatMetal","floor":2},{"not_picked":["hexamod:SuperheatedStrike","hexamod:RetreatToShadows"],"picked":"hexamod:GhostOfSpirePast","floor":3},{"not_picked":["hexamod:HeatShield","hexamod:NightmareStrike"],"picked":"hexamod:ThermalTransfer","floor":6},{"not_picked":["hexamod:SuperheatedStrike","hexamod:NecessarySacrifice"],"picked":"hexamod:SpectersWail","floor":8},{"not_picked":["hexamod:FlamesFromBeyond","hexamod:ApocalypseNow"],"picked":"hexamod:SixthSeal","floor":10},{"not_picked":["hexamod:FastForward","hexamod:GhostOfSpirePast"],"picked":"hexamod:HauntingEcho","floor":12},{"not_picked":["hexamod:SpectralAdrenaline","hexamod:HeatMetal"],"picked":"hexamod:StepThrough","floor":15},{"not_picked":["hexamod:ApocalypticArmor","hexamod:ParanormalForm"],"picked":"hexamod:HexaLevel","floor":16},{"not_picked":["hexamod:SpectralSpark","hexamod:ThirdSeal"],"picked":"hexamod:SpectersWail","floor":20},{"not_picked":["hexamod:PowerFromBeyond","hexamod:Firestarter"],"picked":"hexamod:Hexaguard+1","floor":21},{"not_picked":["hexamod:PhantomFireball","hexamod:SecondSeal"],"picked":"hexamod:SoulSteal+1","floor":22}],"player_experience":984657,"relics_obtained":[{"floor":6,"key":"Girya"},{"floor":7,"key":"Pen Nib"},{"floor":10,"key":"MawBank"}],"event_choices":[{"damage_healed":0,"gold_gain":0,"player_choice":"Ignored","damage_taken":0,"max_hp_gain":0,"max_hp_loss":0,"event_name":"Vampires","floor":19,"gold_loss":0}],"is_beta":false,"boss_relics":[{"not_picked":["Black Star","Runic Pyramid"],"picked":"SlaversCollar"}],"items_purged_floors":[],"is_endless":false,"potions_floor_spawned":[6,15,20],"killed_by":"Book of Stabbing","ascension_level":4}}