{"host":"jcp2nz6q7v3b3vtq","time":1612282005,"event":{"mods":["BaseMod","Marisa????????","Minty Spire (QoL Compilation)","The Servant 0.9.4"],"gold_per_floor":[112,112,127,142,217,217,217,217,217,235,235,262,276,295,295,295,295],"floor_reached":16,"language":"ENG","playtime":315,"items_purged":[],"score":102,"play_id":"13ade49c-39c7-4b8c-bc55-69815a71da90","local_time":"20210202170645","is_ascension_mode":false,"campfire_choices":[{"data":"UnstableBomb","floor":6,"key":"SMITH"},{"data":"UnstableBomb","floor":8,"key":"SMITH"},{"floor":15,"key":"REST"}],"circlet_count":0,"master_deck":["Strike_MRS","Strike_MRS","Strike_MRS","Defend_MRS","Defend_MRS","Defend_MRS","Defend_MRS","MasterSpark","UpSweep","UnstableBomb+1","UnstableBomb+1","AsteroidBelt","MysteriousBeam"],"relics":["MiniHakkero","Anchor","Bronze Scales"],"acts_visited":["Exordium"],"potions_floor_usage":[4,10,12],"damage_taken":[{"damage":2,"enemies":"Small Slimes","floor":1,"turns":4},{"damage":1,"enemies":"2 Louse","floor":3,"turns":3},{"damage":0,"enemies":"Cultist","floor":4,"turns":1},{"damage":7,"enemies":"Large Slime","floor":10,"turns":3},{"damage":21,"enemies":"Lagavulin","floor":12,"turns":5},{"damage":0,"enemies":"Blue Slaver","floor":13,"turns":3},{"damage":0,"enemies":"Looter","floor":14,"turns":3},{"damage":21,"enemies":"Hexaghost","floor":16,"turns":6}],"seed_played":"-1185717019099700759","potions_obtained":[{"floor":1,"key":"SteroidPotion"},{"floor":3,"key":"Fire Potion"},{"floor":7,"key":"DuplicationPotion"},{"floor":7,"key":"EssenceOfSteel"}],"is_trial":true,"path_per_floor":["M","?","M","M","?","R","?","R","T","M","?","E","M","M","R","B"],"character_chosen":"MARISA","items_purchased":[],"campfire_rested":1,"item_purchase_floors":[],"current_hp_per_floor":[73,66,65,65,54,54,54,54,54,47,52,31,31,31,55,34,34],"gold":295,"neow_bonus":"","is_daily":false,"chose_seed":false,"campfire_upgraded":2,"win_rate":0.0,"timestamp":1612282005,"path_taken":["M","?","M","M","?","R","?","R","T","?","?","E","M","M","R","BOSS"],"items_purchased_type":[],"build_version":"2020-12-22","purchased_purges":0,"victory":false,"max_hp_per_floor":[75,75,75,75,75,75,75,75,75,75,80,80,80,80,80,80,80],"card_choices":[{"not_picked":["SprinkleStarSeal","WitchLeyline","DoubleSpark"],"picked":"SKIP","floor":1},{"not_picked":["AsteroidBelt","IllusionStar"],"picked":"UnstableBomb","floor":3},{"not_picked":["WitchLeyline","GalacticHalo"],"picked":"UnstableBomb","floor":4},{"not_picked":["WitchOfGreed","MagicChant","Robbery"],"picked":"SKIP","floor":10},{"not_picked":["FairyDestructionRay","BigCrunch"],"picked":"AsteroidBelt","floor":12},{"not_picked":["NonDirectionalLaser","DoubleSpark","EnergyRecoil"],"picked":"SKIP","floor":13},{"not_picked":["GrandCross","DarkMatter"],"picked":"MysteriousBeam","floor":14}],"player_experience":29667,"relics_obtained":[{"floor":9,"key":"Anchor"},{"floor":12,"key":"Bronze Scales"}],"event_choices":[{"cards_removed":["Strike_MRS"],"damage_healed":0,"gold_gain":0,"player_choice":"Card Removal","damage_taken":7,"max_hp_gain":0,"max_hp_loss":0,"event_name":"Golden Wing","floor":2,"gold_loss":0},{"damage_healed":0,"gold_gain":75,"player_choice":"Gather Gold","damage_taken":11,"max_hp_gain":0,"max_hp_loss":0,"event_name":"World of Goop","floor":5,"gold_loss":0},{"damage_healed":0,"gold_gain":0,"player_choice":"Got Potions","damage_taken":0,"max_hp_gain":0,"max_hp_loss":0,"event_name":"Lab","floor":7,"gold_loss":0},{"damage_healed":0,"gold_gain":0,"player_choice":"Donut","damage_taken":0,"max_hp_gain":5,"max_hp_loss":0,"event_name":"Big Fish","floor":11,"gold_loss":0}],"is_beta":false,"boss_relics":[],"items_purged_floors":[],"is_endless":false,"potions_floor_spawned":[1,3],"killed_by":"Hexaghost","ascension_level":0}}