{"host":"n0aqkby80ppfgdru","time":1612227792,"event":{"mods":["BaseMod","Block Reminder","Minty Spire (QoL Compilation)","Permanent Neow","Quick Restart"],"gold_per_floor":[113,128,141,141,155,155,169,187,187,112,125,125,168,190,190,272,281,295,340,358,426,449,449,476,526,526,544,574,599,610,619,619,619,619],"floor_reached":33,"language":"ENG","playtime":2064,"items_purged":["Strike_G"],"score":531,"play_id":"085bf682-9234-4739-a8ce-7e07eafd3f42","local_time":"20210201200312","is_ascension_mode":true,"campfire_choices":[{"floor":6.0,"key":"REST"},{"floor":12.0,"key":"REST"},{"floor":15.0,"key":"REST"},{"data":"Adrenaline","floor":23.0,"key":"SMITH"},{"data":"Bouncing Flask","floor":32.0,"key":"SMITH"}],"circlet_count":0,"master_deck":["AscendersBane","Defend_G","Defend_G+1","Defend_G+1","Defend_G","Survivor","Neutralize","Acrobatics","Underhanded Strike","Predator","Reflex","Bouncing Flask+1","Night Terror","CurseOfTheBell","Bite","Bite","Bite","Bite","Bite","Adrenaline+1","Backflip","Bouncing Flask","Leg Sweep"],"relics":["Snecko Eye","Akabeko","CeramicFish","Calling Bell","Nunchaku","Singing Bowl","Incense Burner","Pear","PreservedInsect","Matryoshka","Red Mask","White Beast Statue"],"acts_visited":["Exordium","TheCity"],"potions_floor_usage":[],"damage_taken":[{"damage":4.0,"enemies":"Small Slimes","floor":1.0,"turns":4.0},{"damage":0.0,"enemies":"Jaw Worm","floor":2.0,"turns":4.0},{"damage":0.0,"enemies":"2 Louse","floor":3.0,"turns":3.0},{"damage":21.0,"enemies":"Exordium Wildlife","floor":5.0,"turns":11.0},{"damage":5.0,"enemies":"Large Slime","floor":7.0,"turns":10.0},{"damage":0.0,"enemies":"Looter","floor":8.0,"turns":3.0},{"damage":4.0,"enemies":"Exordium Wildlife","floor":11.0,"turns":3.0},{"damage":9.0,"enemies":"Lagavulin","floor":13.0,"turns":5.0},{"damage":7.0,"enemies":"Large Slime","floor":14.0,"turns":6.0},{"damage":16.0,"enemies":"Slime Boss","floor":16.0,"turns":9.0},{"damage":0.0,"enemies":"Spheric Guardian","floor":18.0,"turns":2.0},{"damage":0.0,"enemies":"3 Byrds","floor":22.0,"turns":7.0},{"damage":8.0,"enemies":"Book of Stabbing","floor":24.0,"turns":4.0},{"damage":7.0,"enemies":"Centurion and Healer","floor":27.0,"turns":5.0},{"damage":12.0,"enemies":"Masked Bandits","floor":28.0,"turns":7.0},{"damage":32.0,"enemies":"Slavers","floor":29.0,"turns":3.0},{"damage":0.0,"enemies":"3 Cultists","floor":30.0,"turns":4.0},{"damage":78,"enemies":"Collector","floor":33,"turns":5}],"seed_played":"1915310555966029137","potions_obtained":[{"floor":1.0,"key":"PowerPotion"},{"floor":2.0,"key":"Fire Potion"},{"floor":7.0,"key":"ColorlessPotion"},{"floor":13.0,"key":"Energy Potion"},{"floor":18.0,"key":"Weak Potion"},{"floor":24.0,"key":"Dexterity Potion"},{"floor":30.0,"key":"BlessingOfTheForge"}],"is_trial":false,"path_per_floor":["M","M","M","?","M","R","M","M","T","$","M","R","E","M","R","B",null,"M","?","?","T","M","R","E","?","T","M","?","E","M","?","R","B"],"character_chosen":"THE_SILENT","items_purchased":[],"campfire_rested":3,"item_purchase_floors":[],"current_hp_per_floor":[55,55,55,35,14,33,28,28,28,28,24,43,34,27,46,30,57,59,47,47,57,57,57,59,59,59,61,61,45,61,61,61,0,0],"gold":619,"neow_bonus":"BOSS_RELIC","is_daily":false,"chose_seed":false,"campfire_upgraded":2,"win_rate":0.0,"timestamp":1612227792,"path_taken":["M","M","M","?","M","R","M","M","T","$","M","R","E","M","R","BOSS","M","?","?","?","M","R","E","?","T","?","?","E","M","?","R","BOSS"],"items_purchased_type":[],"build_version":"2020-12-22","purchased_purges":1,"victory":false,"max_hp_per_floor":[66,66,66,66,66,66,66,66,66,66,66,66,66,66,66,66,66,68,47,47,57,57,57,59,59,59,61,63,65,67,67,67,67,67],"card_choices":[{"not_picked":["Masterful Stab","Flechettes","Infinite Blades"],"picked":"SKIP","floor":1.0},{"not_picked":["Concentrate","Dagger Throw","Flying Knee"],"picked":"SKIP","floor":2.0},{"not_picked":["Sucker Punch","Outmaneuver"],"picked":"Acrobatics","floor":3.0},{"not_picked":["Prepared","Calculated Gamble"],"picked":"Reflex","floor":5.0},{"not_picked":["Choke","Phantasmal Killer"],"picked":"Underhanded Strike","floor":7.0},{"not_picked":["Bane","Poisoned Stab"],"picked":"Predator","floor":8.0},{"not_picked":["Bane","Deadly Poison","Quick Slash"],"picked":"SKIP","floor":11.0},{"not_picked":["Finisher","Acrobatics"],"picked":"Reflex","floor":13.0},{"not_picked":["Backstab","Sucker Punch"],"picked":"Bouncing Flask","floor":14.0},{"not_picked":["Envenom","Glass Knife"],"picked":"Night Terror","floor":16.0},{"not_picked":["Blade Dance","Sucker Punch","Skewer"],"picked":"Singing Bowl","floor":18.0},{"not_picked":["Deadly Poison","Cloak And Dagger"],"picked":"Bouncing Flask","floor":22.0},{"not_picked":["Finisher","Heel Hook","Dagger Throw"],"picked":"Singing Bowl","floor":24.0},{"not_picked":["Dagger Throw","Reflex","Quick Slash"],"picked":"Singing Bowl","floor":27.0},{"not_picked":["Slice","Terror","Reflex"],"picked":"Singing Bowl","floor":28.0},{"not_picked":["Dagger Spray","Finisher","PiercingWail"],"picked":"Singing Bowl","floor":29.0},{"not_picked":["Blade Dance+1","All Out Attack","Flying Knee"],"picked":"Singing Bowl","floor":30.0}],"player_experience":1277791,"relics_obtained":[{"floor":9.0,"key":"Akabeko"},{"floor":13.0,"key":"CeramicFish"},{"floor":17.0,"key":"Nunchaku"},{"floor":17.0,"key":"Singing Bowl"},{"floor":17.0,"key":"Incense Burner"},{"floor":21.0,"key":"Pear"},{"floor":24.0,"key":"PreservedInsect"},{"floor":26.0,"key":"Matryoshka"},{"floor":28.0,"key":"Red Mask"},{"floor":29.0,"key":"White Beast Statue"}],"event_choices":[{"damage_healed":0.0,"max_hp_gain":0.0,"max_hp_loss":0.0,"gold_gain":0.0,"event_name":"Shining Light","player_choice":"Entered Light","floor":4.0,"gold_loss":0.0,"damage_taken":20.0,"cards_upgraded":["Defend_G","Defend_G"]},{"damage_healed":0.0,"max_hp_gain":0.0,"max_hp_loss":21.0,"gold_gain":0.0,"event_name":"Vampires","player_choice":"Became a vampire","floor":19.0,"gold_loss":0.0,"damage_taken":0.0,"cards_obtained":["Bite","Bite","Bite","Bite","Bite"]},{"damage_healed":0.0,"max_hp_gain":0.0,"max_hp_loss":0.0,"gold_gain":0.0,"cards_transformed":["Reflex","Defend_G"],"event_name":"Drug Dealer","player_choice":"Became Test Subject","floor":20.0,"gold_loss":0.0,"damage_taken":0.0,"cards_obtained":["Adrenaline","Backflip"]},{"damage_healed":0.0,"max_hp_gain":0.0,"max_hp_loss":0.0,"gold_gain":50.0,"event_name":"Nest","player_choice":"Stole From Cult","floor":25.0,"gold_loss":0.0,"damage_taken":0.0},{"damage_healed":0.0,"max_hp_gain":0.0,"max_hp_loss":0.0,"gold_gain":0.0,"event_name":"Masked Bandits","player_choice":"Fought Bandits","floor":28.0,"gold_loss":0.0,"damage_taken":0.0},{"damage_healed":0.0,"max_hp_gain":0.0,"max_hp_loss":0.0,"gold_gain":0.0,"event_name":"The Library","player_choice":"Read","floor":31.0,"gold_loss":0.0,"damage_taken":0.0,"cards_obtained":["Leg Sweep"]}],"is_beta":false,"boss_relics":[{"not_picked":["Tiny House","Empty Cage"],"picked":"Calling Bell"}],"items_purged_floors":[10],"is_endless":false,"potions_floor_spawned":[1,2,7,11,13,14,18,24,30],"killed_by":"Collector","ascension_level":15}}