{"host":"r53pw7z744tg3fxg","time":1612230655,"event":{"mods":["AchievementEnabler","BaseMod","Colored Map","Colored Powertips","Highlight Path","Minty Spire (QoL Compilation)","Quick Restart","Transform Curses"],"gold_per_floor":[109,126,145,160,176,210,210,236,236,236,236,236,265,279,279,353,353,363,382,382,382,382,382,411,84,84,101,101,121,140,59,59,59,59],"floor_reached":33,"language":"ENG","playtime":1059,"items_purged":[],"score":640,"play_id":"d2bcbb96-1fbb-400d-ac28-206bd322ba02","local_time":"20210201185055","is_ascension_mode":true,"campfire_choices":[{"floor":7.0,"key":"REST"},{"data":"Eruption","floor":10.0,"key":"SMITH"},{"data":"BowlingBash","floor":12.0,"key":"SMITH"},{"data":"Wallop","floor":15.0,"key":"SMITH"},{"floor":23.0,"key":"REST"},{"floor":28.0,"key":"REST"},{"floor":32.0,"key":"REST"}],"circlet_count":0,"master_deck":["AscendersBane","Strike_P","Strike_P","Strike_P","Strike_P","Defend_P","Defend_P","Defend_P","Defend_P","Eruption+1","Vigilance","Dramatic Entrance+1","EmptyBody","BowlingBash+1","FlurryOfBlows","FollowUp","WindmillStrike","CutThroughFate","Protect+1","Wallop+1","Judgement+1","SashWhip","Writhe","ForeignInfluence+1","PathToVictory+1","ClearTheMind+1","CarveReality+1","Madness+1"],"relics":["PureWater","Pear","Darkstone Periapt","Toxic Egg 2","Orichalcum","FossilizedHelix","Yang","Lantern","Kunai","CeramicFish"],"acts_visited":["Exordium","TheCity"],"potions_floor_usage":[33],"damage_taken":[{"damage":0.0,"enemies":"2 Louse","floor":1.0,"turns":3.0},{"damage":0.0,"enemies":"Cultist","floor":2.0,"turns":3.0},{"damage":2.0,"enemies":"Jaw Worm","floor":3.0,"turns":4.0},{"damage":0.0,"enemies":"Blue Slaver","floor":4.0,"turns":1.0},{"damage":0.0,"enemies":"Exordium Wildlife","floor":5.0,"turns":1.0},{"damage":30.0,"enemies":"3 Sentries","floor":6.0,"turns":8.0},{"damage":0.0,"enemies":"Gremlin Nob","floor":8.0,"turns":2.0},{"damage":0.0,"enemies":"3 Sentries","floor":13.0,"turns":2.0},{"damage":0.0,"enemies":"Gremlin Gang","floor":14.0,"turns":3.0},{"damage":29.0,"enemies":"The Guardian","floor":16.0,"turns":11.0},{"damage":15.0,"enemies":"Shell Parasite","floor":18.0,"turns":4.0},{"damage":0.0,"enemies":"Spheric Guardian","floor":19.0,"turns":3.0},{"damage":38.0,"enemies":"Book of Stabbing","floor":24.0,"turns":5.0},{"damage":7.0,"enemies":"Centurion and Healer","floor":27.0,"turns":4.0},{"damage":9.0,"enemies":"Cultist and Chosen","floor":29.0,"turns":5.0},{"damage":15.0,"enemies":"Snake Plant","floor":30.0,"turns":5.0},{"damage":64,"enemies":"Automaton","floor":33,"turns":6}],"seed_played":"-5920688727542242280","potions_obtained":[{"floor":2.0,"key":"Energy Potion"},{"floor":3.0,"key":"SteroidPotion"},{"floor":6.0,"key":"AttackPotion"},{"floor":14.0,"key":"Block Potion"},{"floor":18.0,"key":"AttackPotion"},{"floor":19.0,"key":"SteroidPotion"},{"floor":24.0,"key":"Fire Potion"},{"floor":30.0,"key":"EssenceOfSteel"}],"is_trial":false,"path_per_floor":["M","M","M","M","M","E","R","E","T","R","?","R","E","M","R","B",null,"M","M","?","?","T","R","E","$","T","M","R","M","M","$","R","B"],"character_chosen":"WATCHER","items_purchased":["Kunai","PathToVictory+1","Madness+1"],"campfire_rested":4,"item_purchase_floors":[25,25,31],"current_hp_per_floor":[61,61,59,59,59,39,62,62,62,62,62,62,62,62,62,33,67,52,52,52,58,58,83,45,45,45,38,63,54,39,39,64,0,0],"gold":59,"neow_bonus":"RANDOM_COLORLESS","is_daily":false,"chose_seed":false,"campfire_upgraded":3,"win_rate":0.0,"timestamp":1612230655,"path_taken":["M","M","M","M","M","E","R","E","T","R","?","R","E","?","R","BOSS","M","M","?","?","?","R","E","$","T","M","R","M","M","?","R","BOSS"],"items_purchased_type":["Relic","Card","Card"],"build_version":"2020-12-22","purchased_purges":0,"victory":false,"max_hp_per_floor":[68,68,68,68,68,78,78,78,78,78,78,78,78,78,78,78,78,78,78,78,84,84,84,84,84,84,84,84,84,84,84,84,84,84],"card_choices":[{"not_picked":["Trip","Jack Of All Trades"],"picked":"Dramatic Entrance","floor":0.0},{"not_picked":["FlyingSleeves","EmptyFist"],"picked":"EmptyBody","floor":1.0},{"not_picked":["FollowUp","Sanctity"],"picked":"BowlingBash","floor":2.0},{"not_picked":["PathToVictory","Indignation"],"picked":"FlurryOfBlows","floor":3.0},{"not_picked":["Collect","JustLucky","MentalFortress"],"picked":"SKIP","floor":4.0},{"not_picked":["Halt","Weave"],"picked":"FollowUp","floor":5.0},{"not_picked":["CutThroughFate","Meditate"],"picked":"WindmillStrike","floor":6.0},{"not_picked":["FlurryOfBlows","Study"],"picked":"CutThroughFate","floor":8.0},{"not_picked":["Indignation+1","Weave"],"picked":"Protect+1","floor":13.0},{"not_picked":["Pray+1","ClearTheMind+1"],"picked":"Wallop","floor":14.0},{"not_picked":["Blasphemy+1","Brilliance"],"picked":"Judgement+1","floor":16.0},{"not_picked":["FlyingSleeves","WreathOfFlame+1","JustLucky+1"],"picked":"SKIP","floor":18.0},{"not_picked":["EmptyFist","Weave"],"picked":"SashWhip","floor":19.0},{"not_picked":["InnerPeace+1","Crescendo+1"],"picked":"ForeignInfluence+1","floor":24.0},{"not_picked":["Nirvana","CrushJoints+1","EmptyFist"],"picked":"SKIP","floor":27.0},{"not_picked":["FollowUp","EmptyFist"],"picked":"ClearTheMind+1","floor":29.0},{"not_picked":["EmptyFist","PathToVictory+1"],"picked":"CarveReality+1","floor":30.0}],"player_experience":1415885,"relics_obtained":[{"floor":6.0,"key":"Pear"},{"floor":8.0,"key":"Darkstone Periapt"},{"floor":9.0,"key":"Toxic Egg 2"},{"floor":13.0,"key":"Orichalcum"},{"floor":22.0,"key":"Yang"},{"floor":24.0,"key":"Lantern"},{"floor":26.0,"key":"CeramicFish"}],"event_choices":[{"damage_healed":0.0,"max_hp_gain":0.0,"max_hp_loss":0.0,"gold_gain":0.0,"event_name":"Upgrade Shrine","player_choice":"Upgraded","floor":11.0,"gold_loss":0.0,"damage_taken":0.0,"cards_upgraded":["Dramatic Entrance"]},{"damage_healed":0.0,"max_hp_gain":0.0,"max_hp_loss":0.0,"gold_gain":0.0,"event_name":"Beggar","player_choice":"Ignored","floor":20.0,"gold_loss":0.0,"damage_taken":0.0},{"damage_healed":0.0,"max_hp_gain":0.0,"max_hp_loss":0.0,"gold_gain":0.0,"event_name":"The Mausoleum","player_choice":"Opened","floor":21.0,"gold_loss":0.0,"damage_taken":0.0,"relics_obtained":["FossilizedHelix"],"cards_obtained":["Writhe"]}],"is_beta":false,"boss_relics":[{"not_picked":["Runic Dome","Philosopher\u0027s Stone","Snecko Eye"]}],"items_purged_floors":[],"is_endless":false,"potions_floor_spawned":[2,3,6,14,18,19,24,30],"killed_by":"Automaton","ascension_level":18}}