{"host":"bxdue9bkfm2khp2x","time":1612278405,"event":{"mods":["ATMod(阿瑾Mod)","Arknights","Aspiration","BaseMod","Better Vampires","Challenge The Spire","Colored Map","Colored Powertips","Conspire","Decade(王小明)","Dota2Spire","Highlight Path","Minty Spire (QoL Compilation)","MostiFishMod","Reliquary","Remilia（蕾米莉亚）","Replay The Spire","RumiaBox-露米娅的神秘盒子","Ryuuou龙王","Spicy Shops","StSLib","Td1madao Mod","The Alterego","The Bug Knight","The Cursed","The Servant 0.9.4","WarShipGirlsR/战舰少女R mod","Wide Potions","noobMod","【功能Mod】混沌之环修复补丁","【遗物卡牌】REMEMod","残留之物","篝火指南"],"gold_per_floor":[212,202,49,65,82,82,103,132,156,156,191,191,207,240,240,318,318,334,354,354,368,380,380,400,400,400,400,49,49,49,65,65,138,138,153,169,81,94,107,140,140,170,170,182,182,182],"floor_reached":45,"language":"ZHS","playtime":6854,"items_purged":["Decay","AT_LightSaberMaster","rmod:strick","rmod:defend","rmod:maingunfire"],"score":1193,"play_id":"c4bf1f1d-7f2e-4cfc-92e8-2ba5016e6185","local_time":"20210202230645","is_ascension_mode":true,"campfire_choices":[{"data":"rmod:expedition","floor":6.0,"key":"SMITH"},{"data":"rmod:expedition+1","floor":10.0,"key":"SMITH"},{"data":"rmod:expedition+2","floor":12.0,"key":"SMITH"},{"data":"ReplayUltimateDefense","floor":15.0,"key":"SMITH"},{"data":"rmod:aluminumsupply","floor":23.0,"key":"SMITH"},{"data":"rmod:diaomin","floor":25.0,"key":"SMITH"},{"data":"rmod:advancebysurprise","floor":27.0,"key":"SMITH"},{"data":"rmod:basicallowance","floor":32.0,"key":"SMITH"},{"data":"rmod:supportescort","floor":41,"key":"SMITH"}],"circlet_count":0,"master_deck":["AscendersBane","rmod:defend","rmod:defend","rmod:defend","rmod:basicallowance+1","ReplayUltimateDefense+1","rmod:aviationdawn","rmod:diaomin+1","rmod:expedition+3","rmod:advancebysurprise+1","rmod:aluminumsupply+1","rmod:stealaluminum+1","rmod:secretscript+1","rmod:highspeedmaneuver","rmod:intelligenceanalysis","rmod:supportescort+1","rmod:lonelyqueen"],"relics":["rmod:firstchargereward","DaveBox","REME_ComplimentaryCards","ice","AT_ATBox","RhineCircuit","SynthV:TestCard","Membership Card","Odd Mushroom","Dota2Spire:MagicBottle","ZombieArmy","Frozen Egg 2","Strawberry","Question Card","reliquary:TridentHead","Dota2Spire:PowerTreads","Empty Cage","WingedGreaves","Dota2Spire:PhaseBoots","Gremlin Food"],"acts_visited":["Exordium","TheCity","TheBeyond"],"potions_floor_usage":[],"damage_taken":[{"damage":0.0,"enemies":"2 Louse","floor":1.0,"turns":3.0},{"damage":2.0,"enemies":"conspire:RoseBush","floor":4.0,"turns":3.0},{"damage":4.0,"enemies":"Small Slimes","floor":5.0,"turns":3.0},{"damage":6.0,"enemies":"The Mushroom Lair","floor":7.0,"turns":5.0},{"damage":19.0,"enemies":"Replay:BlueRogue","floor":8.0,"turns":4.0},{"damage":0.0,"enemies":"conspire:MimicChest","floor":11.0,"turns":5.0},{"damage":2.0,"enemies":"3 Louse","floor":13.0,"turns":3.0},{"damage":25.0,"enemies":"Lagavulin","floor":14.0,"turns":5.0},{"damage":0.0,"enemies":"Slime Boss","floor":16.0,"turns":5.0},{"damage":27.0,"enemies":"3 Byrds","floor":18.0,"turns":5.0},{"damage":0.0,"enemies":"Snake Plant","floor":19.0,"turns":5.0},{"damage":53.0,"enemies":"Shelled Parasite and Fungi","floor":21.0,"turns":6.0},{"damage":2.0,"enemies":"conspire:HollyBat","floor":22.0,"turns":5.0},{"damage":30.0,"enemies":"Centurion and Healer","floor":24.0,"turns":6.0},{"damage":45.0,"enemies":"Snake Plant","floor":31.0,"turns":5.0},{"damage":0.0,"enemies":"conspire:MysteriousRune","floor":33.0,"turns":6.0},{"damage":16.0,"enemies":"3 Darklings","floor":35.0,"turns":5.0},{"damage":4.0,"enemies":"3 Shapes","floor":36.0,"turns":6.0},{"damage":9.0,"enemies":"Spire Growth","floor":38.0,"turns":6.0},{"damage":39,"enemies":"4 Shapes","floor":39,"turns":5},{"damage":22,"enemies":"Nemesis","floor":40,"turns":9},{"damage":0,"enemies":"Giant Head","floor":42,"turns":6},{"damage":54,"enemies":"Jaw Worm Horde","floor":44,"turns":5}],"seed_played":"617898060048950513","potions_obtained":[{"floor":4.0,"key":"EntropicBrew"},{"floor":11.0,"key":"Death Potion"},{"floor":13.0,"key":"BlessingOfTheForge"},{"floor":16.0,"key":"Elixir"},{"floor":21.0,"key":"Swift Potion"},{"floor":22.0,"key":"Regen Potion"},{"floor":36.0,"key":"Dexterity Potion"}],"is_trial":false,"path_per_floor":["M","?","$","M","M","R","?","E","T","R","?","R","M","E","R","B",null,"M","M","?","M","M","R","M","R","T","R","$","?","$","M","R","B",null,"M","M","$","M","M","E","R","E","T","M","?"],"character_chosen":"PRAEFECT","items_purchased":["Membership Card","reliquary:TridentHead","Dota2Spire:PowerTreads"],"campfire_rested":0,"item_purchase_floors":[3,28,28],"current_hp_per_floor":[63,63,63,61,57,57,51,32,32,32,32,32,30,12,12,21,63,36,36,40,63,61,61,46,46,46,46,46,46,46,1,1,79,81,65,61,61,52,13,82,82,82,82,28,0,0],"gold":182,"neow_bonus":"HUNDRED_GOLD","is_daily":false,"chose_seed":false,"campfire_upgraded":9,"win_rate":0.0,"timestamp":1612278405,"path_taken":["M","?","$","M","M","R","?","E","T","R","?","R","?","E","R","BOSS","M","M","?","M","?","R","M","R","T","R","$","?","?","M","R","BOSS","M","M","$","M","M","E","R","E","T","M","?"],"items_purchased_type":["Relic","Relic","Relic"],"build_version":"2020-12-22","purchased_purges":5,"victory":false,"max_hp_per_floor":[70,70,70,70,70,70,70,70,70,70,70,70,70,77,77,77,77,77,77,77,78,79,79,79,79,79,79,79,79,79,79,79,81,81,92,99,99,104,104,109,109,111,111,119,119,119],"card_choices":[{"not_picked":["rmod:wife","rmod:victimresponsibility"],"picked":"rmod:aviationdawn","floor":1.0},{"not_picked":[],"picked":"rmod:diaomin","floor":2.0},{"not_picked":["rmod:aviationdawn","rmod:ammunitionsupply","rmod:highspeedshooting","rmod:wasp"],"picked":"rmod:expedition","floor":4.0},{"not_picked":["rmod:expedition","rmod:bulid","rmod:steelsupply","rmod:gendarmerie"],"picked":"rmod:advancebysurprise","floor":5.0},{"not_picked":["rmod:combined","rmod:overbreakdown","rmod:aggressivemary","rmod:mineteam","rmod:victimresponsibility"],"picked":"SKIP","floor":8.0},{"not_picked":["rmod:supportaircraftcarrier","rmod:shuttlebombing","rmod:supportescort","rmod:lonelyqueen"],"picked":"rmod:aluminumsupply","floor":11.0},{"not_picked":["rmod:goodsister+1","rmod:punchline","rmod:concentratefire","rmod:selfconfidence","rmod:ring"],"picked":"SKIP","floor":13.0},{"not_picked":["rmod:ring","rmod:aviationdawn","rmod:launchingtorpedo","rmod:victimresponsibility"],"picked":"rmod:stealaluminum+1","floor":14.0},{"not_picked":["rmod:ridicule","rmod:auspiciousomen","rmod:timeschanged","rmod:supriseattacks"],"picked":"rmod:secretscript+1","floor":16.0},{"not_picked":["rmod:advancebysurprise+1","rmod:supportescort","rmod:concentratefire+1","rmod:firesupport","rmod:tearstotiara"],"picked":"SKIP","floor":18.0},{"not_picked":["rmod:aviationdawn","rmod:maintain","rmod:victimresponsibility","rmod:fuelsupply","rmod:circuitoustactics"],"picked":"SKIP","floor":19.0},{"not_picked":["rmod:unsinkable","rmod:aggressivemary+1","rmod:heivgo+1","rmod:aviationdawn","rmod:salvage"],"picked":"SKIP","floor":21.0},{"not_picked":["rmod:ring","rmod:highspeedshooting","rmod:tearstotiara","rmod:concentratefire","rmod:diaomin"],"picked":"SKIP","floor":22.0},{"not_picked":["rmod:rockthrower","rmod:wasp+1","rmod:circuitoustactics+1","rmod:ring","rmod:luckystar"],"picked":"SKIP","floor":24.0},{"not_picked":["rmod:luckystar","rmod:wife","rmod:fuelsupply","rmod:combined","rmod:tearstotiara","rmod:steelsupply"],"picked":"SKIP","floor":31.0},{"not_picked":["rmod:secretscript+1","rmod:saltedfish","rmod:ridicule","rmod:windflower","rmod:timeschanged"],"picked":"rmod:highspeedmaneuver","floor":33.0},{"not_picked":["rmod:goodfighter","rmod:aggressivemary","rmod:slowdown","rmod:expedition+1","rmod:fuelsupply"],"picked":"rmod:intelligenceanalysis","floor":35.0},{"not_picked":["rmod:firesupport+1","rmod:circuitoustactics","rmod:ammunitionsupply+1","rmod:tearstotiara","rmod:goodfighter","rmod:combined"],"picked":"SKIP","floor":36.0},{"not_picked":["rmod:combined","rmod:wasp+1","rmod:selfconfidence","rmod:wolves+1","rmod:concentratefire"],"picked":"rmod:supportescort","floor":38.0},{"not_picked":["rmod:ammunitionsupply","rmod:heivgo","rmod:expedition+1","rmod:fletcherpendant","rmod:launchingtorpedo","rmod:aluminumsupply"],"picked":"SKIP","floor":39},{"not_picked":["rmod:smokecover","rmod:victimresponsibility+1","rmod:openingtorpedo","rmod:luckystar","rmod:firesupport","rmod:steelsupply"],"picked":"SKIP","floor":40},{"not_picked":["rmod:ammunitionsupply","rmod:shuttlebombing","rmod:salvage","rmod:diaomin","rmod:guardianhero+1","rmod:expedition+1"],"picked":"SKIP","floor":42},{"not_picked":["rmod:aggressivemary","rmod:auspiciousomen","rmod:guardianhero+1","rmod:steelsupply","rmod:combined"],"picked":"rmod:lonelyqueen","floor":44}],"player_experience":1408257,"relics_obtained":[{"floor":1.0,"key":"SynthV:TestCard"},{"floor":7.0,"key":"Odd Mushroom"},{"floor":8.0,"key":"Dota2Spire:MagicBottle"},{"floor":9.0,"key":"ZombieArmy"},{"floor":11.0,"key":"Frozen Egg 2"},{"floor":14.0,"key":"Strawberry"},{"floor":26.0,"key":"Question Card"},{"floor":40,"key":"WingedGreaves"},{"floor":42,"key":"Dota2Spire:PhaseBoots"},{"floor":43,"key":"Gremlin Food"}],"event_choices":[{"damage_healed":0.0,"max_hp_gain":0.0,"max_hp_loss":0.0,"gold_gain":0.0,"event_name":"Mushrooms","player_choice":"Fought Mushrooms","floor":7.0,"gold_loss":0.0,"damage_taken":0.0},{"cards_removed":["rmod:strick"],"damage_healed":0.0,"max_hp_gain":0.0,"max_hp_loss":0.0,"gold_gain":0.0,"event_name":"Bonfire Elementals","player_choice":"Offered Basic","floor":29.0,"gold_loss":0.0,"damage_taken":0.0}],"is_beta":false,"boss_relics":[{"not_picked":["Replay:Ancient Bell","ChewingGum","Snecko Eye"]},{"not_picked":["SacredBark","Cursed Key"],"picked":"Empty Cage"}],"items_purged_floors":[3,3,28,28,37],"is_endless":false,"potions_floor_spawned":[4,11,13,14,16,21,22,36,38,39,44],"ascension_level":16}}