{"host":"6xsbn6ynqlzwllfm","time":1612280288,"event":{"mods":["2.2 Compatiblity","BaseMod","Bestiary","Colored Map","Colored Powertips","Curses Come First","Highlight Path","Keyboard Shortcuts","Minty Spire (QoL Compilation)","Relic Stats","Slay the Relics Exporter","StSLib","SuperFastMode"],"gold_per_floor":[114,124,124,143,218,248,248,248,248,248,248,248],"floor_reached":11,"language":"ENG","playtime":204,"items_purged":[],"score":142,"play_id":"a18dbbf4-7373-4d74-a6f0-82abbef936ca","local_time":"20210202103808","is_ascension_mode":true,"campfire_choices":[{"data":"Chill","floor":10,"key":"SMITH"}],"circlet_count":0,"master_deck":["AscendersBane","Strike_B","Strike_B","Strike_B","Defend_B","Defend_B","Defend_B","Defend_B","Zap","Dualcast","Ball Lightning","Undo","Ball Lightning","Coolheaded","Chill+1"],"relics":["Philosopher\u0027s Stone","Letter Opener","Pantograph"],"acts_visited":["Exordium"],"potions_floor_usage":[6,11],"damage_taken":[{"damage":0,"enemies":"Cultist","floor":1,"turns":3},{"damage":8,"enemies":"Jaw Worm","floor":2,"turns":2},{"damage":0,"enemies":"Small Slimes","floor":4,"turns":3},{"damage":33,"enemies":"Gremlin Nob","floor":6,"turns":4},{"damage":13,"enemies":"3 Sentries","floor":11,"turns":5}],"seed_played":"2752085461354895991","potions_obtained":[{"floor":1,"key":"DuplicationPotion"},{"floor":6,"key":"DistilledChaos"}],"is_trial":false,"path_per_floor":["M","M","?","M","?","E","?","?","T","R","E"],"character_chosen":"DEFECT","items_purchased":[],"campfire_rested":0,"item_purchase_floors":[],"current_hp_per_floor":[64,56,56,56,45,12,12,12,12,12,0,0],"gold":248,"neow_bonus":"BOSS_RELIC","is_daily":false,"chose_seed":false,"campfire_upgraded":1,"win_rate":0.0,"timestamp":1612280288,"path_taken":["M","?","?","M","?","E","?","?","T","R","E"],"items_purchased_type":[],"build_version":"2020-12-22","purchased_purges":0,"victory":false,"max_hp_per_floor":[71,71,71,71,71,71,71,71,71,71,71,71],"relic_stats":{"counters":[5,17],"Pantograph":0,"Letter Opener":[15],"obtain_stats":[{"Pantograph":9,"Philosopher\u0027s Stone":0,"Letter Opener":6,"Cracked Core":0},{"Pantograph":4,"Philosopher\u0027s Stone":0,"Letter Opener":4,"Cracked Core":0},{"Pantograph":12,"Philosopher\u0027s Stone":0,"Letter Opener":12,"Cracked Core":0}]},"card_choices":[{"not_picked":["Hello World","Barrage"],"picked":"Ball Lightning","floor":1},{"not_picked":["Turbo","Loop"],"picked":"Undo","floor":2},{"not_picked":["Barrage","Compile Driver"],"picked":"Ball Lightning","floor":4},{"not_picked":["Skim","Rebound"],"picked":"Coolheaded","floor":6}],"player_experience":1375506,"relics_obtained":[{"floor":6,"key":"Letter Opener"},{"floor":9,"key":"Pantograph"}],"event_choices":[{"damage_healed":0,"gold_gain":0,"player_choice":"Ignored","damage_taken":0,"max_hp_gain":0,"max_hp_loss":0,"event_name":"Liars Game","floor":3,"gold_loss":0},{"damage_healed":0,"gold_gain":75,"player_choice":"Gather Gold","damage_taken":11,"max_hp_gain":0,"max_hp_loss":0,"event_name":"World of Goop","floor":5,"gold_loss":0},{"damage_healed":0,"gold_gain":0,"cards_transformed":["Strike_B"],"player_choice":"Change","damage_taken":0,"max_hp_gain":0,"max_hp_loss":0,"event_name":"Living Wall","floor":7,"gold_loss":0,"cards_obtained":["Chill"]},{"damage_healed":0,"gold_gain":0,"player_choice":"Ignored","damage_taken":0,"max_hp_gain":0,"max_hp_loss":0,"event_name":"Shining Light","floor":8,"gold_loss":0}],"is_beta":false,"boss_relics":[],"items_purged_floors":[],"is_endless":false,"potions_floor_spawned":[1,6],"killed_by":"3 Sentries","ascension_level":20}}