{"host":"Berg","time":1612271643,"event":{"mods":["AchievementEnabler","BaseMod","Colored Map","Downfall","Gremlin Skip","Highlight Path","Minty Spire (QoL Compilation)","Relic Stats","StSLib"],"gold_per_floor":[99,99,99,99,54,88,140,140,3,17,17,32,32,47,63,63,63,63],"floor_reached":16,"language":"ENG","playtime":914,"items_purged":["Pain"],"score":98,"play_id":"d8a2ff28-c85c-4ee6-ab0a-37f361529b13","local_time":"20210202081403","is_ascension_mode":false,"campfire_choices":[{"data":"Guardian:TwinSlam","floor":1,"key":"SMITH"},{"data":"Guardian:RollAttack","floor":13,"key":"SMITH"}],"circlet_count":0,"master_deck":["Guardian:Strike_Guardian","Guardian:Strike_Guardian","Guardian:Strike_Guardian","Guardian:Defend_Guardian","Guardian:Defend_Guardian","Guardian:Defend_Guardian","Guardian:Defend_Guardian","Guardian:CurlUp","Guardian:TwinSlam+1","Guardian:TimeBomb+1","Guardian:PrimingBeam","Guardian:AncientConstruct","Guardian:RollAttack+1","Guardian:DonusPower+1","Guardian:Suspension","Guardian:SentryBeam","Guardian:Incinerate","Guardian:Gem_Lightblue","Guardian:Reroute"],"relics":["Guardian:ModeShifter","downfall:HeartsMalice","WarpedTongs","Blue Candle","War Paint"],"acts_visited":["Exordium"],"potions_floor_usage":[],"damage_taken":[{"damage":0,"enemies":"2 Louse","floor":2,"turns":1},{"damage":0,"enemies":"Cultist","floor":4,"turns":1},{"damage":0,"enemies":"downfall:FleeingMerchant","floor":5,"turns":1},{"damage":9,"enemies":"Lagavulin","floor":6,"turns":7},{"damage":11,"enemies":"downfall:FleeingMerchant","floor":9,"turns":4},{"damage":0,"enemies":"Jaw Worm","floor":10,"turns":5},{"damage":8,"enemies":"Red Slaver","floor":12,"turns":4},{"damage":6,"enemies":"Large Slime","floor":14,"turns":4},{"damage":5,"enemies":"Gremlin Gang","floor":15,"turns":4},{"damage":46,"enemies":"SI_SHIV_ARCHETYPE","floor":16,"turns":10}],"seed_played":"6743512717758094193","potions_obtained":[{"floor":10,"key":"SneckoOil"},{"floor":12,"key":"Guardian:AcceleratePotion"}],"is_trial":false,"path_per_floor":["R","M","?","M","$","E","T","?","$","M","?","M","R","M","M","B"],"character_chosen":"GUARDIAN","items_purchased":["Guardian:RollAttack","Guardian:Gem_Cyan"],"campfire_rested":0,"item_purchase_floors":[5,9],"current_hp_per_floor":[80,80,80,80,80,71,71,76,65,65,65,57,57,51,46,0,0,0],"gold":63,"neow_bonus":"THREE_ENEMY_KILL","is_daily":false,"chose_seed":false,"campfire_upgraded":2,"win_rate":0.0,"timestamp":1612271643,"path_taken":["R","M","?","?","$","E","T","?","$","M","?","M","R","?","M","BOSS"],"items_purchased_type":["Card","Card"],"build_version":"2020-12-18","purchased_purges":1,"victory":false,"max_hp_per_floor":[80,80,80,80,80,80,80,85,85,85,85,85,85,85,85,85,85,85],"relic_stats":{"counters":[10,38],"Blue Candle":[1],"War Paint":["Guardian:DonusPower","Guardian:TimeBomb"],"obtain_stats":[{"Blue Candle":6,"Guardian:ModeShifter":0,"downfall:HeartsMalice":0,"War Paint":7,"WarpedTongs":3},{"Blue Candle":4,"Guardian:ModeShifter":0,"downfall:HeartsMalice":0,"War Paint":4,"WarpedTongs":1},{"Blue Candle":7,"Guardian:ModeShifter":0,"downfall:HeartsMalice":0,"War Paint":7,"WarpedTongs":0}],"WarpedTongs":[38]},"card_choices":[{"not_picked":["Guardian:Orbwalk","Guardian:Gem_Cyan"],"picked":"Guardian:TimeBomb","floor":2},{"not_picked":["Guardian:SentryBeam","Guardian:Gem_Lightblue"],"picked":"Guardian:PrimingBeam","floor":4},{"not_picked":["Guardian:Gem_Lightblue","Guardian:Clone"],"picked":"Guardian:AncientConstruct","floor":5},{"not_picked":["Guardian:Preprogram","Guardian:BronzeArmor"],"picked":"Guardian:DonusPower","floor":6},{"not_picked":["Guardian:ShieldCharger","Guardian:AncientConstruct"],"picked":"Guardian:Suspension","floor":9},{"not_picked":["Guardian:Gem_Cyan","Guardian:Recover"],"picked":"Guardian:SentryBeam","floor":10},{"not_picked":["Guardian:TimeCapacitor","Guardian:PrismaticBeam"],"picked":"Guardian:Incinerate","floor":12},{"not_picked":["Guardian:Preprogram","Guardian:PrismaticBeam"],"picked":"Guardian:Gem_Lightblue","floor":14},{"not_picked":["Guardian:TemporalStrike","Guardian:SentryBeam"],"picked":"Guardian:Reroute","floor":15}],"player_experience":1378007,"relics_obtained":[{"floor":6,"key":"Blue Candle"},{"floor":7,"key":"War Paint"}],"event_choices":[{"damage_healed":0,"gold_gain":0,"player_choice":"Donut","damage_taken":0,"max_hp_gain":5,"max_hp_loss":0,"event_name":"Big Fish","floor":8,"gold_loss":0},{"cards_removed":["Guardian:Strike_Guardian"],"damage_healed":0,"gold_gain":0,"player_choice":"Card Removal","damage_taken":0,"max_hp_gain":0,"max_hp_loss":0,"event_name":"Wheel of Change","floor":11,"gold_loss":0}],"is_beta":true,"boss_relics":[],"items_purged_floors":[9],"is_endless":false,"potions_floor_spawned":[10,12],"killed_by":"SI_SHIV_ARCHETYPE","ascension_level":0}}