{"host":"sum4dy402bbv9y4o","time":1612226930,"event":{"mods":["Aspiration","BaseMod","Conspire","Highlight Path","Minty Spire (QoL Compilation)","StSLib"],"gold_per_floor":[111,124,124,18,29,62,62,77,104,138,138,24,47,57,57,57,57],"floor_reached":16,"language":"ENG","playtime":363,"items_purged":[],"score":270,"play_id":"d7e619e0-688f-4dca-a89e-2960f80dfd4d","local_time":"20210202034850","is_ascension_mode":true,"campfire_choices":[{"data":"Eruption","floor":7,"key":"SMITH"},{"data":"Wish","floor":15,"key":"SMITH"}],"circlet_count":0,"master_deck":["AscendersBane","Strike_P","Strike_P","Strike_P","Strike_P","Defend_P","Defend_P","Defend_P","Defend_P","Eruption+1","Vigilance","Wish+1","FollowUp","LikeWater","Consecrate","FlyingSleeves","FlyingSleeves","FlurryOfBlows","FlurryOfBlows","Adaptation","Consecrate","FlurryOfBlows"],"relics":["PureWater","Pear","Bag of Marbles","Boot","aspiration:ChemicalBlood"],"acts_visited":["Exordium"],"potions_floor_usage":[10,16],"damage_taken":[{"damage":0,"enemies":"Cultist","floor":1,"turns":3},{"damage":6,"enemies":"Jaw Worm","floor":2,"turns":4},{"damage":0,"enemies":"Small Slimes","floor":5,"turns":2},{"damage":0,"enemies":"Gremlin Nob","floor":6,"turns":3},{"damage":0,"enemies":"Looter","floor":8,"turns":2},{"damage":15,"enemies":"3 Sentries","floor":10,"turns":3},{"damage":9,"enemies":"Gremlin Gang","floor":14,"turns":4},{"damage":40,"enemies":"Hexaghost","floor":16,"turns":4}],"seed_played":"-3843141365799655952","potions_obtained":[{"floor":2,"key":"Strength Potion"},{"floor":5,"key":"PowerPotion"}],"is_trial":false,"path_per_floor":["M","M","?","$","M","E","R","M","T","E","?","$","T","M","R","B"],"character_chosen":"WATCHER","items_purchased":["Consecrate","FlyingSleeves","Adaptation","Consecrate"],"campfire_rested":0,"item_purchase_floors":[4,4,12,12],"current_hp_per_floor":[61,55,51,51,51,61,61,61,61,46,46,46,46,37,37,0,0],"gold":57,"neow_bonus":"ONE_RANDOM_RARE_CARD","is_daily":false,"chose_seed":false,"campfire_upgraded":2,"win_rate":0.0,"timestamp":1612226930,"path_taken":["M","M","?","$","M","E","R","M","T","E","?","$","?","M","R","BOSS"],"items_purchased_type":["Card","Card","Card","Card"],"build_version":"2020-12-22","purchased_purges":0,"victory":false,"max_hp_per_floor":[68,68,68,68,68,78,78,78,78,78,78,78,78,78,78,78,78],"card_choices":[{"not_picked":["Evaluate","WindmillStrike"],"picked":"FollowUp","floor":1},{"not_picked":["PathToVictory","WreathOfFlame"],"picked":"LikeWater","floor":2},{"not_picked":["PathToVictory","CrushJoints"],"picked":"FlyingSleeves","floor":5},{"not_picked":["Blasphemy","Adaptation"],"picked":"FlurryOfBlows","floor":6},{"not_picked":["FollowUp","Protect"],"picked":"FlurryOfBlows","floor":8},{"not_picked":["Fasting2","PathToVictory","JustLucky"],"picked":"SKIP","floor":10},{"not_picked":["WreathOfFlame","BattleHymn"],"picked":"FlurryOfBlows","floor":14}],"player_experience":3028897,"relics_obtained":[{"floor":6,"key":"Pear"},{"floor":9,"key":"Bag of Marbles"},{"floor":10,"key":"Boot"},{"floor":13,"key":"aspiration:ChemicalBlood"}],"event_choices":[{"damage_healed":0,"gold_gain":0,"player_choice":"Leave","damage_taken":0,"max_hp_gain":0,"max_hp_loss":0,"event_name":"conspire:Investor","floor":3,"gold_loss":0}],"is_beta":false,"boss_relics":[],"items_purged_floors":[],"is_endless":false,"potions_floor_spawned":[2,5,6],"killed_by":"Hexaghost","ascension_level":20}}