{"host":"sav7uxregyirlf69","time":1612255682,"event":{"mods":["AchievementEnabler","BaseMod","Colored Map","DeckTracker","Keyboard Shortcuts","Minty Spire (QoL Compilation)","READ ME - Guardian Mod","StSLib","SuperFastMode"],"gold_per_floor":[113,113,113,133,208,208,242,242,242,6,20,40,40,74,74,149,149,164,164,64,64,64,64,75,75,75,94,94,144,19,45,45,122,122,132,132,142,142,153,73,73,98,98,125,125,157,157,7,7,7,7,7,7,7,35,35,35],"floor_reached":56,"language":"KOR","playtime":1241,"items_purged":["Strike_G","Strike_G","Strike_G","Defend_G"],"score":1975,"play_id":"95a83f79-3cf8-48ab-b197-619d83d11adc","local_time":"20210202174802","is_ascension_mode":true,"campfire_choices":[{"data":"Deadly Poison","floor":6.0,"key":"SMITH"},{"data":"Blur","floor":8.0,"key":"SMITH"},{"data":"1","floor":13.0,"key":"LIFT"},{"data":"2","floor":15.0,"key":"LIFT"},{"data":"3","floor":23.0,"key":"LIFT"},{"data":"Acrobatics","floor":28.0,"key":"SMITH"},{"floor":32.0,"key":"DIG"},{"data":"Tactician","floor":47.0,"key":"SMITH"},{"floor":49.0,"key":"RECALL"},{"floor":53.0,"key":"DIG"}],"circlet_count":0,"master_deck":["AscendersBane","Defend_G","Defend_G","Survivor","Neutralize+1","Blur+1","Deadly Poison+1","Poisoned Stab+1","Prepared+1","Backflip","Grand Finale","Footwork","Acrobatics+1","Noxious Fumes","Adrenaline","Tactician+1","Catalyst","Well Laid Plans"],"relics":["Ring of the Snake","NeowsBlessing","Snake Skull","Girya","TheAbacus","Centennial Puzzle","Sozu","Shovel","Mummified Hand","Ninja Scroll","SlaversCollar","Prayer Wheel","Paper Crane","Shuriken","Whetstone"],"acts_visited":["Exordium","TheCity","TheBeyond","TheEnding"],"potions_floor_usage":[],"damage_taken":[{"damage":0.0,"enemies":"Small Slimes","floor":1.0,"turns":1.0},{"damage":0.0,"enemies":"2 Louse","floor":4.0,"turns":1.0},{"damage":0.0,"enemies":"Gremlin Nob","floor":7.0,"turns":1.0},{"damage":0.0,"enemies":"Jaw Worm","floor":11.0,"turns":4.0},{"damage":1.0,"enemies":"3 Louse","floor":12.0,"turns":5.0},{"damage":7.0,"enemies":"Lagavulin","floor":14.0,"turns":5.0},{"damage":13.0,"enemies":"Hexaghost","floor":16.0,"turns":8.0},{"damage":7.0,"enemies":"Spheric Guardian","floor":18.0,"turns":4.0},{"damage":11.0,"enemies":"3 Byrds","floor":24.0,"turns":6.0},{"damage":4.0,"enemies":"Snecko","floor":27.0,"turns":4.0},{"damage":0.0,"enemies":"Book of Stabbing","floor":31.0,"turns":5.0},{"damage":13.0,"enemies":"Collector","floor":33.0,"turns":7.0},{"damage":0.0,"enemies":"3 Shapes","floor":35.0,"turns":5.0},{"damage":0.0,"enemies":"Orb Walker","floor":37.0,"turns":1.0},{"damage":0.0,"enemies":"Writhing Mass","floor":39.0,"turns":4.0},{"damage":0.0,"enemies":"Mind Bloom Boss Battle","floor":42.0,"turns":8.0},{"damage":7.0,"enemies":"Giant Head","floor":44.0,"turns":7.0},{"damage":6.0,"enemies":"Nemesis","floor":46.0,"turns":5.0},{"damage":17.0,"enemies":"Donu and Deca","floor":50.0,"turns":8.0},{"damage":3.0,"enemies":"Time Eater","floor":51.0,"turns":11.0},{"damage":33.0,"enemies":"Shield and Spear","floor":55.0,"turns":8.0},{"damage":37,"enemies":"The Heart","floor":56,"turns":2}],"seed_played":"-3209122135022624342","potions_obtained":[{"floor":4.0,"key":"Fire Potion"},{"floor":14.0,"key":"Strength Potion"}],"is_trial":false,"path_per_floor":["M","?","?","M","?","R","E","R","T","$","M","M","R","E","R","B",null,"M","?","$","?","?","R","M","?","T","M","R","?","$","E","R","B",null,"M","?","M","$","M","$","?","?","T","E","?","E","R","$","R","B","B",null,"R","$","E","B"],"character_chosen":"THE_SILENT","items_purchased":["TheAbacus","Tactician"],"campfire_rested":0,"item_purchase_floors":[10,40],"current_hp_per_floor":[59,64,57,57,46,46,46,46,46,46,46,45,45,38,38,25,60,53,53,53,53,53,53,42,42,42,38,38,38,38,38,38,25,60,60,60,60,60,60,60,60,60,60,53,53,47,47,47,47,30,27,60,60,60,27,0,0],"gold":35,"neow_bonus":"THREE_ENEMY_KILL","is_daily":false,"chose_seed":false,"campfire_upgraded":4,"win_rate":0.0,"timestamp":1612255682,"path_taken":["M","?","?","M","?","R","E","R","T","?","M","M","R","E","R","BOSS","M","?","?","?","?","R","M","?","T","?","R","?","$","E","R","BOSS","M","?","M","$","M","?","?","?","T","E","?","E","R","?","R","BOSS","BOSS","R","$","E","BOSS"],"items_purchased_type":["Relic","Card"],"build_version":"2020-12-22","purchased_purges":4,"victory":false,"max_hp_per_floor":[66,71,71,71,71,71,71,71,71,71,71,71,71,71,71,71,71,71,71,71,71,71,71,71,71,71,71,71,71,71,71,71,71,71,71,71,71,71,71,71,71,71,71,71,71,71,71,71,71,71,71,71,71,71,71,71,71],"card_choices":[{"not_picked":["Cloak And Dagger","Quick Slash"],"picked":"Blur","floor":1.0},{"not_picked":["Flying Knee","Dash"],"picked":"Deadly Poison","floor":4.0},{"not_picked":["Quick Slash","Phantasmal Killer"],"picked":"Poisoned Stab","floor":7.0},{"not_picked":["Underhanded Strike","Dagger Spray"],"picked":"Prepared","floor":11.0},{"not_picked":["Sucker Punch","Dodge and Roll","Acrobatics"],"picked":"SKIP","floor":12.0},{"not_picked":["Outmaneuver","Dodge and Roll"],"picked":"Backflip","floor":14.0},{"not_picked":["Unload","Tools of the Trade"],"picked":"Grand Finale","floor":16.0},{"not_picked":["Sucker Punch","Dodge and Roll"],"picked":"Footwork","floor":18.0},{"not_picked":["Footwork","Predator"],"picked":"Acrobatics","floor":24.0},{"not_picked":["Prepared","Poisoned Stab","Blade Dance"],"picked":"SKIP","floor":27.0},{"not_picked":["Endless Agony","Poisoned Stab"],"picked":"Noxious Fumes","floor":31.0},{"not_picked":["Night Terror","Glass Knife"],"picked":"Adrenaline","floor":33.0},{"not_picked":["Dodge and Roll","Distraction","Flying Knee"],"picked":"SKIP","floor":35.0},{"not_picked":["Acrobatics+1","Quick Slash+1","Dagger Throw+1"],"picked":"SKIP","floor":37.0},{"not_picked":["Acrobatics+1","Noxious Fumes","Sucker Punch+1"],"picked":"SKIP","floor":39.0},{"not_picked":["Footwork","Backstab"],"picked":"Catalyst","floor":42.0},{"not_picked":["Riddle With Holes","Bane"],"picked":"Well Laid Plans","floor":44.0},{"not_picked":["Deflect","Slice","Cloak And Dagger"],"picked":"SKIP","floor":46.0},{"not_picked":["Deflect","Slice","Cloak And Dagger"],"picked":"SKIP","floor":46.0},{"not_picked":["Heel Hook","Sucker Punch","Skewer+1"],"picked":"SKIP","floor":55.0}],"player_experience":1461086,"relics_obtained":[{"floor":7.0,"key":"Snake Skull"},{"floor":9.0,"key":"Girya"},{"floor":14.0,"key":"Centennial Puzzle"},{"floor":26.0,"key":"Shovel"},{"floor":31.0,"key":"Mummified Hand"},{"floor":32.0,"key":"Ninja Scroll"},{"floor":42.0,"key":"Prayer Wheel"},{"floor":46.0,"key":"Paper Crane"},{"floor":53.0,"key":"Shuriken"},{"floor":55.0,"key":"Whetstone"}],"event_choices":[{"damage_healed":0.0,"max_hp_gain":5.0,"max_hp_loss":0.0,"gold_gain":0.0,"event_name":"Big Fish","player_choice":"Donut","floor":2.0,"gold_loss":0.0,"damage_taken":0.0},{"cards_removed":["Defend_G"],"damage_healed":0.0,"max_hp_gain":0.0,"max_hp_loss":0.0,"gold_gain":0.0,"event_name":"Golden Wing","player_choice":"Card Removal","floor":3.0,"gold_loss":0.0,"damage_taken":7.0},{"damage_healed":0.0,"max_hp_gain":0.0,"max_hp_loss":0.0,"gold_gain":75.0,"event_name":"World of Goop","player_choice":"Gather Gold","floor":5.0,"gold_loss":0.0,"damage_taken":11.0},{"damage_healed":0.0,"max_hp_gain":0.0,"max_hp_loss":0.0,"gold_gain":0.0,"event_name":"Upgrade Shrine","player_choice":"Upgraded","floor":19.0,"gold_loss":0.0,"damage_taken":0.0,"cards_upgraded":["Prepared"]},{"damage_healed":0.0,"max_hp_gain":0.0,"max_hp_loss":0.0,"gold_gain":0.0,"event_name":"Ghosts","player_choice":"Ignored","floor":21.0,"gold_loss":0.0,"damage_taken":0.0},{"damage_healed":0.0,"max_hp_gain":0.0,"max_hp_loss":0.0,"gold_gain":0.0,"event_name":"Vampires","player_choice":"Ignored","floor":22.0,"gold_loss":0.0,"damage_taken":0.0},{"cards_removed":["Strike_G"],"damage_healed":0.0,"max_hp_gain":0.0,"max_hp_loss":0.0,"gold_gain":0.0,"event_name":"Back to Basics","player_choice":"Elegance","floor":25.0,"gold_loss":0.0,"damage_taken":0.0},{"damage_healed":0.0,"max_hp_gain":0.0,"max_hp_loss":0.0,"gold_gain":50.0,"event_name":"Nest","player_choice":"Stole From Cult","floor":29.0,"gold_loss":0.0,"damage_taken":0.0},{"cards_removed":["Strike_G"],"damage_healed":0.0,"max_hp_gain":0.0,"max_hp_loss":0.0,"gold_gain":0.0,"event_name":"Purifier","player_choice":"Purged","floor":36.0,"gold_loss":0.0,"damage_taken":0.0},{"cards_removed":["Defend_G"],"damage_healed":0.0,"max_hp_gain":0.0,"max_hp_loss":0.0,"gold_gain":0.0,"event_name":"Falling","player_choice":"Removed Skill","floor":41.0,"gold_loss":0.0,"damage_taken":0.0},{"damage_healed":0.0,"max_hp_gain":0.0,"max_hp_loss":0.0,"gold_gain":0.0,"event_name":"MindBloom","player_choice":"Fight","floor":42.0,"gold_loss":0.0,"damage_taken":0.0},{"damage_healed":0.0,"max_hp_gain":0.0,"max_hp_loss":0.0,"gold_gain":0.0,"event_name":"Tomb of Lord Red Mask","player_choice":"Ignored","floor":45.0,"gold_loss":0.0,"damage_taken":0.0}],"is_beta":false,"boss_relics":[{"not_picked":["Velvet Choker","Snecko Eye"],"picked":"Sozu"},{"not_picked":["WristBlade","Calling Bell"],"picked":"SlaversCollar"}],"items_purged_floors":[10,20,30,48],"is_endless":false,"potions_floor_spawned":[4,14,18,31,33,35,37,46,55],"killed_by":"The Heart","ascension_level":20}}