{"host":"v4tuy5ykrbdcm9o9","time":1612232712,"event":{"mods":["BaseMod","Duelist Mod","Minty Spire (QoL Compilation)","Replay The Spire","StSLib"],"gold_per_floor":[111,127,127,141,216,216,242,255,255,271,282,282,282,310,310,407,407,419,429,442,4,4,37,48,48,125,125,18,46,46,76,76,76,76],"floor_reached":33,"language":"ENG","playtime":2330,"items_purged":["Decay"],"score":459,"play_id":"a96d1fcd-7d6f-4a29-8844-223d8d889878","local_time":"20210201212512","is_ascension_mode":true,"campfire_choices":[{"floor":6,"key":"RECALL"},{"floor":13,"key":"REST"},{"data":"Lockon","floor":15,"key":"SMITH"},{"data":"Buffer","floor":25,"key":"SMITH"},{"floor":30,"key":"REST"},{"floor":32,"key":"REST"}],"circlet_count":0,"master_deck":["Strike_B","Strike_B","Strike_B","Strike_B","Defend_B","Defend_B+1","Defend_B","Defend_B","Zap","Dualcast","FTL","Chaos+1","Conserve Battery+1","Lockon+1","Loop","Compile Driver","Turbo","Conserve Battery","Buffer+1","FTL","Sweeping Beam","Sweeping Beam+1","Streamline","Rebound+1","Lockon+1","Go for the Eyes","Loop+1","Darkness","Conserve Battery"],"relics":["Cracked Core","War Paint","Carrot","Replay:Bottled Steam","Black Star","Kunai","Toy Ornithopter","Frozen Egg 2","Happy Flower","Tiny Chest","Chameleon Ring","WingedGreaves"],"acts_visited":["Exordium","TheCity"],"potions_floor_usage":[7,14,16,19,20,24,29,31,31,33],"damage_taken":[{"damage":6,"enemies":"2 Louse","floor":1,"turns":2},{"damage":2,"enemies":"Jaw Worm","floor":2,"turns":3},{"damage":1,"enemies":"Cultist","floor":4,"turns":3},{"damage":17,"enemies":"3 Sentries","floor":7,"turns":5},{"damage":0,"enemies":"Blue Slaver","floor":8,"turns":3},{"damage":2,"enemies":"Red Slaver","floor":10,"turns":3},{"damage":1,"enemies":"Exordium Wildlife","floor":11,"turns":3},{"damage":12,"enemies":"Lagavulin","floor":14,"turns":5},{"damage":14,"enemies":"Hexaghost","floor":16,"turns":5},{"damage":22,"enemies":"Spheric Guardian","floor":18,"turns":6},{"damage":14,"enemies":"2 Thieves","floor":19,"turns":4},{"damage":6,"enemies":"3 Cultists","floor":20,"turns":5},{"damage":10,"enemies":"theDuelist:KaibaA2","floor":23,"turns":6},{"damage":0,"enemies":"Centurion and Healer","floor":24,"turns":5},{"damage":83,"enemies":"Gremlin Leader","floor":29,"turns":9},{"damage":26,"enemies":"Book of Stabbing","floor":31,"turns":5},{"damage":78,"enemies":"Pondfish","floor":33,"turns":7}],"seed_played":"-2265435029269666873","potions_obtained":[{"floor":1,"key":"Dexterity Potion"},{"floor":2,"key":"FocusPotion"},{"floor":7,"key":"FearPotion"},{"floor":10,"key":"Flashbang"},{"floor":14,"key":"Flashbang"},{"floor":18,"key":"Reflective Coating"},{"floor":19,"key":"Toxic Potion"},{"floor":24,"key":"Dexterity Potion"},{"floor":29,"key":"Regen Potion"},{"floor":31,"key":"Milkshake"}],"is_trial":false,"path_per_floor":["M","M","?","M","?","R","E","M","T","M","M","?","R","E","R","B",null,"M","M","M","$","?","E","M","R","T","?","$","E","R","E","R","B"],"character_chosen":"DEFECT","items_purchased":["FairyPotion","Kunai","Streamline","Go for the Eyes","Loop+1"],"campfire_rested":3,"item_purchase_floors":[21,21,21,28,28],"current_hp_per_floor":[69,67,67,66,55,55,38,38,38,36,35,35,59,47,47,33,70,48,34,28,28,82,72,77,77,77,77,77,24,48,46,70,0,0],"gold":76,"neow_bonus":"TEN_PERCENT_HP_BONUS","is_daily":false,"chose_seed":false,"campfire_upgraded":2,"win_rate":0.0,"timestamp":1612232712,"path_taken":["M","M","?","M","?","R","E","M","T","M","M","?","R","E","R","BOSS","M","M","?","$","?","E","?","R","T","?","$","E","R","E","R","BOSS"],"items_purchased_type":["Potion","Relic","Card","Card","Card"],"build_version":"2020-12-22","purchased_purges":1,"victory":false,"max_hp_per_floor":[82,82,82,82,82,82,82,82,82,82,82,82,82,82,82,82,82,82,82,82,82,82,82,82,82,82,82,82,82,82,82,82,82,82],"card_choices":[{"not_picked":["Leap","Doom and Gloom"],"picked":"FTL","floor":1},{"not_picked":["Undo","BasicCrystalCard"],"picked":"Chaos","floor":2},{"not_picked":["Capacitor","Beam Cell"],"picked":"Conserve Battery","floor":4},{"not_picked":["Skim","Doom and Gloom"],"picked":"Lockon","floor":7},{"not_picked":["Stack","FIFO Queue"],"picked":"Loop","floor":8},{"not_picked":["ReplayTheSpireMod:Repulse","Heatsinks"],"picked":"Compile Driver","floor":10},{"not_picked":["ReplayGash","Aggregate"],"picked":"Turbo","floor":11},{"not_picked":["Double Energy","Redo"],"picked":"Conserve Battery","floor":14},{"not_picked":["Electrodynamics","Core Surge"],"picked":"Buffer","floor":16},{"not_picked":["ReplaySort","Compile Driver"],"picked":"FTL","floor":18},{"not_picked":["Fusion","Stack"],"picked":"Sweeping Beam","floor":19},{"not_picked":["Reinforced Body+1","Meteor Strike"],"picked":"Sweeping Beam+1","floor":20},{"not_picked":["Double Energy+1","BasicCrystalCard+1"],"picked":"Rebound+1","floor":23},{"not_picked":["Streamline+1","Sweeping Beam+1"],"picked":"Lockon+1","floor":24},{"not_picked":["Crystallizer+1","Gash"],"picked":"Darkness","floor":29},{"not_picked":["Recycle","Coolheaded"],"picked":"Conserve Battery","floor":31}],"player_experience":719658,"relics_obtained":[{"floor":7,"key":"War Paint"},{"floor":9,"key":"Carrot"},{"floor":14,"key":"Replay:Bottled Steam"},{"floor":23,"key":"Toy Ornithopter"},{"floor":23,"key":"Frozen Egg 2"},{"floor":29,"key":"Happy Flower"},{"floor":29,"key":"Tiny Chest"},{"floor":31,"key":"Chameleon Ring"},{"floor":31,"key":"WingedGreaves"}],"event_choices":[{"damage_healed":0,"gold_gain":75,"player_choice":"Gather Gold","damage_taken":11,"max_hp_gain":0,"max_hp_loss":0,"event_name":"World of Goop","floor":5,"gold_loss":0},{"damage_healed":0,"gold_gain":0,"player_choice":"Cursed","damage_taken":0,"max_hp_gain":0,"max_hp_loss":0,"event_name":"Wheel of Change","floor":12,"gold_loss":0,"cards_obtained":["Decay"]},{"damage_healed":54,"gold_gain":0,"player_choice":"Full Heal","damage_taken":0,"max_hp_gain":0,"max_hp_loss":0,"event_name":"Wheel of Change","floor":22,"gold_loss":0},{"damage_healed":0,"gold_gain":0,"player_choice":"Ignored","damage_taken":0,"max_hp_gain":0,"max_hp_loss":0,"event_name":"Ghosts","floor":27,"gold_loss":0}],"is_beta":false,"boss_relics":[{"not_picked":["Nuclear Battery","Replay:Ancient Bell"],"picked":"Black Star"}],"items_purged_floors":[21],"is_endless":false,"potions_floor_spawned":[1,2,7,10,14,18,19,24,29,31],"killed_by":"Pondfish","ascension_level":7}}