{"host":"vrach7ggykqlevx4","time":1612247059,"event":{"mods":["Arknights","BaseMod","Card Forge","Colored Map","Colored Powertips","Custom Start","Gold Saver","Good Game Mod","Infinite Spire","Minty Spire (QoL Compilation)","Permanent Neow","Relic Sorter","Shop Mod","StSLib","SuperFastMode","Synergy Search","Wide Potions","[IsaacMod]以撒尖塔"],"gold_per_floor":[112,112,112,112,132,157,57,57,57,73,73,92,108,142,142,319,319,342,383,425,453,453,453,495,495],"floor_reached":24,"language":"ZHS","playtime":891,"items_purged":["Regret"],"score":231,"play_id":"ef6fab85-314a-4c7e-b22f-5687dd1f0f42","local_time":"20210202142419","is_ascension_mode":false,"campfire_choices":[{"data":"Hyperbeam","floor":11,"key":"SMITH"},{"data":"infinitespire:Starlight","floor":15,"key":"SMITH"},{"floor":23,"key":"REST"}],"circlet_count":0,"master_deck":["ats:Strike G","ats:Strike S","ats:Strike V","ats:Armor Crushing Shot","ats:Defend","ats:Defend","ats:Defend","ats:Emotion Absorption","ats:Hook Shot","ats:Defend Order","Hyperbeam+1","ats:Assault Order","infinitespire:Starlight+1","ats:Flexible Camouflage","ats:Leaping Hammer+1","ats:Blood Oath+1","ats:Sunburst+1","ats:Consecutive Shot Auto+1","ats:Roar Of Ursus","ats:Sword Rain+1","ats:Shadow Assault+1","CurseOfTheBell","ats:Volcano+1","ats:Red Shift+1","ats:Durian","ats:Burning Ground+1","ats:Calcification","ats:Consecutive Shot Auto+1","ats:Shell Defense+1","ats:Explosion Area Strengthen+1"],"relics":["ats:Sanity","Hammer of Thor","Seething Fire","Anvil of the Gods","HushsDoor","REME:ComplimentaryCards","Leech","Lantern","Ornamental Fan","ats:Originium","Molten Egg 2","Golden Idol","Tiny Chest","SalivaCoin","Calling Bell","ats:Rhine Circuitry","Frozen Egg 2","Peace Pipe"],"acts_visited":["Exordium","TheCity"],"potions_floor_usage":[14,16],"damage_taken":[{"damage":0,"enemies":"2 Louse","floor":1,"turns":1},{"damage":0,"enemies":"Jaw Worm","floor":5,"turns":2},{"damage":19,"enemies":"3 Sentries","floor":6,"turns":3},{"damage":0,"enemies":"Small Slimes","floor":10,"turns":3},{"damage":0,"enemies":"3 Louse","floor":12,"turns":1},{"damage":0,"enemies":"2 Fungi Beasts","floor":13,"turns":2},{"damage":0,"enemies":"Gremlin Nob","floor":14,"turns":2},{"damage":24,"enemies":"The Guardian","floor":16,"turns":7},{"damage":0,"enemies":"Spheric Guardian","floor":18,"turns":1},{"damage":19,"enemies":"2 Thieves","floor":19,"turns":3},{"damage":29,"enemies":"Shelled Parasite and Fungi","floor":20,"turns":3},{"damage":35,"enemies":"Book of Stabbing","floor":24,"turns":3}],"seed_played":"-7856497081842238122","potions_obtained":[{"floor":5,"key":"GamblersBrew"},{"floor":10,"key":"GamblersBrew"},{"floor":13,"key":"SmokeBomb"},{"floor":16,"key":"Fruit Juice"}],"is_trial":false,"path_per_floor":["M","?","?","?","M","E","$","?","T","M","R","M","M","E","R","B",null,"M","M","M","?","?","R","E"],"character_chosen":"DOCTOR_CLASS","items_purchased":["ats:Blood Oath+1","ats:Volcano+1","ats:Red Shift+1","ats:Durian","ats:Burning Ground","ats:Calcification"],"campfire_rested":1,"item_purchase_floors":[7,17,17,17,17,17],"current_hp_per_floor":[65,65,65,49,61,54,54,38,38,55,55,55,56,62,62,60,59,59,41,14,5,5,22,0,0],"gold":495,"neow_bonus":"TRANSFORM_TWO_CARDS","is_daily":false,"chose_seed":false,"campfire_upgraded":2,"win_rate":0.0,"timestamp":1612247059,"path_taken":["M","?","?","?","M","E","$","?","T","M","R","M","M","E","R","BOSS","M","M","M","?","?","R","E"],"items_purchased_type":["Card","Card","Card","Card","Card","Card"],"build_version":"2020-12-22","purchased_purges":1,"victory":false,"max_hp_per_floor":[65,65,65,65,65,65,65,65,65,65,65,65,65,65,65,77,59,59,59,59,59,59,59,59,59],"card_choices":[{"not_picked":["ats:Powerful Strike","ats:Very Hot Blade"],"picked":"ats:Assault Order","floor":1},{"not_picked":["infinitespire:SealOfDarkness+","infinitespire:Punishment"],"picked":"infinitespire:Starlight","floor":4},{"not_picked":["ats:Fractured Body","ats:Serious Mode"],"picked":"ats:Flexible Camouflage","floor":5},{"not_picked":["ats:Flame Of Heaven","ats:Beaten Up"],"picked":"ats:Leaping Hammer+1","floor":6},{"not_picked":["ats:Guard Mode","ats:Consecutive Shot Auto+1"],"picked":"ats:Sunburst+1","floor":10},{"not_picked":["ats:Guard Mode","ats:Defend Order"],"picked":"ats:Consecutive Shot Auto+1","floor":12},{"not_picked":["ats:Shell Defense","ats:Absolute Focus"],"picked":"ats:Roar Of Ursus","floor":13},{"not_picked":["ats:Spore Proliferation","ats:Charging Defense"],"picked":"ats:Sword Rain+1","floor":14},{"not_picked":["ats:Soul Rend","ats:Disruption Kick+1"],"picked":"ats:Shadow Assault+1","floor":16},{"not_picked":["ats:Neurotoxin+1","ats:Red Shift+1"],"picked":"ats:Consecutive Shot Auto+1","floor":18},{"not_picked":["ats:Flexible Camouflage+1","ats:Phantom+1"],"picked":"ats:Shell Defense+1","floor":19},{"not_picked":["ats:Poison Spread+1","ats:Steam Pump"],"picked":"ats:Explosion Area Strengthen+1","floor":20}],"player_experience":382747,"relics_obtained":[{"floor":3,"key":"Ornamental Fan"},{"floor":6,"key":"ats:Originium"},{"floor":6,"key":"Molten Egg 2"},{"floor":9,"key":"Tiny Chest"},{"floor":14,"key":"ats:Originium"},{"floor":14,"key":"SalivaCoin"},{"floor":17,"key":"ats:Rhine Circuitry"},{"floor":17,"key":"Frozen Egg 2"},{"floor":17,"key":"Peace Pipe"}],"event_choices":[{"damage_healed":0,"gold_gain":0,"player_choice":"Box","damage_taken":0,"relics_obtained":["Lantern"],"max_hp_gain":0,"max_hp_loss":0,"event_name":"Big Fish","floor":2,"gold_loss":0,"cards_obtained":["Regret"]},{"damage_healed":0,"gold_gain":0,"player_choice":"Take Damage","damage_taken":16,"relics_obtained":["Golden Idol"],"max_hp_gain":0,"max_hp_loss":0,"event_name":"Golden Idol","floor":8,"gold_loss":0},{"damage_healed":0,"gold_gain":0,"player_choice":"Stopped","damage_taken":9,"max_hp_gain":0,"max_hp_loss":0,"event_name":"Cursed Tome","floor":21,"gold_loss":0}],"is_beta":false,"boss_relics":[{"not_picked":["Fusion Hammer","Astrolabe"],"picked":"Calling Bell"},{"not_picked":[]}],"items_purged_floors":[7],"is_endless":false,"potions_floor_spawned":[5,10,12,13,16],"killed_by":"Book of Stabbing","ascension_level":0}}