{"host":"n7y3mu11vy2qow2a","time":1612263330,"event":{"mods":["BaseMod","Better Third Choice","BetterRewards","Colored Powertips","Downfall","Glutton Mod","Hunter ??","Infinite Spire","Minty Spire (QoL Compilation)","READ ME - Guardian Mod","Relic Stats","Shade Mod","Shop Mod","StSLib","The Animator","The Blackbeard","The Bug Knight","The Cursed","The Druid","The Exalted","The Forsaken","The Hierophant","The Judge","The Necromancer","The Poker Player","The Runesmith","The Servant 0.9.4","TheBandit","Wandering Minibosses"],"gold_per_floor":[99,113,133,150,82,115,115,132,145,160,180,199,184,184,198,198,198,198],"floor_reached":16,"language":"ENG","playtime":1066,"items_purged":[],"score":108,"play_id":"5f8d0c11-fee4-4d04-8301-82370dc1cf28","local_time":"20210202115530","is_ascension_mode":false,"campfire_choices":[{"data":"champ:Taunt","floor":1,"key":"SMITH"}],"circlet_count":0,"master_deck":["champ:Strike","champ:Strike","champ:Strike","champ:Strike","champ:Defend","champ:Defend","champ:Defend","champ:Defend","champ:Execute","champ:Taunt+1","champ:PerfectedStrike","champ:CrownThrow","champ:FlashCut","champ:FanOfKnives","champ:StanceDance","champ:BladeFlurry","champ:IronFortress","champ:Duel","champ:GutPunch","champ:TornadoPunch"],"relics":["champ:ChampionCrown","Bromod:ArcaneTempo","Mercury Hourglass","MealTicket"],"acts_visited":["Exordium"],"potions_floor_usage":[6,16,16,16],"damage_taken":[{"damage":10,"enemies":"Cultist","floor":2,"turns":3},{"damage":0,"enemies":"Small Slimes","floor":3,"turns":3},{"damage":8,"enemies":"Jaw Worm","floor":4,"turns":4},{"damage":10,"enemies":"downfall:FleeingMerchant","floor":5,"turns":7},{"damage":34,"enemies":"Gremlin Nob","floor":6,"turns":5},{"damage":7,"enemies":"Blue Slaver","floor":8,"turns":3},{"damage":0,"enemies":"Exordium Wildlife","floor":9,"turns":2},{"damage":0,"enemies":"Large Slime","floor":10,"turns":3},{"damage":0,"enemies":"Exordium Wildlife","floor":11,"turns":3},{"damage":9,"enemies":"2 Fungi Beasts","floor":12,"turns":2},{"damage":10,"enemies":"downfall:FleeingMerchant","floor":13,"turns":4},{"damage":10,"enemies":"3 Louse","floor":15,"turns":2},{"damage":46,"enemies":"DF_ARCHETYPE_STREAMLINE","floor":16,"turns":6}],"seed_played":"4690567703856584247","potions_obtained":[{"floor":2,"key":"champ:CounterPotion"},{"floor":3,"key":"Swift Potion"},{"floor":8,"key":"bronze:BurnAndBuffPotion"},{"floor":10,"key":"Ancient Potion"},{"floor":15,"key":"Energy Potion"}],"is_trial":false,"path_per_floor":["R","M","M","M","$","E","T","M","M","M","M","M","$","?","M","B"],"character_chosen":"THE_CHAMP","items_purchased":["champ:StanceDance"],"campfire_rested":0,"item_purchase_floors":[5],"current_hp_per_floor":[99,99,99,96,96,62,62,55,55,55,55,46,46,34,34,0,0,0],"gold":198,"neow_bonus":"TEN_PERCENT_HP_BONUS","is_daily":false,"chose_seed":false,"campfire_upgraded":1,"win_rate":0.0,"timestamp":1612263330,"path_taken":["R","M","M","M","$","E","T","?","M","M","M","?","$","?","M","BOSS"],"items_purchased_type":["Card"],"build_version":"2020-12-22","purchased_purges":0,"victory":false,"max_hp_per_floor":[99,99,99,99,99,99,99,99,99,99,99,99,99,99,99,99,99,99],"relic_stats":{"counters":[13,46],"MealTicket":0,"obtain_stats":[{"Bromod:ArcaneTempo":6,"champ:ChampionCrown":0,"MealTicket":14,"Mercury Hourglass":7},{"Bromod:ArcaneTempo":5,"champ:ChampionCrown":0,"MealTicket":11,"Mercury Hourglass":5},{"Bromod:ArcaneTempo":22,"champ:ChampionCrown":0,"MealTicket":38,"Mercury Hourglass":22}],"Mercury Hourglass":[82]},"card_choices":[{"not_picked":["champ:EnGarde","champ:CrownThrow"],"picked":"champ:PerfectedStrike","floor":2},{"not_picked":["champ:Shatter","champ:BladeFlurry"],"picked":"champ:CrownThrow","floor":3},{"not_picked":["champ:DefensiveShout","champ:RisingSlash"],"picked":"champ:FlashCut","floor":4},{"not_picked":["champ:FocusedDefense","champ:RisingSlash"],"picked":"champ:FanOfKnives","floor":5},{"not_picked":["champ:CrownThrow","champ:SteelEdge","champ:PreemptiveStrike"],"picked":"SKIP","floor":6},{"not_picked":["champ:EnGarde","champ:Encircle"],"picked":"champ:BladeFlurry","floor":8},{"not_picked":["champ:Encircle","champ:PerfectedStrike"],"picked":"champ:IronFortress","floor":9},{"not_picked":["champ:PerfectedStrike","champ:CrookedStrike","champ:Shatter"],"picked":"SKIP","floor":10},{"not_picked":["champ:PerfectedStrike","champ:Duel","champ:Backstep"],"picked":"SKIP","floor":11},{"not_picked":["champ:PerfectedStrike","champ:Backstep"],"picked":"champ:Duel","floor":11},{"not_picked":["champ:StanceDance","champ:GladiatorStyle"],"picked":"champ:GutPunch","floor":12},{"not_picked":["champ:FaceSlap","champ:TornadoPunch","champ:Duel"],"picked":"SKIP","floor":13},{"not_picked":["champ:StanceDance","champ:HoldFirm"],"picked":"champ:TornadoPunch","floor":15}],"player_experience":493878,"relics_obtained":[{"floor":6,"key":"Bromod:ArcaneTempo"},{"floor":7,"key":"Mercury Hourglass"}],"event_choices":[{"damage_healed":0,"gold_gain":0,"player_choice":"Relic ","damage_taken":12,"max_hp_gain":0,"max_hp_loss":0,"event_name":"betterThird:BetterScrap","floor":14,"gold_loss":0,"cards_obtained":["Bloodletting"]}],"is_beta":false,"boss_relics":[],"items_purged_floors":[],"is_endless":false,"potions_floor_spawned":[2,3,8,10,15],"killed_by":"DF_ARCHETYPE_STREAMLINE","ascension_level":0}}