{"host":"yx5rao87132cy5xq","time":1612273227,"event":{"mods":["2.2 Compatiblity","AchievementEnabler","BaseMod","Bestiary","Colored Map","Colored Powertips","Minty Spire (QoL Compilation)","Quick Restart","Relic Stats","Slay-I","SuperFastMode"],"gold_per_floor":[20,40,53,53,53,88,88,53,353,370,401,420,486,521,521,600,600,616,541,541,13,24,24,59,76,76,76,76],"floor_reached":27,"language":"ENG","playtime":1555,"items_purged":["Strike_R"],"score":497,"play_id":"da32313f-02d1-4573-a582-84cef64d7e73","local_time":"20210202144027","is_ascension_mode":true,"campfire_choices":[{"floor":7.0,"key":"REST"},{"floor":15.0,"key":"REST"},{"data":"Whirlwind","floor":23.0,"key":"SMITH"}],"circlet_count":0,"master_deck":["AscendersBane","Strike_R","Strike_R","Strike_R","Defend_R","Defend_R","Defend_R","Defend_R","Bash","Pommel Strike","Flex","Shrug It Off","Spot Weakness","Wild Strike","Whirlwind+1","True Grit","Immolate","Shrug It Off","True Grit","Evolve","True Grit","Intimidate","Iron Wave","Pommel Strike+1"],"relics":["Burning Blood","Turnip","Lizard Tail","Charon\u0027s Ashes","Old Coin","Bag of Marbles","Pocketwatch","Velvet Choker","Shuriken","Bronze Scales","Toxic Egg 2"],"acts_visited":["Exordium","TheCity"],"potions_floor_usage":[],"damage_taken":[{"damage":9.0,"enemies":"Small Slimes","floor":1.0,"turns":5.0},{"damage":3.0,"enemies":"2 Louse","floor":2.0,"turns":3.0},{"damage":1.0,"enemies":"Cultist","floor":3.0,"turns":3.0},{"damage":38.0,"enemies":"Gremlin Nob","floor":6.0,"turns":5.0},{"damage":8.0,"enemies":"2 Fungi Beasts","floor":10.0,"turns":3.0},{"damage":32.0,"enemies":"Lagavulin","floor":11.0,"turns":8.0},{"damage":25.0,"enemies":"Large Slime","floor":12.0,"turns":5.0},{"damage":12.0,"enemies":"Gremlin Nob","floor":14.0,"turns":3.0},{"damage":61.0,"enemies":"Hexaghost","floor":16.0,"turns":11.0},{"damage":16.0,"enemies":"Shell Parasite","floor":18.0,"turns":4.0},{"damage":21.0,"enemies":"2 Thieves","floor":22.0,"turns":3.0},{"damage":0.0,"enemies":"Slavers","floor":24.0,"turns":1.0},{"damage":14.0,"enemies":"Centurion and Healer","floor":25.0,"turns":7.0},{"damage":43,"enemies":"Book of Stabbing","floor":27,"turns":4}],"seed_played":"-1176921756313427647","potions_obtained":[{"floor":3.0,"key":"EssenceOfSteel"},{"floor":6.0,"key":"EntropicBrew"},{"floor":25.0,"key":"Swift Potion"}],"is_trial":false,"path_per_floor":["M","M","M","?","?","E","R","?","T","M","E","M","?","E","R","B",null,"M","?","?","$","M","R","E","M","T","E"],"character_chosen":"IRONCLAD","items_purchased":["Shuriken","Evolve","True Grit","Intimidate"],"campfire_rested":2,"item_purchase_floors":[21,21,21,21],"current_hp_per_floor":[65,68,73,78,73,41,65,80,80,78,52,33,33,27,51,37,69,59,59,59,59,44,44,50,42,42,0,0],"gold":76,"neow_bonus":"ONE_RARE_RELIC","is_daily":false,"chose_seed":false,"campfire_upgraded":1,"win_rate":0.0,"timestamp":1612273227,"path_taken":["M","M","M","?","?","E","R","?","T","M","E","M","?","E","R","BOSS","M","?","?","$","?","R","E","M","T","E"],"items_purchased_type":["Relic","Card","Card","Card"],"build_version":"2020-12-22","purchased_purges":1,"victory":false,"max_hp_per_floor":[75,75,75,80,80,80,80,80,80,80,80,80,80,80,80,80,80,80,80,80,80,80,80,80,80,80,80,80],"relic_stats":{"Lizard Tail":40,"counters":[14,65],"Shuriken":[1],"Bronze Scales":[39],"Turnip":[6],"Charon\u0027s Ashes":[67],"obtain_stats":[{"Lizard Tail":5,"Shuriken":21,"Bronze Scales":24,"Velvet Choker":17,"Turnip":0,"Charon\u0027s Ashes":6,"Bag of Marbles":11,"Toxic Egg 2":26,"Burning Blood":0,"Old Coin":9,"Pocketwatch":14},{"Lizard Tail":3,"Shuriken":10,"Bronze Scales":12,"Velvet Choker":9,"Turnip":0,"Charon\u0027s Ashes":4,"Bag of Marbles":6,"Toxic Egg 2":13,"Burning Blood":0,"Old Coin":4,"Pocketwatch":8},{"Lizard Tail":11,"Shuriken":50,"Bronze Scales":54,"Velvet Choker":46,"Turnip":0,"Charon\u0027s Ashes":16,"Bag of Marbles":27,"Toxic Egg 2":61,"Burning Blood":0,"Old Coin":16,"Pocketwatch":35}],"Burning Blood":78,"Pocketwatch":[39]},"card_choices":[{"not_picked":["Clash","Warcry"],"picked":"Pommel Strike","floor":1.0},{"not_picked":["Entrench","Thunderclap"],"picked":"Flex","floor":2.0},{"not_picked":["Blood for Blood","Cleave"],"picked":"Shrug It Off","floor":3.0},{"not_picked":["Ghostly Armor","Battle Trance"],"picked":"Spot Weakness","floor":6.0},{"not_picked":["Ghostly Armor","Twin Strike"],"picked":"Wild Strike","floor":10.0},{"not_picked":["Body Slam","Heavy Blade"],"picked":"Whirlwind","floor":11.0},{"not_picked":["Headbutt","Body Slam","Dropkick"],"picked":"SKIP","floor":12.0},{"not_picked":["Rampage","Heavy Blade"],"picked":"True Grit","floor":14.0},{"not_picked":["Reaper","Offering"],"picked":"Immolate","floor":16.0},{"not_picked":["Warcry","Ghostly Armor"],"picked":"Shrug It Off","floor":18.0},{"not_picked":["Heavy Blade","Metallicize"],"picked":"Iron Wave","floor":22.0},{"not_picked":["Twin Strike","Whirlwind","Flex"],"picked":"SKIP","floor":24.0},{"not_picked":["Bloodletting","Cleave"],"picked":"Pommel Strike+1","floor":25.0}],"player_experience":970923,"relics_obtained":[{"floor":6.0,"key":"Charon\u0027s Ashes"},{"floor":9.0,"key":"Old Coin"},{"floor":11.0,"key":"Bag of Marbles"},{"floor":14.0,"key":"Pocketwatch"},{"floor":24.0,"key":"Bronze Scales"},{"floor":26.0,"key":"Toxic Egg 2"}],"event_choices":[{"damage_healed":0.0,"max_hp_gain":5.0,"max_hp_loss":0.0,"gold_gain":0.0,"event_name":"Big Fish","player_choice":"Donut","floor":4.0,"gold_loss":0.0,"damage_taken":0.0},{"damage_healed":0.0,"max_hp_gain":0.0,"max_hp_loss":0.0,"gold_gain":0.0,"event_name":"Scrap Ooze","player_choice":"Success","floor":5.0,"gold_loss":0.0,"damage_taken":5.0,"relics_obtained":["Lizard Tail"]},{"damage_healed":20.0,"max_hp_gain":0.0,"max_hp_loss":0.0,"gold_gain":0.0,"event_name":"The Cleric","player_choice":"Healed","floor":8.0,"gold_loss":35.0,"damage_taken":0.0},{"damage_healed":0.0,"max_hp_gain":0.0,"max_hp_loss":0.0,"gold_gain":66.0,"event_name":"Golden Wing","player_choice":"Gained Gold","floor":13.0,"gold_loss":0.0,"damage_taken":0.0},{"cards_removed":["Strike_R"],"damage_healed":0.0,"max_hp_gain":0.0,"max_hp_loss":0.0,"gold_gain":0.0,"event_name":"Beggar","player_choice":"Gave Gold","floor":19.0,"gold_loss":75.0,"damage_taken":0.0},{"damage_healed":0.0,"max_hp_gain":0.0,"max_hp_loss":0.0,"gold_gain":0.0,"event_name":"Duplicator","player_choice":"Copied","floor":20.0,"gold_loss":0.0,"damage_taken":0.0,"cards_obtained":["True Grit"]}],"is_beta":false,"boss_relics":[{"not_picked":["Black Star","Pandora\u0027s Box"],"picked":"Velvet Choker"}],"items_purged_floors":[21],"is_endless":false,"potions_floor_spawned":[3,6,10,11,25],"killed_by":"Book of Stabbing","ascension_level":16}}