{"host":"gaqyve1328ta0etl","time":1612229409,"event":{"mods":["BaseMod","Colored Map","Colored Powertips","Googly Eyes","Minty Spire (QoL Compilation)","Shop Mod","StSLib","SuperFastMode","The Hierophant","The Runesmith"],"gold_per_floor":[117,135,60,60,74,74,108,120,120,120,147,167,183,201,201,305,305,319,305,126,126,126],"floor_reached":21,"language":"ENG","playtime":957,"items_purged":["Strike_G","Strike_G"],"score":309,"play_id":"2e429e5f-c7c6-498b-bc63-a0d8215309ea","local_time":"20210201173009","is_ascension_mode":true,"campfire_choices":[{"data":"Neutralize","floor":6.0,"key":"SMITH"},{"floor":10.0,"key":"REST"},{"floor":15.0,"key":"REST"}],"circlet_count":0,"master_deck":["AscendersBane","Strike_G","Strike_G","Strike_G","Defend_G","Defend_G+1","Defend_G","Defend_G+1","Defend_G","Survivor","Neutralize+1","Backflip","Slice","Dagger Throw","Blur","After Image","Dodge and Roll","Grand Finale","Escape Plan","Footwork"],"relics":["Ring of the Serpent","War Paint","Bottled Flame","Eternal Feather","Kunai"],"acts_visited":["Exordium","TheCity"],"potions_floor_usage":[21],"damage_taken":[{"damage":0.0,"enemies":"Jaw Worm","floor":1.0,"turns":5.0},{"damage":5.0,"enemies":"Cultist","floor":2.0,"turns":5.0},{"damage":0.0,"enemies":"2 Louse","floor":5.0,"turns":3.0},{"damage":34.0,"enemies":"Gremlin Nob","floor":7.0,"turns":5.0},{"damage":7.0,"enemies":"Lots of Slimes","floor":8.0,"turns":6.0},{"damage":27.0,"enemies":"Lagavulin","floor":11.0,"turns":13.0},{"damage":0.0,"enemies":"Blue Slaver","floor":12.0,"turns":4.0},{"damage":4.0,"enemies":"3 Louse","floor":13.0,"turns":4.0},{"damage":0.0,"enemies":"2 Fungi Beasts","floor":14.0,"turns":5.0},{"damage":6.0,"enemies":"The Guardian","floor":16.0,"turns":24.0},{"damage":22.0,"enemies":"Spheric Guardian","floor":18.0,"turns":12.0},{"damage":20,"enemies":"2 Thieves","floor":19,"turns":4},{"damage":21,"enemies":"3 Cultists","floor":21,"turns":4}],"seed_played":"-6947389066381010561","potions_obtained":[{"floor":1.0,"key":"Dexterity Potion"},{"floor":2.0,"key":"Poison Potion"},{"floor":8.0,"key":"GhostInAJar"},{"floor":12.0,"key":"Ancient Potion"},{"floor":19,"key":"EssenceOfSteel"}],"is_trial":false,"path_per_floor":["M","M","$","?","M","R","E","M","T","R","E","M","M","M","R","B",null,"M","M","$","M"],"character_chosen":"THE_SILENT","items_purchased":["Footwork"],"campfire_rested":2,"item_purchase_floors":[20],"current_hp_per_floor":[63,58,58,58,58,58,24,17,17,47,20,20,16,16,46,40,63,41,21,21,0,0],"gold":126,"neow_bonus":"RANDOM_COMMON_RELIC","is_daily":false,"chose_seed":false,"campfire_upgraded":1,"win_rate":0.0,"timestamp":1612229409,"path_taken":["M","M","$","?","M","R","E","M","T","R","E","M","M","M","R","BOSS","M","M","$","M"],"items_purchased_type":["Card"],"build_version":"2020-12-22","purchased_purges":2,"victory":false,"max_hp_per_floor":[70,70,70,70,70,70,70,70,70,70,70,70,70,70,70,70,70,70,70,70,70,70],"card_choices":[{"not_picked":["Eviscerate","Backstab"],"picked":"Backflip","floor":1.0},{"not_picked":["Sucker Punch","Tactician","Well Laid Plans"],"picked":"SKIP","floor":2.0},{"not_picked":["Expertise","Crippling Poison"],"picked":"Slice","floor":5.0},{"not_picked":["Bane","Prepared"],"picked":"Dagger Throw","floor":7.0},{"not_picked":["Dagger Throw","Sucker Punch"],"picked":"Blur","floor":8.0},{"not_picked":["Choke","Endless Agony"],"picked":"After Image","floor":11.0},{"not_picked":["Poisoned Stab","Masterful Stab"],"picked":"Dodge and Roll","floor":12.0},{"not_picked":["Leg Sweep","PiercingWail","Masterful Stab"],"picked":"SKIP","floor":13.0},{"not_picked":["Cloak And Dagger","Catalyst","Quick Slash"],"picked":"SKIP","floor":14.0},{"not_picked":["Burst","Wraith Form v2"],"picked":"Grand Finale","floor":16.0},{"not_picked":["Sucker Punch","Deadly Poison"],"picked":"Escape Plan","floor":18.0},{"not_picked":["Caltrops","Deadly Poison","Dodge and Roll"],"picked":"SKIP","floor":19}],"player_experience":2068394,"relics_obtained":[{"floor":7.0,"key":"Bottled Flame"},{"floor":9.0,"key":"Eternal Feather"},{"floor":11.0,"key":"Kunai"}],"event_choices":[{"damage_healed":0.0,"max_hp_gain":0.0,"max_hp_loss":0.0,"gold_gain":0.0,"event_name":"Scrap Ooze","player_choice":"Fled","floor":4.0,"gold_loss":0.0,"damage_taken":0.0}],"is_beta":false,"boss_relics":[{"not_picked":["Velvet Choker","Black Star"],"picked":"Ring of the Serpent"}],"items_purged_floors":[3,20],"is_endless":false,"potions_floor_spawned":[1,2,8,12,13,19],"killed_by":"3 Cultists","ascension_level":12}}