{"host":"67d7yvf7wgk1klfn","time":1612301657,"event":{"mods":["Aspiration","BaseMod","Colored Powertips","Conspire","Dark Map","Downfall","Energized Spire","Hubris","Infinite Spire","Minty Spire (QoL Compilation)","Relic Stats","Reliquary","Replay The Spire","Slay the Relics Exporter","Smile Girya","Spire Arcade","StS++","StSLib","ojb\u0027s Better Paths Mod","ojb\u0027s Info Mod"],"gold_per_floor":[114,124,136,153,228,253,449,474,544,544,374,387,399,433,433,531,631,647,666,666,677,542,542,571,571,571,571,590,609,609,609,609],"floor_reached":31,"language":"ENG","playtime":2348,"items_purged":["Strike_P","Strike_P"],"score":302,"play_id":"86121a0c-bd30-4030-97d9-08b89cf5126c","local_time":"20210202163417","is_ascension_mode":false,"campfire_choices":[{"data":"TalkToTheHand","floor":10.0,"key":"SMITH"},{"data":"TalkToTheHand+1","floor":15.0,"key":"SMITH"},{"data":"Panacea","floor":23,"key":"SMITH"},{"data":"PathToVictory+1","floor":27,"key":"SMITH"}],"circlet_count":0,"master_deck":["Strike_P+1","Strike_P","Defend_P","Defend_P+1","Defend_P","Defend_P","Eruption","Vigilance","TalkToTheHand+2","Replay:BluntJabs","StSpp:LatentStrike","BattleHymn","StSpp:TimeDodge","LikeWater+1","Evaluate","Panacea+1","WheelKick","LessonLearned","Replay:AtTheReady","Crescendo","Tantrum","Replay:Hum","MentalFortress","PathToVictory+2","PathToVictory"],"relics":["infinitespire:Cupcake","Replay:Wax Seal","Quantum Egg","reliquary:Firecrackers","reliquary:Solitaire","Replay:Wanted Poster","infinitespire:PuzzleCube","hubris:Backtick","hubris:Zylophone","Replay:Kaleidoscope"],"acts_visited":["Exordium","TheCity"],"potions_floor_usage":[18,29,31,31],"damage_taken":[{"damage":1.0,"enemies":"Jaw Worm","floor":1.0,"turns":3.0},{"damage":1.0,"enemies":"2 Louse","floor":2.0,"turns":3.0},{"damage":2.0,"enemies":"Small Slimes","floor":3.0,"turns":4.0},{"damage":0.0,"enemies":"Looter","floor":4.0,"turns":2.0},{"damage":6.0,"enemies":"Replay:BlueRogue","floor":6.0,"turns":5.0},{"damage":9.0,"enemies":"3 Sentries","floor":8.0,"turns":7.0},{"damage":1.0,"enemies":"3 Louse","floor":12.0,"turns":5.0},{"damage":1.0,"enemies":"Exordium Thugs","floor":13.0,"turns":5.0},{"damage":0.0,"enemies":"Lagavulin","floor":14.0,"turns":8.0},{"damage":1.0,"enemies":"The Guardian","floor":16.0,"turns":11.0},{"damage":12,"enemies":"Shell Parasite","floor":18,"turns":1},{"damage":0,"enemies":"Chosen","floor":19,"turns":3},{"damage":6,"enemies":"Sentry and Sphere","floor":21,"turns":4},{"damage":38,"enemies":"Nightmare","floor":24,"turns":8},{"damage":0,"enemies":"Snake Plant","floor":28,"turns":1},{"damage":0,"enemies":"Centurion and Healer","floor":29,"turns":4},{"damage":11,"enemies":"conspire:SneckoGhost","floor":31,"turns":3}],"seed_played":"-7416128624080998197","potions_obtained":[{"floor":4.0,"key":"champ:CounterPotion"},{"floor":6.0,"key":"Energy Potion"},{"floor":12.0,"key":"Death Potion"},{"floor":18,"key":"Weak Potion"},{"floor":29,"key":"ColorlessPotion"}],"is_trial":false,"path_per_floor":["M","M","M","M","?","E","?","E","T","R","$","M","M","E","R","B",null,"M","M","?","M","$","R","NM","AVR","T","R","M","M","?","E"],"character_chosen":"WATCHER","items_purchased":["Panacea","MentalFortress"],"campfire_rested":0,"item_purchase_floors":[11,22],"current_hp_per_floor":[71,70,68,68,57,51,33,24,24,24,24,23,22,22,22,21,72,60,60,60,54,54,54,16,16,16,16,16,16,9,0,0],"gold":609,"neow_bonus":"BOSS_RELIC","is_daily":false,"chose_seed":false,"campfire_upgraded":4,"win_rate":0.0,"timestamp":1612301657,"path_taken":["M","M","M","M","?","E","?","E","T","R","$","M","M","E","R","BOSS","M","M","?","M","$","R","NM","AVR","T","R","M","M","?","E"],"items_purchased_type":["Card","Card"],"build_version":"2020-12-22","purchased_purges":2,"victory":false,"max_hp_per_floor":[72,72,72,72,72,72,72,72,72,72,72,72,72,72,72,72,72,72,72,72,72,72,72,72,72,72,72,72,72,72,72,72],"relic_stats":{"counters":[17,77],"obtain_stats":[{"reliquary:Solitaire":14,"Replay:Wanted Poster":17,"hubris:Zylophone":25,"hubris:Backtick":25,"Quantum Egg":8,"reliquary:Firecrackers":9,"Replay:Kaleidoscope":26,"PureWater":0,"Replay:Wax Seal":6,"infinitespire:PuzzleCube":24,"infinitespire:Cupcake":0},{"reliquary:Solitaire":9,"Replay:Wanted Poster":10,"hubris:Zylophone":14,"hubris:Backtick":14,"Quantum Egg":6,"reliquary:Firecrackers":6,"Replay:Kaleidoscope":14,"PureWater":0,"Replay:Wax Seal":5,"infinitespire:PuzzleCube":14,"infinitespire:Cupcake":0},{"reliquary:Solitaire":42,"Replay:Wanted Poster":53,"hubris:Zylophone":69,"hubris:Backtick":69,"Quantum Egg":24,"reliquary:Firecrackers":24,"Replay:Kaleidoscope":69,"PureWater":0,"Replay:Wax Seal":17,"infinitespire:PuzzleCube":69,"infinitespire:Cupcake":0}]},"card_choices":[{"not_picked":["ClearTheMind","EmptyFist"],"picked":"TalkToTheHand","floor":1.0},{"not_picked":["WreathOfFlame","Perseverance"],"picked":"Replay:BluntJabs","floor":2.0},{"not_picked":["Replay:Cycle","CutThroughFate"],"picked":"StSpp:LatentStrike","floor":3.0},{"not_picked":["Pray","Perseverance"],"picked":"BattleHymn","floor":4.0},{"not_picked":["StSpp:VitalPoint","JustLucky"],"picked":"StSpp:TimeDodge","floor":6.0},{"not_picked":["Halt","StSpp:Renounce"],"picked":"LikeWater","floor":7.0},{"not_picked":["Indignation","WaveOfTheHand"],"picked":"Evaluate","floor":8.0},{"not_picked":["EmptyFist","StSpp:Renounce"],"picked":"WheelKick","floor":12.0},{"not_picked":["CrushJoints","Replay:BluntJabs","StSpp:Patience"],"picked":"SKIP","floor":13.0},{"not_picked":["ReachHeaven","CarveReality","ThirdEye"],"picked":"SKIP","floor":14.0},{"not_picked":["StSpp:VitalPoint","ConjureBlade"],"picked":"LessonLearned","floor":16.0},{"not_picked":["ForeignInfluence","MentalFortress+1"],"picked":"Replay:AtTheReady","floor":18},{"not_picked":["Replay:BluntJabs","FollowUp"],"picked":"Crescendo","floor":19},{"not_picked":["DeceiveReality","CrushJoints"],"picked":"Replay:Hum","floor":21},{"not_picked":["DeceiveReality+1","Halt"],"picked":"PathToVictory+1","floor":24},{"not_picked":["ThirdEye","EmptyMind+1","Evaluate"],"picked":"SKIP","floor":28},{"not_picked":["JustLucky","StSpp:Patience"],"picked":"PathToVictory","floor":29}],"player_experience":676083,"relics_obtained":[{"floor":6.0,"key":"Replay:Wax Seal"},{"floor":8.0,"key":"Quantum Egg"},{"floor":9.0,"key":"reliquary:Firecrackers"},{"floor":14.0,"key":"reliquary:Solitaire"},{"floor":24,"key":"infinitespire:PuzzleCube"},{"floor":26,"key":"Replay:Kaleidoscope"}],"event_choices":[{"damage_healed":0.0,"max_hp_gain":0.0,"max_hp_loss":0.0,"gold_gain":75.0,"event_name":"World of Goop","player_choice":"Gather Gold","floor":5.0,"gold_loss":0.0,"damage_taken":11.0},{"damage_healed":0,"gold_gain":0,"player_choice":"Read","damage_taken":0,"max_hp_gain":0,"max_hp_loss":0,"event_name":"The Library","floor":20,"gold_loss":0,"cards_obtained":["Tantrum"]},{"damage_healed":0,"gold_gain":0,"player_choice":"Damaged","damage_taken":7,"max_hp_gain":0,"max_hp_loss":0,"event_name":"Wheel of Change","floor":30,"gold_loss":0}],"is_beta":false,"boss_relics":[{"not_picked":["hubris:VirtuousBlindfold","SacredBark"],"picked":"Replay:Wanted Poster"}],"items_purged_floors":[11,22],"is_endless":false,"potions_floor_spawned":[4,6,12,13,14,16,18,24,29],"killed_by":"conspire:SneckoGhost","ascension_level":0}}