{"host":"am0cr9xwekqmrere","time":1612297771,"event":{"mods":["AchievementEnabler","Act Like it!","BaseMod","Better Altar","Better Match","Better Note","Better Sensory Stone","Better Skull","Better Third Choice","BetterRewards","Conspire","Downfall","Hubris","Infinite Spire","Minty Spire (QoL Compilation)","Rare Cards Sparkle","Spicy Shops","StSLib","Unceasing Turn Reminder"],"gold_per_floor":[99,108,135,155,176,199,199,199,199,199],"floor_reached":8,"language":"ENG","playtime":352,"items_purged":[],"score":48,"play_id":"4c63a10b-8b04-441d-ae1d-c1586b9b2f1e","local_time":"20210202142931","is_ascension_mode":false,"campfire_choices":[{"data":"champ:Taunt","floor":1,"key":"SMITH"}],"circlet_count":0,"master_deck":["champ:Strike","champ:Strike","champ:Strike","champ:Strike","champ:Defend","champ:Defend","champ:Defend","champ:Defend","champ:Execute","champ:Taunt+1","Pain","champ:DefensiveStyle","champ:FancyFootwork","champ:SwordSigil","champ:AdrenalArmor"],"relics":["champ:ChampionCrown","CeramicFish","WarpedTongs","Kunai"],"acts_visited":["Exordium"],"potions_floor_usage":[8],"damage_taken":[{"damage":13,"enemies":"2 Louse","floor":3,"turns":2},{"damage":26,"enemies":"Cultist","floor":4,"turns":5},{"damage":22,"enemies":"Small Slimes","floor":5,"turns":4},{"damage":65,"enemies":"Gremlin Gang","floor":6,"turns":6},{"damage":77,"enemies":"3 Sentries","floor":8,"turns":14}],"seed_played":"5284761266693000883","potions_obtained":[{"floor":5,"key":"BlessingOfTheForge"},{"floor":6,"key":"Weak Potion"}],"is_trial":false,"path_per_floor":["R","?","M","M","M","M","T","E"],"character_chosen":"THE_CHAMP","items_purchased":[],"campfire_rested":0,"item_purchase_floors":[],"current_hp_per_floor":[90,90,87,81,79,44,44,0,0,0],"gold":199,"neow_bonus":"RANDOM_COMMON_RELIC","is_daily":false,"chose_seed":false,"campfire_upgraded":1,"win_rate":0.0,"timestamp":1612297771,"path_taken":["R","?","?","M","M","M","T","E"],"items_purchased_type":[],"build_version":"2020-12-22","purchased_purges":0,"victory":false,"max_hp_per_floor":[90,90,90,90,90,90,90,90,90,90],"card_choices":[{"not_picked":["champ:BringItOn","champ:EnragedBash"],"picked":"champ:DefensiveStyle","floor":3},{"not_picked":["champ:HeartStrike","champ:GutPunch"],"picked":"champ:FancyFootwork","floor":4},{"not_picked":["champ:FlashCut","champ:RageSigil"],"picked":"champ:SwordSigil","floor":5},{"not_picked":["champ:BladeFlurry","champ:DefensiveShout"],"picked":"champ:AdrenalArmor","floor":6}],"player_experience":2715086,"relics_obtained":[{"floor":7,"key":"Kunai"}],"event_choices":[{"damage_healed":0,"gold_gain":0,"player_choice":"Rummage","damage_taken":0,"relics_obtained":["WarpedTongs"],"max_hp_gain":0,"max_hp_loss":0,"event_name":"Accursed Blacksmith","floor":2,"gold_loss":0,"cards_obtained":["Pain"]}],"is_beta":false,"boss_relics":[],"items_purged_floors":[],"is_endless":false,"potions_floor_spawned":[5,6],"killed_by":"3 Sentries","ascension_level":0}}