{"host":"am0cr9xwekqmrere","time":1612296702,"event":{"mods":["AchievementEnabler","Act Like it!","BaseMod","Better Altar","Better Match","Better Note","Better Sensory Stone","Better Skull","Better Third Choice","BetterRewards","Conspire","Downfall","Hubris","Infinite Spire","Minty Spire (QoL Compilation)","Rare Cards Sparkle","Spicy Shops","StSLib","Unceasing Turn Reminder"],"gold_per_floor":[99,117,117,128,147,158,185,219,219,219,219],"floor_reached":9,"language":"ENG","playtime":325,"items_purged":[],"score":78,"play_id":"89c5e587-7c67-4c1d-89d8-67a7cb0e53a6","local_time":"20210202141142","is_ascension_mode":false,"campfire_choices":[{"data":"champ:Taunt","floor":1,"key":"SMITH"}],"circlet_count":0,"master_deck":["champ:Strike","champ:Strike","champ:Strike","champ:Strike","champ:Defend","champ:Defend","champ:Defend","champ:Defend","champ:Execute","champ:Taunt+1","hubris:Disease","champ:BerserkersShout","champ:AdrenalArmor","champ:RisingSlash","champ:SwordThrow","champ:SkillfulDodge"],"relics":["champ:ChampionCrown","The Courier","Bag of Marbles"],"acts_visited":["Exordium"],"potions_floor_usage":[],"damage_taken":[{"damage":21,"enemies":"Cultist","floor":2,"turns":4},{"damage":25,"enemies":"2 Louse","floor":4,"turns":3},{"damage":13,"enemies":"Small Slimes","floor":5,"turns":4},{"damage":79,"enemies":"Exordium Thugs","floor":6,"turns":6},{"damage":87,"enemies":"conspire:MimicChest","floor":8,"turns":7},{"damage":36,"enemies":"3 Sentries","floor":9,"turns":6}],"seed_played":"431659776008076530","potions_obtained":[{"floor":6,"key":"Ancient Potion"},{"floor":8,"key":"SneckoOil"}],"is_trial":false,"path_per_floor":["R","M","T","M","M","M","T","?","E"],"character_chosen":"THE_CHAMP","items_purchased":[],"campfire_rested":0,"item_purchase_floors":[],"current_hp_per_floor":[108,107,107,97,94,70,70,23,0,0,0],"gold":219,"neow_bonus":"TWENTY_PERCENT_HP_BONUS","is_daily":false,"chose_seed":false,"campfire_upgraded":1,"win_rate":0.0,"timestamp":1612296702,"path_taken":["R","M","?","M","M","M","T","?","E"],"items_purchased_type":[],"build_version":"2020-12-22","purchased_purges":0,"victory":false,"max_hp_per_floor":[108,108,108,108,108,108,108,108,108,108,108],"card_choices":[{"not_picked":["champ:FlashCut","champ:CrownThrow"],"picked":"champ:BerserkersShout","floor":2},{"not_picked":["champ:DefensiveShout","champ:Circumvent"],"picked":"champ:AdrenalArmor","floor":4},{"not_picked":["champ:BringItOn","champ:BladeFlurry"],"picked":"champ:RisingSlash","floor":5},{"not_picked":["champ:ShieldSigil","champ:Backstep"],"picked":"champ:SwordThrow","floor":6},{"not_picked":["champ:TornadoPunch","champ:FanOfKnives"],"picked":"champ:SkillfulDodge","floor":8}],"player_experience":2714094,"relics_obtained":[{"floor":3,"key":"The Courier"},{"floor":8,"key":"Bag of Marbles"}],"event_choices":[],"is_beta":false,"boss_relics":[],"items_purged_floors":[],"is_endless":false,"potions_floor_spawned":[6,8],"killed_by":"3 Sentries","ascension_level":0}}