{"host":"uc0x0d8zaap3n3zi","time":1612242251,"event":{"mods":["2.2 Compatiblity","AchievementEnabler","Act Like it!","Alarm Clock","BaseMod","Colored Powertips","Downfall","Gensokyo","Marisa????????","Minty Spire (QoL Compilation)","Pale of the Ancients","Rare Cards Sparkle","Relic Stats","Spire Arcade","StSLib","The Cursed","The Hierophant","The Marked","The Servant 0.9.4","slay the spire mod where everything is the same but ironclad has a cowboy hat"],"gold_per_floor":[109,125,135,92,92,92,102,102,102,118,43,43,43,63,63,165,165,178,428,428,448,110,123,42,52,79,79,79],"floor_reached":27,"language":"ENG","playtime":1731,"items_purged":["Strike_S"],"score":255,"play_id":"117bf399-bed7-4ee3-8182-93c894b6aab2","local_time":"20210202180411","is_ascension_mode":false,"campfire_choices":[{"data":"KidneyShot","floor":6,"key":"SMITH"},{"data":"Exchange","floor":13,"key":"SMITH"},{"data":"Barrier","floor":15,"key":"SMITH"}],"circlet_count":0,"master_deck":["Strike_S","Strike_S","Strike_S","Defend_S","Defend_S","Defend_S","Defend_S","KidneyShot+1","Exchange+1","TrueSight","Barrier+1","Snipe","DualDimension","SilverBlades","StarChef","Rearm","TimeWarp","PendulumOfEternity","ShiftingGears","Gensokyo:Shovel","Defy","RealityMarble"],"relics":["Uniform","Blue Candle","Bronze Scales","Potion Belt","Medical Kit","ClockworkSouvenir","Smiling Mask"],"acts_visited":["Gensokyo:Gensokyo","Gensokyo:Gensokyoer"],"potions_floor_usage":[7,18,25,25,25],"damage_taken":[{"damage":0,"enemies":"Gensokyo:3_Fairies","floor":1,"turns":4},{"damage":5,"enemies":"Gensokyo:Gryphon","floor":2,"turns":5},{"damage":0,"enemies":"Gensokyo:Python","floor":3,"turns":5},{"damage":0,"enemies":"Gensokyo:LivingMonolith","floor":7,"turns":6},{"damage":13,"enemies":"Gensokyo:Gryphon_and_Rabbit","floor":10,"turns":5},{"damage":1,"enemies":"Gensokyo:VengefulSpirit","floor":14,"turns":5},{"damage":0,"enemies":"Gensokyo:Reimu","floor":16,"turns":13},{"damage":21,"enemies":"Gensokyo:2_Gloops","floor":18,"turns":7},{"damage":0,"enemies":"Gensokyo:Chomper","floor":21,"turns":7},{"damage":31,"enemies":"Gensokyo:Wraith","floor":23,"turns":5},{"damage":10,"enemies":"Gensokyo:Mirror_and_Dog","floor":25,"turns":9},{"damage":0,"enemies":"Gensokyo:Chomper_and_Gloop","floor":27,"turns":1}],"seed_played":"-3572514581659544790","potions_obtained":[{"floor":2,"key":"LiquidMemories"},{"floor":3,"key":"Block Potion"},{"floor":7,"key":"BlessingOfTheForge"},{"floor":16,"key":"Fire Potion"},{"floor":18,"key":"Weak Potion"},{"floor":23,"key":"Swift Potion"}],"is_trial":false,"path_per_floor":["M","M","M","COS","?","R","M","?","T","M","$","?","R","M","R","B",null,"M","?","?","M","COS","M","$","M","T","M"],"character_chosen":"THE_SERVANT","items_purchased":["RealityMarble"],"campfire_rested":0,"item_purchase_floors":[24],"current_hp_per_floor":[65,60,60,60,60,60,60,55,55,42,42,42,42,41,41,41,65,44,44,49,49,49,18,18,8,8,8,8],"gold":79,"neow_bonus":"ONE_RANDOM_RARE_CARD","is_daily":false,"chose_seed":false,"campfire_upgraded":3,"win_rate":0.0,"timestamp":1612242251,"path_taken":["M","M","M","COS","?","R","M","?","T","M","?","?","R","M","R","BOSS","M","?","?","M","COS","M","?","M","T","M"],"items_purchased_type":["Card"],"build_version":"2020-12-22","purchased_purges":1,"victory":false,"max_hp_per_floor":[65,65,65,65,65,65,65,65,65,65,65,65,65,65,65,65,65,65,62,67,67,67,67,67,67,67,67,67],"relic_stats":{"counters":[12,72],"Blue Candle":[0],"Bronze Scales":[130],"Medical Kit":[0],"Smiling Mask":0,"obtain_stats":[{"Potion Belt":10,"Blue Candle":8,"Bronze Scales":9,"Uniform":0,"Medical Kit":22,"Smiling Mask":26,"ClockworkSouvenir":22},{"Potion Belt":5,"Blue Candle":4,"Bronze Scales":4,"Uniform":0,"Medical Kit":9,"Smiling Mask":11,"ClockworkSouvenir":9},{"Potion Belt":21,"Blue Candle":20,"Bronze Scales":20,"Uniform":0,"Medical Kit":57,"Smiling Mask":71,"ClockworkSouvenir":57}]},"card_choices":[{"not_picked":["Potential","Alleviate"],"picked":"Barrier","floor":1},{"not_picked":["FanOfKnives","Moonlight"],"picked":"Snipe","floor":2},{"not_picked":["Potential","TimeWarp"],"picked":"DualDimension","floor":3},{"not_picked":["BestPractice","Desolation"],"picked":"SilverBlades","floor":7},{"not_picked":["SilverBlades","Barrier"],"picked":"StarChef","floor":10},{"not_picked":["FastForward","DoubleEdge"],"picked":"Rearm","floor":12},{"not_picked":["Replace","Starlight"],"picked":"TimeWarp","floor":12},{"not_picked":["Ricochet","Reset","Spin"],"picked":"SKIP","floor":14},{"not_picked":["Solidify","Duplication"],"picked":"PendulumOfEternity","floor":16},{"not_picked":["Revamp","Advance","SpecialFormula+1"],"picked":"SKIP","floor":18},{"not_picked":["Rearm+1","Starlight+1"],"picked":"ShiftingGears","floor":21},{"not_picked":["Deadline","Rearm"],"picked":"Defy","floor":23},{"not_picked":["Hightail","Defy","Rewind+1"],"picked":"SKIP","floor":25}],"player_experience":307540,"relics_obtained":[{"floor":9,"key":"Bronze Scales"},{"floor":26,"key":"Smiling Mask"}],"event_choices":[],"is_beta":false,"boss_relics":[{"not_picked":["Fusion Hammer","Ectoplasm","Cursed Key"]}],"items_purged_floors":[11],"is_endless":false,"potions_floor_spawned":[2,3,7,16,18,23],"killed_by":"Gensokyo:Chomper_and_Gloop","ascension_level":0}}