{"host":"gbam4pubzz0ipj7u","time":1612294072,"event":{"mods":["BaseMod","Colored Powertips","Conspire","Downfall","Energized Spire","Jorbs\u0027s Wanderer Trilogy","Marisa????????","Minty Spire (QoL Compilation)","Quick Restart","Replay The Spire","Spicy Shops","StSLib","SuperFastMode","egg"],"gold_per_floor":[99,9,9,28,45,30,30,30,50,85,85,142,152,168,182,182,182,182],"floor_reached":16,"language":"ENG","playtime":965,"items_purged":["sneckomod:Strike"],"score":112,"play_id":"b908731f-5c4b-4185-961c-c41a32142b7c","local_time":"20210202112752","is_ascension_mode":false,"campfire_choices":[],"circlet_count":0,"master_deck":["sneckomod:Strike","sneckomod:Defend","sneckomod:Defend","sneckomod:TailWhip+1","sneckomod:SnekBite","sneckomod:Unknown","sneckomod:Unknown","sneckomod:TrashToTreasure","sneckomod:UnlimitedRolls","sneckomod:IronFang","sneckomod:Unknown3Cost","sneckomod:UnknownX","sneckomod:WideSting","sneckomod:UnknownUncommonPower","sneckomod:MorePower","sneckomod:UnknownUncommonSkill+1","sneckomod:SerpentIdol"],"relics":["sneckomod:SneckoSoul","Letter Opener","PreservedInsect","Mercury Hourglass"],"acts_visited":["Exordium"],"potions_floor_usage":[15,16,16],"damage_taken":[{"damage":5,"enemies":"downfall:FleeingMerchant","floor":2,"turns":4},{"damage":0,"enemies":"Small Slimes","floor":4,"turns":3},{"damage":13,"enemies":"Jaw Worm","floor":5,"turns":5},{"damage":10,"enemies":"downfall:FleeingMerchant","floor":6,"turns":4},{"damage":3,"enemies":"conspire:RoseBush","floor":9,"turns":3},{"damage":16,"enemies":"Replay:BlueRogue","floor":10,"turns":4},{"damage":3,"enemies":"Lagavulin","floor":12,"turns":5},{"damage":0,"enemies":"Lots of Slimes","floor":13,"turns":2},{"damage":0,"enemies":"Large Slime","floor":14,"turns":3},{"damage":4,"enemies":"Gremlin Gang","floor":15,"turns":2},{"damage":50,"enemies":"IC_STATUS_ARCHETYPE","floor":16,"turns":8}],"seed_played":"-2133512925490924080","potions_obtained":[{"floor":5,"key":"Reflective Coating"},{"floor":12,"key":"conspire:TimeTravelPotion"},{"floor":14,"key":"SkillPotion"},{"floor":15,"key":"ColorlessPotion"}],"is_trial":false,"path_per_floor":["R","$","?","M","M","$","T","?","M","E","?","E","M","M","M","B"],"character_chosen":"THE_SNECKO","items_purchased":[],"campfire_rested":0,"item_purchase_floors":[],"current_hp_per_floor":[99,94,94,94,81,71,71,71,68,52,52,49,49,49,45,0,0,0],"gold":182,"neow_bonus":"TEN_PERCENT_HP_BONUS","is_daily":false,"chose_seed":false,"campfire_upgraded":0,"win_rate":0.0,"timestamp":1612294072,"path_taken":["R","$","?","M","M","?","T","?","M","E","?","E","?","M","M","BOSS"],"items_purchased_type":[],"build_version":"2020-12-22","purchased_purges":1,"victory":false,"max_hp_per_floor":[99,99,99,99,99,99,99,99,99,99,99,99,99,99,99,99,99,99],"card_choices":[{"not_picked":["sneckomod:UnknownBlock","sneckomod:UnknownCommonAttack"],"picked":"sneckomod:UnlimitedRolls","floor":2},{"not_picked":["sneckomod:UnknownCommonSkill","sneckomod:UnknownVulnerable"],"picked":"sneckomod:IronFang","floor":4},{"not_picked":["sneckomod:SoulRoll","sneckomod:QuickBite","sneckomod:DiceCrush"],"picked":"SKIP","floor":5},{"not_picked":["sneckomod:QuickBite","sneckomod:UnknownDraw"],"picked":"sneckomod:Unknown3Cost","floor":6},{"not_picked":["sneckomod:Unknown0Cost","sneckomod:UnknownStrike"],"picked":"sneckomod:UnknownX","floor":9},{"not_picked":["sneckomod:UnknownWeak","sneckomod:SoulExchange"],"picked":"sneckomod:WideSting","floor":10},{"not_picked":["sneckomod:SoulDraw","sneckomod:UnknownVulnerable","sneckomod:Nope"],"picked":"SKIP","floor":12},{"not_picked":["sneckomod:UnknownWeak","sneckomod:UnknownStrike"],"picked":"sneckomod:UnknownUncommonPower","floor":13},{"not_picked":["sneckomod:UnknownDraw","sneckomod:QuickMove"],"picked":"sneckomod:MorePower","floor":14},{"not_picked":["sneckomod:UnknownBlock+1","sneckomod:UnknownExhaust+1"],"picked":"sneckomod:UnknownUncommonSkill+1","floor":15},{"not_picked":["sneckomod:DiceCrush","sneckomod:IronFang"],"picked":"sneckomod:SerpentIdol","floor":15}],"player_experience":187255,"relics_obtained":[{"floor":7,"key":"Letter Opener"},{"floor":10,"key":"PreservedInsect"},{"floor":12,"key":"Mercury Hourglass"}],"event_choices":[{"cards_removed":["sneckomod:Defend"],"damage_healed":0,"gold_gain":0,"player_choice":"Card Removal","damage_taken":0,"max_hp_gain":0,"max_hp_loss":0,"event_name":"The Cleric","floor":8,"gold_loss":0},{"damage_healed":0,"gold_gain":0,"player_choice":"Ignored","damage_taken":0,"max_hp_gain":0,"max_hp_loss":0,"event_name":"NoteForYourself","floor":11,"gold_loss":0}],"is_beta":false,"boss_relics":[],"items_purged_floors":[2],"is_endless":false,"potions_floor_spawned":[5,12,14,15],"killed_by":"IC_STATUS_ARCHETYPE","ascension_level":0}}