{"host":"431it2xtlpekoa51","time":1612233993,"event":{"mods":["BaseMod","Hubris","Minty Spire (QoL Compilation)","StSLib"],"gold_per_floor":[118,193,208,27,27,62,62,95,95,130,130,130,130],"floor_reached":12,"language":"ENG","playtime":381,"items_purged":[],"score":238,"play_id":"edb0b1bd-d3d4-4572-bf13-e81fe869a7e3","local_time":"20210201204633","is_ascension_mode":true,"campfire_choices":[{"floor":7,"key":"REST"},{"floor":11,"key":"REST"}],"circlet_count":0,"master_deck":["AscendersBane","Strike_G","Strike_G","Strike_G","Strike_G","Strike_G","Defend_G","Defend_G","Defend_G","Defend_G","Defend_G","Survivor","Neutralize","Dagger Spray","Caltrops","Venomology","Dagger Throw","Quick Slash","Sucker Punch","Footwork","Cloak And Dagger"],"relics":["Ring of the Snake","NeowsBlessing","CultistMask","MealTicket","Boot","Dream Catcher","Nunchaku"],"acts_visited":["Exordium"],"potions_floor_usage":[8,10,10,10,12],"damage_taken":[{"damage":0,"enemies":"Jaw Worm","floor":1,"turns":1},{"damage":0,"enemies":"2 Louse","floor":3,"turns":1},{"damage":0,"enemies":"Lagavulin","floor":6,"turns":1},{"damage":48,"enemies":"Gremlin Nob","floor":8,"turns":4},{"damage":14,"enemies":"Lagavulin","floor":10,"turns":9},{"damage":47,"enemies":"Gremlin Nob","floor":12,"turns":4}],"seed_played":"8926175927298616624","potions_obtained":[{"floor":3,"key":"Ancient Potion"},{"floor":6,"key":"SteroidPotion"},{"floor":10,"key":"Dexterity Potion"}],"is_trial":false,"path_per_floor":["M","?","M","$","?","E","R","E","T","E","R","E"],"character_chosen":"THE_SILENT","items_purchased":["Venomology","Dagger Throw"],"campfire_rested":2,"item_purchase_floors":[4,4],"current_hp_per_floor":[59,48,48,48,48,48,66,18,18,4,23,0,0],"gold":130,"neow_bonus":"THREE_ENEMY_KILL","is_daily":false,"chose_seed":false,"campfire_upgraded":0,"win_rate":0.0,"timestamp":1612233993,"path_taken":["M","?","M","$","?","E","R","E","T","E","R","E"],"items_purchased_type":["Card","Card"],"build_version":"2020-12-22","purchased_purges":0,"victory":false,"max_hp_per_floor":[66,66,66,66,66,66,66,66,66,66,66,66,66],"card_choices":[{"not_picked":["Sucker Punch","Prepared"],"picked":"Dagger Spray","floor":1},{"not_picked":["Choke","Dagger Spray"],"picked":"Caltrops","floor":3},{"not_picked":["hubris:Sniper","Expertise"],"picked":"Quick Slash","floor":6},{"not_picked":["Finisher","Doppelganger"],"picked":"Sucker Punch","floor":8},{"not_picked":["Blade Dance","Caltrops"],"picked":"Footwork","floor":10},{"not_picked":["Underhanded Strike","Prepared"],"picked":"Cloak And Dagger","floor":11}],"player_experience":3123908,"relics_obtained":[{"floor":6,"key":"MealTicket"},{"floor":8,"key":"Boot"},{"floor":9,"key":"Dream Catcher"},{"floor":10,"key":"Nunchaku"}],"event_choices":[{"damage_healed":0,"gold_gain":75,"player_choice":"Gather Gold","damage_taken":11,"max_hp_gain":0,"max_hp_loss":0,"event_name":"World of Goop","floor":2,"gold_loss":0},{"damage_healed":0,"gold_gain":0,"player_choice":"Trade","damage_taken":0,"relics_obtained":["CultistMask"],"max_hp_gain":0,"max_hp_loss":0,"event_name":"FaceTrader","floor":5,"gold_loss":0}],"is_beta":false,"boss_relics":[],"items_purged_floors":[],"is_endless":false,"potions_floor_spawned":[3,6,10],"killed_by":"Gremlin Nob","ascension_level":20}}