{"host":"hpn0uxah5qjr7pa6","time":1612305765,"event":{"mods":["Act Like it!","Aspiration","BaseMod","Better Third Choice","BetterRewards","Challenge The Spire","Colored Powertips","Conspire","Downfall","Energized Spire","Hallownest","Hermit","Hubris","Infinite Spire","Minty Spire (QoL Compilation)","Permanent Neow","Quick Restart","Rare Cards Sparkle","Replay The Spire","Spicy Shops","StSLib","The Bug Knight","The Jungle"],"gold_per_floor":[99,116,129,129,114,114,114,127,127,138,46,73,73,90,104,104,104,104],"floor_reached":16,"language":"ENG","playtime":982,"items_purged":[],"score":152,"play_id":"1e289976-a61b-4868-9569-7aac927c04eb","local_time":"20210202144245","is_ascension_mode":true,"campfire_choices":[{"data":"bronze:Branch","floor":6,"key":"SMITH"},{"data":"bronze:ChosenStrike","floor":13,"key":"SMITH"}],"circlet_count":0,"master_deck":["bronze:Strike","bronze:Strike","bronze:Strike","bronze:Strike","bronze:Defend","bronze:Defend","bronze:Defend","bronze:Defend","bronze:Replicate","bronze:Goto","Swift Strike+1","bronze:Repair","bronze:FollowUp","bronze:Branch+1","bronze:WhirlingStrike","Finesse","bronze:Boost","bronze:DelayedSlice","bronze:DelayedGuard","bronze:ChosenStrike+1","bronze:Repair","bronze:FollowUp"],"relics":["bronze:BronzeCore","hubris:Icosahedron","hubris:DeckOfHolding","Thread and Needle"],"acts_visited":["Exordium"],"potions_floor_usage":[16,16],"damage_taken":[{"damage":0,"enemies":"Cultist","floor":2,"turns":3},{"damage":7,"enemies":"Small Slimes","floor":3,"turns":3},{"damage":0,"enemies":"downfall:FleeingMerchant","floor":5,"turns":4},{"damage":3,"enemies":"Jaw Worm","floor":8,"turns":3},{"damage":1,"enemies":"Gremlin Gang","floor":10,"turns":5},{"damage":1,"enemies":"downfall:FleeingMerchant","floor":11,"turns":4},{"damage":0,"enemies":"3 Sentries","floor":12,"turns":6},{"damage":0,"enemies":"2 Fungi Beasts","floor":14,"turns":3},{"damage":0,"enemies":"Blue Slaver","floor":15,"turns":3},{"damage":85,"enemies":"SI_SHIV_ARCHETYPE","floor":16,"turns":11}],"seed_played":"-8468891814169981828","potions_obtained":[{"floor":8,"key":"SkillPotion"},{"floor":12,"key":"Weak Potion"},{"floor":14,"key":"SteroidPotion"}],"is_trial":false,"path_per_floor":["R","M","M","?","$","R","T","M","?","M","$","E","R","M","M","B"],"character_chosen":"THE_AUTOMATON","items_purchased":["bronze:ChosenStrike"],"campfire_rested":0,"item_purchase_floors":[11],"current_hp_per_floor":[70,70,70,70,70,70,70,70,70,69,69,69,69,69,69,0,0,0],"gold":104,"neow_bonus":"RANDOM_COLORLESS","is_daily":false,"chose_seed":false,"campfire_upgraded":2,"win_rate":0.0,"timestamp":1612305765,"path_taken":["R","M","M","?","$","R","T","M","?","M","$","E","R","M","M","BOSS"],"items_purchased_type":["Card"],"build_version":"2020-12-22","purchased_purges":0,"victory":false,"max_hp_per_floor":[70,70,70,70,70,70,70,70,70,70,70,70,70,70,70,70,70,70],"card_choices":[{"not_picked":["Madness","PanicButton"],"picked":"Swift Strike","floor":0},{"not_picked":["bronze:CutThrough","bronze:Shield"],"picked":"bronze:Repair","floor":2},{"not_picked":["bronze:Allocate","bronze:OilSpill"],"picked":"bronze:FollowUp","floor":3},{"not_picked":["bronze:WhirlingStrike","bronze:DelayedGuard"],"picked":"bronze:Branch","floor":5},{"not_picked":["bronze:Shell","bronze:BugBarrage"],"picked":"bronze:WhirlingStrike","floor":8},{"not_picked":["bronze:GetLatest","bronze:Deprecate"],"picked":"bronze:DelayedSlice","floor":10},{"not_picked":["bronze:ItsAFeature","bronze:Overload"],"picked":"bronze:DelayedGuard","floor":11},{"not_picked":["bronze:InfiniteBeams","bronze:ThunderWave"],"picked":"bronze:Repair","floor":12},{"not_picked":["bronze:ForceShield","bronze:NullPointer","bronze:Shield"],"picked":"SKIP","floor":14},{"not_picked":["bronze:DarkDash","bronze:Deprecate"],"picked":"bronze:FollowUp","floor":15}],"player_experience":163869,"relics_obtained":[{"floor":7,"key":"hubris:DeckOfHolding"},{"floor":12,"key":"Thread and Needle"}],"event_choices":[],"is_beta":false,"boss_relics":[],"items_purged_floors":[],"is_endless":false,"potions_floor_spawned":[8,12,14,15],"killed_by":"SI_SHIV_ARCHETYPE","ascension_level":4}}