{"host":"6rdnl4tq8hwgrqdy","time":1612304196,"event":{"mods":["2.2 Compatiblity","BaseMod","Colored Map","Colored Powertips","Minty Spire (QoL Compilation)","Quick Restart","Shop Mod","StSLib","Unceasing Turn Reminder"],"gold_per_floor":[116,116,176,191,8,8,58,168,168,195,245,272,272,302,302,377,377,388,401,451,23,39,39,64,114,160,0,50,64,64,79,79,79,79],"floor_reached":33,"language":"ENG","playtime":1437,"items_purged":["Writhe"],"score":534,"play_id":"74d917fc-cce3-40b8-9494-b7335966fe85","local_time":"20210202221636","is_ascension_mode":true,"campfire_choices":[{"data":"Ball Lightning","floor":6.0,"key":"SMITH"},{"floor":13.0,"key":"REST"},{"floor":15.0,"key":"REST"},{"floor":23.0,"key":"REST"},{"floor":30.0,"key":"REST"},{"floor":32.0,"key":"REST"}],"circlet_count":0,"master_deck":["AscendersBane","Strike_B","Strike_B","Strike_B","Strike_B","Defend_B","Defend_B","Defend_B","Defend_B","Zap","Dualcast","Conserve Battery+1","Scrape","Ball Lightning+1","Go for the Eyes","Rip and Tear","Stack","Redo","Beam Cell","All For One","Conserve Battery","Gash+1","Melter","Defragment","Seek","Stack","Decay","Parasite","Rebound","Streamline"],"relics":["Cracked Core","NeowsBlessing","SsserpentHead","Juzu Bracelet","Nunchaku","Bag of Preparation","Oddly Smooth Stone","Strawberry","Pear","StoneCalendar","Cursed Key","Cables","Shuriken","Happy Flower","Boot","Ornamental Fan"],"acts_visited":["Exordium","TheCity"],"potions_floor_usage":[],"damage_taken":[{"damage":0.0,"enemies":"Jaw Worm","floor":1.0,"turns":1.0},{"damage":0.0,"enemies":"Cultist","floor":3.0,"turns":1.0},{"damage":0.0,"enemies":"2 Louse","floor":4.0,"turns":1.0},{"damage":20.0,"enemies":"3 Sentries","floor":8.0,"turns":8.0},{"damage":15.0,"enemies":"Lagavulin","floor":10.0,"turns":5.0},{"damage":26.0,"enemies":"Gremlin Nob","floor":12.0,"turns":4.0},{"damage":22.0,"enemies":"3 Sentries","floor":14.0,"turns":7.0},{"damage":11.0,"enemies":"Hexaghost","floor":16.0,"turns":9.0},{"damage":15.0,"enemies":"Chosen","floor":18.0,"turns":5.0},{"damage":7.0,"enemies":"3 Byrds","floor":19.0,"turns":4.0},{"damage":8.0,"enemies":"Shelled Parasite and Fungi","floor":22.0,"turns":4.0},{"damage":49.0,"enemies":"Slavers","floor":24.0,"turns":7.0},{"damage":9.0,"enemies":"3 Cultists","floor":29.0,"turns":5.0},{"damage":5.0,"enemies":"Snake Plant","floor":31.0,"turns":4.0},{"damage":69,"enemies":"Collector","floor":33,"turns":6}],"seed_played":"6780299145584328994","potions_obtained":[{"floor":3.0,"key":"SkillPotion"},{"floor":14.0,"key":"FocusPotion"},{"floor":16.0,"key":"EssenceOfSteel"},{"floor":18.0,"key":"Block Potion"},{"floor":22.0,"key":"BlessingOfTheForge"}],"is_trial":false,"path_per_floor":["M","?","M","M","$","R","?","?","T","E","T","E","R","E","R","B",null,"M","M","?","$","M","R","E","?","T","?","T","M","R","M","R","B"],"character_chosen":"DEFECT","items_purchased":["Juzu Bracelet","Go for the Eyes","Shuriken","Melter"],"campfire_rested":5,"item_purchase_floors":[5,5,21,21],"current_hp_per_floor":[64,64,64,64,64,64,64,44,44,29,36,20,46,24,50,39,76,61,54,54,54,46,72,23,23,23,23,23,14,40,35,61,0,0],"gold":79,"neow_bonus":"THREE_ENEMY_KILL","is_daily":false,"chose_seed":false,"campfire_upgraded":1,"win_rate":0.0,"timestamp":1612304196,"path_taken":["M","?","?","M","$","R","?","?","T","E","?","E","R","E","R","BOSS","M","M","?","$","M","R","E","?","T","?","?","M","R","M","R","BOSS"],"items_purchased_type":["Relic","Card","Relic","Card"],"build_version":"2020-12-22","purchased_purges":1,"victory":false,"max_hp_per_floor":[71,71,71,71,71,71,71,71,71,71,78,88,88,88,88,88,88,88,88,88,88,88,88,88,88,88,88,88,88,88,88,88,88,88],"card_choices":[{"not_picked":["Skim","Rebound"],"picked":"Conserve Battery","floor":1.0},{"not_picked":["Barrage","Double Energy"],"picked":"Scrape","floor":3.0},{"not_picked":["Coolheaded","Compile Driver"],"picked":"Ball Lightning","floor":4.0},{"not_picked":["Steam","Sweeping Beam"],"picked":"Rip and Tear","floor":8.0},{"not_picked":["Machine Learning","Ball Lightning"],"picked":"Stack","floor":10.0},{"not_picked":["Recycle","Steam"],"picked":"Redo","floor":12.0},{"not_picked":["Steam","Turbo"],"picked":"Beam Cell","floor":14.0},{"not_picked":["Meteor Strike","Rainbow"],"picked":"All For One","floor":16.0},{"not_picked":["Skim","Rebound"],"picked":"Conserve Battery","floor":18.0},{"not_picked":["Coolheaded","Beam Cell"],"picked":"Gash+1","floor":19.0},{"not_picked":["Steam","Heatsinks"],"picked":"Defragment","floor":22.0},{"not_picked":["Chill","Barrage"],"picked":"Seek","floor":24.0},{"not_picked":["Steam Power","Stack"],"picked":"Rebound","floor":29.0},{"not_picked":["Coolheaded+1","Redo"],"picked":"Streamline","floor":31.0}],"player_experience":974218,"relics_obtained":[{"floor":8.0,"key":"Nunchaku"},{"floor":9.0,"key":"Bag of Preparation"},{"floor":10.0,"key":"Oddly Smooth Stone"},{"floor":11.0,"key":"Strawberry"},{"floor":12.0,"key":"Pear"},{"floor":14.0,"key":"StoneCalendar"},{"floor":24.0,"key":"Happy Flower"},{"floor":26.0,"key":"Boot"},{"floor":28.0,"key":"Ornamental Fan"}],"event_choices":[{"damage_healed":0.0,"max_hp_gain":0.0,"max_hp_loss":0.0,"gold_gain":0.0,"event_name":"FaceTrader","player_choice":"Trade","floor":2.0,"gold_loss":0.0,"damage_taken":0.0,"relics_obtained":["SsserpentHead"]},{"damage_healed":0.0,"max_hp_gain":0.0,"max_hp_loss":0.0,"gold_gain":0.0,"event_name":"Accursed Blacksmith","player_choice":"Forge","floor":7.0,"gold_loss":0.0,"damage_taken":0.0,"cards_upgraded":["Conserve Battery"]},{"damage_healed":0.0,"max_hp_gain":0.0,"max_hp_loss":0.0,"gold_gain":30.0,"event_name":"Dead Adventurer","player_choice":"Searched \u00272\u0027 times","floor":8.0,"gold_loss":0.0,"damage_taken":0.0},{"damage_healed":0.0,"max_hp_gain":0.0,"max_hp_loss":0.0,"gold_gain":0.0,"event_name":"The Mausoleum","player_choice":"Opened","floor":20.0,"gold_loss":0.0,"damage_taken":0.0,"relics_obtained":["Cables"],"cards_obtained":["Writhe"]},{"damage_healed":0.0,"max_hp_gain":0.0,"max_hp_loss":0.0,"gold_gain":0.0,"event_name":"Duplicator","player_choice":"Copied","floor":25.0,"gold_loss":0.0,"damage_taken":0.0,"cards_obtained":["Stack"]},{"damage_healed":0.0,"max_hp_gain":0.0,"max_hp_loss":0.0,"gold_gain":0.0,"event_name":"Masked Bandits","player_choice":"Paid Fearfully","floor":27.0,"gold_loss":210.0,"damage_taken":0.0}],"is_beta":false,"boss_relics":[{"not_picked":["Ectoplasm","Runic Pyramid"],"picked":"Cursed Key"}],"items_purged_floors":[21],"is_endless":false,"potions_floor_spawned":[3,14,16,18,22],"killed_by":"Collector","ascension_level":18}}