{"host":"dscols65uipasqd2","time":1612305411,"event":{"mods":["2.2 Compatiblity","AchievementEnabler","Aspiration","BaseMod","Colored Powertips","Downfall","Energized Spire","GifTheSpireLib","Hermit","Hubris","Infinite Spire","JesterMod","Jorbs\u0027s Wanderer Trilogy","Marisa????????","Minty Spire (QoL Compilation)","Rare Cards Sparkle","Replay The Spire","StSLib","Stuff the Spire","The Cursed","The Disciple","The Hierophant","The Judge","The Jungle","The Runesmith","TheFirefly"],"gold_per_floor":[99,111,123,123,134,134,134,34,47,9,9,26,26,37,54,54,54,54],"floor_reached":16,"language":"ENG","playtime":737,"items_purged":[],"score":94,"play_id":"35e4ce5c-9101-472f-9602-c118de48cedf","local_time":"20210202173651","is_ascension_mode":false,"campfire_choices":[{"floor":1,"key":"RECALL"},{"floor":8,"key":"REST"},{"floor":11,"key":"REST"}],"circlet_count":0,"master_deck":["Slimebound:Strike_Slimebound","Slimebound:Strike_Slimebound","Slimebound:Strike_Slimebound","Slimebound:Tackle","Slimebound:Defend_Slimebound","Slimebound:Defend_Slimebound","Slimebound:Defend_Slimebound","Slimebound:Defend_Slimebound","Slimebound:Split","Slimebound:CorrosiveSpit","Slimebound:Nibble","Slimebound:SplitAcid","Slimebound:ServeAndProtect","Slimebound:LevelUp","Slimebound:PrepareCrush","Slimebound:GoopSpray","Slimebound:GoopTackle","Slimebound:ComboTackle","Slimebound:ComboTackle"],"relics":["Slimebound:AbsorbEndCombat","Blue Candle","Pondfish Scales","downfall:HeartBlessingRed"],"acts_visited":["Exordium"],"potions_floor_usage":[10,10,12,16,16],"damage_taken":[{"damage":3,"enemies":"2 Louse","floor":2,"turns":2},{"damage":8,"enemies":"Small Slimes","floor":3,"turns":4},{"damage":6,"enemies":"Cultist","floor":5,"turns":3},{"damage":3,"enemies":"Red Slaver","floor":9,"turns":3},{"damage":15,"enemies":"downfall:FleeingMerchant","floor":10,"turns":4},{"damage":14,"enemies":"Lots of Slimes","floor":12,"turns":4},{"damage":2,"enemies":"Blue Slaver","floor":14,"turns":4},{"damage":26,"enemies":"Gremlin Gang","floor":15,"turns":3},{"damage":48,"enemies":"DF_ARCHETYPE_STREAMLINE","floor":16,"turns":6}],"seed_played":"1828123815189512961","potions_obtained":[{"floor":0,"key":"SkillPotion"},{"floor":0,"key":"Block Potion"},{"floor":0,"key":"Death Potion"},{"floor":12,"key":"Reflective Coating"},{"floor":15,"key":"Adrenaline Potion"}],"is_trial":false,"path_per_floor":["R","M","M","?","M","?","T","R","M","$","R","M","?","M","M","B"],"character_chosen":"SLIMEBOUND","items_purchased":["Slimebound:GoopSpray"],"campfire_rested":2,"item_purchase_floors":[10],"current_hp_per_floor":[65,64,58,40,40,40,40,59,60,49,65,57,57,57,33,0,0,0],"gold":54,"neow_bonus":"THREE_SMALL_POTIONS","is_daily":false,"chose_seed":false,"campfire_upgraded":0,"win_rate":0.0,"timestamp":1612305411,"path_taken":["R","M","M","?","M","?","T","R","M","$","R","M","?","?","M","BOSS"],"items_purchased_type":["Card"],"build_version":"2020-12-22","purchased_purges":0,"victory":false,"max_hp_per_floor":[65,65,65,65,65,65,65,65,65,65,65,65,65,65,65,65,65,65],"card_choices":[{"not_picked":["Slimebound:SlimeBrawl","Slimebound:Gluttony"],"picked":"Slimebound:Nibble","floor":2},{"not_picked":["Slimebound:SplitMire","Slimebound:TongueLash"],"picked":"Slimebound:SplitAcid","floor":3},{"not_picked":["Slimebound:DisruptingSlam","Slimebound:SlimeSpikes"],"picked":"Slimebound:ServeAndProtect","floor":5},{"not_picked":["Slimebound:RainOfGoop","Slimebound:SplitBruiser"],"picked":"Slimebound:LevelUp","floor":9},{"not_picked":["Slimebound:LivingWall","Slimebound:LeechEnergy"],"picked":"Slimebound:PrepareCrush","floor":10},{"not_picked":["Slimebound:LeechEnergy","Slimebound:SlimeSpikes"],"picked":"Slimebound:GoopTackle","floor":12},{"not_picked":["Slimebound:Equalize","Slimebound:TongueLash"],"picked":"Slimebound:ComboTackle","floor":14},{"not_picked":["Slimebound:SlimeTap","Slimebound:RollThrough"],"picked":"Slimebound:ComboTackle","floor":15}],"player_experience":556049,"relics_obtained":[],"event_choices":[{"damage_healed":0,"gold_gain":0,"player_choice":"Success","damage_taken":18,"relics_obtained":["Blue Candle"],"max_hp_gain":0,"max_hp_loss":0,"event_name":"Scrap Ooze","floor":4,"gold_loss":0}],"is_beta":false,"boss_relics":[],"items_purged_floors":[],"is_endless":false,"potions_floor_spawned":[2,9,12,15],"killed_by":"DF_ARCHETYPE_STREAMLINE","ascension_level":0}}