{"host":"ooods2gf71idc86d","time":1612278368,"event":{"mods":["AchievementEnabler","BaseMod","Downfall","Marisa????????","Minty Spire (QoL Compilation)","Replay The Spire","StSLib","The Cursed","The Necromancer","The Servant 0.9.4"],"gold_per_floor":[99,119,569,569,584,584,611,631,656,10,10,44,44,69,82,182,182,82,82,93,93,111,11,65,77,107,107,107,136,154,182,192,292,292,292,310,310,363,57,102,102,102,102,116,16,16,63,76,93,93,93,124,25,25,25,25,25,25],"floor_reached":56,"language":"ENG","playtime":16476,"items_purged":["downfall:Icky","downfall:Icky"],"score":921,"play_id":"15883cf6-b3e4-47d0-9cde-1190ebe1ac9d","local_time":"20210202170608","is_ascension_mode":false,"campfire_choices":[{"floor":1.0,"key":"DIG"},{"data":"champ:ArenaPreparation","floor":6.0,"key":"SMITH"},{"data":"champ:HoldFirm","floor":18.0,"key":"SMITH"},{"data":"champ:TripleStrike","floor":23.0,"key":"SMITH"},{"floor":35.0,"key":"RECALL"},{"data":"expansioncontent:DashGenerateEvil","floor":45.0,"key":"SMITH"},{"data":"champ:HeavySlash","floor":54,"key":"SMITH"}],"circlet_count":1,"master_deck":["champ:Strike+1","champ:Strike+1","champ:Strike+1","champ:Defend+1","champ:Defend+1","champ:Defend+1","champ:Defend+1","champ:Taunt+1","champ:ArenaPreparation+1","downfall:Icky","champ:DeathBlow+1","champ:BringItOn+1","champ:TripleStrike+1","champ:StanceDance+1","champ:HoldFirm+1","Magnetism+1","champ:PerfectedStrike+1","champ:IronFortress+1","champ:TripleStrike+1","champ:CrownThrow+1","champ:CrookedStrike+1","champ:VampiricStrike+1","champ:FaceSlap+1","champ:Encircle+1","champ:FaceSlap+1","champ:FocusedDefense+1","champ:EnGarde+1","champ:Shatter+1","champ:BringItOn+1","champ:HeavySlash+1","champ:RapidStrikes+1","champ:PreciseThrust+1","expansioncontent:DashGenerateEvil+1","champ:Encircle+1","champ:FalseCounter+1","champ:FanOfKnives+1","champ:ShieldThrow","Parasite","champ:StanceDance+1","champ:HeavySlash+1"],"relics":["champ:ChampionCrown","Lantern","MealTicket","Iron Hammer","Ring of Fangs","Ring of Peace","Incense Burner","Vajra","ChewingGum","Gremlin Horn","Replay:Baseball","Tiny Chest","Toxic Egg 2","Centennial Puzzle","Runic Pyramid","Meat on the Bone","Oddly Smooth Stone","Whetstone","Letter Opener","Circlet","CatCart","Replay:Bottled Snecko"],"acts_visited":["Exordium","TheCity","TheBeyond","TheEnding"],"potions_floor_usage":[55,55,55],"damage_taken":[{"damage":29.0,"enemies":"Jaw Worm","floor":2.0,"turns":4.0},{"damage":10.0,"enemies":"2 Louse","floor":5.0,"turns":2.0},{"damage":31.0,"enemies":"Cultist","floor":8.0,"turns":4.0},{"damage":56.0,"enemies":"3 Sentries","floor":9.0,"turns":8.0},{"damage":40.0,"enemies":"downfall:FleeingMerchant","floor":10.0,"turns":4.0},{"damage":49.0,"enemies":"Replay:BlueRogue","floor":12.0,"turns":5.0},{"damage":56.0,"enemies":"Lagavulin","floor":14.0,"turns":7.0},{"damage":45.0,"enemies":"Exordium Thugs","floor":15.0,"turns":4.0},{"damage":54.0,"enemies":"IC_STATUS_ARCHETYPE","floor":16.0,"turns":8.0},{"damage":58.0,"enemies":"Spheric Guardian","floor":20.0,"turns":5.0},{"damage":2.0,"enemies":"3 Cultists","floor":22.0,"turns":5.0},{"damage":31.0,"enemies":"Centurion and Healer","floor":25.0,"turns":4.0},{"damage":0.0,"enemies":"Replay:Snechameleon","floor":26.0,"turns":4.0},{"damage":30.0,"enemies":"Slavers","floor":29.0,"turns":3.0},{"damage":15.0,"enemies":"Sentry and Sphere","floor":30.0,"turns":4.0},{"damage":13.0,"enemies":"Replay:Snechameleon","floor":31.0,"turns":5.0},{"damage":7.0,"enemies":"Snecko","floor":32.0,"turns":4.0},{"damage":20.0,"enemies":"SI_MIRROR_ARCHETYPE","floor":33.0,"turns":4.0},{"damage":33.0,"enemies":"3 Darklings","floor":36.0,"turns":6.0},{"damage":46.0,"enemies":"2 Orb Walkers","floor":38.0,"turns":4.0},{"damage":36.0,"enemies":"downfall:FleeingMerchant","floor":39.0,"turns":5.0},{"damage":5.0,"enemies":"3 Shapes","floor":44.0,"turns":3.0},{"damage":54.0,"enemies":"Orin","floor":47.0,"turns":6.0},{"damage":23.0,"enemies":"3 Darklings","floor":48.0,"turns":5.0},{"damage":21.0,"enemies":"Writhing Mass","floor":49.0,"turns":4.0},{"damage":36.0,"enemies":"DF_ARCHETYPE_ORBS","floor":50.0,"turns":7.0},{"damage":92.0,"enemies":"downfall:CharBossMerchant","floor":52.0,"turns":8.0},{"damage":110,"enemies":"downfall:NeowBoss","floor":55,"turns":15},{"damage":163,"enemies":"downfall:NeowBossFinal","floor":56,"turns":8}],"seed_played":"-7763714041782098378","potions_obtained":[{"floor":8.0,"key":"AttackPotion"},{"floor":9.0,"key":"BlessingOfTheForge"},{"floor":12.0,"key":"Flashbang"},{"floor":16.0,"key":"SneckoOil"},{"floor":20.0,"key":"Toxic Potion"},{"floor":25.0,"key":"champ:UltimateStancePotion"},{"floor":27.0,"key":"CultistPotion"},{"floor":28.0,"key":"AttackPotion"},{"floor":28.0,"key":"Strength Potion"},{"floor":29.0,"key":"CultistPotion"},{"floor":33.0,"key":"Dexterity Potion"},{"floor":36.0,"key":"LiquidMemories"},{"floor":40.0,"key":"DistilledChaos"},{"floor":48.0,"key":"champ:UltimateStancePotion"}],"is_trial":false,"path_per_floor":["R","M","?","?","M","R","T","M","E","$","?","E","?","E","M","B",null,"R","T","M","?","M","R","T","M","E","?","?","E","M","E","M","B",null,"R","M","T","?","$","?","T","?","T","M","R","?","?","M","M","B",null,"E","$","R","B","B"],"character_chosen":"THE_CHAMP","items_purchased":["Iron Hammer","champ:HoldFirm","Magnetism","champ:PerfectedStrike","expansioncontent:DashGenerateEvil","AttackPotion","champ:OpenerPotion"],"campfire_rested":0,"item_purchase_floors":[10,10,10,10,39,53,53],"current_hp_per_floor":[99,95,95,80,80,80,80,74,48,63,63,49,49,53,58,34,99,109,109,96,96,99,99,99,108,109,109,109,109,104,109,105,109,109,109,109,109,103,109,82,82,82,82,92,92,92,75,82,96,83,99,91,99,99,54,0,0,0],"gold":25,"neow_bonus":"TEN_PERCENT_HP_BONUS","is_daily":false,"chose_seed":false,"campfire_upgraded":5,"win_rate":0.0,"timestamp":1612278368,"path_taken":["R","M","?","?","?","R","T","M","E","$","?","E","?","E","M","BOSS","R","?","M","?","?","R","T","M","E","?","?","E","?","E","M","BOSS","R","M","?","?","$","?","T","?","?","?","R","?","?","M","M","BOSS","E","$","R","BOSS","BOSS"],"items_purchased_type":["Relic","Card","Card","Card","Card","Potion","Potion"],"build_version":"2020-12-22","purchased_purges":2,"victory":false,"max_hp_per_floor":[99,99,99,99,99,99,99,99,99,99,99,99,99,99,99,99,99,109,109,109,109,109,109,109,109,109,109,109,109,109,109,109,109,109,109,109,109,109,109,109,109,109,109,109,109,99,99,99,99,99,99,99,99,99,99,99,99,99],"card_choices":[{"not_picked":["champ:EnragedBash","champ:CrownThrow"],"picked":"champ:ArenaPreparation","floor":2.0},{"not_picked":["champ:Haymaker","champ:Circumvent"],"picked":"champ:DeathBlow","floor":5.0},{"not_picked":["champ:FalseCounter","champ:FanOfKnives"],"picked":"champ:BringItOn","floor":8.0},{"not_picked":["champ:BladeFlurry","champ:DeathBlow"],"picked":"champ:TripleStrike","floor":9.0},{"not_picked":["champ:GladiatorStyle","champ:Circumvent"],"picked":"champ:StanceDance","floor":10.0},{"not_picked":["champ:SkillfulDodge","champ:FocusedDefense"],"picked":"champ:IronFortress","floor":12.0},{"not_picked":["champ:StanceDance","champ:Circumvent"],"picked":"champ:CrownThrow","floor":14.0},{"not_picked":["champ:Lariat","champ:EnragedBash"],"picked":"champ:CrookedStrike","floor":15.0},{"not_picked":["champ:DancingMaster","champ:SwordThrow"],"picked":"champ:VampiricStrike","floor":16.0},{"not_picked":["champ:TornadoPunch","champ:FalseCounter+1"],"picked":"champ:FaceSlap","floor":20.0},{"not_picked":["champ:DeathBlow","champ:StanceDance"],"picked":"champ:Encircle","floor":22.0},{"not_picked":["champ:CrookedStrike","champ:StanceDance"],"picked":"champ:FaceSlap","floor":25.0},{"not_picked":["champ:BladeFlurry","champ:AdrenalArmor","champ:BerserkersShout"],"picked":"SKIP","floor":26.0},{"not_picked":["champ:StanceDance+1","champ:CalledShot+1"],"picked":"champ:FocusedDefense+1","floor":29.0},{"not_picked":["champ:BringItOn+1","champ:GutPunch+1"],"picked":"champ:EnGarde+1","floor":30.0},{"not_picked":["champ:BladeFlurry+1","champ:FlashCut"],"picked":"champ:Shatter+1","floor":31.0},{"not_picked":["champ:FaceSlap","champ:Backstep+1"],"picked":"champ:BringItOn+1","floor":32.0},{"not_picked":["champ:UltimateStance+1","champ:StrikeOfGenius"],"picked":"champ:HeavySlash","floor":33.0},{"not_picked":["champ:SkillfulDodge+1","champ:ArenaPreparation+1"],"picked":"champ:RapidStrikes+1","floor":36.0},{"not_picked":["champ:GutPunch","champ:RapidStrikes"],"picked":"champ:PreciseThrust+1","floor":39.0},{"not_picked":["champ:DeathBlow+1","champ:BringItOn+1"],"picked":"champ:Encircle+1","floor":40.0},{"not_picked":["champ:Parry+1","champ:AdrenalArmor+1"],"picked":"champ:FalseCounter+1","floor":40.0},{"not_picked":["champ:Circumvent+1","champ:FancyFootwork+1","champ:PreciseThrust+1"],"picked":"SKIP","floor":44.0},{"not_picked":["champ:FancyFootwork+1","champ:Backstep+1"],"picked":"champ:FanOfKnives+1","floor":47.0},{"not_picked":["champ:ArenaPreparation+1","champ:PreciseThrust+1"],"picked":"champ:ShieldThrow","floor":48.0},{"not_picked":["champ:ShieldSlam+1","champ:FancyFootwork+1"],"picked":"champ:StanceDance+1","floor":49.0},{"not_picked":["champ:ShieldSlam+1","champ:FlashCut"],"picked":"champ:HeavySlash","floor":52.0}],"player_experience":1036556,"relics_obtained":[{"floor":1.0,"key":"Lantern"},{"floor":9.0,"key":"MealTicket"},{"floor":11.0,"key":"Ring of Fangs"},{"floor":11.0,"key":"Ring of Peace"},{"floor":12.0,"key":"Incense Burner"},{"floor":14.0,"key":"Vajra"},{"floor":19.0,"key":"Gremlin Horn"},{"floor":24.0,"key":"Replay:Baseball"},{"floor":26.0,"key":"Tiny Chest"},{"floor":29.0,"key":"Toxic Egg 2"},{"floor":31.0,"key":"Centennial Puzzle"},{"floor":37.0,"key":"Meat on the Bone"},{"floor":38.0,"key":"Dead Branch"},{"floor":40.0,"key":"Oddly Smooth Stone"},{"floor":41.0,"key":"Whetstone"},{"floor":43.0,"key":"Letter Opener"},{"floor":47.0,"key":"CatCart"},{"floor":52.0,"key":"Replay:Bottled Snecko"}],"event_choices":[{"cards_removed":["champ:Execute"],"damage_healed":0.0,"max_hp_gain":0.0,"max_hp_loss":0.0,"gold_gain":0.0,"event_name":"Bonfire Elementals","player_choice":"Offered Basic","floor":21.0,"gold_loss":0.0,"damage_taken":0.0},{"damage_healed":0.0,"max_hp_gain":0.0,"max_hp_loss":0.0,"gold_gain":0.0,"event_name":"Lab","player_choice":"Got Potions","floor":28.0,"gold_loss":0.0,"damage_taken":0.0},{"damage_healed":0.0,"max_hp_gain":0.0,"max_hp_loss":0.0,"gold_gain":0.0,"event_name":"Mysterious Sphere","player_choice":"Fight","floor":38.0,"gold_loss":0.0,"damage_taken":0.0},{"cards_removed":["champ:Strike"],"damage_healed":0.0,"max_hp_gain":0.0,"max_hp_loss":0.0,"gold_gain":0.0,"event_name":"Falling","player_choice":"Removed Attack","floor":42.0,"gold_loss":0.0,"damage_taken":0.0},{"damage_healed":0.0,"max_hp_gain":0.0,"max_hp_loss":0.0,"gold_gain":0.0,"event_name":"OrinTheCat","player_choice":"Fight","floor":47.0,"gold_loss":0.0,"damage_taken":0.0}],"is_beta":false,"boss_relics":[{"not_picked":["Fusion Hammer","Empty Cage"],"picked":"ChewingGum"},{"not_picked":["ReplayTheSpireMod:DimensionalGlitch","Runic Dome"],"picked":"Runic Pyramid"}],"items_purged_floors":[10,39],"is_endless":false,"potions_floor_spawned":[8,9,12,16,20,25,29,33,36,44,48,49],"killed_by":"downfall:NeowBossFinal","ascension_level":0}}