{"host":"j4g6ia6asvpyu2b0","time":1612276012,"event":{"mods":["BaseMod","Colored Map","Minty Spire (QoL Compilation)","Permanent Neow","Quick Restart","Relic Stats","StSLib","Unceasing Turn Reminder"],"gold_per_floor":[111,125,125,125,145,175,175,6,6,6,40,58,58,83,83,178,178,196,216,216,232,194,194,224,243,243,253,281,37,68,68,68,68,68],"floor_reached":33,"language":"ENG","playtime":5436,"items_purged":["Strike_G"],"score":452,"play_id":"df52a82f-2018-40bf-95cd-c1226dabacac","local_time":"20210202072652","is_ascension_mode":true,"campfire_choices":[{"data":"Dagger Spray","floor":7,"key":"SMITH"},{"data":"Crippling Poison","floor":13,"key":"SMITH"},{"data":"Predator","floor":15,"key":"SMITH"},{"floor":23,"key":"RECALL"},{"floor":32,"key":"DIG"}],"circlet_count":0,"master_deck":["Strike_G","Strike_G","Strike_G","Defend_G","Defend_G","Defend_G","Defend_G","Defend_G","Survivor","Neutralize+1","Sucker Punch+1","Blade Dance","Dagger Throw","Dagger Spray+1","Predator+1","Crippling Poison+1","Flying Knee","Venomology","Well Laid Plans+1","Outmaneuver","Finisher","Poisoned Stab","Cloak And Dagger"],"relics":["Busted Crown","WarpedTongs","Whetstone","Membership Card","Eternal Feather","Dream Catcher","Incense Burner","SlaversCollar","Bag of Marbles","Shovel","MawBank","WingedGreaves","Centennial Puzzle","Sundial","Bag of Preparation"],"acts_visited":["Exordium","TheCity"],"potions_floor_usage":[6,19,21,21,24,25,27,28,30,33,33],"damage_taken":[{"damage":1,"enemies":"Small Slimes","floor":1,"turns":5},{"damage":2,"enemies":"Cultist","floor":2,"turns":4},{"damage":1,"enemies":"2 Louse","floor":5,"turns":2},{"damage":3,"enemies":"Gremlin Nob","floor":6,"turns":3},{"damage":12,"enemies":"Lagavulin","floor":11,"turns":5},{"damage":3,"enemies":"Gremlin Gang","floor":12,"turns":2},{"damage":13,"enemies":"Gremlin Nob","floor":14,"turns":3},{"damage":29,"enemies":"The Guardian","floor":16,"turns":11},{"damage":2,"enemies":"2 Thieves","floor":18,"turns":4},{"damage":0,"enemies":"Spheric Guardian","floor":19,"turns":4},{"damage":1,"enemies":"Cultist and Chosen","floor":21,"turns":8},{"damage":17,"enemies":"Slavers","floor":24,"turns":6},{"damage":5,"enemies":"Chosen and Byrds","floor":25,"turns":5},{"damage":17,"enemies":"Centurion and Healer","floor":27,"turns":6},{"damage":13,"enemies":"Book of Stabbing","floor":28,"turns":5},{"damage":6,"enemies":"Gremlin Leader","floor":30,"turns":7},{"damage":21,"enemies":"Automaton","floor":33,"turns":6}],"seed_played":"3866677247394582269","potions_obtained":[{"floor":2,"key":"SteroidPotion"},{"floor":6,"key":"Explosive Potion"},{"floor":11,"key":"Strength Potion"},{"floor":21,"key":"BlessingOfTheForge"},{"floor":28,"key":"CunningPotion"}],"is_trial":false,"path_per_floor":["M","M","?","?","M","E","R","$","T","?","E","M","R","E","R","B",null,"M","M","?","M","$","R","E","M","T","M","E","$","E","?","R","B"],"character_chosen":"THE_SILENT","items_purchased":["Membership Card","Crippling Poison","WingedGreaves","Cloak And Dagger","Centennial Puzzle"],"campfire_rested":0,"item_purchase_floors":[8,8,29,29,29],"current_hp_per_floor":[62,60,60,60,59,56,56,56,56,56,44,41,50,37,46,17,57,55,55,55,54,54,63,46,41,41,24,11,11,5,5,17,0,0],"gold":68,"neow_bonus":"BOSS_RELIC","is_daily":false,"chose_seed":false,"campfire_upgraded":3,"win_rate":0.0,"timestamp":1612276012,"path_taken":["M","M","?","?","?","E","R","$","T","?","E","M","R","E","R","BOSS","M","?","?","M","?","R","E","M","T","?","E","$","E","?","R","BOSS"],"items_purchased_type":["Relic","Card","Relic","Card","Relic"],"build_version":"2020-12-22","purchased_purges":1,"victory":false,"max_hp_per_floor":[70,70,70,70,70,70,70,70,70,70,70,70,70,70,70,70,70,70,70,70,70,70,70,70,70,70,70,70,70,70,70,70,70,70],"relic_stats":{"Dream Catcher":0,"Centennial Puzzle":[6],"Busted Crown":32,"Shovel":1,"counters":[17,86],"Sundial":[0],"Eternal Feather":39,"Bag of Preparation":[2],"Whetstone":["Neutralize","Sucker Punch"],"MawBank":12,"obtain_stats":[{"Eternal Feather":9,"Incense Burner":14,"Bag of Preparation":32,"Whetstone":6,"MawBank":28,"WarpedTongs":4,"SlaversCollar":17,"Dream Catcher":11,"Centennial Puzzle":29,"Busted Crown":0,"Shovel":26,"Sundial":30,"WingedGreaves":29,"Bag of Marbles":24,"Membership Card":8,"Ring of the Snake":0},{"Eternal Feather":4,"Incense Burner":7,"Bag of Preparation":16,"Whetstone":4,"MawBank":15,"WarpedTongs":2,"SlaversCollar":8,"Dream Catcher":5,"Centennial Puzzle":15,"Busted Crown":0,"Shovel":13,"Sundial":16,"WingedGreaves":15,"Bag of Marbles":12,"Membership Card":4,"Ring of the Snake":0},{"Eternal Feather":14,"Incense Burner":24,"Bag of Preparation":80,"Whetstone":14,"MawBank":73,"WarpedTongs":9,"SlaversCollar":35,"Dream Catcher":19,"Centennial Puzzle":73,"Busted Crown":0,"Shovel":62,"Sundial":80,"WingedGreaves":73,"Bag of Marbles":57,"Membership Card":14,"Ring of the Snake":0}],"WarpedTongs":[74]},"card_choices":[{"not_picked":[],"picked":"Sucker Punch","floor":1},{"not_picked":[],"picked":"Blade Dance","floor":2},{"not_picked":[],"picked":"Dagger Spray","floor":5},{"not_picked":[],"picked":"Predator","floor":6},{"not_picked":["Setup"],"picked":"SKIP","floor":11},{"not_picked":["Underhanded Strike"],"picked":"SKIP","floor":12},{"not_picked":[],"picked":"Flying Knee","floor":14},{"not_picked":[],"picked":"Venomology","floor":16},{"not_picked":[],"picked":"Well Laid Plans","floor":18},{"not_picked":["Slice+1"],"picked":"SKIP","floor":19},{"not_picked":["Underhanded Strike"],"picked":"SKIP","floor":21},{"not_picked":["Slice"],"picked":"SKIP","floor":24},{"not_picked":[],"picked":"Outmaneuver","floor":25},{"not_picked":[],"picked":"Finisher","floor":27},{"not_picked":[],"picked":"Poisoned Stab","floor":28},{"not_picked":["Poisoned Stab"],"picked":"SKIP","floor":30}],"player_experience":1096816,"relics_obtained":[{"floor":6,"key":"Whetstone"},{"floor":9,"key":"Eternal Feather"},{"floor":11,"key":"Dream Catcher"},{"floor":14,"key":"Incense Burner"},{"floor":24,"key":"Bag of Marbles"},{"floor":26,"key":"Shovel"},{"floor":28,"key":"MawBank"},{"floor":30,"key":"Sundial"},{"floor":32,"key":"Bag of Preparation"}],"event_choices":[{"damage_healed":0,"gold_gain":0,"cards_transformed":["Strike_G"],"player_choice":"Change","damage_taken":0,"max_hp_gain":0,"max_hp_loss":0,"event_name":"Living Wall","floor":3,"gold_loss":0,"cards_obtained":["Dagger Throw"]},{"damage_healed":0,"gold_gain":0,"player_choice":"Rummage","damage_taken":0,"relics_obtained":["WarpedTongs"],"max_hp_gain":0,"max_hp_loss":0,"event_name":"Accursed Blacksmith","floor":4,"gold_loss":0,"cards_obtained":["Pain"]},{"cards_removed":["Pain"],"damage_healed":0,"gold_gain":0,"player_choice":"Purged","damage_taken":0,"max_hp_gain":0,"max_hp_loss":0,"event_name":"Purifier","floor":10,"gold_loss":0},{"damage_healed":0,"gold_gain":0,"player_choice":"Upgraded","damage_taken":0,"max_hp_gain":0,"max_hp_loss":0,"event_name":"Upgrade Shrine","floor":20,"gold_loss":0,"cards_upgraded":["Well Laid Plans"]},{"damage_healed":0,"gold_gain":0,"player_choice":"Ignored","damage_taken":0,"max_hp_gain":0,"max_hp_loss":0,"event_name":"Vampires","floor":31,"gold_loss":0}],"is_beta":false,"boss_relics":[{"not_picked":["Astrolabe","Ectoplasm"],"picked":"SlaversCollar"}],"items_purged_floors":[22],"is_endless":false,"potions_floor_spawned":[2,6,11,18,21,28],"killed_by":"Automaton","ascension_level":8}}