{"host":"btk6hapgokl8j5e3","time":1612309435,"event":{"mods":["Act Like it!","BaseMod","BetterRewards","Colored Powertips","Friendly Minions","GifTheSpireLib","Minty Spire (QoL Compilation)","StSLib","The Animator"],"gold_per_floor":[118,118,137,212,237,237,237,251,251,10,52,105,105,125,150,254,279,289,314,419,419,274,299,317,373,423,442,2492,2504,2520,2534,2559,2657,2682,2701,2717,2732,2745,2745,2770,2782,2831,2856,2881,2881,2894,2945,2945,2970,2970],"floor_reached":51,"language":"ENG","playtime":3359,"items_purged":["animator:Strike","animator:Strike","animator:Defend","animator:Strike","animator:Defend","animator:Defend","animator:Defend_Fate","animator:Strike_Fate","animator:Archer+1","animator:ShinjiMatou","animator:RinTohsaka","animator:Assassin","animator:Rider","animator:Fredrika","animator:Lancer+1","animator:LimeBell"],"score":1149,"play_id":"50d5d923-d2a3-4815-966b-ca39f657ddb6","local_time":"20210203004355","is_ascension_mode":false,"campfire_choices":[{"floor":6,"key":"REST"},{"data":"animator:Saber","floor":13,"key":"SMITH"},{"floor":15,"key":"DIG"},{"floor":23,"key":"DIG"},{"floor":32,"key":"DIG"},{"floor":40,"key":"DIG"},{"floor":44,"key":"DIG"},{"floor":49,"key":"DIG"}],"circlet_count":0,"master_deck":["animator:Alexander+1","animator:Berserker","animator:Alexander","animator:EmiyaShirou","animator:IchigoKurosaki","animator:Caster","animator:Gilgamesh+20","animator:Rimuru","animator:Shiro+1","animator:Rimuru","animator:Illya","animator:Illya","animator:IchigoKurosaki","animator:Saber+1","animator:KyokoSakura","animator:RinTohsaka","animator:Lancer+1","animator:TukaLunaMarceau","animator:JeanneDArc+1","animator:Saber+1","Necronomicurse"],"relics":["animator:VividPicture","animator:TheMissingPiece","Frozen Egg 2","Bag of Marbles","Tiny Chest","Whetstone","Shovel","Molten Egg 2","animator:Hoodie","Matryoshka","animator:CursedGlyph","Bronze Scales","animator:BattleDrones","Necronomicon","Nunchaku","Bag of Preparation","Chemical X","Regal Pillow","animator:HallowedScabbard","Ancient Tea Set","Anchor","HandDrill","Omamori","Philosopher\u0027s Stone","Boot","DataDisk","Letter Opener","HornCleat","Orichalcum","animator:Buoy"],"acts_visited":["Exordium","TheCity","TheBeyond"],"potions_floor_usage":[],"damage_taken":[{"damage":0,"enemies":"Cultist","floor":1,"turns":3},{"damage":0,"enemies":"Small Slimes","floor":3,"turns":1},{"damage":0,"enemies":"Jaw Worm","floor":8,"turns":1},{"damage":0,"enemies":"Looter","floor":11,"turns":1},{"damage":0,"enemies":"Gremlin Nob","floor":12,"turns":2},{"damage":0,"enemies":"3 Louse","floor":14,"turns":1},{"damage":27,"enemies":"Hexaghost","floor":16,"turns":5},{"damage":0,"enemies":"3 Byrds","floor":18,"turns":2},{"damage":0,"enemies":"Chosen","floor":24,"turns":2},{"damage":0,"enemies":"animator:HornedBat","floor":25,"turns":3},{"damage":0,"enemies":"Centurion and Healer","floor":27,"turns":2},{"damage":0,"enemies":"3 Cultists","floor":29,"turns":2},{"damage":0,"enemies":"Chosen and Byrds","floor":30,"turns":2},{"damage":0,"enemies":"Snecko","floor":31,"turns":2},{"damage":2,"enemies":"Automaton","floor":33,"turns":3},{"damage":0,"enemies":"3 Shapes","floor":35,"turns":1},{"damage":0,"enemies":"3 Darklings","floor":36,"turns":2},{"damage":0,"enemies":"Spire Growth","floor":37,"turns":1},{"damage":0,"enemies":"Transient","floor":38,"turns":5},{"damage":5,"enemies":"Sphere and 2 Shapes","floor":41,"turns":3},{"damage":0,"enemies":"4 Shapes","floor":46,"turns":2},{"damage":0,"enemies":"Giant Head","floor":47,"turns":2},{"damage":0,"enemies":"Awakened One","floor":50,"turns":4}],"seed_played":"-8020015300565702036","potions_obtained":[{"floor":3,"key":"Swift Potion"},{"floor":14,"key":"Ancient Potion"},{"floor":21,"key":"AttackPotion"},{"floor":30,"key":"DistilledChaos"}],"is_trial":false,"path_per_floor":["M","$","M","?","T","R","?","M","T","$","M","E","R","M","R","B",null,"M","?","T","?","$","R","M","E","T","M","$","M","M","M","R","B",null,"M","M","M","M","$","R","M","T","T","R","$","M","E","?","R","B",null],"character_chosen":"THE_ANIMATOR","items_purchased":["animator:Berserker","animator:Alexander","Frozen Egg 2","animator:EmiyaShirou","Bag of Marbles","Tiny Chest","animator:ShinjiMatou","animator:Archer+1","animator:Lancer","animator:RinTohsaka","Whetstone","Shovel","animator:IchigoKurosaki","animator:Assassin","animator:Caster","animator:Gilgamesh","animator:Rimuru","animator:Shiro+1","animator:Rimuru","animator:Illya","animator:Illya","animator:IchigoKurosaki","animator:Saber","animator:KyokoSakura","animator:RinTohsaka","animator:Fredrika","Molten Egg 2","animator:Lancer+1","animator:TukaLunaMarceau","animator:LimeBell","Matryoshka","Chemical X","HandDrill"],"campfire_rested":1,"item_purchase_floors":[0,0,0,0,0,0,0,0,0,0,0,0,0,0,0,0,0,0,0,0,0,0,0,0,0,0,0,0,0,0,10,22,28],"current_hp_per_floor":[37,37,37,26,26,45,66,69,69,69,68,71,71,74,74,47,74,77,61,61,61,61,61,64,67,67,70,70,73,76,79,79,77,95,98,101,104,107,107,107,102,102,102,102,102,105,108,108,108,111],"gold":2970,"neow_bonus":"","is_daily":false,"chose_seed":false,"campfire_upgraded":1,"win_rate":0.0,"timestamp":1612309435,"path_taken":["M","?","?","?","?","R","?","M","T","?","M","E","R","M","R","BOSS","M","?","?","?","$","R","M","E","T","M","$","M","?","M","R","BOSS","M","?","M","M","$","R","M","?","T","R","$","M","E","?","R","BOSS"],"items_purchased_type":["Card","Card","Relic","Card","Relic","Relic","Card","Card","Card","Card","Relic","Relic","Card","Card","Card","Card","Card","Card","Card","Card","Card","Card","Card","Card","Card","Card","Relic","Card","Card","Card","Relic","Relic","Relic"],"build_version":"2020-12-22","purchased_purges":16,"victory":true,"max_hp_per_floor":[66,66,66,66,66,66,66,69,69,69,68,71,71,74,74,74,74,77,77,77,77,77,77,80,83,83,86,86,89,92,95,95,95,95,98,101,104,107,107,107,107,107,107,107,107,110,113,113,113,116],"card_choices":[{"not_picked":["animator:Illya","animator:ChaikaBohdan+1","animator:Shuna"],"picked":"SKIP","floor":1},{"not_picked":["animator:Layla+1","animator:RoryMercury+1","animator:Bozes+1"],"picked":"SKIP","floor":3},{"not_picked":["animator:LeleiLaLalena","animator:Bozes+1","animator:Layla+1"],"picked":"SKIP","floor":8},{"not_picked":["animator:Assassin+1","animator:Berserker+1"],"picked":"animator:JeanneDArc","floor":11},{"not_picked":["animator:Rider","animator:ChlammyZell","animator:Gluttony"],"picked":"SKIP","floor":12},{"not_picked":["animator:Bozes+1","animator:Vesta","animator:Saber+1"],"picked":"SKIP","floor":14},{"not_picked":["animator:HomuraAkemi","animator:ChaikaTrabant+1"],"picked":"animator:Saber+1","floor":16},{"not_picked":["animator:Assassin+1","animator:Archer+1","animator:Viivi+1"],"picked":"SKIP","floor":18},{"not_picked":["animator:Millim+1","animator:MaesHughes+1","animator:Jibril+1"],"picked":"SKIP","floor":25},{"not_picked":["animator:DolaSchwi+1","animator:Jibril+1","animator:Benimaru+1"],"picked":"SKIP","floor":27},{"not_picked":["animator:EmiyaShirou","animator:Illya+1","animator:Rider"],"picked":"SKIP","floor":29},{"not_picked":["animator:IrohaTamaki+1","animator:Scar+1","animator:Assassin+1"],"picked":"SKIP","floor":31},{"not_picked":["animator:Shiro+1","animator:Father"],"picked":"animator:Rimuru","floor":33},{"not_picked":["animator:Millim+1","animator:ChlammyZell","animator:Kaijin+1"],"picked":"SKIP","floor":35},{"not_picked":["animator:ChaikaBohdan+1","animator:YaoHaDucy+1","animator:Assassin+1"],"picked":"SKIP","floor":36},{"not_picked":["animator:YachiyoNanami+1","animator:Hakurou+1","animator:Benimaru+1"],"picked":"SKIP","floor":38},{"not_picked":["animator:RinTohsaka+1","animator:IrohaTamaki+1","animator:Shuna+1"],"picked":"SKIP","floor":41},{"not_picked":["animator:Arpeggio+1","animator:Souei","animator:LeleiLaLalena"],"picked":"SKIP","floor":46}],"player_experience":447065,"relics_obtained":[{"floor":5,"key":"animator:Hoodie"},{"floor":11,"key":"animator:CursedGlyph"},{"floor":12,"key":"Bronze Scales"},{"floor":15,"key":"animator:BattleDrones"},{"floor":19,"key":"Necronomicon"},{"floor":20,"key":"Nunchaku"},{"floor":20,"key":"Bag of Preparation"},{"floor":23,"key":"Regal Pillow"},{"floor":25,"key":"animator:HallowedScabbard"},{"floor":26,"key":"Ancient Tea Set"},{"floor":26,"key":"Anchor"},{"floor":32,"key":"Omamori"},{"floor":40,"key":"Boot"},{"floor":42,"key":"DataDisk"},{"floor":43,"key":"Letter Opener"},{"floor":44,"key":"HornCleat"},{"floor":47,"key":"Orichalcum"},{"floor":49,"key":"animator:Buoy"}],"event_choices":[{"damage_healed":0,"gold_gain":75,"player_choice":"Gather Gold","damage_taken":11,"max_hp_gain":0,"max_hp_loss":0,"event_name":"World of Goop","floor":4,"gold_loss":0},{"damage_healed":22,"gold_gain":0,"player_choice":"Banana","damage_taken":0,"max_hp_gain":0,"max_hp_loss":0,"event_name":"Big Fish","floor":7,"gold_loss":0},{"damage_healed":0,"gold_gain":0,"player_choice":"Obtained Book","damage_taken":16,"max_hp_gain":0,"max_hp_loss":0,"event_name":"Cursed Tome","floor":19,"gold_loss":0},{"damage_healed":0,"gold_gain":0,"player_choice":"Got Potions","damage_taken":0,"max_hp_gain":0,"max_hp_loss":0,"event_name":"Lab","floor":21,"gold_loss":0},{"cards_removed":["animator:Rimuru"],"damage_healed":0,"gold_gain":0,"player_choice":"Removed Skill","damage_taken":0,"max_hp_gain":0,"max_hp_loss":0,"event_name":"Falling","floor":48,"gold_loss":0}],"is_beta":false,"boss_relics":[{"not_picked":["Runic Dome","Sozu"],"picked":"animator:VividPicture"},{"not_picked":["Velvet Choker","Cursed Key"],"picked":"Philosopher\u0027s Stone"}],"items_purged_floors":[0,0,0,0,0,0,0,0,0,0,0,0,0,0,0,28],"is_endless":false,"potions_floor_spawned":[1,3,14,24,30,31,37,38,41],"ascension_level":0}}