{"host":"gk5m6v7zec9neb0j","time":1612297619,"event":{"mods":["AchievementEnabler","AlwaysNeverKeys","BaseMod","BetterRewards","Block Reminder","Minty Spire (QoL Compilation)","Rare Cards Sparkle","Relic Stats","StSLib"],"gold_per_floor":[116,128,140,159,159,159,191,191,218,218,247,266,276,286,286,383,383,397,45,56,71,86,118,118,135,135,135,42,53,66,66,66,161,161,178,178,192,36,53,86,104,117,144,158,158,46,71,99,99,99,99,99,0,27,27],"floor_reached":56,"language":"ENG","playtime":2977,"items_purged":["Strike_G","Strike_G","Strike_G"],"score":1494,"play_id":"b76bd53c-a0ed-4c22-b78c-4f29cb684c4f","local_time":"20210202152659","is_ascension_mode":false,"campfire_choices":[{"data":"Neutralize","floor":6.0,"key":"SMITH"},{"floor":8.0,"key":"REST"},{"data":"Noxious Fumes","floor":10.0,"key":"SMITH"},{"floor":15.0,"key":"REST"},{"floor":24.0,"key":"REST"},{"floor":27.0,"key":"REST"},{"data":"Noxious Fumes","floor":32.0,"key":"SMITH"},{"data":"Noxious Fumes","floor":45.0,"key":"SMITH"},{"data":"Footwork","floor":49,"key":"SMITH"},{"data":"Calculated Gamble","floor":52,"key":"SMITH"}],"circlet_count":0,"master_deck":["Strike_G","Defend_G","Defend_G","Defend_G","Defend_G","Defend_G","Survivor","Neutralize+1","Noxious Fumes+1","Noxious Fumes+1","Deadly Poison","Panacea","Blur","Bouncing Flask","Calculated Gamble+1","Backflip","Footwork+1","Die Die Die","Escape Plan","Calculated Gamble","Blur","Noxious Fumes+1","Acrobatics","Corpse Explosion","Escape Plan","Escape Plan","Enlightenment","Adrenaline","Calculated Gamble+1","Calculated Gamble+1","Adrenaline","Escape Plan+1","Panache"],"relics":["Ring of the Snake","Prayer Wheel","Orrery","Tingsha","Toy Ornithopter","Dream Catcher","Pen Nib","SacredBark","White Beast Statue","Anchor","Bag of Preparation","Membership Card","Happy Flower","CeramicFish","StrikeDummy"],"acts_visited":["Exordium","TheCity","TheBeyond","TheEnding"],"potions_floor_usage":[47,48,50,54,55],"damage_taken":[{"damage":0.0,"enemies":"2 Louse","floor":1.0,"turns":4.0},{"damage":2.0,"enemies":"Cultist","floor":2.0,"turns":4.0},{"damage":0.0,"enemies":"Small Slimes","floor":3.0,"turns":5.0},{"damage":2.0,"enemies":"Looter","floor":4.0,"turns":3.0},{"damage":9.0,"enemies":"3 Sentries","floor":7.0,"turns":5.0},{"damage":18.0,"enemies":"Gremlin Nob","floor":11.0,"turns":4.0},{"damage":0.0,"enemies":"Red Slaver","floor":12.0,"turns":3.0},{"damage":18.0,"enemies":"Gremlin Gang","floor":13.0,"turns":4.0},{"damage":5.0,"enemies":"3 Louse","floor":14.0,"turns":3.0},{"damage":10.0,"enemies":"The Guardian","floor":16.0,"turns":8.0},{"damage":31.0,"enemies":"3 Byrds","floor":18.0,"turns":5.0},{"damage":0.0,"enemies":"Chosen","floor":20.0,"turns":4.0},{"damage":3.0,"enemies":"Snake Plant","floor":21.0,"turns":4.0},{"damage":12.0,"enemies":"Sentry and Sphere","floor":22.0,"turns":5.0},{"damage":47.0,"enemies":"Book of Stabbing","floor":23.0,"turns":8.0},{"damage":3.0,"enemies":"Centurion and Healer","floor":25.0,"turns":8.0},{"damage":0.0,"enemies":"Cultist and Chosen","floor":29.0,"turns":3.0},{"damage":1.0,"enemies":"Snecko","floor":30.0,"turns":5.0},{"damage":18.0,"enemies":"Champ","floor":33.0,"turns":8.0},{"damage":4.0,"enemies":"Orb Walker","floor":35.0,"turns":5.0},{"damage":8.0,"enemies":"3 Darklings","floor":37.0,"turns":4.0},{"damage":6.0,"enemies":"Maw","floor":39.0,"turns":8.0},{"damage":8.0,"enemies":"Giant Head","floor":40.0,"turns":9.0},{"damage":4.0,"enemies":"Jaw Worm Horde","floor":41.0,"turns":3.0},{"damage":0.0,"enemies":"Sphere and 2 Shapes","floor":42.0,"turns":3.0},{"damage":0.0,"enemies":"Transient","floor":44.0,"turns":5.0},{"damage":0,"enemies":"Spire Growth","floor":47,"turns":6},{"damage":0,"enemies":"Maw","floor":48,"turns":7},{"damage":58,"enemies":"Time Eater","floor":50,"turns":12},{"damage":30,"enemies":"Shield and Spear","floor":54,"turns":7},{"damage":131,"enemies":"The Heart","floor":55,"turns":12}],"seed_played":"-1408642097545766625","potions_obtained":[{"floor":3.0,"key":"AttackPotion"},{"floor":7.0,"key":"BlessingOfTheForge"},{"floor":11.0,"key":"CunningPotion"},{"floor":12.0,"key":"FairyPotion"},{"floor":14.0,"key":"SkillPotion"},{"floor":16.0,"key":"Swift Potion"},{"floor":20.0,"key":"Explosive Potion"},{"floor":21.0,"key":"Strength Potion"},{"floor":22.0,"key":"SneckoOil"},{"floor":23.0,"key":"SteroidPotion"},{"floor":25.0,"key":"DistilledChaos"},{"floor":29.0,"key":"FearPotion"},{"floor":30.0,"key":"CunningPotion"},{"floor":33.0,"key":"Strength Potion"},{"floor":35.0,"key":"Block Potion"},{"floor":37.0,"key":"Explosive Potion"},{"floor":41.0,"key":"Poison Potion"},{"floor":44.0,"key":"SkillPotion"},{"floor":47,"key":"CunningPotion"},{"floor":48,"key":"LiquidBronze"},{"floor":54,"key":"FairyPotion"}],"is_trial":false,"path_per_floor":["M","M","M","M","?","R","E","R","T","R","E","M","M","M","R","B",null,"M","$","M","M","M","E","R","M","T","R","$","M","M","?","R","B",null,"M","?","M","$","M","E","M","M","T","M","R","$","M","M","R","B",null,"R","$","E","B",null],"character_chosen":"THE_SILENT","items_purchased":["Prayer Wheel","Orrery","Panacea","White Beast Statue","Enlightenment","Membership Card","EntropicBrew","Panache","Swift Potion"],"campfire_rested":4,"item_purchase_floors":[0,0,0,19,28,38,46,53,53],"current_hp_per_floor":[41,39,39,37,37,37,28,49,49,49,36,36,23,18,39,29,70,39,39,44,46,39,2,23,20,20,41,41,46,50,50,50,42,70,66,66,58,58,52,44,45,45,45,45,45,45,50,55,55,2,70,70,70,45,12],"gold":27,"neow_bonus":"","is_daily":false,"chose_seed":false,"campfire_upgraded":6,"win_rate":0.0,"timestamp":1612297619,"path_taken":["M","M","M","M","?","R","E","R","T","R","E","M","?","M","R","BOSS","M","$","M","?","M","E","R","M","T","R","$","M","M","?","R","BOSS","M","?","?","$","M","E","M","M","T","M","R","$","M","M","R","BOSS","R","$","E","BOSS"],"items_purchased_type":["Relic","Relic","Card","Relic","Card","Relic","Potion","Card","Potion"],"build_version":"2020-12-22","purchased_purges":3,"victory":true,"max_hp_per_floor":[70,70,70,70,70,70,70,70,70,70,70,70,70,70,70,70,70,70,70,70,70,70,70,70,70,70,70,70,70,70,70,70,70,70,70,70,70,70,70,70,70,70,70,70,70,70,70,70,70,70,70,70,70,70,70],"relic_stats":{"Dream Catcher":4,"Happy Flower":[44],"counters":[381,2158],"CeramicFish":27,"Prayer Wheel":32,"Tingsha":[790],"Pen Nib":[11],"Bag of Preparation":[30],"obtain_stats":[{"Ginger":0,"Whetstone":11,"Bottled Tornado":43,"Old Coin":34,"Blood Vial":17,"Sundial":24,"Kunai":0,"Pear":28,"Blue Candle":54,"Eternal Feather":54,"Tingsha":0,"Pen Nib":11,"Paper Crane":43,"SlaversCollar":17,"MutagenicStrength":19,"Bird Faced Urn":38,"StrikeDummy":27,"Unceasing Top":46,"Regal Pillow":9,"Lantern":45,"Torii":0,"Singing Bowl":43,"StoneCalendar":42,"Bag of Preparation":26,"Ancient Tea Set":4,"Cursed Key":17,"Matryoshka":37,"WristBlade":34,"Ninja Scroll":0,"WingedGreaves":17,"Chemical X":37,"InkBottle":54,"Ring of the Snake":0,"Potion Belt":9,"The Specimen":0,"Golden Idol":3,"Thread and Needle":45,"The Courier":26,"PreservedInsect":38,"Omamori":39,"MawBank":45,"Ornamental Fan":0,"Bloody Idol":31,"Orrery":0,"Turnip":38,"Art of War":17,"Bottled Lightning":43,"Toy Ornithopter":27,"Ice Cream":7,"Calipers":13,"CeramicFish":0,"HoveringKite":34,"Vajra":43,"Sozu":34,"Centennial Puzzle":6,"Lizard Tail":10,"DollysMirror":4,"Strawberry":26,"Prayer Wheel":38,"Toxic Egg 2":28,"Girya":0,"Happy Flower":13,"Astrolabe":34,"Oddly Smooth Stone":0,"Letter Opener":53,"War Paint":43,"Question Card":48,"Bottled Flame":25,"Shuriken":0,"Bronze Scales":10,"Molten Egg 2":9,"Black Star":17,"Meat on the Bone":17,"Pocketwatch":17,"Darkstone Periapt":23,"SacredBark":17,"Enchiridion":22,"Snake Skull":54,"Juzu Bracelet":43,"Empty Cage":17,"PrismaticShard":53,"ClockworkSouvenir":20,"Tough Bandages":25,"Nunchaku":31,"Dream Catcher":9,"Mummified Hand":30,"Pantograph":12,"Gambling Chip":0,"Tiny Chest":26,"Red Mask":47,"Orichalcum":26,"Medical Kit":37,"White Beast Statue":9,"Mercury Hourglass":54,"Peace Pipe":9,"Calling Bell":17,"Anchor":34,"CaptainsWheel":54,"Bag of Marbles":43,"Membership Card":36,"FossilizedHelix":0},{"Ginger":97,"Whetstone":100,"Bottled Tornado":52,"Old Coin":338,"Blood Vial":129,"Sundial":44,"Kunai":31,"Pear":315,"Blue Candle":249,"Eternal Feather":146,"Tingsha":274,"Pen Nib":356,"Paper Crane":322,"SlaversCollar":231,"MutagenicStrength":156,"Bird Faced Urn":189,"StrikeDummy":17,"Unceasing Top":193,"Regal Pillow":36,"Lantern":269,"Torii":31,"Singing Bowl":116,"StoneCalendar":217,"Bag of Preparation":366,"Ancient Tea Set":2,"Cursed Key":281,"Matryoshka":137,"WristBlade":112,"Ninja Scroll":172,"WingedGreaves":80,"Chemical X":22,"InkBottle":57,"Ring of the Snake":0,"Potion Belt":3,"The Specimen":274,"Golden Idol":2,"Thread and Needle":245,"The Courier":183,"PreservedInsect":240,"Omamori":189,"MawBank":245,"Ornamental Fan":72,"Bloody Idol":161,"Orrery":58,"Turnip":116,"Art of War":80,"Bottled Lightning":24,"Toy Ornithopter":17,"Ice Cream":11,"Calipers":154,"CeramicFish":172,"HoveringKite":21,"Vajra":91,"Sozu":136,"Centennial Puzzle":278,"Lizard Tail":329,"DollysMirror":123,"Strawberry":107,"Prayer Wheel":138,"Toxic Egg 2":108,"Girya":250,"Happy Flower":12,"Astrolabe":86,"Oddly Smooth Stone":122,"Letter Opener":272,"War Paint":191,"Question Card":94,"Bottled Flame":16,"Shuriken":97,"Bronze Scales":36,"Molten Egg 2":151,"Black Star":13,"Meat on the Bone":80,"Pocketwatch":129,"Darkstone Periapt":182,"SacredBark":360,"Enchiridion":68,"Snake Skull":273,"Juzu Bracelet":141,"Empty Cage":103,"PrismaticShard":272,"ClockworkSouvenir":41,"Tough Bandages":16,"Nunchaku":85,"Dream Catcher":355,"Mummified Hand":110,"Pantograph":11,"Gambling Chip":197,"Tiny Chest":16,"Red Mask":54,"Orichalcum":235,"Medical Kit":188,"White Beast Statue":11,"Mercury Hourglass":349,"Peace Pipe":62,"Calling Bell":80,"Anchor":338,"CaptainsWheel":349,"Bag of Marbles":267,"Membership Card":163,"FossilizedHelix":250},{"Ginger":599,"Whetstone":611,"Bottled Tornado":309,"Old Coin":1918,"Blood Vial":722,"Sundial":249,"Kunai":183,"Pear":1796,"Blue Candle":1454,"Eternal Feather":781,"Tingsha":1567,"Pen Nib":2009,"Paper Crane":1834,"SlaversCollar":1359,"MutagenicStrength":843,"Bird Faced Urn":1121,"StrikeDummy":100,"Unceasing Top":1141,"Regal Pillow":206,"Lantern":1539,"Torii":183,"Singing Bowl":676,"StoneCalendar":1281,"Bag of Preparation":2061,"Ancient Tea Set":5,"Cursed Key":1617,"Matryoshka":750,"WristBlade":661,"Ninja Scroll":996,"WingedGreaves":500,"Chemical X":129,"InkBottle":364,"Ring of the Snake":0,"Potion Belt":9,"The Specimen":1567,"Golden Idol":5,"Thread and Needle":1436,"The Courier":1085,"PreservedInsect":1411,"Omamori":1121,"MawBank":1436,"Ornamental Fan":459,"Bloody Idol":873,"Orrery":367,"Turnip":676,"Art of War":500,"Bottled Lightning":139,"Toy Ornithopter":100,"Ice Cream":57,"Calipers":823,"CeramicFish":996,"HoveringKite":124,"Vajra":558,"Sozu":746,"Centennial Puzzle":1590,"Lizard Tail":1866,"DollysMirror":699,"Strawberry":637,"Prayer Wheel":755,"Toxic Egg 2":643,"Girya":1462,"Happy Flower":68,"Astrolabe":533,"Oddly Smooth Stone":696,"Letter Opener":1557,"War Paint":1131,"Question Card":574,"Bottled Flame":94,"Shuriken":599,"Bronze Scales":206,"Molten Egg 2":801,"Black Star":79,"Meat on the Bone":500,"Pocketwatch":722,"Darkstone Periapt":1075,"SacredBark":2027,"Enchiridion":435,"Snake Skull":1562,"Juzu Bracelet":766,"Empty Cage":621,"PrismaticShard":1557,"ClockworkSouvenir":234,"Tough Bandages":94,"Nunchaku":521,"Dream Catcher":2005,"Mummified Hand":652,"Pantograph":57,"Gambling Chip":1176,"Tiny Chest":94,"Red Mask":329,"Orichalcum":1384,"Medical Kit":1117,"White Beast Statue":57,"Mercury Hourglass":1972,"Peace Pipe":387,"Calling Bell":500,"Anchor":1918,"CaptainsWheel":1972,"Bag of Marbles":1530,"Membership Card":899,"FossilizedHelix":1462}],"Toy Ornithopter":85,"Ring of the Snake":[757]},"card_choices":[{"not_picked":["Calculated Gamble","Quick Slash"],"picked":"Noxious Fumes","floor":0.0},{"not_picked":["Poisoned Stab","Quick Slash"],"picked":"Noxious Fumes","floor":0.0},{"not_picked":["Dagger Throw","Slice"],"picked":"Deadly Poison","floor":0.0},{"not_picked":["Heel Hook","Prepared"],"picked":"Blur","floor":1.0},{"not_picked":["PiercingWail","Underhanded Strike"],"picked":"Bouncing Flask","floor":1.0},{"not_picked":["PiercingWail","Well Laid Plans"],"picked":"Calculated Gamble","floor":2.0},{"not_picked":["Underhanded Strike","Tactician","Flying Knee"],"picked":"SKIP","floor":2.0},{"not_picked":["Dodge and Roll","Accuracy"],"picked":"Backflip","floor":3.0},{"not_picked":["Deflect","Poisoned Stab"],"picked":"Footwork","floor":3.0},{"not_picked":["Backflip","Blur"],"picked":"Die Die Die","floor":4.0},{"not_picked":["All Out Attack","Well Laid Plans","Deflect"],"picked":"SKIP","floor":4.0},{"not_picked":["Flechettes","Cloak And Dagger","Dodge and Roll"],"picked":"SKIP","floor":7.0},{"not_picked":["Backflip","Prepared"],"picked":"Calculated Gamble","floor":11.0},{"not_picked":["Underhanded Strike","Distraction","Quick Slash"],"picked":"SKIP","floor":12.0},{"not_picked":["Flying Knee","Cloak And Dagger","Sucker Punch"],"picked":"SKIP","floor":12.0},{"not_picked":["Endless Agony","Flying Knee"],"picked":"Blur","floor":13.0},{"not_picked":["Blade Dance","Dodge and Roll","Dagger Throw"],"picked":"SKIP","floor":13.0},{"not_picked":["Distraction","Slice"],"picked":"Noxious Fumes","floor":14.0},{"not_picked":["Dagger Throw","Leg Sweep","Tactician"],"picked":"SKIP","floor":14.0},{"not_picked":["Quick Slash","Choke+1"],"picked":"Acrobatics","floor":18.0},{"not_picked":["Cloak And Dagger","PiercingWail","All Out Attack"],"picked":"SKIP","floor":18.0},{"not_picked":["Infinite Blades","Dodge and Roll","Poisoned Stab+1"],"picked":"SKIP","floor":20.0},{"not_picked":["All Out Attack","Dagger Throw","Terror"],"picked":"SKIP","floor":20.0},{"not_picked":["Backflip","Masterful Stab","Outmaneuver+1"],"picked":"SKIP","floor":21.0},{"not_picked":["Well Laid Plans+1","Prepared+1","Finisher"],"picked":"SKIP","floor":21.0},{"not_picked":["Dash+1","Predator","Dagger Spray+1"],"picked":"SKIP","floor":22.0},{"not_picked":["Setup","Dodge and Roll","Flying Knee"],"picked":"SKIP","floor":22.0},{"not_picked":["Accuracy+1","Corpse Explosion","Masterful Stab"],"picked":"SKIP","floor":23.0},{"not_picked":["Accuracy+1","Masterful Stab"],"picked":"Corpse Explosion","floor":23.0},{"not_picked":["Deflect","Bane+1"],"picked":"Escape Plan","floor":25.0},{"not_picked":["Dagger Throw","Flying Knee"],"picked":"Escape Plan","floor":25.0},{"not_picked":["Tactician+1","Sucker Punch+1","Concentrate"],"picked":"SKIP","floor":29.0},{"not_picked":["Eviscerate","Bullet Time","Backflip"],"picked":"SKIP","floor":29.0},{"not_picked":["PiercingWail","Blur","Infinite Blades"],"picked":"SKIP","floor":30.0},{"not_picked":["Deflect","Setup","Predator"],"picked":"SKIP","floor":30.0},{"not_picked":["Tools of the Trade","Malaise"],"picked":"Adrenaline","floor":33.0},{"not_picked":["Terror","Dodge and Roll","Prepared+1"],"picked":"SKIP","floor":35.0},{"not_picked":["Sucker Punch+1","Heel Hook","Dodge and Roll"],"picked":"SKIP","floor":35.0},{"not_picked":["Dodge and Roll+1","Dash","Prepared"],"picked":"SKIP","floor":37.0},{"not_picked":["Storm of Steel","Dagger Spray+1","Bane"],"picked":"SKIP","floor":37.0},{"not_picked":["Deflect+1","Distraction"],"picked":"Calculated Gamble+1","floor":39.0},{"not_picked":["Underhanded Strike","Calculated Gamble","Slice"],"picked":"SKIP","floor":39.0},{"not_picked":["Quick Slash","PiercingWail","Skewer"],"picked":"SKIP","floor":40.0},{"not_picked":["Bane","Blade Dance"],"picked":"Calculated Gamble+1","floor":41.0},{"not_picked":["Concentrate+1","Cloak And Dagger+1","Dodge and Roll"],"picked":"SKIP","floor":41.0},{"not_picked":["Dash","Skewer","Underhanded Strike+1"],"picked":"SKIP","floor":42.0},{"not_picked":["Deflect","Eviscerate+1","Dodge and Roll"],"picked":"SKIP","floor":42.0},{"not_picked":["Caltrops","Flying Knee","Quick Slash"],"picked":"SKIP","floor":44.0},{"not_picked":["Distraction+1","All Out Attack","Well Laid Plans"],"picked":"SKIP","floor":44.0},{"not_picked":["Well Laid Plans","Flying Knee"],"picked":"Adrenaline","floor":47},{"not_picked":["Bane+1","Dagger Throw","Crippling Poison"],"picked":"SKIP","floor":47},{"not_picked":["All Out Attack","Poisoned Stab"],"picked":"Escape Plan+1","floor":48},{"not_picked":["Flying Knee+1","Caltrops+1","Blade Dance+1"],"picked":"SKIP","floor":48},{"not_picked":["Dagger Throw","Endless Agony","Acrobatics"],"picked":"SKIP","floor":54}],"player_experience":777741,"relics_obtained":[{"floor":7.0,"key":"Toy Ornithopter"},{"floor":9.0,"key":"Dream Catcher"},{"floor":11.0,"key":"Pen Nib"},{"floor":23.0,"key":"Anchor"},{"floor":26.0,"key":"Bag of Preparation"},{"floor":40.0,"key":"Happy Flower"},{"floor":43.0,"key":"CeramicFish"},{"floor":54,"key":"StrikeDummy"}],"event_choices":[{"damage_healed":0.0,"max_hp_gain":0.0,"max_hp_loss":0.0,"gold_gain":0.0,"event_name":"Match and Keep!","player_choice":"1 cards matched","floor":5.0,"gold_loss":0.0,"damage_taken":0.0,"cards_obtained":["Escape Plan"]},{"damage_healed":0.0,"max_hp_gain":0.0,"max_hp_loss":0.0,"gold_gain":0.0,"event_name":"Ghosts","player_choice":"Ignored","floor":31.0,"gold_loss":0.0,"damage_taken":0.0},{"cards_removed":["Strike_G"],"damage_healed":0.0,"max_hp_gain":0.0,"max_hp_loss":0.0,"gold_gain":0.0,"event_name":"Bonfire Elementals","player_choice":"Offered Basic","floor":36.0,"gold_loss":0.0,"damage_taken":0.0}],"is_beta":false,"boss_relics":[{"not_picked":["WristBlade","Runic Dome"],"picked":"SacredBark"},{"not_picked":["Philosopher\u0027s Stone","Velvet Choker","Snecko Eye"]}],"items_purged_floors":[0,19,46],"is_endless":false,"potions_floor_spawned":[3,7,11,12,14,16,20,21,22,23,25,29,30,33,35,37,39,40,41,42,44,47,48,54],"ascension_level":0}}