{"host":"Sylvester","time":1612235318,"event":{"mods":["BaseMod","Filter the Spire","Lobotomy","Minty Spire (QoL Compilation)","Replay The Spire","StSLib"],"gold_per_floor":[119,133,133,58,78,109,21,96,149,149,162,191,191,207,207,207,207],"floor_reached":16,"language":"ENG","playtime":494,"items_purged":["Strike_G"],"score":220,"play_id":"43e49173-f923-4745-855f-44a1e381b7d5","local_time":"20210201190838","is_ascension_mode":true,"campfire_choices":[{"data":"A Thousand Cuts","floor":10,"key":"SMITH"},{"data":"Well Laid Plans","floor":13,"key":"SMITH"}],"circlet_count":0,"master_deck":["AscendersBane","Strike_G","Strike_G","Strike_G","Defend_G","Defend_G","Defend_G","Defend_G","Defend_G","Survivor","Neutralize","Dagger Spray","Dagger Throw","Dash","A Thousand Cuts+1","Hidden Blade","Endless Agony","Prepared+1","Well Laid Plans+1","Quick Slash"],"relics":["WristBlade","Art of War","Vajra","Potion Belt"],"acts_visited":["Exordium"],"potions_floor_usage":[6,6,16],"damage_taken":[{"damage":2,"enemies":"Jaw Worm","floor":1,"turns":5},{"damage":1,"enemies":"Cultist","floor":2,"turns":4},{"damage":1,"enemies":"Small Slimes","floor":5,"turns":3},{"damage":12,"enemies":"3 Sentries","floor":6,"turns":4},{"damage":0,"enemies":"3 Louse","floor":11,"turns":2},{"damage":15,"enemies":"Lagavulin","floor":12,"turns":5},{"damage":0,"enemies":"Large Slime","floor":14,"turns":4},{"damage":44,"enemies":"Slime Boss","floor":16,"turns":8}],"seed_played":"1497982837450064879","potions_obtained":[{"floor":1,"key":"CunningPotion"},{"floor":2,"key":"Energy Potion"},{"floor":14,"key":"SteroidPotion"}],"is_trial":false,"path_per_floor":["M","M","?","$","M","E","$","?","T","R","M","E","R","M","R","B"],"character_chosen":"THE_SILENT","items_purchased":["Endless Agony"],"campfire_rested":0,"item_purchase_floors":[7],"current_hp_per_floor":[57,56,56,56,55,43,43,32,32,32,32,17,17,17,36,0,0],"gold":207,"neow_bonus":"BOSS_RELIC","is_daily":false,"chose_seed":false,"campfire_upgraded":2,"win_rate":0.0,"timestamp":1612235318,"path_taken":["M","M","?","$","?","E","$","?","T","R","M","E","R","M","R","BOSS"],"items_purchased_type":["Card"],"build_version":"2020-11-17","purchased_purges":1,"victory":false,"max_hp_per_floor":[66,66,66,66,66,66,66,66,66,66,66,66,66,66,66,66,66],"card_choices":[{"not_picked":["Caltrops","ReplayTheSpireMod:Shiv Toss"],"picked":"Dagger Spray","floor":1},{"not_picked":["Deadly Poison","Bouncing Flask"],"picked":"Dagger Throw","floor":2},{"not_picked":["Cloak And Dagger","Hidden Blade"],"picked":"A Thousand Cuts","floor":5},{"not_picked":["Well Laid Plans","Outmaneuver"],"picked":"Hidden Blade","floor":6},{"not_picked":["Backflip","Poisoned Stab"],"picked":"Prepared","floor":11},{"not_picked":["Replay:Poison Smokescreen","Quick Slash"],"picked":"Well Laid Plans","floor":12},{"not_picked":["Heel Hook","Sucker Punch"],"picked":"Quick Slash","floor":14}],"player_experience":184218,"relics_obtained":[{"floor":6,"key":"Art of War"},{"floor":9,"key":"Vajra"},{"floor":12,"key":"Potion Belt"}],"event_choices":[{"damage_healed":0,"gold_gain":0,"cards_transformed":["Strike_G"],"player_choice":"Transformed","damage_taken":0,"max_hp_gain":0,"max_hp_loss":0,"event_name":"Transmorgrifier","floor":3,"gold_loss":0,"cards_obtained":["Dash"]},{"damage_healed":0,"gold_gain":75,"player_choice":"Gather Gold","damage_taken":11,"max_hp_gain":0,"max_hp_loss":0,"event_name":"World of Goop","floor":8,"gold_loss":0}],"is_beta":true,"boss_relics":[],"items_purged_floors":[4],"is_endless":false,"potions_floor_spawned":[1,2,14],"killed_by":"Slime Boss","ascension_level":20}}