{"host":"Qube","time":1612232173,"event":{"mods":["AchievementEnabler","BaseMod","Colored Map","Colored Powertips","Highlight Path","Minty Spire (QoL Compilation)","Permanent Neow","Quick Restart","Random Character Button","StSLib"],"gold_per_floor":[359,371,21,71,109,109,134,134,159,159,211,211,264,303,303,380,380,424,435,435,449,132,132,165,176,203,203,229,229,248,274,274,351,351,362,26,63,78,94,94,120,120,120,135,25,51,69,83,83,108,108,108,108,49,78,78,78],"floor_reached":56,"language":"ENG","playtime":3680,"items_purged":["Doubt","Strike_P","Defend_P"],"score":2049,"play_id":"55411a7d-529e-44c4-9cef-d2c9d75b8231","local_time":"20210201181613","is_ascension_mode":true,"campfire_choices":[{"data":"HandOfGreed","floor":6.0,"key":"SMITH"},{"data":"Eruption","floor":8.0,"key":"SMITH"},{"data":"Consecrate","floor":10.0,"key":"SMITH"},{"floor":12.0,"key":"REST"},{"data":"BattleHymn","floor":15.0,"key":"SMITH"},{"data":"Devotion","floor":23.0,"key":"SMITH"},{"floor":27.0,"key":"REST"},{"floor":32.0,"key":"REST"},{"data":"Ghostly","floor":40.0,"key":"SMITH"},{"data":"Scrawl","floor":42.0,"key":"SMITH"},{"floor":49.0,"key":"RECALL"},{"data":"Wallop","floor":53,"key":"SMITH"}],"circlet_count":0,"master_deck":["AscendersBane","Strike_P","Strike_P","Strike_P","Defend_P","Defend_P","Eruption+1","Vigilance","FlurryOfBlows","Consecrate+1","HandOfGreed+1","DeceiveReality+1","FollowUp","CutThroughFate","DeusExMachina","BattleHymn+1","Crescendo","Devotion+1","Ghostly+1","Ghostly","Ghostly","EmptyBody","Protect","Scrawl+1","ClearTheMind","Wallop","SpiritShield","Wallop+1","ThirdEye"],"relics":["PureWater","Bronze Scales","Regal Pillow","Incense Burner","Omamori","SacredBark","Damaru","Oddly Smooth Stone","Orichalcum","Toy Ornithopter","Enchiridion","Yang","Calling Bell","Akabeko","HornCleat","Dead Branch","Strange Spoon","InkBottle","Lantern","TeardropLocket"],"acts_visited":["Exordium","TheCity","TheBeyond","TheEnding"],"potions_floor_usage":[56],"damage_taken":[{"damage":5.0,"enemies":"2 Louse","floor":1.0,"turns":3.0},{"damage":0.0,"enemies":"Cultist","floor":2.0,"turns":2.0},{"damage":0.0,"enemies":"Jaw Worm","floor":5.0,"turns":4.0},{"damage":3.0,"enemies":"Gremlin Nob","floor":7.0,"turns":3.0},{"damage":27.0,"enemies":"Lagavulin","floor":11.0,"turns":6.0},{"damage":7.0,"enemies":"3 Sentries","floor":13.0,"turns":6.0},{"damage":0.0,"enemies":"Looter","floor":14.0,"turns":2.0},{"damage":8.0,"enemies":"Hexaghost","floor":16.0,"turns":8.0},{"damage":0.0,"enemies":"Chosen","floor":18.0,"turns":3.0},{"damage":0.0,"enemies":"Spheric Guardian","floor":19.0,"turns":2.0},{"damage":9.0,"enemies":"Centurion and Healer","floor":21.0,"turns":4.0},{"damage":7.0,"enemies":"Book of Stabbing","floor":24.0,"turns":4.0},{"damage":3.0,"enemies":"Snake Plant","floor":25.0,"turns":4.0},{"damage":0.0,"enemies":"Slavers","floor":28.0,"turns":3.0},{"damage":0.0,"enemies":"Chosen and Byrds","floor":30.0,"turns":4.0},{"damage":12.0,"enemies":"Book of Stabbing","floor":31.0,"turns":4.0},{"damage":15.0,"enemies":"Champ","floor":33.0,"turns":7.0},{"damage":0.0,"enemies":"Orb Walker","floor":35.0,"turns":3.0},{"damage":0.0,"enemies":"3 Shapes","floor":37.0,"turns":6.0},{"damage":5.0,"enemies":"Maw","floor":38.0,"turns":7.0},{"damage":0.0,"enemies":"Transient","floor":39.0,"turns":6.0},{"damage":0.0,"enemies":"Reptomancer","floor":41.0,"turns":6.0},{"damage":0.0,"enemies":"Spire Growth","floor":44.0,"turns":4.0},{"damage":1.0,"enemies":"Nemesis","floor":46.0,"turns":7.0},{"damage":0.0,"enemies":"Sphere and 2 Shapes","floor":47.0,"turns":4.0},{"damage":0.0,"enemies":"Transient","floor":48.0,"turns":6.0},{"damage":57,"enemies":"Awakened One","floor":50,"turns":14},{"damage":8,"enemies":"Donu and Deca","floor":51,"turns":6},{"damage":6,"enemies":"Shield and Spear","floor":55,"turns":7},{"damage":144,"enemies":"The Heart","floor":56,"turns":3}],"seed_played":"-1207709033949763367","potions_obtained":[{"floor":1.0,"key":"Strength Potion"},{"floor":11.0,"key":"Weak Potion"},{"floor":13.0,"key":"Explosive Potion"},{"floor":14.0,"key":"Dexterity Potion"},{"floor":21.0,"key":"FairyPotion"},{"floor":24.0,"key":"Explosive Potion"},{"floor":28.0,"key":"SkillPotion"},{"floor":37.0,"key":"FearPotion"},{"floor":41.0,"key":"Fruit Juice"},{"floor":46.0,"key":"PowerPotion"},{"floor":47.0,"key":"FairyPotion"},{"floor":55,"key":"SkillPotion"}],"is_trial":false,"path_per_floor":["M","M","$","?","M","R","E","R","T","R","E","R","E","M","R","B",null,"M","M","?","M","$","R","E","M","T","R","E","?","M","E","R","B",null,"M","$","M","M","M","R","E","R","T","M","?","E","M","M","R","B","B",null,"R","$","E","B"],"character_chosen":"WATCHER","items_purchased":["HandOfGreed","DeceiveReality","Damaru","Protect","Strange Spoon","Wallop","ThirdEye"],"campfire_rested":3,"item_purchase_floors":[3,3,22,22,36,36,54],"current_hp_per_floor":[56,56,56,50,50,50,47,47,47,47,20,55,48,48,48,40,61,61,61,34,25,25,25,18,15,15,34,34,13,18,6,31,16,30,30,30,30,25,25,25,40,40,40,40,40,39,39,39,39,10,2,34,34,34,28,0,0],"gold":78,"neow_bonus":"TWO_FIFTY_GOLD","is_daily":false,"chose_seed":false,"campfire_upgraded":8,"win_rate":0.0,"timestamp":1612232173,"path_taken":["M","M","$","?","M","R","E","R","T","R","E","R","E","M","R","BOSS","M","?","?","M","$","R","E","M","T","R","E","?","M","E","R","BOSS","M","$","M","M","M","R","E","R","T","M","?","E","M","?","R","BOSS","BOSS","R","$","E","BOSS"],"items_purchased_type":["Card","Card","Relic","Card","Relic","Card","Card"],"build_version":"2020-12-18","purchased_purges":3,"victory":false,"max_hp_per_floor":[68,68,68,68,68,68,68,68,68,68,68,68,68,68,68,68,68,68,68,34,34,34,34,34,34,34,34,34,34,34,34,34,34,34,34,34,34,34,34,34,44,44,44,44,44,44,44,44,44,44,44,44,44,44,44,44,44],"card_choices":[{"not_picked":["MentalFortress","Vengeance"],"picked":"FlurryOfBlows","floor":1.0},{"not_picked":["Prostrate","Adaptation"],"picked":"Consecrate","floor":2.0},{"not_picked":["Weave","PathToVictory"],"picked":"FollowUp","floor":5.0},{"not_picked":["BowlingBash","CarveReality"],"picked":"CutThroughFate","floor":7.0},{"not_picked":["FlyingSleeves","EmptyFist"],"picked":"DeusExMachina","floor":11.0},{"not_picked":["FlyingSleeves","FearNoEvil"],"picked":"BattleHymn","floor":13.0},{"not_picked":["ClearTheMind","Fasting2"],"picked":"Crescendo","floor":14.0},{"not_picked":["SpiritShield","Alpha"],"picked":"Devotion","floor":16.0},{"not_picked":["SandsOfTime","Vengeance","WreathOfFlame"],"picked":"SKIP","floor":18.0},{"not_picked":["WheelKick","Tantrum","ReachHeaven"],"picked":"SKIP","floor":19.0},{"not_picked":["CutThroughFate+1","SashWhip"],"picked":"EmptyBody","floor":21.0},{"not_picked":["Collect","ThirdEye"],"picked":"Scrawl","floor":24.0},{"not_picked":["Evaluate","Nirvana","BowlingBash"],"picked":"SKIP","floor":25.0},{"not_picked":["PathToVictory","Conclude+1"],"picked":"ClearTheMind","floor":28.0},{"not_picked":["Weave+1","CrushJoints","CutThroughFate"],"picked":"SKIP","floor":30.0},{"not_picked":["BowlingBash","Devotion"],"picked":"Wallop","floor":31.0},{"not_picked":["Scrawl","Alpha"],"picked":"SpiritShield","floor":33.0},{"not_picked":["Consecrate","SashWhip","FearNoEvil+1"],"picked":"SKIP","floor":35.0},{"not_picked":["Halt","Nirvana","EmptyBody"],"picked":"SKIP","floor":37.0},{"not_picked":["Crescendo","EmptyMind+1","PathToVictory"],"picked":"SKIP","floor":38.0},{"not_picked":["ForeignInfluence","InnerPeace","Evaluate"],"picked":"SKIP","floor":39.0},{"not_picked":["ClearTheMind","SandsOfTime+1","Indignation"],"picked":"SKIP","floor":41.0},{"not_picked":["EmptyBody","CutThroughFate","Vengeance"],"picked":"SKIP","floor":44.0},{"not_picked":["ThirdEye","Omniscience","Devotion"],"picked":"SKIP","floor":46.0},{"not_picked":["EmptyBody+1","FlurryOfBlows","JustLucky"],"picked":"SKIP","floor":47.0},{"not_picked":["Consecrate","Collect+1","Worship"],"picked":"SKIP","floor":48.0},{"not_picked":["Nirvana","MentalFortress","FlurryOfBlows"],"picked":"SKIP","floor":55}],"player_experience":1040297,"relics_obtained":[{"floor":7.0,"key":"Bronze Scales"},{"floor":9.0,"key":"Regal Pillow"},{"floor":11.0,"key":"Incense Burner"},{"floor":13.0,"key":"Omamori"},{"floor":24.0,"key":"Oddly Smooth Stone"},{"floor":26.0,"key":"Orichalcum"},{"floor":28.0,"key":"Toy Ornithopter"},{"floor":29.0,"key":"Enchiridion"},{"floor":31.0,"key":"Yang"},{"floor":34.0,"key":"Akabeko"},{"floor":34.0,"key":"HornCleat"},{"floor":34.0,"key":"Dead Branch"},{"floor":41.0,"key":"InkBottle"},{"floor":46.0,"key":"Lantern"},{"floor":55,"key":"TeardropLocket"}],"event_choices":[{"damage_healed":0.0,"max_hp_gain":0.0,"max_hp_loss":0.0,"gold_gain":50.0,"event_name":"FaceTrader","player_choice":"Touch","floor":4.0,"gold_loss":0.0,"damage_taken":6.0},{"damage_healed":0.0,"max_hp_gain":0.0,"max_hp_loss":34.0,"gold_gain":0.0,"event_name":"Ghosts","player_choice":"Became a Ghost","floor":20.0,"gold_loss":0.0,"damage_taken":0.0,"cards_obtained":["Ghostly","Ghostly","Ghostly"]},{"damage_healed":0.0,"max_hp_gain":0.0,"max_hp_loss":0.0,"gold_gain":0.0,"event_name":"Cursed Tome","player_choice":"Obtained Book","floor":29.0,"gold_loss":0.0,"damage_taken":21.0},{"cards_removed":["Defend_P"],"damage_healed":0.0,"max_hp_gain":0.0,"max_hp_loss":0.0,"gold_gain":0.0,"event_name":"Designer","player_choice":"Upgrade and Remove","floor":45.0,"gold_loss":110.0,"damage_taken":0.0,"cards_upgraded":["DeceiveReality"]}],"is_beta":true,"boss_relics":[{"not_picked":["Runic Pyramid","Runic Dome"],"picked":"SacredBark"},{"not_picked":["Empty Cage","Tiny House"],"picked":"Calling Bell"}],"items_purged_floors":[3,22,36],"is_endless":false,"potions_floor_spawned":[1,11,13,14,21,24,28,37,41,46,47,48,55],"killed_by":"The Heart","ascension_level":20}}