{"host":"c6u7e77myxvw4d0m","time":1612261154,"event":{"mods":["AchievementEnabler","BaseMod","Bestiary","Colored Map","Colored Powertips","Minty Spire (QoL Compilation)","Rare Cards Sparkle","Relic Stats","everything is the same but u backflip on backflip"],"gold_per_floor":[359,359,378,397,68,103,103,132,132,166,166,176,202,213,213,287,287,297,30,44,44,64,64,74,105,159,185,185,205,205,222,222,294,294,308,308,308,325,325,325],"floor_reached":39,"language":"ENG","playtime":2660,"items_purged":[],"score":907,"play_id":"1884050c-db76-4740-b232-7dae4b454fd3","local_time":"20210202121914","is_ascension_mode":true,"campfire_choices":[{"data":"Perfected Strike","floor":7,"key":"SMITH"},{"floor":11,"key":"REST"},{"data":"Perfected Strike","floor":15,"key":"SMITH"},{"data":"Limit Break","floor":23,"key":"SMITH"},{"data":"Double Tap","floor":32,"key":"SMITH"}],"circlet_count":0,"master_deck":["AscendersBane","Strike_R","Strike_R","Strike_R","Strike_R","Strike_R","Defend_R","Bash","Inflame","Perfected Strike+1","Wild Strike","Cleave","Rampage+1","Shockwave","Heavy Blade","True Grit","Immolate","Perfected Strike+1","Perfected Strike","Carnage","Limit Break+1","Perfected Strike","Pummel+1","Headbutt","Inflame","Pain","Thunderclap","J.A.X.","Twin Strike","Double Tap+1","Twin Strike","Exhume","Madness","Madness","Searing Blow"],"relics":["Burning Blood","Bronze Scales","Shuriken","Nunchaku","Letter Opener","Strawberry","Meat on the Bone","Cursed Key","Gremlin Horn","CaptainsWheel","Whetstone","Dream Catcher","Busted Crown"],"acts_visited":["Exordium","TheCity","TheBeyond"],"potions_floor_usage":[6,8,13,24,25,27,33,33],"damage_taken":[{"damage":0,"enemies":"Small Slimes","floor":1,"turns":4},{"damage":1,"enemies":"Cultist","floor":3,"turns":3},{"damage":7,"enemies":"Jaw Worm","floor":4,"turns":3},{"damage":6,"enemies":"Gremlin Nob","floor":6,"turns":3},{"damage":20,"enemies":"3 Sentries","floor":8,"turns":4},{"damage":30,"enemies":"Lagavulin","floor":10,"turns":6},{"damage":0,"enemies":"Lots of Slimes","floor":12,"turns":1},{"damage":13,"enemies":"3 Sentries","floor":13,"turns":7},{"damage":3,"enemies":"Red Slaver","floor":14,"turns":2},{"damage":52,"enemies":"The Guardian","floor":16,"turns":8},{"damage":21,"enemies":"2 Thieves","floor":18,"turns":4},{"damage":11,"enemies":"Spheric Guardian","floor":20,"turns":3},{"damage":18,"enemies":"Snecko","floor":22,"turns":3},{"damage":12,"enemies":"Chosen and Byrds","floor":24,"turns":3},{"damage":11,"enemies":"Slavers","floor":25,"turns":3},{"damage":30,"enemies":"Gremlin Leader","floor":27,"turns":4},{"damage":7,"enemies":"Snake Plant","floor":29,"turns":4},{"damage":14,"enemies":"Snecko","floor":31,"turns":3},{"damage":47,"enemies":"Automaton","floor":33,"turns":6},{"damage":49,"enemies":"3 Darklings","floor":35,"turns":4},{"damage":17,"enemies":"3 Shapes","floor":38,"turns":3},{"damage":22,"enemies":"3 Darklings","floor":39,"turns":2}],"seed_played":"-3733535826472470330","potions_obtained":[{"floor":1,"key":"Swift Potion"},{"floor":4,"key":"AttackPotion"},{"floor":6,"key":"Strength Potion"},{"floor":14,"key":"Explosive Potion"},{"floor":18,"key":"Fire Potion"},{"floor":24,"key":"ColorlessPotion"},{"floor":29,"key":"Dexterity Potion"},{"floor":31,"key":"ColorlessPotion"}],"is_trial":false,"path_per_floor":["M","?","M","M","$","E","R","E","T","E","R","M","E","M","R","B",null,"M","$","M","?","M","R","M","E","T","E","?","M","?","M","R","B",null,"M","?","?","M","M"],"character_chosen":"IRONCLAD","items_purchased":["Cleave","Rampage","Shockwave","Bronze Scales","Gremlin Horn"],"campfire_rested":1,"item_purchase_floors":[5,5,5,5,19],"current_hp_per_floor":[56,56,61,60,60,60,60,46,46,29,53,59,52,55,55,21,67,52,52,59,59,59,59,53,48,48,36,36,47,47,51,51,22,67,36,21,21,22,0,0],"gold":325,"neow_bonus":"TWO_FIFTY_GOLD","is_daily":false,"chose_seed":false,"campfire_upgraded":4,"win_rate":0.0,"timestamp":1612261154,"path_taken":["M","?","M","?","$","E","R","E","T","E","R","M","E","M","R","BOSS","M","$","M","?","?","R","M","E","T","E","?","M","?","M","R","BOSS","M","?","?","M","M"],"items_purchased_type":["Card","Card","Card","Relic","Relic"],"build_version":"2020-12-22","purchased_purges":0,"victory":false,"max_hp_per_floor":[75,75,75,75,75,75,75,75,75,82,82,82,82,82,82,82,82,82,82,82,82,82,82,82,82,82,82,82,82,82,82,82,82,82,82,82,82,82,82,82],"relic_stats":{"Gremlin Horn":[12,12],"counters":[22,83],"Letter Opener":[7],"Whetstone":["Pummel","Rampage"],"Cursed Key":1,"Burning Blood":126,"Nunchaku":[12],"Dream Catcher":0,"Busted Crown":4,"Shuriken":[19],"Bronze Scales":[157],"obtain_stats":[{"Gremlin Horn":19,"Letter Opener":9,"Whetstone":26,"Cursed Key":17,"Burning Blood":0,"Nunchaku":8,"CaptainsWheel":25,"Dream Catcher":27,"Busted Crown":34,"Shuriken":6,"Bronze Scales":5,"Strawberry":10,"Meat on the Bone":13},{"Gremlin Horn":11,"Letter Opener":5,"Whetstone":15,"Cursed Key":10,"Burning Blood":0,"Nunchaku":5,"CaptainsWheel":15,"Dream Catcher":16,"Busted Crown":19,"Shuriken":4,"Bronze Scales":3,"Strawberry":6,"Meat on the Bone":8},{"Gremlin Horn":45,"Letter Opener":17,"Whetstone":57,"Cursed Key":41,"Burning Blood":0,"Nunchaku":17,"CaptainsWheel":57,"Dream Catcher":61,"Busted Crown":74,"Shuriken":13,"Bronze Scales":10,"Strawberry":23,"Meat on the Bone":31}],"Meat on the Bone":108},"card_choices":[{"not_picked":["Battle Trance","True Grit"],"picked":"Inflame","floor":1},{"not_picked":["Anger","Sever Soul"],"picked":"Perfected Strike","floor":3},{"not_picked":["Entrench","Sever Soul"],"picked":"Wild Strike","floor":4},{"not_picked":["Cleave","Anger"],"picked":"Heavy Blade","floor":6},{"not_picked":["Body Slam","Intimidate"],"picked":"True Grit","floor":8},{"not_picked":["Cleave","Intimidate"],"picked":"Immolate","floor":10},{"not_picked":["Uppercut","Whirlwind"],"picked":"Perfected Strike","floor":12},{"not_picked":["True Grit","Warcry"],"picked":"Perfected Strike","floor":13},{"not_picked":["Intimidate","Blood for Blood"],"picked":"Carnage","floor":14},{"not_picked":["Berserk","Double Tap"],"picked":"Limit Break","floor":16},{"not_picked":["Shrug It Off","Havoc"],"picked":"Perfected Strike","floor":18},{"not_picked":["Clash","Clothesline"],"picked":"Pummel","floor":20},{"not_picked":["Heavy Blade","Havoc","Warcry"],"picked":"SKIP","floor":22},{"not_picked":["Burning Pact","Feel No Pain"],"picked":"Headbutt","floor":24},{"not_picked":["Shrug It Off","Sword Boomerang+1"],"picked":"Inflame","floor":25},{"not_picked":["Power Through","Shrug It Off"],"picked":"Thunderclap","floor":27},{"not_picked":["Hemokinesis","Perfected Strike"],"picked":"Twin Strike","floor":29},{"not_picked":["Cleave","Searing Blow"],"picked":"Twin Strike","floor":31},{"not_picked":["Double Tap","Brutality"],"picked":"Exhume","floor":33},{"not_picked":["Wild Strike"],"picked":"SKIP","floor":35},{"not_picked":["Clash"],"picked":"SKIP","floor":38}],"player_experience":615609,"relics_obtained":[{"floor":6,"key":"Shuriken"},{"floor":8,"key":"Nunchaku"},{"floor":9,"key":"Letter Opener"},{"floor":10,"key":"Strawberry"},{"floor":13,"key":"Meat on the Bone"},{"floor":25,"key":"CaptainsWheel"},{"floor":26,"key":"Whetstone"},{"floor":27,"key":"Dream Catcher"}],"event_choices":[{"cards_removed":["Defend_R"],"damage_healed":0,"gold_gain":0,"player_choice":"Purged","damage_taken":0,"max_hp_gain":0,"max_hp_loss":0,"event_name":"Purifier","floor":2,"gold_loss":0},{"damage_healed":0,"gold_gain":0,"player_choice":"Leave","damage_taken":0,"max_hp_gain":0,"max_hp_loss":0,"event_name":"FaceTrader","floor":21,"gold_loss":0},{"damage_healed":0,"gold_gain":0,"player_choice":"Obtain J.A.X.","damage_taken":0,"max_hp_gain":0,"max_hp_loss":0,"event_name":"Drug Dealer","floor":28,"gold_loss":0,"cards_obtained":["J.A.X."]},{"damage_healed":0,"gold_gain":0,"cards_transformed":["Defend_R"],"player_choice":"Transformed","damage_taken":0,"max_hp_gain":0,"max_hp_loss":0,"event_name":"Transmorgrifier","floor":30,"gold_loss":0,"cards_obtained":["Double Tap"]},{"damage_healed":0,"gold_gain":0,"player_choice":"Embrace Madness","damage_taken":15,"max_hp_gain":0,"max_hp_loss":0,"event_name":"Winding Halls","floor":36,"gold_loss":0,"cards_obtained":["Madness","Madness"]},{"damage_healed":0,"gold_gain":0,"cards_transformed":["Defend_R"],"player_choice":"Transformed","damage_taken":0,"max_hp_gain":0,"max_hp_loss":0,"event_name":"Transmorgrifier","floor":37,"gold_loss":0,"cards_obtained":["Searing Blow"]}],"is_beta":false,"boss_relics":[{"not_picked":["Astrolabe","Ectoplasm"],"picked":"Cursed Key"},{"not_picked":["SlaversCollar","Tiny House"],"picked":"Busted Crown"}],"items_purged_floors":[],"is_endless":false,"potions_floor_spawned":[1,4,6,14,18,24,29,31],"killed_by":"3 Darklings","ascension_level":18}}