{"host":"04hh9gplt9wkfmr1","time":1612287424,"event":{"mods":["AchievementEnabler","BaseMod","Colored Map","KOR Keyword Fix","Minty Spire (QoL Compilation)","Rare Cards Sparkle","SuperFastMode"],"gold_per_floor":[119,130,147,147,222,222,253,253,277,277,277,277,329,366,378,488,500,530,542,564,592,604,616,645,683,721,760,772,784,796,907,919,1035,1047,1070,669,719,719,736,736,761,481,481,498,498,64,82,97,97,97],"floor_reached":51,"language":"KOR","playtime":1377,"items_purged":["Defend_R"],"score":970,"play_id":"43f1c451-21d3-4be0-b9f8-3cdd4a1ce2cc","local_time":"20210203023704","is_ascension_mode":true,"campfire_choices":[{"data":"Armaments","floor":6.0,"key":"SMITH"},{"floor":8.0,"key":"REST"},{"data":"Perfected Strike","floor":10.0,"key":"SMITH"},{"data":"Perfected Strike","floor":15.0,"key":"SMITH"},{"floor":23.0,"key":"REST"},{"floor":29.0,"key":"REST"},{"data":"Whirlwind","floor":32.0,"key":"SMITH"},{"data":"Mayhem","floor":40.0,"key":"SMITH"},{"floor":45.0,"key":"REST"},{"floor":49.0,"key":"REST"}],"circlet_count":0,"master_deck":["Strike_R","Strike_R","Strike_R+1","Strike_R","Strike_R","Defend_R+1","Defend_R","Defend_R","Bash","Armaments+1","Perfected Strike+1","Whirlwind+1","Perfected Strike+1","Double Tap+1","Headbutt+1","Twin Strike+1","Battle Trance+1","Evolve","Headbutt+1","Limit Break+1","Warcry+1","Shrug It Off+1","Shockwave+1","Secret Weapon+1","Metamorphosis+1","Mayhem+1","Dual Wield+1","Ghostly Armor+1","Warcry+1","Secret Technique+1","Impatience+1","Disarm+1","Shockwave+1"],"relics":["Burning Blood","Toy Ornithopter","Bag of Preparation","TungstenRod","MawBank","Toxic Egg 2","Runic Cube","Red Skull","Happy Flower","Pocketwatch","Velvet Choker","Mercury Hourglass","CaptainsWheel","Anchor","Meat on the Bone","Darkstone Periapt","Vajra"],"acts_visited":["Exordium","TheCity","TheBeyond"],"potions_floor_usage":[50,50,50],"damage_taken":[{"damage":1.0,"enemies":"Cultist","floor":1.0,"turns":3.0},{"damage":9.0,"enemies":"2 Louse","floor":2.0,"turns":2.0},{"damage":7.0,"enemies":"Jaw Worm","floor":3.0,"turns":4.0},{"damage":33.0,"enemies":"Lagavulin","floor":7.0,"turns":7.0},{"damage":19.0,"enemies":"3 Sentries","floor":14.0,"turns":8.0},{"damage":27.0,"enemies":"Hexaghost","floor":16.0,"turns":11.0},{"damage":23.0,"enemies":"Shell Parasite","floor":18.0,"turns":5.0},{"damage":17.0,"enemies":"2 Thieves","floor":20.0,"turns":4.0},{"damage":27.0,"enemies":"Shelled Parasite and Fungi","floor":21.0,"turns":3.0},{"damage":10.0,"enemies":"Cultist and Chosen","floor":24.0,"turns":4.0},{"damage":15.0,"enemies":"Gremlin Leader","floor":25.0,"turns":3.0},{"damage":32.0,"enemies":"Slavers","floor":27.0,"turns":5.0},{"damage":56.0,"enemies":"Collector","floor":33.0,"turns":8.0},{"damage":17.0,"enemies":"3 Darklings","floor":35.0,"turns":5.0},{"damage":0.0,"enemies":"Mind Bloom Boss Battle","floor":37.0,"turns":4.0},{"damage":0.0,"enemies":"Orb Walker","floor":39.0,"turns":2.0},{"damage":51.0,"enemies":"Nemesis","floor":41.0,"turns":5.0},{"damage":0.0,"enemies":"Transient","floor":44.0,"turns":5.0},{"damage":4.0,"enemies":"Writhing Mass","floor":47.0,"turns":4.0},{"damage":25.0,"enemies":"Sphere and 2 Shapes","floor":48.0,"turns":4.0},{"damage":68,"enemies":"Awakened One","floor":50,"turns":7}],"seed_played":"248104707648659536","potions_obtained":[{"floor":2.0,"key":"BloodPotion"},{"floor":16.0,"key":"Regen Potion"},{"floor":18.0,"key":"SpeedPotion"},{"floor":20.0,"key":"BloodPotion"},{"floor":25.0,"key":"GamblersBrew"},{"floor":35.0,"key":"Strength Potion"},{"floor":39.0,"key":"Fruit Juice"},{"floor":47.0,"key":"ColorlessPotion"},{"floor":48.0,"key":"LiquidBronze"}],"is_trial":false,"path_per_floor":["M","M","M","?","?","R","E","R","T","R","$","?","T","E","R","B",null,"M","?","M","M","?","R","M","E","T","E","?","R","$","?","R","B",null,"M","$","?","?","M","R","E","$","T","M","R","$","M","M","R","B",null],"character_chosen":"IRONCLAD","items_purchased":["Warcry+1","Shrug It Off+1","Mercury Hourglass","Meat on the Bone","Ghostly Armor+1","Vajra","Secret Technique+1","Impatience+1"],"campfire_rested":5,"item_purchase_floors":[36,36,36,42,42,46,46,46],"current_hp_per_floor":[85,82,81,63,52,52,25,51,51,51,51,39,39,26,26,27,73,56,56,45,24,8,35,54,59,59,33,33,60,60,60,60,15,74,63,63,69,60,76,76,31,31,31,49,78,78,80,61,90,53],"gold":97,"neow_bonus":"TEN_PERCENT_HP_BONUS","is_daily":false,"chose_seed":false,"campfire_upgraded":5,"win_rate":0.0,"timestamp":1612287424,"path_taken":["M","M","M","?","?","R","E","R","T","R","$","?","?","E","R","BOSS","M","?","?","M","?","R","M","E","T","E","?","R","?","?","R","BOSS","M","$","?","?","M","R","E","?","T","M","R","$","M","M","R","BOSS"],"items_purchased_type":["Card","Card","Relic","Relic","Card","Relic","Card","Card"],"build_version":"2020-12-22","purchased_purges":1,"victory":true,"max_hp_per_floor":[88,88,88,88,88,88,88,88,88,88,88,88,88,88,88,88,88,88,88,88,88,93,93,93,93,93,93,93,93,93,93,93,93,93,93,93,93,93,98,98,98,98,98,98,98,98,98,98,98,98],"card_choices":[{"not_picked":["Clash","Iron Wave","Flex"],"picked":"SKIP","floor":1.0},{"not_picked":["Shrug It Off","Intimidate"],"picked":"Armaments","floor":2.0},{"not_picked":["Wild Strike","Iron Wave"],"picked":"Perfected Strike","floor":3.0},{"not_picked":["Fire Breathing","Shrug It Off"],"picked":"Whirlwind","floor":7.0},{"not_picked":["Feel No Pain","Rampage"],"picked":"Perfected Strike","floor":14.0},{"not_picked":["Offering+1","Feed"],"picked":"Double Tap+1","floor":16.0},{"not_picked":["Body Slam","Thunderclap"],"picked":"Headbutt+1","floor":18.0},{"not_picked":["Inflame+1","Shrug It Off+1"],"picked":"Twin Strike+1","floor":20.0},{"not_picked":["Second Wind+1","Fire Breathing"],"picked":"Battle Trance+1","floor":21.0},{"not_picked":["Combust","Thunderclap+1","Havoc+1"],"picked":"SKIP","floor":24.0},{"not_picked":["Whirlwind+1","Headbutt+1"],"picked":"Evolve","floor":25.0},{"not_picked":["Sword Boomerang","Heavy Blade"],"picked":"Headbutt+1","floor":27.0},{"not_picked":["Fiend Fire","Reaper"],"picked":"Limit Break+1","floor":33.0},{"not_picked":["Iron Wave+1","Heavy Blade","Clothesline+1"],"picked":"SKIP","floor":35.0},{"not_picked":["Evolve","Iron Wave"],"picked":"Shockwave+1","floor":37.0},{"not_picked":["Finesse+1","Sadistic Nature"],"picked":"Secret Weapon+1","floor":38.0},{"not_picked":["Discovery+1","Swift Strike"],"picked":"Metamorphosis+1","floor":38.0},{"not_picked":["Discovery+1","Secret Technique+1"],"picked":"Mayhem","floor":38.0},{"not_picked":["Cleave","True Grit+1","Sword Boomerang"],"picked":"SKIP","floor":39.0},{"not_picked":["Combust+1","Infernal Blade+1"],"picked":"Dual Wield+1","floor":41.0},{"not_picked":["Flame Barrier+1","Flex+1"],"picked":"Warcry+1","floor":44.0},{"not_picked":["Havoc+1","Sword Boomerang"],"picked":"Disarm+1","floor":47.0},{"not_picked":["Havoc+1","Sword Boomerang+1"],"picked":"Shockwave+1","floor":48.0}],"player_experience":122411,"relics_obtained":[{"floor":7.0,"key":"Toy Ornithopter"},{"floor":9.0,"key":"Bag of Preparation"},{"floor":13.0,"key":"MawBank"},{"floor":14.0,"key":"Toxic Egg 2"},{"floor":25.0,"key":"Red Skull"},{"floor":26.0,"key":"Happy Flower"},{"floor":27.0,"key":"Pocketwatch"},{"floor":37.0,"key":"CaptainsWheel"},{"floor":41.0,"key":"Anchor"},{"floor":43.0,"key":"Darkstone Periapt"}],"event_choices":[{"damage_healed":0.0,"max_hp_gain":0.0,"max_hp_loss":0.0,"gold_gain":0.0,"event_name":"Shining Light","player_choice":"Entered Light","floor":4.0,"gold_loss":0.0,"damage_taken":18.0,"cards_upgraded":["Defend_R","Strike_R"]},{"damage_healed":0.0,"max_hp_gain":0.0,"max_hp_loss":0.0,"gold_gain":75.0,"event_name":"World of Goop","player_choice":"Gather Gold","floor":5.0,"gold_loss":0.0,"damage_taken":11.0},{"damage_healed":0.0,"max_hp_gain":0.0,"max_hp_loss":0.0,"gold_gain":0.0,"event_name":"Scrap Ooze","player_choice":"Success","floor":12.0,"gold_loss":0.0,"damage_taken":12.0,"relics_obtained":["TungstenRod"]},{"damage_healed":0.0,"max_hp_gain":0.0,"max_hp_loss":0.0,"gold_gain":0.0,"event_name":"The Woman in Blue","player_choice":"Bought 0 Potions","floor":19.0,"gold_loss":0.0,"damage_taken":0.0},{"damage_healed":0.0,"max_hp_gain":5.0,"max_hp_loss":0.0,"gold_gain":0.0,"event_name":"Forgotten Altar","player_choice":"Shed Blood","floor":22.0,"gold_loss":0.0,"damage_taken":22.0},{"damage_healed":0.0,"max_hp_gain":0.0,"max_hp_loss":0.0,"gold_gain":0.0,"event_name":"Vampires","player_choice":"Ignored","floor":28.0,"gold_loss":0.0,"damage_taken":0.0},{"damage_healed":0.0,"max_hp_gain":0.0,"max_hp_loss":0.0,"gold_gain":99.0,"event_name":"Nest","player_choice":"Stole From Cult","floor":31.0,"gold_loss":0.0,"damage_taken":0.0},{"damage_healed":0.0,"max_hp_gain":0.0,"max_hp_loss":0.0,"gold_gain":0.0,"event_name":"MindBloom","player_choice":"Fight","floor":37.0,"gold_loss":0.0,"damage_taken":0.0},{"damage_healed":0.0,"max_hp_gain":0.0,"max_hp_loss":0.0,"gold_gain":0.0,"event_name":"SensoryStone","player_choice":"Memory 3","floor":38.0,"gold_loss":0.0,"damage_taken":10.0}],"is_beta":false,"boss_relics":[{"not_picked":["Snecko Eye","Busted Crown"],"picked":"Runic Cube"},{"not_picked":["Black Blood","Philosopher\u0027s Stone"],"picked":"Velvet Choker"}],"items_purged_floors":[36],"is_endless":false,"potions_floor_spawned":[2,16,18,20,25,35,39,47,48],"ascension_level":6}}