{"host":"fortuna","time":1612289865,"event":{"mods":["100% Spire Juice","Act Like it!","Arknights","BaseMod","Downfall","Gensokyo","Hallownest","Luminous","Minty Spire (QoL Compilation)","Reimu£®≤©¿ˆ¡È√Œ£©","Relic Stats","StSLib","The Administrix","Waifu the Spire","WarShipGirlsR/’ΩΩ¢…Ÿ≈ÆR mod","Yakumo Yukari mod"],"gold_per_floor":[10,10,10,29,29,59,59,59,141,158,158,175,208,222,222,323,323,335,335,255,272,283,283,283],"floor_reached":23,"language":"ZHS","playtime":878,"items_purged":[],"score":210,"play_id":"5a4c089f-92bd-4e6c-91cc-e77678ffe138","local_time":"20210203021745","is_ascension_mode":true,"campfire_choices":[{"data":"YinYangSign:ReiMu","floor":8,"key":"SMITH"},{"data":"CardOfSanctity:ReiMu","floor":11,"key":"SMITH"},{"data":"RainPray2:ReiMu","floor":15,"key":"SMITH"}],"circlet_count":0,"master_deck":["Strike_Lin:ReiMu","Strike_Lin:ReiMu","Strike_Lin:ReiMu","Strike_Lin:ReiMu","Defend_Lin:ReiMu","Defend_Lin:ReiMu","Defend_Lin:ReiMu","Defend_Lin:ReiMu","NB:ReiMu","Stagnation:ReiMu","OctopathSalyBorderN:ReiMu","TightArray:ReiMu","CareerPray:ReiMu","YinYangSign:ReiMu+1","CardOfSanctity:ReiMu+1","RainPray2:ReiMu+1","OctopathBindingBorder2:ReiMu","SubAcupoint:ReiMu","CeremonyResonance:ReiMu","Amulet:ReiMu","Hallownest:skillCityofTearsMap"],"relics":["FlyPower:ReiMu","Hallownest:DreamNailRelic","The Courier","CrazyTorch:ReiMu","Busted Crown","PreservedInsect"],"acts_visited":["Hallownest:Greenpath","Hallownest:CityofTears"],"potions_floor_usage":[],"damage_taken":[{"damage":0,"enemies":"Hallownest:monsterHuskWarrior","floor":1,"turns":3},{"damage":1,"enemies":"Hallownest:2_MossCreeps","floor":4,"turns":2},{"damage":18,"enemies":"Hallownest:eliteCrystalGuardian","floor":6,"turns":5},{"damage":0,"enemies":"Hallownest:monsterHuskGuard","floor":10,"turns":3},{"damage":4,"enemies":"Hallownest:MossCreep_and_Mosskin","floor":12,"turns":4},{"damage":4,"enemies":"Hallownest:eliteVengeflyKing","floor":13,"turns":2},{"damage":19,"enemies":"Hallownest:monsterFoolEater","floor":14,"turns":3},{"damage":18,"enemies":"Hallownest:BossFalseKnight","floor":16,"turns":7},{"damage":0,"enemies":"Hallownest:2_Mistakes","floor":18,"turns":4},{"damage":8,"enemies":"Hallownest:Flukemon_and_Top","floor":21,"turns":3},{"damage":11,"enemies":"Hallownest:monsterMisterMushroom","floor":22,"turns":7},{"damage":3,"enemies":"Hallownest:eliteWatcherKnight","floor":23,"turns":8}],"seed_played":"-7741613457095055501","potions_obtained":[{"floor":4,"key":"BlessingOfTheForge"},{"floor":10,"key":"SmokeBomb"}],"is_trial":false,"path_per_floor":["M","?","?","M","$","E","$","R","T","M","R","M","E","M","R","B",null,"M","?","?","M","M","E"],"character_chosen":"REIMU","items_purchased":[],"campfire_rested":0,"item_purchase_floors":[],"current_hp_per_floor":[65,65,65,64,64,46,46,46,46,46,46,42,38,19,19,1,65,65,65,65,57,46,43,43],"gold":283,"neow_bonus":"THREE_RARE_CARDS","is_daily":false,"chose_seed":false,"campfire_upgraded":3,"win_rate":0.0,"timestamp":1612289865,"path_taken":["M","?","?","?","?","E","$","R","T","M","R","M","E","M","R","BOSS","M","?","?","M","M","E"],"items_purchased_type":[],"build_version":"2020-12-18","purchased_purges":0,"victory":false,"max_hp_per_floor":[65,65,65,65,65,65,65,65,65,65,65,65,65,65,65,65,65,65,65,65,65,65,65,65],"relic_stats":{"Busted Crown":6,"counters":[12,50],"PreservedInsect":27,"obtain_stats":[{"Busted Crown":17,"CrazyTorch:ReiMu":13,"The Courier":6,"PreservedInsect":19,"Hallownest:DreamNailRelic":3,"FlyPower:ReiMu":0},{"Busted Crown":8,"CrazyTorch:ReiMu":6,"The Courier":3,"PreservedInsect":9,"Hallownest:DreamNailRelic":1,"FlyPower:ReiMu":0},{"Busted Crown":29,"CrazyTorch:ReiMu":19,"The Courier":10,"PreservedInsect":33,"Hallownest:DreamNailRelic":3,"FlyPower:ReiMu":0}]},"card_choices":[{"not_picked":["CardOfSanctity:ReiMu","DependentForm:ReiMu"],"picked":"OctopathSalyBorderN:ReiMu","floor":0},{"not_picked":["AlertArray:ReiMu","Enchanting:ReiMu"],"picked":"TightArray:ReiMu","floor":1},{"not_picked":["Meditation:ReiMu","TightArray:ReiMu"],"picked":"CareerPray:ReiMu","floor":4},{"not_picked":["ForcedLanding:ReiMu","ShadowOfCrow2:ReiMu"],"picked":"YinYangSign:ReiMu","floor":6},{"not_picked":["EmergencyTakeOff:ReiMu","Meditation:ReiMu"],"picked":"CardOfSanctity:ReiMu","floor":10},{"not_picked":["Intuition:ReiMu","SubcavityInstant:ReiMu"],"picked":"RainPray2:ReiMu","floor":12},{"not_picked":["PrepareRite:ReiMu","SpringWay:ReiMu"],"picked":"OctopathBindingBorder2:ReiMu","floor":13},{"not_picked":["SpringWay:ReiMu","YinYangSange:ReiMu"],"picked":"SubAcupoint:ReiMu","floor":14},{"not_picked":["Determination:ReiMu","PrayRite:ReiMu"],"picked":"CeremonyResonance:ReiMu","floor":16},{"not_picked":[],"picked":"Amulet:ReiMu","floor":18},{"not_picked":["AlertArray:ReiMu+1"],"picked":"SKIP","floor":21},{"not_picked":["OrbThrow:ReiMu"],"picked":"SKIP","floor":22}],"player_experience":310012,"relics_obtained":[{"floor":6,"key":"The Courier"},{"floor":13,"key":"CrazyTorch:ReiMu"}],"event_choices":[],"is_beta":true,"boss_relics":[{"not_picked":["Ectoplasm","Empty Cage"],"picked":"Busted Crown"}],"items_purged_floors":[],"is_endless":false,"potions_floor_spawned":[4,10,12,16,18,21],"killed_by":"Hallownest:eliteWatcherKnight","ascension_level":1}}