{"host":"a1eatafr7pisesky","time":1612266843,"event":{"mods":["AchievementEnabler","BaseMod","Colored Map","Keyboard Shortcuts","Minty Spire (QoL Compilation)","Say the Spire","StSLib","SuperFastMode","everything is the same but u backflip on backflip"],"gold_per_floor":[118,118,293,43,59,103,115,97,136,166,178,54,73,111,111,111,111],"floor_reached":16,"language":"KOR","playtime":339,"items_purged":["Doubt","Strike_R"],"score":184,"play_id":"d11872a6-8b59-4e80-a4ba-89a4c5d57356","local_time":"20210202205403","is_ascension_mode":true,"campfire_choices":[{"floor":7.0,"key":"REST"},{"data":"Uppercut","floor":11.0,"key":"SMITH"},{"floor":15.0,"key":"REST"}],"circlet_count":0,"master_deck":["AscendersBane","Strike_R","Strike_R","Strike_R","Strike_R","Defend_R","Defend_R","Defend_R","Defend_R","Bash","Fire Breathing","Feel No Pain","Uppercut+1","Perfected Strike","Shrug It Off","Flex","Feel No Pain","Feel No Pain"],"relics":["Burning Blood","Dead Branch","Golden Idol","MawBank","Art of War","Mummified Hand"],"acts_visited":["Exordium"],"potions_floor_usage":[],"damage_taken":[{"damage":2.0,"enemies":"Jaw Worm","floor":1.0,"turns":4.0},{"damage":7.0,"enemies":"2 Louse","floor":5.0,"turns":2.0},{"damage":26.0,"enemies":"Gremlin Nob","floor":6.0,"turns":5.0},{"damage":1.0,"enemies":"Cultist","floor":10.0,"turns":3.0},{"damage":14.0,"enemies":"3 Louse","floor":13.0,"turns":4.0},{"damage":36.0,"enemies":"Lagavulin","floor":14.0,"turns":9.0},{"damage":32,"enemies":"Hexaghost","floor":16,"turns":11}],"seed_played":"2547070801067122085","potions_obtained":[{"floor":6.0,"key":"Weak Potion"},{"floor":8.0,"key":"Fruit Juice"},{"floor":8.0,"key":"LiquidMemories"},{"floor":13.0,"key":"PowerPotion"}],"is_trial":false,"path_per_floor":["M","?","?","$","M","E","R","?","T","M","R","$","M","E","R","B"],"character_chosen":"IRONCLAD","items_purchased":["Feel No Pain","Uppercut","Perfected Strike","Feel No Pain"],"campfire_rested":2,"item_purchase_floors":[4,4,4,12],"current_hp_per_floor":[54,36,36,36,35,15,37,42,42,47,47,47,39,9,33,1,1],"gold":111,"neow_bonus":"ONE_RARE_RELIC","is_daily":false,"chose_seed":false,"campfire_upgraded":1,"win_rate":0.0,"timestamp":1612266843,"path_taken":["M","?","?","$","M","E","R","?","T","M","R","$","M","E","R","BOSS"],"items_purchased_type":["Card","Card","Card","Card"],"build_version":"2020-12-22","purchased_purges":2,"victory":false,"max_hp_per_floor":[75,75,75,75,75,75,75,80,80,80,80,80,80,80,80,80,80],"card_choices":[{"not_picked":["Thunderclap","Seeing Red"],"picked":"Fire Breathing","floor":1.0},{"not_picked":["Warcry","Metallicize","Clash"],"picked":"SKIP","floor":5.0},{"not_picked":["Rampage","Wild Strike"],"picked":"Shrug It Off","floor":6.0},{"not_picked":["Intimidate","Clash"],"picked":"Flex","floor":10.0},{"not_picked":["Clash","Iron Wave","Flex"],"picked":"SKIP","floor":13.0},{"not_picked":["Battle Trance","Cleave"],"picked":"Feel No Pain","floor":14.0}],"player_experience":391485,"relics_obtained":[{"floor":6.0,"key":"MawBank"},{"floor":9.0,"key":"Art of War"},{"floor":14.0,"key":"Mummified Hand"}],"event_choices":[{"damage_healed":0.0,"max_hp_gain":0.0,"max_hp_loss":0.0,"gold_gain":0.0,"event_name":"Golden Idol","player_choice":"Take Damage","floor":2.0,"gold_loss":0.0,"damage_taken":18.0,"relics_obtained":["Golden Idol"]},{"damage_healed":0.0,"max_hp_gain":0.0,"max_hp_loss":0.0,"gold_gain":175.0,"event_name":"Liars Game","player_choice":"AGREE","floor":3.0,"gold_loss":0.0,"damage_taken":0.0,"cards_obtained":["Doubt"]},{"damage_healed":0.0,"max_hp_gain":0.0,"max_hp_loss":0.0,"gold_gain":0.0,"event_name":"The Woman in Blue","player_choice":"Bought 2 Potions","floor":8.0,"gold_loss":0.0,"damage_taken":0.0}],"is_beta":false,"boss_relics":[],"items_purged_floors":[4,12],"is_endless":false,"potions_floor_spawned":[6,13],"killed_by":"Hexaghost","ascension_level":14}}