{"host":"rqs2099buorjjoja","time":1612227212,"event":{"mods":["AchievementEnabler","BaseMod","Beaked The Cultist","Colored Powertips","Downfall","Hermit","Hubris","Infinite Spire","Minty Spire (QoL Compilation)","Quick Restart","Rare Cards Sparkle","Replay The Spire","StSLib"],"gold_per_floor":[109,127,139,158,174,174,194,228,267,279,291,303,326,338,350,467,479,511,541,566,592,621,648,660,682,717,729,751,763,763],"floor_reached":29,"language":"ENG","playtime":1858,"items_purged":[],"score":285,"play_id":"599e6905-eb2f-435b-978a-4103c9807f34","local_time":"20210201195332","is_ascension_mode":false,"campfire_choices":[{"data":"beaked:Ceremony","floor":6,"key":"SMITH"},{"floor":11,"key":"REST"},{"floor":15,"key":"REST"},{"floor":24,"key":"REST"},{"floor":27,"key":"REST"}],"circlet_count":0,"master_deck":["beaked:Strike_Y","beaked:Strike_Y","beaked:Strike_Y","beaked:Strike_Y+1","beaked:Strike_Y","beaked:Strike_Y+1","beaked:Defend_Y","beaked:Defend_Y","beaked:Defend_Y","beaked:Defend_Y","beaked:Ceremony","beaked:Ceremony","beaked:Ceremony+1","beaked:Windmill","beaked:Evade","beaked:Windmill+1","beaked:BloodRitual+1","beaked:WindBringer","beaked:Foresight","beaked:Windmill","beaked:Roost","beaked:Sacrifice","beaked:Brace","beaked:Brace+1","beaked:Evade","beaked:SacrificialDive+1","beaked:Windmill","beaked:DigDeep","beaked:Brace","beaked:Insight"],"relics":["beaked:MendingPlumage","NeowsBlessing","MawBank","Gremlin Food","Fusion Hammer","Nunchaku"],"acts_visited":["Exordium","TheCity"],"potions_floor_usage":[4,16,18,19,20,22,23,29],"damage_taken":[{"damage":0,"enemies":"Small Slimes","floor":1,"turns":2},{"damage":0,"enemies":"Cultist","floor":2,"turns":1},{"damage":0,"enemies":"infinitespire:Voidling","floor":3,"turns":1},{"damage":23,"enemies":"Exordium Thugs","floor":4,"turns":5},{"damage":47,"enemies":"Gremlin Gang","floor":5,"turns":7},{"damage":11,"enemies":"Lots of Slimes","floor":7,"turns":2},{"damage":10,"enemies":"Replay:BlueRogue","floor":8,"turns":6},{"damage":0,"enemies":"2 Fungi Beasts","floor":13,"turns":1},{"damage":54,"enemies":"Slime Boss","floor":16,"turns":8},{"damage":23,"enemies":"3 Byrds","floor":18,"turns":5},{"damage":17,"enemies":"2 Thieves","floor":19,"turns":4},{"damage":12,"enemies":"Centurion and Healer","floor":20,"turns":6},{"damage":38,"enemies":"Shelled Parasite and Fungi","floor":21,"turns":6},{"damage":2,"enemies":"Chosen and Byrds","floor":22,"turns":7},{"damage":27,"enemies":"Snecko","floor":23,"turns":5},{"damage":42,"enemies":"Centurion and Healer","floor":25,"turns":8},{"damage":36,"enemies":"Snake Plant","floor":28,"turns":6},{"damage":58,"enemies":"Slavers","floor":29,"turns":4}],"seed_played":"1740292911014186545","potions_obtained":[{"floor":3,"key":"hexamod:SoulburnPotion"},{"floor":4,"key":"Elixir"},{"floor":8,"key":"Block Potion"},{"floor":13,"key":"champ:CounterPotion"},{"floor":18,"key":"champ:CounterPotion"},{"floor":19,"key":"Adrenaline Potion"},{"floor":22,"key":"BlessingOfTheForge"},{"floor":28,"key":"LiquidBronze"}],"is_trial":false,"path_per_floor":["M","M","M","M","M","R","M","E","T","?","R","$","M","$","R","B",null,"M","M","M","M","M","M","R","M","T","R","M","E"],"character_chosen":"BEAKED_THE_CULTIST","items_purchased":[],"campfire_rested":4,"item_purchase_floors":[],"current_hp_per_floor":[50,50,50,40,18,18,14,24,24,19,34,34,38,38,50,14,50,35,35,53,41,62,52,62,65,65,65,43,0,0],"gold":763,"neow_bonus":"THREE_ENEMY_KILL","is_daily":false,"chose_seed":false,"campfire_upgraded":1,"win_rate":0.0,"timestamp":1612227212,"path_taken":["M","M","M","M","M","R","M","E","T","?","R","$","M","$","R","BOSS","M","?","?","M","?","M","R","M","T","R","M","E"],"items_purchased_type":[],"build_version":"2020-12-22","purchased_purges":0,"victory":false,"max_hp_per_floor":[50,50,50,50,50,50,50,50,50,50,50,50,50,50,50,50,50,50,53,56,59,62,62,62,65,65,65,65,65,65],"card_choices":[{"not_picked":["beaked:DigDeep","beaked:HuntressSpirit"],"picked":"beaked:Windmill","floor":1},{"not_picked":["beaked:MimicHuntress","beaked:Brace"],"picked":"beaked:Evade","floor":2},{"not_picked":["beaked:RitualOfBody","beaked:Tradeoff"],"picked":"beaked:Windmill","floor":3},{"not_picked":["beaked:BarbedWire","beaked:RitualOfBody"],"picked":"beaked:BloodRitual","floor":4},{"not_picked":["beaked:Overexert","beaked:StunningBlow"],"picked":"beaked:WindBringer","floor":5},{"not_picked":["beaked:Negation","beaked:StunningBlow"],"picked":"beaked:Foresight","floor":7},{"not_picked":["beaked:BraceForImpact","beaked:Mantra"],"picked":"beaked:Windmill","floor":8},{"not_picked":["beaked:FeelMyPain","beaked:Overpower"],"picked":"beaked:Roost","floor":13},{"not_picked":["beaked:CheekyTricks","beaked:LiftOff"],"picked":"beaked:Sacrifice","floor":16},{"not_picked":["beaked:FeelMyPain+1","beaked:MaddeningMurmurs"],"picked":"beaked:Brace","floor":18},{"not_picked":["beaked:MimicMachine+1","beaked:MaddeningMurmurs"],"picked":"beaked:Brace+1","floor":19},{"not_picked":["beaked:Tweet","beaked:Brace"],"picked":"beaked:Evade","floor":20},{"not_picked":["beaked:CursingBlood+1","beaked:MimicHuntress"],"picked":"beaked:SacrificialDive+1","floor":21},{"not_picked":["beaked:FakeOut","beaked:Poke"],"picked":"beaked:Windmill","floor":22},{"not_picked":["beaked:BraceForImpact","beaked:Poke"],"picked":"beaked:DigDeep","floor":23},{"not_picked":["beaked:StickSmack","beaked:VigorBurst+1"],"picked":"beaked:Brace","floor":25},{"not_picked":["beaked:Windmill+1","beaked:FullHouse"],"picked":"beaked:Insight","floor":28}],"player_experience":182501,"relics_obtained":[{"floor":8,"key":"MawBank"},{"floor":9,"key":"Gremlin Food"},{"floor":26,"key":"Nunchaku"}],"event_choices":[{"damage_healed":0,"gold_gain":0,"player_choice":"Damaged","damage_taken":5,"max_hp_gain":0,"max_hp_loss":0,"event_name":"Wheel of Change","floor":10,"gold_loss":0}],"is_beta":false,"boss_relics":[{"not_picked":["ChewingGum","hubris:GrandSneckoEye"],"picked":"Fusion Hammer"}],"items_purged_floors":[],"is_endless":false,"potions_floor_spawned":[3,4,8,13,18,19,22,28],"killed_by":"Slavers","ascension_level":0}}