{"host":"vld99k9l4elccfy8","time":1612298691,"event":{"mods":["AchievementEnabler","BaseMod","Bestiary","Block Reminder","Colored Map","Colored Powertips","Custom Start","Highlight Path","Minty Spire (QoL Compilation)","Permanent Neow","Rare Cards Sparkle"],"gold_per_floor":[117,127,127,140,140,140,166,166,166,184,225,234,254,273,273,379,379,406,426,208,236,236,236,76,76,128,151,173,193,193,193,193,301,301,324,324,342,161,161,161,188,197,197,206,225,234,234,234],"floor_reached":47,"language":"ENG","playtime":3099,"items_purged":[],"score":512,"play_id":"6e4e79f7-ca41-4216-ba5b-24cad2aa8a43","local_time":"20210202134451","is_ascension_mode":false,"campfire_choices":[{"floor":6.0,"key":"REST"},{"floor":8.0,"key":"RECALL"},{"data":"Dash","floor":15.0,"key":"SMITH"},{"data":"Catalyst","floor":23.0,"key":"SMITH"},{"data":"Catalyst","floor":25.0,"key":"SMITH"},{"floor":30,"key":"REST"},{"floor":32,"key":"REST"},{"data":"Discovery","floor":40,"key":"SMITH"},{"floor":46,"key":"REST"}],"circlet_count":0,"master_deck":["Strike_G","Strike_G","Strike_G","Strike_G","Strike_G","Defend_G","Defend_G","Defend_G","Defend_G","Survivor","Neutralize","Deadly Poison","Flying Knee","Slice","Dash+1","Skewer","Corpse Explosion","Deadly Poison","Leg Sweep","Doppelganger","Crippling Poison","Deadly Poison","Catalyst+1","Catalyst+1","Cloak And Dagger","Poisoned Stab","Blur+1","Caltrops","Hologram+1","Exhume","JustLucky","Bandage Up","Discovery+1","Catalyst","Finisher+1","Writhe","Outmaneuver","Spot Weakness+1","Jack Of All Trades"],"relics":["Orichalcum","Mummified Hand","CeramicFish","HoveringKite","DollysMirror","PrismaticShard","Bag of Marbles","Nloth\u0027s Gift","Runic Pyramid","Dream Catcher"],"acts_visited":["Exordium","TheCity","TheBeyond"],"potions_floor_usage":[29,33,39],"damage_taken":[{"damage":0.0,"enemies":"Small Slimes","floor":1.0,"turns":4.0},{"damage":0.0,"enemies":"Cultist","floor":2.0,"turns":4.0},{"damage":1.0,"enemies":"2 Louse","floor":4.0,"turns":3.0},{"damage":21.0,"enemies":"3 Sentries","floor":7.0,"turns":8.0},{"damage":8.0,"enemies":"2 Fungi Beasts","floor":10.0,"turns":4.0},{"damage":10.0,"enemies":"Lagavulin","floor":11.0,"turns":6.0},{"damage":0.0,"enemies":"Looter","floor":13.0,"turns":3.0},{"damage":0.0,"enemies":"Lots of Slimes","floor":14.0,"turns":1.0},{"damage":28.0,"enemies":"The Guardian","floor":16.0,"turns":10.0},{"damage":4.0,"enemies":"Chosen","floor":18.0,"turns":4.0},{"damage":24.0,"enemies":"2 Thieves","floor":19.0,"turns":4.0},{"damage":10.0,"enemies":"Cultist and Chosen","floor":21.0,"turns":4.0},{"damage":1.0,"enemies":"3 Cultists","floor":27.0,"turns":3.0},{"damage":20.0,"enemies":"Snecko","floor":28.0,"turns":6.0},{"damage":26,"enemies":"Snake Plant","floor":29,"turns":4},{"damage":38,"enemies":"Collector","floor":33,"turns":5},{"damage":3,"enemies":"Orb Walker","floor":35,"turns":4},{"damage":6,"enemies":"3 Darklings","floor":39,"turns":2},{"damage":49,"enemies":"Jaw Worm Horde","floor":41,"turns":3},{"damage":43,"enemies":"Writhing Mass","floor":45,"turns":4},{"damage":40,"enemies":"3 Darklings","floor":47,"turns":4}],"seed_played":"-8460305919611181598","potions_obtained":[{"floor":3.0,"key":"DistilledChaos"},{"floor":3.0,"key":"CunningPotion"},{"floor":3.0,"key":"AttackPotion"},{"floor":11.0,"key":"LiquidBronze"},{"floor":13.0,"key":"DistilledChaos"},{"floor":14.0,"key":"Regen Potion"},{"floor":27.0,"key":"FearPotion"},{"floor":28.0,"key":"SmokeBomb"},{"floor":45,"key":"CunningPotion"}],"is_trial":false,"path_per_floor":["M","M","?","M","?","R","E","R","T","M","E","?","M","M","R","B",null,"M","M","$","M","?","R","$","R","T","M","M","M","R","?","R","B",null,"M","?","?","$","M","R","M","?","T","?","M","R","M"],"character_chosen":"THE_SILENT","items_purchased":["Catalyst","DollysMirror","PrismaticShard","Poisoned Stab","Catalyst","Dream Catcher"],"campfire_rested":4,"item_purchase_floors":[20,20,24,24,38,38],"current_hp_per_floor":[63,63,63,62,67,89,68,68,68,60,50,72,72,72,72,44,89,85,61,61,51,51,51,51,51,51,50,30,4,29,29,54,31,86,83,83,78,78,76,76,27,49,49,49,10,35,0,0],"gold":234,"neow_bonus":"TWENTY_PERCENT_HP_BONUS","is_daily":false,"chose_seed":false,"campfire_upgraded":4,"win_rate":0.0,"timestamp":1612298691,"path_taken":["M","M","?","?","?","R","E","R","T","M","E","?","M","M","R","BOSS","M","M","$","M","?","R","$","R","T","M","M","?","R","?","R","BOSS","M","?","?","$","M","R","M","?","T","?","M","R","M"],"items_purchased_type":["Card","Relic","Relic","Card","Card","Relic"],"build_version":"2020-12-22","purchased_purges":0,"victory":false,"max_hp_per_floor":[84,84,84,84,89,89,89,89,89,89,89,89,89,89,89,89,89,89,89,89,89,86,86,86,86,86,86,86,86,86,86,86,86,86,86,86,86,86,86,86,86,86,86,86,86,86,86,86],"card_choices":[{"not_picked":["Flying Knee","PiercingWail"],"picked":"Deadly Poison","floor":1.0},{"not_picked":["Dagger Throw","Prepared"],"picked":"Flying Knee","floor":2.0},{"not_picked":["Outmaneuver","Sucker Punch"],"picked":"Slice","floor":4.0},{"not_picked":["Eviscerate","Dagger Spray"],"picked":"Dash","floor":7.0},{"not_picked":["Acrobatics","Quick Slash"],"picked":"Skewer","floor":10.0},{"not_picked":["Dodge and Roll","Dagger Spray"],"picked":"Corpse Explosion","floor":11.0},{"not_picked":["Blade Dance","Prepared"],"picked":"Deadly Poison","floor":13.0},{"not_picked":["Eviscerate","Prepared"],"picked":"Leg Sweep","floor":14.0},{"not_picked":["Corpse Explosion","Tools of the Trade"],"picked":"Doppelganger","floor":16.0},{"not_picked":["Quick Slash+1","Blur"],"picked":"Crippling Poison","floor":18.0},{"not_picked":["PiercingWail+1","Deflect"],"picked":"Deadly Poison","floor":19.0},{"not_picked":["Dodge and Roll","Skewer"],"picked":"Cloak And Dagger","floor":21.0},{"not_picked":["Slice","Redo+1"],"picked":"Blur+1","floor":27.0},{"not_picked":["Stack","Intimidate"],"picked":"Caltrops","floor":28.0},{"not_picked":["Meditate","Combust"],"picked":"Hologram+1","floor":29},{"not_picked":["Reaper","Biased Cognition"],"picked":"Exhume","floor":33},{"not_picked":["True Grit","Impatience"],"picked":"JustLucky","floor":35},{"not_picked":["Chrysalis","Finesse"],"picked":"Bandage Up","floor":37},{"not_picked":["Mind Blast","HandOfGreed"],"picked":"Discovery","floor":37},{"not_picked":["PathToVictory","True Grit+1"],"picked":"Finisher+1","floor":41},{"not_picked":["Protect","Cleave+1"],"picked":"Spot Weakness+1","floor":45},{"not_picked":["Perfected Strike+1","PanicButton"],"picked":"Jack Of All Trades","floor":46}],"player_experience":368851,"relics_obtained":[{"floor":7.0,"key":"Orichalcum"},{"floor":9.0,"key":"Mummified Hand"},{"floor":11.0,"key":"CeramicFish"},{"floor":26.0,"key":"Bag of Marbles"}],"event_choices":[{"damage_healed":0.0,"max_hp_gain":0.0,"max_hp_loss":0.0,"gold_gain":0.0,"event_name":"Lab","player_choice":"Got Potions","floor":3.0,"gold_loss":0.0,"damage_taken":0.0},{"damage_healed":0.0,"max_hp_gain":5.0,"max_hp_loss":0.0,"gold_gain":0.0,"event_name":"Big Fish","player_choice":"Donut","floor":5.0,"gold_loss":0.0,"damage_taken":0.0},{"damage_healed":22.0,"max_hp_gain":0.0,"max_hp_loss":0.0,"gold_gain":0.0,"event_name":"Mushrooms","player_choice":"Healed and dodged fight","floor":12.0,"gold_loss":0.0,"damage_taken":0.0,"cards_obtained":["Parasite"]},{"cards_removed":["Parasite"],"damage_healed":0.0,"max_hp_gain":0.0,"max_hp_loss":0.0,"gold_gain":0.0,"event_name":"Purifier","player_choice":"Purged","floor":22.0,"gold_loss":0.0,"damage_taken":0.0},{"damage_healed":0,"gold_gain":0,"player_choice":"Traded Relic","damage_taken":0,"relics_obtained":["Nloth\u0027s Gift"],"max_hp_gain":0,"max_hp_loss":0,"event_name":"N\u0027loth","floor":31,"relics_lost":["Ring of the Snake"],"gold_loss":0},{"damage_healed":0,"gold_gain":0,"player_choice":"Ignored","damage_taken":0,"max_hp_gain":0,"max_hp_loss":0,"event_name":"Tomb of Lord Red Mask","floor":36,"gold_loss":0},{"damage_healed":0,"gold_gain":0,"player_choice":"Memory 2","damage_taken":5,"max_hp_gain":0,"max_hp_loss":0,"event_name":"SensoryStone","floor":37,"gold_loss":0},{"damage_healed":22,"gold_gain":0,"player_choice":"Writhe","damage_taken":0,"max_hp_gain":0,"max_hp_loss":0,"event_name":"Winding Halls","floor":42,"gold_loss":0,"cards_obtained":["Writhe"]},{"damage_healed":0,"gold_gain":0,"cards_transformed":["Defend_G"],"player_choice":"Transformed","damage_taken":0,"max_hp_gain":0,"max_hp_loss":0,"event_name":"Transmorgrifier","floor":44,"gold_loss":0,"cards_obtained":["Outmaneuver"]}],"is_beta":false,"boss_relics":[{"not_picked":["Cursed Key","Coffee Dripper"],"picked":"HoveringKite"},{"not_picked":["Philosopher\u0027s Stone","Sozu"],"picked":"Runic Pyramid"}],"items_purged_floors":[],"is_endless":false,"potions_floor_spawned":[4,11,13,14,16,27,28,45],"killed_by":"3 Darklings","ascension_level":0}}