{"host":"9d9dhukr2jywmy0f","time":1612261392,"event":{"mods":["2.2 Compatiblity","Alarm Clock","BaseMod","Bestiary","Block Reminder","Colored Map","Colored Powertips","Curses Come First","DeckTracker","Energized Spire","Highlight Path","Key Reminder","Minty Spire (QoL Compilation)","Quick Restart","Rare Cards Sparkle","Relic Sorter","Relic Stats","Reliquary","Spire Birthday Party","StSLib","SuperFastMode","Synergy Search","Unceasing Turn Reminder","Unknown Chances"],"gold_per_floor":[119,137,34,54,73,73,73,102,102,102,102,2,2,14,14,91,91,107,126,106,117,143,143,143,143,143],"floor_reached":25,"language":"ZHS","playtime":908,"items_purged":["Dualcast","Pain"],"score":422,"play_id":"ba4a168f-b0a7-43b0-a440-200da07121d4","local_time":"20210202182312","is_ascension_mode":true,"campfire_choices":[{"data":"Reprogram","floor":7.0,"key":"SMITH"},{"floor":10.0,"key":"RECALL"},{"data":"Gash","floor":13.0,"key":"SMITH"},{"data":"Skim","floor":15.0,"key":"SMITH"},{"data":"Sweeping Beam","floor":23.0,"key":"SMITH"}],"circlet_count":0,"master_deck":["AscendersBane","Strike_B","Strike_B","Strike_B","Strike_B","Defend_B","Defend_B","Defend_B","Defend_B","Zap","Reprogram+1","Gash+1","Turbo","Skim+1","Sweeping Beam+1","Sweeping Beam"],"relics":["Busted Crown","reliquary:PartyBalloon","Eternal Feather","keyreminder:keyreminder","WarpedTongs","Coffee Dripper"],"acts_visited":["Exordium","TheCity"],"potions_floor_usage":[25],"damage_taken":[{"damage":1.0,"enemies":"2 Louse","floor":1.0,"turns":2.0},{"damage":0.0,"enemies":"Cultist","floor":2.0,"turns":4.0},{"damage":12.0,"enemies":"Jaw Worm","floor":4.0,"turns":4.0},{"damage":16.0,"enemies":"Large Slime","floor":5.0,"turns":9.0},{"damage":0.0,"enemies":"Gremlin Nob","floor":6.0,"turns":1.0},{"damage":31.0,"enemies":"Lagavulin","floor":8.0,"turns":9.0},{"damage":6.0,"enemies":"Blue Slaver","floor":14.0,"turns":4.0},{"damage":5.0,"enemies":"Hexaghost","floor":16.0,"turns":10.0},{"damage":20.0,"enemies":"Spheric Guardian","floor":18.0,"turns":7.0},{"damage":15.0,"enemies":"Shell Parasite","floor":19.0,"turns":7.0},{"damage":1.0,"enemies":"Snecko","floor":21.0,"turns":5.0},{"damage":15,"enemies":"Book of Stabbing","floor":25,"turns":4}],"seed_played":"8997402167368695980","potions_obtained":[{"floor":1.0,"key":"LiquidBronze"},{"floor":5.0,"key":"SmokeBomb"},{"floor":8.0,"key":"Dexterity Potion"},{"floor":14.0,"key":"Strength Potion"},{"floor":19.0,"key":"Explosive Potion"},{"floor":20.0,"key":"Swift Potion"}],"is_trial":false,"path_per_floor":["M","M","$","M","M","E","R","E","T","R","?","$","R","M","R","B",null,"M","M","?","M","T","R","?","E"],"character_chosen":"DEFECT","items_purchased":["Gash"],"campfire_rested":0,"item_purchase_floors":[3],"current_hp_per_floor":[63,63,63,51,35,35,35,4,4,10,10,10,16,10,16,11,56,36,21,21,20,20,29,29,14,14],"gold":143,"neow_bonus":"BOSS_RELIC","is_daily":false,"chose_seed":false,"campfire_upgraded":4,"win_rate":0.0,"timestamp":1612261392,"path_taken":["M","M","$","M","M","E","R","E","T","R","?","$","R","M","R","BOSS","M","?","?","?","?","R","?","E"],"items_purchased_type":["Card"],"build_version":"2020-12-22","purchased_purges":2,"victory":false,"max_hp_per_floor":[71,71,71,71,71,71,71,71,71,71,71,71,71,71,71,71,71,71,71,71,71,71,71,71,71,71],"relic_stats":{"Busted Crown":20,"counters":[12,66],"Eternal Feather":27,"obtain_stats":[{"keyreminder:keyreminder":10,"Busted Crown":0,"reliquary:PartyBalloon":8,"Eternal Feather":9,"Coffee Dripper":17,"Cracked Core":0,"WarpedTongs":11},{"keyreminder:keyreminder":6,"Busted Crown":0,"reliquary:PartyBalloon":6,"Eternal Feather":6,"Coffee Dripper":8,"Cracked Core":0,"WarpedTongs":6},{"keyreminder:keyreminder":29,"Busted Crown":0,"reliquary:PartyBalloon":29,"Eternal Feather":29,"Coffee Dripper":43,"Cracked Core":0,"WarpedTongs":29}],"WarpedTongs":[36]},"card_choices":[{"not_picked":[],"picked":"Reprogram","floor":1.0},{"not_picked":["Rebound"],"picked":"SKIP","floor":2.0},{"not_picked":[],"picked":"Turbo","floor":4.0},{"not_picked":["Loop"],"picked":"SKIP","floor":5.0},{"not_picked":["Go for the Eyes"],"picked":"SKIP","floor":8.0},{"not_picked":[],"picked":"Skim","floor":14.0},{"not_picked":[],"picked":"Sweeping Beam","floor":18.0},{"not_picked":["Barrage+1"],"picked":"SKIP","floor":19.0},{"not_picked":[],"picked":"Sweeping Beam","floor":21.0}],"player_experience":868985,"relics_obtained":[{"floor":8.0,"key":"reliquary:PartyBalloon"},{"floor":9.0,"key":"Eternal Feather"}],"event_choices":[{"damage_healed":0.0,"max_hp_gain":0.0,"max_hp_loss":0.0,"gold_gain":0.0,"event_name":"Accursed Blacksmith","player_choice":"Rummage","floor":11.0,"gold_loss":0.0,"damage_taken":0.0,"relics_obtained":["WarpedTongs"],"cards_obtained":["Pain"]},{"damage_healed":0.0,"max_hp_gain":0.0,"max_hp_loss":0.0,"gold_gain":0.0,"event_name":"The Woman in Blue","player_choice":"Bought 1 Potion","floor":20.0,"gold_loss":0.0,"damage_taken":0.0},{"damage_healed":0.0,"max_hp_gain":0.0,"max_hp_loss":0.0,"gold_gain":0.0,"event_name":"Vampires","player_choice":"Ignored","floor":24.0,"gold_loss":0.0,"damage_taken":0.0}],"is_beta":false,"boss_relics":[{"not_picked":["energizedSpire:RedRose","Philosopher\u0027s Stone"],"picked":"Coffee Dripper"}],"items_purged_floors":[3,12],"is_endless":false,"potions_floor_spawned":[1,5,8,14,19],"killed_by":"Book of Stabbing","ascension_level":20}}