{"host":"28bpuzdckreop5i0","time":1612283966,"event":{"mods":["BaseMod","Challenge The Spire","Defuse TimeMaze Blight","Downfall","Energized Spire","Googly Eyes","Minty Spire (QoL Compilation)","Relic Stats","Replay The Spire","Shop Mod","Spicy Shops","StSLib","The Awakened One except there are too many feathers","The IronCluck","The Runesmith","Thieving Mod","Transform Curses","slay the spire mod where everything is the same but ironclad has a cowboy hat"],"gold_per_floor":[114,189,199,199,215,215,245,245,245,28,44,44,44],"floor_reached":12,"language":"ENG","playtime":608,"items_purged":["Electrodynamics"],"score":134,"play_id":"2e759f59-443f-403f-9dec-9b544f442f51","local_time":"20210202103926","daily_mods":["Heirloom","downfall:ChampStances"],"is_ascension_mode":true,"campfire_choices":[{"data":"ReplayTheSpireMod:System Scan","floor":6,"key":"SMITH"},{"floor":8,"key":"REST"}],"circlet_count":0,"master_deck":["bronze:Strike","bronze:Strike","bronze:Strike","bronze:Defend","bronze:Defend","bronze:Defend","bronze:Defend","Zap","Dualcast","Ball Lightning","BasicCrystalCard","ReplayTheSpireMod:System Scan+1","Redo","FTL","Reboot","ReplayTheSpireMod:Calculation Training"],"relics":["Cracked Core","champ:ChampStancesModRelic","bronze:AnalyticalCore","Ring of Chaos","replay:Trail_Library","Replay:PocketPolymizer","Counterbalance","Ice Cream"],"acts_visited":["Exordium"],"potions_floor_usage":[],"damage_taken":[{"damage":10,"enemies":"Small Slimes","floor":1,"turns":3},{"damage":11,"enemies":"Jaw Worm","floor":3,"turns":3},{"damage":0,"enemies":"Cultist","floor":5,"turns":2},{"damage":31,"enemies":"Lagavulin","floor":7,"turns":4},{"damage":16,"enemies":"Exordium Thugs","floor":11,"turns":3},{"damage":4,"enemies":"3 Sentries","floor":12,"turns":2}],"seed_played":"-1562152887699694475","potions_obtained":[{"floor":5,"key":"DistilledChaos"},{"floor":7,"key":"Reflective Coating"}],"is_trial":true,"path_per_floor":["M","?","M","?","M","R","E","R","T","$","M","E"],"character_chosen":"DEFECT","items_purchased":["FTL","Reboot"],"campfire_rested":1,"item_purchase_floors":[10,10],"current_hp_per_floor":[75,64,63,63,63,63,32,54,54,54,53,49,49],"gold":44,"neow_bonus":"","is_daily":false,"chose_seed":false,"campfire_upgraded":1,"win_rate":0.0,"timestamp":1612283966,"path_taken":["M","?","M","?","M","R","E","R","T","$","?","E"],"items_purchased_type":["Card","Card"],"build_version":"2020-12-22","purchased_purges":1,"victory":false,"max_hp_per_floor":[75,75,75,75,75,75,75,75,75,75,75,75,75],"relic_stats":{"counters":[6,17],"obtain_stats":[{"Ice Cream":9,"champ:ChampStancesModRelic":0,"Replay:PocketPolymizer":0,"bronze:AnalyticalCore":0,"Counterbalance":7,"Ring of Chaos":0,"Cracked Core":0,"replay:Trail_Library":0},{"Ice Cream":4,"champ:ChampStancesModRelic":0,"Replay:PocketPolymizer":0,"bronze:AnalyticalCore":0,"Counterbalance":4,"Ring of Chaos":0,"Cracked Core":0,"replay:Trail_Library":0},{"Ice Cream":12,"champ:ChampStancesModRelic":0,"Replay:PocketPolymizer":0,"bronze:AnalyticalCore":0,"Counterbalance":12,"Ring of Chaos":0,"Cracked Core":0,"replay:Trail_Library":0}]},"card_choices":[{"not_picked":["Turbo","Compile Driver"],"picked":"Sweeping Beam","floor":1},{"not_picked":["Heatsinks","Barrage"],"picked":"Ball Lightning","floor":3},{"not_picked":["Time Bomb","Beam Cell"],"picked":"BasicCrystalCard","floor":5},{"not_picked":["FIFO Queue","Streamline"],"picked":"Redo","floor":7},{"not_picked":["BasicCrystalCard","Streamline"],"picked":"ReplayTheSpireMod:Calculation Training","floor":11}],"player_experience":959422,"relics_obtained":[{"floor":7,"key":"Counterbalance"},{"floor":9,"key":"Ice Cream"}],"event_choices":[{"damage_healed":0,"gold_gain":75,"player_choice":"Gather Gold","damage_taken":11,"max_hp_gain":0,"max_hp_loss":0,"event_name":"World of Goop","floor":2,"gold_loss":0},{"cards_removed":["bronze:Strike"],"damage_healed":0,"gold_gain":0,"player_choice":"Purged","damage_taken":0,"max_hp_gain":0,"max_hp_loss":0,"event_name":"Purifier","floor":4,"gold_loss":0}],"is_beta":false,"boss_relics":[],"items_purged_floors":[10],"is_endless":true,"potions_floor_spawned":[5,7],"killed_by":"3 Sentries","ascension_level":1}}