{"host":"8a72fthmlk1o8pdb","time":1612292457,"event":{"mods":["AchievementEnabler","Aspiration","Astrologer","Bard","BaseMod","Beaked The Cultist","Better Skull","Better Third Choice","Colored Map","Colored Powertips","Downfall","Friendly Minions","GifTheSpireLib","Googly Eyes","Gremlin Mod","Hermit","Jorbs\u0027s Wanderer Trilogy","Marisa????????","Minty Spire (QoL Compilation)","Permanent Neow","Random Character Button","Rare Cards Sparkle","Robot Space Explorer","Shop Mod","Somnambulant","StSLib","The Animator","The Construct","The Cursed","The Disciple","The Hayseed","The Hierophant","The Marked","The Necromancer","The Poker Player","The Problem Sleuth","The Runesmith","thorton"],"gold_per_floor":[99,109,109,129,147,163,163,180,210,210,210,228,258,276,292,391,391,291,391,401,430,448,348,348,358,358,390,401,401,413,446,460,555,555,555,572,590,600,600,618,618,630,530,541,573,593,607,635,652,652,652,652,652,652],"floor_reached":52,"language":"ENG","playtime":4160,"items_purged":[],"score":971,"play_id":"f14cd85c-bd26-4272-8e56-ee2771be97e4","local_time":"20210202110057","is_ascension_mode":false,"campfire_choices":[{"data":"bronze:RecursiveStrike","floor":1,"key":"SMITH"},{"data":"bronze:Optimize","floor":11,"key":"SMITH"},{"floor":18,"key":"RECALL"},{"data":"bronze:BronzeOrb","floor":23,"key":"SMITH"},{"data":"bronze:DigitalCarnage","floor":26,"key":"SMITH"},{"data":"bronze:FineTuning","floor":29,"key":"SMITH"},{"data":"bronze:FineTuning","floor":35,"key":"SMITH"},{"data":"bronze:BronzeOrb","floor":43,"key":"SMITH"}],"circlet_count":0,"master_deck":["bronze:Strike","bronze:Strike","bronze:Strike","bronze:Strike","bronze:Defend","bronze:Defend","bronze:Defend","bronze:Defend","bronze:Replicate","bronze:Goto","bronze:RecursiveStrike+1","bronze:FineTuning+1","bronze:FineTuning+1","bronze:DelayedGuard","bronze:DelayedSlice","bronze:Branch","bronze:Optimize+1","bronze:Turbo","bronze:DelayedGuard+1","bronze:SpaghettiCode+1","bronze:DigitalCarnage+1","bronze:BronzeOrb+1","bronze:Shell+1","bronze:Repair+1","bronze:FineTuning+1","bronze:BronzeOrb+1","bronze:Overheat+1","bronze:WildBeam+1","bronze:FindAndReplace+1","bronze:GetLatest+1","bronze:Branch+1","bronze:Shell+1","bronze:Flail+1","bronze:WhirlingStrike+1","bronze:Shell+1"],"relics":["bronze:BronzeCore","Thread and Needle","Bronze Scales","Bag of Marbles","Toxic Egg 2","beaked:MawFillet","downfall:HeartBlessingGreen","HornCleat","downfall:HeartBlessingRed","aspiration:StickyExplosives_weak","Calipers","Molten Egg 2","thethorton:BottledFunds","downfall:HeartBlessingBlue","Mummified Hand","Question Card"],"acts_visited":["Exordium","TheCity","TheBeyond","TheEnding"],"potions_floor_usage":[12,16,16,25,31,40,47,50,52],"damage_taken":[{"damage":1,"enemies":"Cultist","floor":2,"turns":3},{"damage":7,"enemies":"Small Slimes","floor":4,"turns":3},{"damage":7,"enemies":"2 Louse","floor":5,"turns":2},{"damage":6,"enemies":"Red Slaver","floor":6,"turns":5},{"damage":0,"enemies":"Lots of Slimes","floor":8,"turns":4},{"damage":0,"enemies":"Gremlin Nob","floor":9,"turns":2},{"damage":0,"enemies":"Gremlin Gang","floor":12,"turns":3},{"damage":5,"enemies":"3 Sentries","floor":13,"turns":4},{"damage":0,"enemies":"Exordium Thugs","floor":14,"turns":4},{"damage":0,"enemies":"Lots of Slimes","floor":15,"turns":3},{"damage":0,"enemies":"SI_SHIV_ARCHETYPE","floor":16,"turns":4},{"damage":0,"enemies":"Shell Parasite","floor":20,"turns":2},{"damage":0,"enemies":"Gremlin Leader","floor":21,"turns":3},{"damage":0,"enemies":"3 Byrds","floor":22,"turns":2},{"damage":0,"enemies":"Centurion and Healer","floor":25,"turns":4},{"damage":0,"enemies":"Slavers","floor":27,"turns":3},{"damage":0,"enemies":"Snake Plant","floor":28,"turns":3},{"damage":0,"enemies":"Shelled Parasite and Fungi","floor":30,"turns":1},{"damage":0,"enemies":"Book of Stabbing","floor":31,"turns":4},{"damage":0,"enemies":"Centurion and Healer","floor":32,"turns":3},{"damage":46,"enemies":"DF_ARCHETYPE_CLAW","floor":33,"turns":8},{"damage":0,"enemies":"3 Shapes","floor":36,"turns":2},{"damage":0,"enemies":"Orb Walker","floor":37,"turns":1},{"damage":6,"enemies":"Sphere and 2 Shapes","floor":38,"turns":1},{"damage":0,"enemies":"3 Darklings","floor":40,"turns":3},{"damage":0,"enemies":"Maw","floor":42,"turns":4},{"damage":0,"enemies":"4 Shapes","floor":44,"turns":1},{"damage":0,"enemies":"Nemesis","floor":45,"turns":4},{"damage":0,"enemies":"Sphere and 2 Shapes","floor":46,"turns":2},{"damage":0,"enemies":"Writhing Mass","floor":47,"turns":2},{"damage":0,"enemies":"Reptomancer","floor":48,"turns":3},{"damage":0,"enemies":"Jaw Worm Horde","floor":49,"turns":1},{"damage":9,"enemies":"WA_ARCHETYPE_DIVINITY","floor":50,"turns":10},{"damage":92,"enemies":"downfall:CharBossMerchant","floor":52,"turns":12}],"seed_played":"-322278593497410852","potions_obtained":[{"floor":5,"key":"Ancient Potion"},{"floor":6,"key":"SteroidPotion"},{"floor":13,"key":"Guardian:BlockOnCardUsePotion"},{"floor":14,"key":"Ancient Potion"},{"floor":25,"key":"Weak Potion"},{"floor":28,"key":"Dexterity Potion"},{"floor":30,"key":"SmokeBomb"},{"floor":33,"key":"LiquidMemories"},{"floor":46,"key":"AttackPotion"},{"floor":48,"key":"sneckomod:MuddlingPotion"},{"floor":49,"key":"PowerPotion"}],"is_trial":false,"path_per_floor":["R","M","?","M","M","M","T","M","E","?","R","M","E","M","M","B",null,"R","?","M","E","M","R","T","M","R","E","M","R","M","E","M","B",null,"R","M","M","M","?","M","T","M","R","M","E","M","M","E","M","B",null,"E"],"character_chosen":"THE_AUTOMATON","items_purchased":[],"campfire_rested":0,"item_purchase_floors":[],"current_hp_per_floor":[70,69,69,62,55,49,49,49,49,49,49,49,44,44,44,44,70,70,70,70,70,70,70,70,70,70,70,70,70,70,70,70,34,70,70,70,70,64,64,70,70,70,80,80,80,80,80,80,80,71,80,0,0,0],"gold":652,"neow_bonus":"ONE_RANDOM_RARE_CARD","is_daily":false,"chose_seed":false,"campfire_upgraded":7,"win_rate":0.0,"timestamp":1612292457,"path_taken":["R","M","?","?","M","M","T","?","E","?","R","M","E","M","M","BOSS","R","?","M","E","?","R","T","M","R","E","M","R","?","E","M","BOSS","R","M","M","?","?","M","T","M","R","?","E","M","M","E","M","BOSS","E"],"items_purchased_type":[],"build_version":"2020-12-22","purchased_purges":0,"victory":false,"max_hp_per_floor":[70,70,70,70,70,70,70,70,70,70,70,70,70,70,70,70,70,70,70,70,70,70,70,70,70,70,70,70,70,70,70,70,70,70,70,70,70,70,70,70,70,70,80,80,80,80,80,80,80,80,80,80,80,80],"card_choices":[{"not_picked":["bronze:WildBeam","bronze:CutThrough"],"picked":"bronze:FineTuning","floor":2},{"not_picked":["bronze:BuggyMess","bronze:BitShift"],"picked":"bronze:DelayedGuard","floor":4},{"not_picked":["bronze:BitShift","bronze:Frontload"],"picked":"bronze:DelayedSlice","floor":5},{"not_picked":["bronze:Mutator","bronze:Boost","bronze:Flail"],"picked":"SKIP","floor":6},{"not_picked":["bronze:FineTuning","bronze:Turbo"],"picked":"bronze:Branch","floor":8},{"not_picked":["bronze:Safeguard","bronze:BuggyMess"],"picked":"bronze:Optimize","floor":9},{"not_picked":["bronze:Overheat","bronze:BugBarrage"],"picked":"bronze:Turbo","floor":12},{"not_picked":["bronze:BurnOut","bronze:CutThrough"],"picked":"bronze:DelayedGuard+1","floor":13},{"not_picked":["bronze:CutThrough","bronze:Deprecate+1","bronze:BuggyMess+1"],"picked":"SKIP","floor":14},{"not_picked":["bronze:DelayedSlice","bronze:BugBarrage","bronze:CutThrough"],"picked":"SKIP","floor":15},{"not_picked":["bronze:HyperBeam","bronze:Verify"],"picked":"bronze:SpaghettiCode+1","floor":16},{"not_picked":["bronze:Iterate","bronze:Repulsor+1"],"picked":"bronze:DigitalCarnage","floor":20},{"not_picked":["bronze:BitShift+1","bronze:Optimize+1"],"picked":"bronze:BronzeOrb","floor":21},{"not_picked":["bronze:OilSpill","bronze:ClassDefault+1"],"picked":"bronze:Shell+1","floor":22},{"not_picked":["bronze:Repulsor","bronze:Allocate+1"],"picked":"bronze:Repair+1","floor":25},{"not_picked":["bronze:ForceShield+1","bronze:WildBeam+1","bronze:Repulsor+1"],"picked":"SKIP","floor":27},{"not_picked":["bronze:Flail+1","bronze:Repair+1"],"picked":"bronze:FineTuning+1","floor":28},{"not_picked":["bronze:DelayedSlice","bronze:Deprecate+1"],"picked":"bronze:BronzeOrb","floor":30},{"not_picked":["bronze:BronzeArmor+1","bronze:Philosophize+1"],"picked":"bronze:Overheat+1","floor":31},{"not_picked":["bronze:BurnOut+1","bronze:DelayedSlice+1"],"picked":"bronze:WildBeam+1","floor":32},{"not_picked":["bronze:HyperBeam+1","bronze:HardenedForm"],"picked":"bronze:FindAndReplace+1","floor":33},{"not_picked":["bronze:Shield+1","bronze:Invalidate+1","bronze:ForceShield+1"],"picked":"SKIP","floor":36},{"not_picked":["bronze:Repulsor+1","bronze:ClassDefault"],"picked":"bronze:GetLatest+1","floor":37},{"not_picked":["bronze:Deprecate+1","bronze:CutThrough+1","bronze:BugBarrage+1"],"picked":"SKIP","floor":38},{"not_picked":["bronze:Overload+1","bronze:DigitalCarnage+1"],"picked":"bronze:Branch+1","floor":40},{"not_picked":["bronze:DelayedSlice+1","bronze:Optimize","bronze:ForLoop+1"],"picked":"SKIP","floor":42},{"not_picked":["bronze:Invalidate+1","bronze:BuggyMess+1"],"picked":"bronze:Shell+1","floor":44},{"not_picked":["bronze:Philosophize+1","bronze:BitShift+1"],"picked":"bronze:Flail+1","floor":45},{"not_picked":["bronze:Branch+1","bronze:Optimize+1","bronze:DelayedSlice+1"],"picked":"SKIP","floor":46},{"not_picked":["bronze:Frontload+1","bronze:Shield+1","bronze:Iterate+1"],"picked":"SKIP","floor":47},{"not_picked":["bronze:CutThrough+1","bronze:Turbo+1"],"picked":"bronze:WhirlingStrike+1","floor":48},{"not_picked":["bronze:DelayedSlice+1","bronze:Branch+1","bronze:Iterate+1"],"picked":"bronze:Shell+1","floor":49}],"player_experience":97553,"relics_obtained":[{"floor":7,"key":"Thread and Needle"},{"floor":9,"key":"Bronze Scales"},{"floor":13,"key":"Toxic Egg 2"},{"floor":21,"key":"HornCleat"},{"floor":24,"key":"aspiration:StickyExplosives_weak"},{"floor":27,"key":"Calipers"},{"floor":31,"key":"Molten Egg 2"},{"floor":45,"key":"Mummified Hand"},{"floor":48,"key":"Question Card"}],"event_choices":[],"is_beta":false,"boss_relics":[{"not_picked":["Tiny House","aspiration:MobileForge"],"picked":"beaked:MawFillet"},{"not_picked":["theSleuth:AffinityCrow","Empty Cage"],"picked":"thethorton:BottledFunds"}],"items_purged_floors":[],"is_endless":false,"potions_floor_spawned":[5,6,13,14,25,28,30,33,37,46,48,49],"killed_by":"downfall:CharBossMerchant","ascension_level":0}}