{"host":"xrk7zhg70ipmpx3n","time":1612270088,"event":{"mods":["BaseMod","Colored Map","Downfall","Highlight Path","Minty Spire (QoL Compilation)","StSLib"],"gold_per_floor":[109,126,137,237,85,85,120,131,131,148,148,148,182,200,200,328,328,347,387,387,347,371,407,407,407,434,450,490,71,71,90,90,220,220,245,308,172,191,239,251,276,288,300,333,567,579,615,642,654,666],"floor_reached":51,"language":"ENG","playtime":2519,"items_purged":[],"score":822,"play_id":"f9a90114-dca8-42f5-96b3-418be649a267","local_time":"20210202224808","is_ascension_mode":false,"campfire_choices":[{"data":"Spot Weakness","floor":6,"key":"SMITH"},{"data":"Iron Wave","floor":11,"key":"SMITH"},{"data":"Seeing Red","floor":15,"key":"SMITH"},{"floor":25,"key":"REST"},{"floor":32,"key":"REST"},{"data":"Apotheosis","floor":40,"key":"SMITH"},{"floor":46,"key":"REST"},{"data":"Limit Break","floor":49,"key":"SMITH"}],"circlet_count":0,"master_deck":["Strike_R","Strike_R","Strike_R","Defend_R","Defend_R","Defend_R","Defend_R","Bash","Armaments","Metallicize","Spot Weakness+1","Flame Barrier","Iron Wave+1","Perfected Strike","Seeing Red+1","Perfected Strike","Feed+1","Rampage","Inflame","Anger","Perfected Strike","Seeing Red","Shrug It Off","Thunderclap+1","Cleave","Apotheosis+1","Flame Barrier","Infernal Blade","Feed","Iron Wave","Spot Weakness","Limit Break+1","Twin Strike","Armaments","Dual Wield+1","Perfected Strike+1","Iron Wave"],"relics":["Burning Blood","TheAbacus","Bottled Lightning","Self Forming Clay","Golden Idol","Gremlin Horn","Snecko Eye","Red Mask","Regal Pillow","Vajra","TungstenRod","Frozen Eye","Mark of Pain","Bird Faced Urn","MawBank","Pocketwatch"],"acts_visited":["Exordium","TheCity","TheBeyond"],"potions_floor_usage":[7,16,16,28,33,33,38,41,41,50],"damage_taken":[{"damage":6,"enemies":"Cultist","floor":1,"turns":3},{"damage":6,"enemies":"Jaw Worm","floor":2,"turns":5},{"damage":1,"enemies":"2 Louse","floor":3,"turns":4},{"damage":24,"enemies":"3 Sentries","floor":7,"turns":7},{"damage":0,"enemies":"Large Slime","floor":8,"turns":6},{"damage":5,"enemies":"2 Fungi Beasts","floor":10,"turns":3},{"damage":16,"enemies":"Lagavulin","floor":13,"turns":7},{"damage":3,"enemies":"Lots of Slimes","floor":14,"turns":3},{"damage":30,"enemies":"Slime Boss","floor":16,"turns":7},{"damage":7,"enemies":"Shell Parasite","floor":18,"turns":6},{"damage":32,"enemies":"Masked Bandits","floor":19,"turns":6},{"damage":0,"enemies":"Spheric Guardian","floor":22,"turns":3},{"damage":34,"enemies":"Book of Stabbing","floor":23,"turns":6},{"damage":10,"enemies":"Shelled Parasite and Fungi","floor":27,"turns":5},{"damage":36,"enemies":"Slavers","floor":28,"turns":6},{"damage":0,"enemies":"Chosen and Byrds","floor":31,"turns":3},{"damage":35,"enemies":"Collector","floor":33,"turns":8},{"damage":5,"enemies":"3 Darklings","floor":35,"turns":3},{"damage":6,"enemies":"Mind Bloom Boss Battle","floor":36,"turns":9},{"damage":0,"enemies":"3 Shapes","floor":38,"turns":3},{"damage":62,"enemies":"Transient","floor":41,"turns":5},{"damage":11,"enemies":"3 Darklings","floor":44,"turns":4},{"damage":11,"enemies":"Jaw Worm Horde","floor":47,"turns":3},{"damage":4,"enemies":"Maw","floor":48,"turns":6},{"damage":60,"enemies":"Donu and Deca","floor":50,"turns":8}],"seed_played":"-6609373269254269151","potions_obtained":[{"floor":2,"key":"Fire Potion"},{"floor":7,"key":"hexamod:SoulburnPotion"},{"floor":8,"key":"bronze:BurnAndBuffPotion"},{"floor":13,"key":"Ancient Potion"},{"floor":16,"key":"SneckoOil"},{"floor":18,"key":"SkillPotion"},{"floor":23,"key":"Dexterity Potion"},{"floor":33,"key":"SteroidPotion"},{"floor":36,"key":"LiquidBronze"},{"floor":38,"key":"AttackPotion"},{"floor":47,"key":"Strength Potion"}],"is_trial":false,"path_per_floor":["M","M","M","?","$","R","E","M","T","M","R","?","E","M","R","B",null,"M","?","?","?","M","E","?","R","T","M","E","$","?","M","R","B",null,"M","?","$","M","T","R","M","?","T","M","?","R","M","M","R","B",null],"character_chosen":"IRONCLAD","items_purchased":["TheAbacus","Apotheosis","Frozen Eye","Flame Barrier","Limit Break"],"campfire_rested":3,"item_purchase_floors":[5,29,29,29,37],"current_hp_per_floor":[88,88,88,88,88,88,70,76,76,77,77,77,67,70,70,46,81,84,61,61,61,67,43,43,85,85,85,55,55,55,65,100,71,100,104,112,112,116,116,116,62,62,62,61,61,110,113,123,123,75],"gold":678,"neow_bonus":"TEN_PERCENT_HP_BONUS","is_daily":false,"chose_seed":false,"campfire_upgraded":5,"win_rate":0.0,"timestamp":1612270088,"path_taken":["M","M","M","?","?","R","E","?","T","M","R","?","E","M","R","BOSS","M","?","?","?","?","E","?","R","T","M","E","$","?","M","R","BOSS","M","?","$","M","?","R","M","?","T","M","?","R","M","M","R","BOSS"],"items_purchased_type":["Relic","Card","Relic","Card","Card"],"build_version":"2020-12-22","purchased_purges":0,"victory":true,"max_hp_per_floor":[88,88,88,88,88,88,88,88,88,88,88,81,81,81,81,81,81,85,88,88,88,88,92,92,92,92,96,96,96,96,100,100,100,100,104,112,112,116,116,116,116,116,116,116,116,116,124,128,128,132],"card_choices":[{"not_picked":["Sword Boomerang","Shrug It Off"],"picked":"Armaments","floor":1},{"not_picked":["Intimidate","Dual Wield"],"picked":"Metallicize","floor":2},{"not_picked":["Clothesline","Dark Embrace"],"picked":"Spot Weakness","floor":3},{"not_picked":["Second Wind","Combust"],"picked":"Flame Barrier","floor":7},{"not_picked":["Headbutt","Cleave"],"picked":"Iron Wave","floor":8},{"not_picked":["Flame Barrier","True Grit"],"picked":"Perfected Strike","floor":10},{"not_picked":["Battle Trance","Bludgeon"],"picked":"Seeing Red","floor":13},{"not_picked":["Flex","Infernal Blade"],"picked":"Perfected Strike","floor":14},{"not_picked":["Demon Form","Berserk"],"picked":"Feed","floor":16},{"not_picked":["Shrug It Off+1","Dark Embrace+1"],"picked":"Rampage","floor":18},{"not_picked":["Wild Strike","Heavy Blade+1"],"picked":"Inflame","floor":19},{"not_picked":["Bloodletting","Headbutt"],"picked":"Anger","floor":22},{"not_picked":["Thunderclap+1","Combust"],"picked":"Perfected Strike","floor":23},{"not_picked":["Clothesline","Headbutt+1"],"picked":"Thunderclap+1","floor":27},{"not_picked":["Bloodletting","Headbutt+1"],"picked":"Cleave","floor":28},{"not_picked":["Thunderclap","Wild Strike"],"picked":"Infernal Blade","floor":31},{"not_picked":["Brutality","Berserk"],"picked":"Feed","floor":33},{"not_picked":["Battle Trance+1","Second Wind"],"picked":"Iron Wave","floor":35},{"not_picked":["Hemokinesis+1","Dual Wield"],"picked":"Spot Weakness","floor":36},{"not_picked":["Burning Pact","Hemokinesis+1"],"picked":"Twin Strike","floor":38},{"not_picked":["Clothesline","Sever Soul+1"],"picked":"Armaments","floor":41},{"not_picked":["Shockwave+1","Flame Barrier"],"picked":"Dual Wield+1","floor":44},{"not_picked":["Iron Wave","Clash+1"],"picked":"Perfected Strike+1","floor":47},{"not_picked":["Headbutt+1","Heavy Blade"],"picked":"Iron Wave","floor":48}],"player_experience":25205,"relics_obtained":[{"floor":7,"key":"Bottled Lightning"},{"floor":9,"key":"Self Forming Clay"},{"floor":13,"key":"Gremlin Horn"},{"floor":19,"key":"Red Mask"},{"floor":23,"key":"Regal Pillow"},{"floor":26,"key":"Vajra"},{"floor":28,"key":"TungstenRod"},{"floor":36,"key":"Bird Faced Urn"},{"floor":39,"key":"MawBank"},{"floor":43,"key":"Pocketwatch"}],"event_choices":[{"damage_healed":0,"gold_gain":100,"player_choice":"Pray","damage_taken":0,"max_hp_gain":0,"max_hp_loss":0,"event_name":"Golden Shrine","floor":4,"gold_loss":0},{"damage_healed":0,"gold_gain":0,"player_choice":"Lose Max HP","damage_taken":0,"relics_obtained":["Golden Idol"],"max_hp_gain":0,"max_hp_loss":7,"event_name":"Golden Idol","floor":12,"gold_loss":0},{"damage_healed":0,"gold_gain":0,"player_choice":"Fought Bandits","damage_taken":0,"max_hp_gain":0,"max_hp_loss":0,"event_name":"Masked Bandits","floor":19,"gold_loss":0},{"damage_healed":0,"gold_gain":0,"player_choice":"Ignored","damage_taken":0,"max_hp_gain":0,"max_hp_loss":0,"event_name":"Beggar","floor":20,"gold_loss":0},{"damage_healed":0,"gold_gain":0,"player_choice":"Upgrade","damage_taken":0,"max_hp_gain":0,"max_hp_loss":0,"event_name":"Designer","floor":21,"gold_loss":40,"cards_upgraded":["Feed"]},{"damage_healed":0,"gold_gain":0,"cards_transformed":["Strike_R","Strike_R"],"player_choice":"Became Test Subject","damage_taken":0,"max_hp_gain":0,"max_hp_loss":0,"event_name":"Drug Dealer","floor":24,"gold_loss":0,"cards_obtained":["Seeing Red","Shrug It Off"]},{"damage_healed":0,"gold_gain":0,"player_choice":"Ignored","damage_taken":0,"max_hp_gain":0,"max_hp_loss":0,"event_name":"Ghosts","floor":30,"gold_loss":0},{"damage_healed":0,"gold_gain":0,"player_choice":"Fight","damage_taken":0,"max_hp_gain":0,"max_hp_loss":0,"event_name":"MindBloom","floor":36,"gold_loss":0},{"damage_healed":0,"gold_gain":0,"player_choice":"Ignored","damage_taken":0,"max_hp_gain":0,"max_hp_loss":0,"event_name":"Mysterious Sphere","floor":42,"gold_loss":0},{"damage_healed":0,"gold_gain":222,"player_choice":"Wore Mask","damage_taken":0,"max_hp_gain":0,"max_hp_loss":0,"event_name":"Tomb of Lord Red Mask","floor":45,"gold_loss":0}],"is_beta":false,"boss_relics":[{"not_picked":["Astrolabe","SacredBark"],"picked":"Snecko Eye"},{"not_picked":["Tiny House","Calling Bell"],"picked":"Mark of Pain"}],"items_purged_floors":[],"is_endless":false,"potions_floor_spawned":[2,7,8,13,16,18,19,22,23,33,36,38,47],"ascension_level":0}}