{"host":"fhwr1fuluf6086fh","time":1612225587,"event":{"mods":["2.2 Compatiblity","Act Like it!","BaseMod","Colored Map","Elementarium","Hermit","Minty Spire (QoL Compilation)","Robot Space Explorer","StSLib","The Blue Laboratory","The Caster","The Dragon Tamer","The Hierophant","TheSurvivalist"],"gold_per_floor":[116,128,139,153,164,164,194,194,194,51,63,74,85,116,116,211,211,223,223,233,251,263,288,30,30,30,40,52,52,80,98,98,194,194,210,260,271,316,61,61,86,97,178,178,212,212,231,251,251,251],"floor_reached":51,"language":"ENG","playtime":8648,"items_purged":["survmod:Strike"],"score":815,"play_id":"bc2f1250-1a4e-4ea5-a339-eb0a91ad3b23","local_time":"20210201192627","is_ascension_mode":false,"campfire_choices":[{"data":"survmod:Sprint","floor":6.0,"key":"SMITH"},{"data":"survmod:Defend","floor":15.0,"key":"SMITH"},{"data":"survmod:CloseCombat","floor":25.0,"key":"SMITH"},{"data":"survmod:VersatileOffense","floor":29.0,"key":"SMITH"},{"data":"survmod:DuckAndFlare","floor":32.0,"key":"SMITH"},{"data":"survmod:MercifulShot","floor":40.0,"key":"SMITH"},{"data":"Sadistic Nature","floor":46.0,"key":"SMITH"},{"data":"survmod:FlareBarrage","floor":49,"key":"SMITH"}],"circlet_count":0,"master_deck":["survmod:Strike","survmod:Strike","survmod:Strike","survmod:Defend","survmod:Defend","survmod:Defend","survmod:Defend+1","survmod:VersatileOffense+1","survmod:Sprint+1","survmod:SwiftKick","survmod:BendAndBow","survmod:TwinShot","survmod:QuickDash","survmod:ComplexMutation","survmod:SimpleMutation","survmod:AcidArrow","survmod:FlareBarrage+1","survmod:NockAnArrow","survmod:CloseCombat+1","survmod:MarkedShot","survmod:OverwhelmingAssault","survmod:SwiftKick","survmod:TwinShot+1","survmod:OverexertingShot","Sadistic Nature+1","survmod:QuickThinking","survmod:ComplexMutation","survmod:DuckAndFlare+1","survmod:DuckAndFlare","survmod:MercifulShot+1","survmod:FlareQuiver","survmod:Marksmanship","survmod:GoForFace+1","survmod:MarkedShot+1","survmod:HailOfArrows","survmod:QuickThinking","survmod:SkillfulManeuver","survmod:HiddenTactic+1","Chrysalis","survmod:PersonalMark+1","Parasite","survmod:DuckAndFlare+1","survmod:NockAnArrow"],"relics":["survmod:AdvancedEvolution","Blue Candle","Eternal Feather","PreservedInsect","Bird Faced Urn","Philosopher\u0027s Stone","Darkstone Periapt","HornCleat","Bottled Flame","TungstenRod","Pocketwatch","Chemical X","Nunchaku","Meat on the Bone","Regal Pillow"],"acts_visited":["Exordium","TheCity","TheBeyond"],"potions_floor_usage":[50,50],"damage_taken":[{"damage":0.0,"enemies":"2 Louse","floor":1.0,"turns":3.0},{"damage":0.0,"enemies":"Cultist","floor":2.0,"turns":4.0},{"damage":0.0,"enemies":"Jaw Worm","floor":3.0,"turns":2.0},{"damage":5.0,"enemies":"Red Slaver","floor":4.0,"turns":4.0},{"damage":0.0,"enemies":"Exordium Thugs","floor":5.0,"turns":3.0},{"damage":0.0,"enemies":"3 Sentries","floor":7.0,"turns":5.0},{"damage":0.0,"enemies":"2 Fungi Beasts","floor":11.0,"turns":3.0},{"damage":6.0,"enemies":"Exordium Wildlife","floor":12.0,"turns":3.0},{"damage":4.0,"enemies":"Red Slaver","floor":13.0,"turns":4.0},{"damage":0.0,"enemies":"Gremlin Nob","floor":14.0,"turns":4.0},{"damage":17.0,"enemies":"The Guardian","floor":16.0,"turns":19.0},{"damage":7.0,"enemies":"Spheric Guardian","floor":18.0,"turns":5.0},{"damage":8.0,"enemies":"2 Thieves","floor":20.0,"turns":6.0},{"damage":15.0,"enemies":"Chosen and Byrds","floor":21.0,"turns":8.0},{"damage":6.0,"enemies":"Cultist and Chosen","floor":22.0,"turns":6.0},{"damage":9.0,"enemies":"Gremlin Leader","floor":23.0,"turns":7.0},{"damage":10.0,"enemies":"Shelled Parasite and Fungi","floor":27.0,"turns":5.0},{"damage":0.0,"enemies":"Centurion and Healer","floor":28.0,"turns":4.0},{"damage":12.0,"enemies":"Slavers","floor":30.0,"turns":5.0},{"damage":12.0,"enemies":"Snake Plant","floor":31.0,"turns":3.0},{"damage":4.0,"enemies":"Collector","floor":33.0,"turns":9.0},{"damage":5.0,"enemies":"3 Darklings","floor":35.0,"turns":6.0},{"damage":0.0,"enemies":"Mind Bloom Boss Battle","floor":36.0,"turns":5.0},{"damage":5.0,"enemies":"3 Shapes","floor":37.0,"turns":4.0},{"damage":31.0,"enemies":"2 Orb Walkers","floor":38.0,"turns":6.0},{"damage":30.0,"enemies":"Nemesis","floor":41.0,"turns":5.0},{"damage":0.0,"enemies":"Maw","floor":42.0,"turns":6.0},{"damage":0.0,"enemies":"Reptomancer","floor":45.0,"turns":5.0},{"damage":16.0,"enemies":"Writhing Mass","floor":47.0,"turns":4.0},{"damage":19.0,"enemies":"4 Shapes","floor":48.0,"turns":4.0},{"damage":33,"enemies":"Time Eater","floor":50,"turns":6}],"seed_played":"9048466016569400337","potions_obtained":[{"floor":2.0,"key":"Explosive Potion"},{"floor":7.0,"key":"blueLaboratory:FrostheartPotion"},{"floor":12.0,"key":"BlessingOfTheForge"},{"floor":13.0,"key":"Dexterity Potion"},{"floor":21.0,"key":"blueLaboratory:RememoryPotion"},{"floor":28.0,"key":"blueLaboratory:PolymorphPotion"},{"floor":30.0,"key":"Energy Potion"},{"floor":35.0,"key":"blueLaboratory:HorrorPotion"},{"floor":38.0,"key":"Weak Potion"},{"floor":42.0,"key":"PowerPotion"},{"floor":47.0,"key":"Block Potion"},{"floor":48,"key":"SteroidPotion"}],"is_trial":false,"path_per_floor":["M","M","M","M","M","R","E","?","T","$","M","M","M","E","R","B",null,"M","?","M","M","M","E","$","R","T","M","M","R","E","M","R","B",null,"M","?","M","?","$","R","E","M","T","?","E","R","M","M","R","B",null],"character_chosen":"THE_SURVIVOR","items_purchased":["PreservedInsect","Sadistic Nature","Chemical X","survmod:HailOfArrows","survmod:QuickThinking"],"campfire_rested":0,"item_purchase_floors":[10,24,39,39,39],"current_hp_per_floor":[55,55,55,50,50,50,50,55,55,55,55,49,45,45,54,37,55,48,48,42,31,29,22,22,37,37,33,39,54,47,37,52,51,55,52,55,52,33,33,54,27,37,37,37,45,55,51,36,60,36],"gold":251,"neow_bonus":"TEN_PERCENT_HP_BONUS","is_daily":false,"chose_seed":false,"campfire_upgraded":8,"win_rate":0.0,"timestamp":1612225587,"path_taken":["M","M","M","M","M","R","E","?","T","$","M","M","?","E","R","BOSS","M","?","M","M","M","E","$","R","T","M","?","R","E","M","R","BOSS","M","?","M","?","?","R","E","?","T","?","E","R","M","M","R","BOSS"],"items_purchased_type":["Relic","Card","Relic","Card","Card"],"build_version":"2020-12-22","purchased_purges":1,"victory":true,"max_hp_per_floor":[55,55,55,55,55,55,55,55,55,55,55,55,55,55,55,55,55,55,55,55,55,55,55,55,55,55,55,55,55,55,55,55,55,55,55,55,55,55,55,55,55,55,55,55,55,55,61,61,61,61],"card_choices":[{"not_picked":["survmod:BearTrap","survmod:FindCover"],"picked":"survmod:SwiftKick","floor":1.0},{"not_picked":["survmod:FlareQuiver","survmod:OverexertingShot"],"picked":"survmod:BendAndBow","floor":2.0},{"not_picked":["survmod:PenetratingShot","survmod:WalledOffTraps"],"picked":"survmod:BearTrap","floor":3.0},{"not_picked":["survmod:AcidTrap","survmod:WalledOffTraps"],"picked":"survmod:TwinShot","floor":4.0},{"not_picked":["survmod:FocusedFire","survmod:BendAndBow"],"picked":"survmod:QuickDash","floor":5.0},{"not_picked":["survmod:DesperateAmbush","survmod:FlashbangTrap"],"picked":"survmod:ComplexMutation","floor":7.0},{"not_picked":["survmod:LongShot","survmod:FindCover"],"picked":"survmod:SimpleMutation","floor":11.0},{"not_picked":["survmod:UnfortunateEscape","survmod:TakeAim"],"picked":"survmod:AcidArrow","floor":12.0},{"not_picked":["survmod:FenceTrap","survmod:PinningSnipe"],"picked":"survmod:FlareBarrage","floor":13.0},{"not_picked":["survmod:LeapingShot","survmod:SwiftKick"],"picked":"survmod:NockAnArrow","floor":14.0},{"not_picked":["survmod:CloseCall","survmod:RobFromTheRich"],"picked":"survmod:CloseCombat","floor":16.0},{"not_picked":["survmod:PoisonTrap","survmod:BearTrap"],"picked":"survmod:MarkedShot","floor":18.0},{"not_picked":["survmod:AcidArrow","survmod:FlashbangShot+1"],"picked":"survmod:OverwhelmingAssault","floor":20.0},{"not_picked":["survmod:FenceTrap","survmod:HailOfArrows"],"picked":"survmod:SwiftKick","floor":21.0},{"not_picked":["survmod:FocusedFire","survmod:FlashbangShot"],"picked":"survmod:TwinShot+1","floor":22.0},{"not_picked":["survmod:LongShot","survmod:WalledOffTraps"],"picked":"survmod:OverexertingShot","floor":23.0},{"not_picked":["survmod:HailOfArrows","survmod:BendAndBow"],"picked":"survmod:QuickThinking","floor":27.0},{"not_picked":["survmod:FlashbangTrap","survmod:MercifulShot"],"picked":"survmod:ComplexMutation","floor":28.0},{"not_picked":["survmod:Heartseeker","survmod:PiercingShot"],"picked":"survmod:DuckAndFlare","floor":30.0},{"not_picked":["survmod:ShrapnelTraps","survmod:WalledOffTraps+1"],"picked":"survmod:DuckAndFlare","floor":31.0},{"not_picked":["survmod:UnleashTheTraps","survmod:Camouflage"],"picked":"survmod:MercifulShot","floor":33.0},{"not_picked":["survmod:FenceTrap+1","survmod:FocusedFire"],"picked":"survmod:FlareQuiver","floor":35.0},{"not_picked":["survmod:BearTrap+1","survmod:PoisonTrap+1"],"picked":"survmod:Marksmanship","floor":36.0},{"not_picked":["survmod:LongShot","survmod:FlashbangShot+1"],"picked":"survmod:GoForFace+1","floor":37.0},{"not_picked":["survmod:AimForTheLiver+1","survmod:PinningSnipe"],"picked":"survmod:MarkedShot+1","floor":38.0},{"not_picked":["survmod:ShrapnelTraps","survmod:UnfortunateEscape+1"],"picked":"survmod:SkillfulManeuver","floor":41.0},{"not_picked":["survmod:UnfortunateEscape","survmod:BearTrap"],"picked":"survmod:HiddenTactic+1","floor":42.0},{"not_picked":["Blind","Swift Strike"],"picked":"Chrysalis","floor":44.0},{"not_picked":["survmod:FenceTrap+1","survmod:HailOfArrows+1"],"picked":"survmod:PersonalMark+1","floor":45.0},{"not_picked":["survmod:TakeAim+1","survmod:Marksmanship+1"],"picked":"survmod:DuckAndFlare+1","floor":47.0},{"not_picked":["survmod:OverwhelmingAssault+1","survmod:HiddenTactic"],"picked":"survmod:NockAnArrow","floor":48}],"player_experience":1119216,"relics_obtained":[{"floor":7.0,"key":"Blue Candle"},{"floor":9.0,"key":"Eternal Feather"},{"floor":14.0,"key":"Bird Faced Urn"},{"floor":23.0,"key":"Darkstone Periapt"},{"floor":26.0,"key":"HornCleat"},{"floor":30.0,"key":"Bottled Flame"},{"floor":36.0,"key":"TungstenRod"},{"floor":38.0,"key":"Pocketwatch"},{"floor":41.0,"key":"Nunchaku"},{"floor":43.0,"key":"Meat on the Bone"},{"floor":45.0,"key":"Regal Pillow"}],"event_choices":[{"cards_removed":["survmod:BearTrap"],"damage_healed":5.0,"max_hp_gain":0.0,"max_hp_loss":0.0,"gold_gain":0.0,"event_name":"Bonfire Elementals","player_choice":"Offered Common","floor":8.0,"gold_loss":0.0,"damage_taken":0.0},{"cards_removed":["survmod:BearTrap"],"damage_healed":5.0,"max_hp_gain":0.0,"max_hp_loss":0.0,"gold_gain":0.0,"event_name":"Bonfire Elementals","player_choice":"Offered Special","floor":8.0,"gold_loss":0.0,"damage_taken":0.0},{"damage_healed":0.0,"max_hp_gain":0.0,"max_hp_loss":0.0,"gold_gain":0.0,"event_name":"N\u0027loth","player_choice":"Ignored","floor":19.0,"gold_loss":0.0,"damage_taken":0.0},{"damage_healed":0.0,"max_hp_gain":0.0,"max_hp_loss":0.0,"gold_gain":0.0,"event_name":"MindBloom","player_choice":"Fight","floor":36.0,"gold_loss":0.0,"damage_taken":0.0},{"damage_healed":0.0,"max_hp_gain":0.0,"max_hp_loss":0.0,"gold_gain":0.0,"event_name":"Mysterious Sphere","player_choice":"Fight","floor":38.0,"gold_loss":0.0,"damage_taken":0.0},{"damage_healed":0.0,"max_hp_gain":0.0,"max_hp_loss":0.0,"gold_gain":0.0,"event_name":"SensoryStone","player_choice":"Memory 1","floor":44.0,"gold_loss":0.0,"damage_taken":0.0}],"is_beta":false,"boss_relics":[{"not_picked":["Empty Cage","Coffee Dripper"],"picked":"Philosopher\u0027s Stone"},{"not_picked":["Calling Bell","Runic Dome"],"picked":"survmod:AdvancedEvolution"}],"items_purged_floors":[24],"is_endless":false,"potions_floor_spawned":[2,7,12,13,21,28,30,35,37,38,42,47,48],"ascension_level":0}}