{"host":"ooods2gf71idc86d","time":1612289088,"event":{"mods":["AchievementEnabler","BaseMod","Downfall","Marisa????????","Minty Spire (QoL Compilation)","Replay The Spire","StSLib","The Cursed","The Necromancer","The Servant 0.9.4"],"gold_per_floor":[116,86,103,115,115,145,145,180,205,237,247,247,266,28,28,129,129,140,160,176,186,198,230,230,255,335,335,355,355,34,34,34,133,133,144,163,213,230,230,259,259,294,294,311,76,9,9,19,19,19,19],"floor_reached":50,"language":"ENG","playtime":9624,"items_purged":["Strike_G","ReplayTheSpireMod:Shiv Toss"],"score":1082,"play_id":"b02b523e-0165-4bdc-ae00-fdc4b309626c","local_time":"20210202200448","is_ascension_mode":true,"campfire_choices":[{"data":"Cloak And Dagger","floor":7,"key":"SMITH"},{"floor":12,"key":"REST"},{"data":"After Image","floor":15,"key":"SMITH"},{"floor":24,"key":"REST"},{"data":"Toxin Wave","floor":27,"key":"SMITH"},{"data":"Bouncing Flask","floor":32,"key":"SMITH"},{"data":"Burst","floor":41,"key":"SMITH"},{"data":"Noxious Fumes","floor":47,"key":"SMITH"},{"floor":49,"key":"REST"}],"circlet_count":0,"master_deck":["Defend_G","Defend_G","Defend_G","Defend_G","Defend_G","Survivor","Neutralize+1","Poisoned Stab","Dagger Spray","Dagger Spray","Cloak And Dagger+1","Backstab","Blade Dance","Blade Dance","Bouncing Flask+1","After Image+1","Dodge and Roll","Burst+1","Deadly Poison","Blade Dance","Riddle With Holes+1","Toxin Wave+1","Phantasmal Killer","Catalyst","Bite","Bite","Bite","Bite","Bite","After Image+1","Replay:Poison Smokescreen","Caltrops","Deadly Poison","Slimebound:Tackle+1","Slimebound:Tackle+1","Storm of Steel","Dash","Catalyst","Storm of Steel","Backflip+1","Catalyst+1","ReplayTheSpireMod:Scrap Shanks+1","Mind Blast","PiercingWail","Noxious Fumes+1"],"relics":["Ring of the Snake","NeowsBlessing","Bag of Marbles","Whetstone","Nunchaku","Pet Ghost","Bronze Scales","Painkiller Herb","Replay:Bottled Snecko","Tingsha","Slimebound:PreparedRelic","DollysMirror","bronze:MakeshiftBattery","Gambling Chip","Strawberry","StoneCalendar","HornCleat"],"acts_visited":["Exordium","TheCity","TheBeyond"],"potions_floor_usage":[6,10,11,22,23,25,33,40,50,50,50],"damage_taken":[{"damage":0,"enemies":"Jaw Worm","floor":1,"turns":1},{"damage":0,"enemies":"Cultist","floor":3,"turns":1},{"damage":0,"enemies":"Small Slimes","floor":4,"turns":1},{"damage":17,"enemies":"3 Sentries","floor":6,"turns":5},{"damage":26,"enemies":"Lagavulin","floor":8,"turns":6},{"damage":12,"enemies":"Gremlin Nob","floor":10,"turns":3},{"damage":2,"enemies":"Exordium Wildlife","floor":11,"turns":2},{"damage":0,"enemies":"2 Fungi Beasts","floor":13,"turns":2},{"damage":6,"enemies":"Slime Boss","floor":16,"turns":8},{"damage":10,"enemies":"Shell Parasite","floor":18,"turns":3},{"damage":0,"enemies":"Spheric Guardian","floor":19,"turns":3},{"damage":0,"enemies":"3 Cultists","floor":20,"turns":4},{"damage":9,"enemies":"Centurion and Healer","floor":21,"turns":4},{"damage":8,"enemies":"Sentry and Sphere","floor":22,"turns":4},{"damage":3,"enemies":"Book of Stabbing","floor":23,"turns":3},{"damage":13,"enemies":"Slavers","floor":25,"turns":4},{"damage":0,"enemies":"Snake Plant","floor":28,"turns":3},{"damage":5,"enemies":"Pondfish","floor":33,"turns":9},{"damage":14,"enemies":"3 Darklings","floor":35,"turns":3},{"damage":2,"enemies":"3 Shapes","floor":36,"turns":4},{"damage":0,"enemies":"Mind Bloom Boss Battle","floor":37,"turns":5},{"damage":20,"enemies":"3 Darklings","floor":38,"turns":6},{"damage":23,"enemies":"Reptomancer","floor":40,"turns":5},{"damage":0,"enemies":"Giant Head","floor":42,"turns":6},{"damage":11,"enemies":"Sphere and 2 Shapes","floor":44,"turns":4},{"damage":9,"enemies":"Writhing Mass","floor":48,"turns":4},{"damage":68,"enemies":"Time Eater","floor":50,"turns":7}],"seed_played":"-1845315108220526563","potions_obtained":[{"floor":2,"key":"SpeedPotion"},{"floor":2,"key":"bronze:BurnAndBuffPotion"},{"floor":4,"key":"Adrenaline Potion"},{"floor":6,"key":"Swift Potion"},{"floor":11,"key":"Doom Potion"},{"floor":20,"key":"CunningPotion"},{"floor":21,"key":"SkillPotion"},{"floor":23,"key":"Guardian:BlockOnCardUsePotion"},{"floor":25,"key":"champ:CounterPotion"},{"floor":36,"key":"Weak Potion"},{"floor":42,"key":"Flashbang"},{"floor":44,"key":"SteroidPotion"}],"is_trial":false,"path_per_floor":["M","?","M","M","?","E","R","E","T","E","M","R","M","$","R","B",null,"?","?","?","?","?","E","T","E","T","T","?","?","T","?","T","B",null,"?","?","?","?","?","E","T","E","T","?","T","T","T","?","T","B"],"character_chosen":"THE_SILENT","items_purchased":["After Image","Dodge and Roll","DollysMirror","Replay:Poison Smokescreen","Caltrops","Deadly Poison","Mind Blast","PiercingWail","Noxious Fumes"],"campfire_rested":3,"item_purchase_floors":[14,14,30,30,30,30,45,45,46],"current_hp_per_floor":[63,63,63,63,63,46,46,20,20,8,6,27,27,27,27,21,58,48,48,48,39,31,28,49,36,36,36,36,36,36,36,36,43,48,39,43,47,35,35,29,29,35,35,30,30,30,30,27,43,0,0],"gold":19,"neow_bonus":"THREE_ENEMY_KILL","is_daily":false,"chose_seed":false,"campfire_upgraded":6,"win_rate":0.0,"timestamp":1612289088,"path_taken":["M","?","M","?","?","E","R","E","T","E","M","R","?","$","R","BOSS","?","?","?","?","?","E","T","E","T","T","?","?","T","?","T","BOSS","?","?","?","?","?","E","T","E","T","?","?","T","T","?","T","BOSS"],"items_purchased_type":["Card","Card","Relic","Card","Card","Card","Card","Card","Card"],"build_version":"2020-12-22","purchased_purges":2,"victory":false,"max_hp_per_floor":[70,70,70,70,70,70,70,70,70,70,70,70,70,70,70,70,70,70,70,70,70,70,70,70,70,70,70,70,49,49,49,49,49,49,49,49,49,49,49,56,56,56,56,56,56,56,56,56,56,56,56],"card_choices":[{"not_picked":["Backflip","ReplayTheSpireMod:The Works"],"picked":"Poisoned Stab","floor":1},{"not_picked":["Deflect","Prepared"],"picked":"Dagger Spray","floor":3},{"not_picked":["Accuracy","Acrobatics"],"picked":"Dagger Spray","floor":4},{"not_picked":["Outmaneuver","Tools of the Trade"],"picked":"Cloak And Dagger","floor":6},{"not_picked":["Dagger Throw","Backflip"],"picked":"Backstab","floor":8},{"not_picked":["Fluid Movement","Poisoned Stab"],"picked":"Blade Dance","floor":10},{"not_picked":["Outmaneuver","Flying Knee"],"picked":"Blade Dance","floor":11},{"not_picked":["Setup","Deflect"],"picked":"Bouncing Flask","floor":13},{"not_picked":["Venomology","Doppelganger"],"picked":"Burst","floor":16},{"not_picked":["Flying Knee+1","Blade Dance","Dodge and Roll"],"picked":"SKIP","floor":18},{"not_picked":["Blade Dance","Dagger Throw"],"picked":"Deadly Poison","floor":19},{"not_picked":["Dodge and Roll","Sucker Punch"],"picked":"Blade Dance","floor":20},{"not_picked":["Eviscerate","All Out Attack"],"picked":"Riddle With Holes+1","floor":21},{"not_picked":["Sucker Punch","Quick Slash"],"picked":"ReplayTheSpireMod:Shiv Toss","floor":22},{"not_picked":["Deflect","Dodge and Roll"],"picked":"Toxin Wave","floor":23},{"not_picked":["All Out Attack","Well Laid Plans"],"picked":"Phantasmal Killer","floor":25},{"not_picked":["Deadly Poison+1","Cloak And Dagger"],"picked":"Catalyst","floor":28},{"not_picked":["Doppelganger","Malaise"],"picked":"Storm of Steel","floor":33},{"not_picked":["Sucker Punch","Escape Plan"],"picked":"Dash","floor":35},{"not_picked":["Outmaneuver","Dagger Spray+1","Quick Slash+1"],"picked":"SKIP","floor":36},{"not_picked":["Quick Slash","Crippling Poison+1"],"picked":"Catalyst","floor":37},{"not_picked":["Cloak And Dagger+1","Tactician"],"picked":"Storm of Steel","floor":38},{"not_picked":["Underhanded Strike","Slice"],"picked":"Backflip+1","floor":40},{"not_picked":["Slice+1","Bullet Time"],"picked":"Catalyst+1","floor":42},{"not_picked":["Quick Slash","Underhanded Strike+1"],"picked":"ReplayTheSpireMod:Scrap Shanks+1","floor":44},{"not_picked":["Deflect","Tactician","Underhanded Strike"],"picked":"SKIP","floor":48}],"player_experience":1053463,"relics_obtained":[{"floor":6,"key":"Whetstone"},{"floor":8,"key":"Nunchaku"},{"floor":9,"key":"Pet Ghost"},{"floor":10,"key":"Bronze Scales"},{"floor":23,"key":"Replay:Bottled Snecko"},{"floor":25,"key":"Tingsha"},{"floor":26,"key":"Slimebound:PreparedRelic"},{"floor":37,"key":"Gambling Chip"},{"floor":40,"key":"Strawberry"},{"floor":42,"key":"StoneCalendar"},{"floor":43,"key":"HornCleat"}],"event_choices":[{"damage_healed":0,"gold_gain":0,"player_choice":"Bought 2 Potions","damage_taken":0,"max_hp_gain":0,"max_hp_loss":0,"event_name":"The Woman in Blue","floor":2,"gold_loss":0},{"damage_healed":0,"gold_gain":0,"player_choice":"Gave Potion","damage_taken":0,"relics_obtained":["Bag of Marbles"],"max_hp_gain":0,"max_hp_loss":0,"event_name":"WeMeetAgain","floor":5,"gold_loss":0},{"damage_healed":0,"gold_gain":0,"player_choice":"Became a vampire","damage_taken":0,"max_hp_gain":0,"max_hp_loss":21,"event_name":"Vampires","floor":29,"gold_loss":0,"cards_obtained":["Bite","Bite","Bite","Bite","Bite"]},{"damage_healed":0,"gold_gain":0,"player_choice":"Fight","damage_taken":0,"max_hp_gain":0,"max_hp_loss":0,"event_name":"MindBloom","floor":37,"gold_loss":0},{"cards_removed":["Slimebound:Tackle"],"damage_healed":0,"gold_gain":0,"player_choice":"Removed Attack","damage_taken":0,"max_hp_gain":0,"max_hp_loss":0,"event_name":"Falling","floor":39,"gold_loss":0}],"is_beta":false,"boss_relics":[{"not_picked":["ChewingGum","Ring of the Serpent"],"picked":"Painkiller Herb"},{"not_picked":["Abe\u0027s Treasure","Tiny House"],"picked":"bronze:MakeshiftBattery"}],"items_purged_floors":[14,45],"is_endless":false,"potions_floor_spawned":[4,6,11,20,21,23,25,36,42,44],"killed_by":"Time Eater","ascension_level":8}}