{"host":"qqj8xvc6rh6p9rdh","time":1612249256,"event":{"mods":["Act Like it!","BaseMod","Dio Mod","Friendly Minions","Hermit","Minty Spire (QoL Compilation)","Small Relic Pack","StSLib","The Animator"],"gold_per_floor":[118,132,132,145,171,171,171],"floor_reached":6,"language":"ENG","playtime":156,"items_purged":[],"score":76,"play_id":"059a0496-dd2d-477a-8504-9e39dac2f1dd","local_time":"20210202150056","is_ascension_mode":true,"campfire_choices":[],"circlet_count":0,"master_deck":["AscendersBane","animator:Strike_Fate","animator:Defend_Fate","animator:Strike","animator:Strike","animator:Strike","animator:Defend","animator:Defend","animator:Defend","animator:Alexander+1","animator:Rider","animator:Caster"],"relics":["animator:LivingPicture","animator:TheMissingPiece","NeowsBlessing"],"acts_visited":["Exordium"],"potions_floor_usage":[],"damage_taken":[{"damage":0,"enemies":"2 Louse","floor":1,"turns":1},{"damage":0,"enemies":"Jaw Worm","floor":2,"turns":1},{"damage":0,"enemies":"Small Slimes","floor":4,"turns":1},{"damage":11,"enemies":"3 Louse","floor":5,"turns":3},{"damage":74,"enemies":"Gremlin Nob","floor":6,"turns":4}],"seed_played":"987191056977596352","potions_obtained":[{"floor":1,"key":"Ancient Potion"}],"is_trial":false,"path_per_floor":["M","M","?","M","M","E"],"character_chosen":"THE_ANIMATOR","items_purchased":[],"campfire_rested":0,"item_purchase_floors":[],"current_hp_per_floor":[54,54,54,54,43,0,0],"gold":171,"neow_bonus":"THREE_ENEMY_KILL","is_daily":false,"chose_seed":false,"campfire_upgraded":0,"win_rate":0.0,"timestamp":1612249256,"path_taken":["M","M","?","M","M","E"],"items_purchased_type":[],"build_version":"2020-12-22","purchased_purges":0,"victory":false,"max_hp_per_floor":[60,60,60,60,60,60,60],"card_choices":[{"not_picked":["animator:Evileye","animator:Aisha","animator:Hitei"],"picked":"SKIP","floor":1},{"not_picked":["animator:Sloth","animator:Aqua","animator:Ara"],"picked":"SKIP","floor":2},{"not_picked":["animator:OrikoMikuni","animator:Sloth","animator:Scar"],"picked":"SKIP","floor":4},{"not_picked":["animator:ShinjiMatou","animator:Illya"],"picked":"animator:Caster","floor":5}],"player_experience":821110,"relics_obtained":[],"event_choices":[{"damage_healed":0,"gold_gain":0,"player_choice":"Grow","damage_taken":0,"max_hp_gain":0,"max_hp_loss":0,"event_name":"Living Wall","floor":3,"gold_loss":0,"cards_upgraded":["animator:Alexander"]}],"is_beta":false,"boss_relics":[],"items_purged_floors":[],"is_endless":false,"potions_floor_spawned":[1],"killed_by":"Gremlin Nob","ascension_level":20}}