{"host":"v4pe0ixo3k7iwzp0","time":1612307238,"event":{"mods":["Ascension Reborn","BaseMod","Bestiary","Highlight Path","Minty Spire (QoL Compilation)","StSLib","The Marked","The Servant 0.9.4"],"gold_per_floor":[114,132,23,98,113,148,148,167,238,238,238,238,238,257,257,355,355,324,335,250,83,83,83,95,95,95,95,107,107,124,141,141,240,240,259,270,270,270],"floor_reached":37,"language":"ENG","playtime":3574,"items_purged":[],"score":396,"play_id":"f47b2353-596c-46ba-9766-4737b18a7c46","local_time":"20210202150718","is_ascension_mode":true,"campfire_choices":[{"floor":7.0,"key":"REST"},{"data":"BestPractice","floor":10.0,"key":"SMITH"},{"floor":12.0,"key":"REST"},{"data":"ReturningBlade","floor":15.0,"key":"SMITH"},{"floor":23.0,"key":"REST"},{"data":"Apotheosis","floor":29,"key":"SMITH"},{"floor":32,"key":"REST"}],"circlet_count":0,"master_deck":["Strike_S","Strike_S","Defend_S","Defend_S","Defend_S","Defend_S","KidneyShot","Exchange","TimeWarp","FastForward","ReturningBlade+1","MoonPhase","BestPractice+1","TimeWarp","Defy","Dilation","FloweringNight","Apotheosis+1","Defy","SilverBlades","Read","Moonlight","ReturningBlade+1"],"relics":["Uniform","NeowsBlessing","Mango","Letter Opener","Torii","StoneMask","Bronze Scales","InkBottle","Busted Crown"],"acts_visited":["Exordium","TheCity","TheBeyond"],"potions_floor_usage":[28,31,31,33],"damage_taken":[{"damage":0.0,"enemies":"Cultist","floor":1.0,"turns":1.0},{"damage":0.0,"enemies":"Jaw Worm","floor":2.0,"turns":1.0},{"damage":0.0,"enemies":"Small Slimes","floor":5.0,"turns":2.0},{"damage":16.0,"enemies":"3 Sentries","floor":6.0,"turns":6.0},{"damage":4.0,"enemies":"Blue Slaver","floor":8.0,"turns":4.0},{"damage":0.0,"enemies":"Looter","floor":14.0,"turns":4.0},{"damage":24.0,"enemies":"The Guardian","floor":16.0,"turns":10.0},{"damage":8.0,"enemies":"2 Thieves","floor":18.0,"turns":5.0},{"damage":27.0,"enemies":"Shell Parasite","floor":19.0,"turns":7.0},{"damage":10.0,"enemies":"Snecko","floor":24.0,"turns":6.0},{"damage":0,"enemies":"Chosen and Byrds","floor":28,"turns":6},{"damage":14,"enemies":"Snake Plant","floor":30,"turns":5},{"damage":9,"enemies":"Shelled Parasite and Fungi","floor":31,"turns":5},{"damage":36,"enemies":"Automaton","floor":33,"turns":12},{"damage":19,"enemies":"3 Shapes","floor":35,"turns":5},{"damage":37,"enemies":"3 Darklings","floor":36,"turns":5},{"damage":43,"enemies":"Writhing Mass","floor":37,"turns":5}],"seed_played":"6483413557229258306","potions_obtained":[{"floor":1.0,"key":"Block Potion"},{"floor":14.0,"key":"LiquidBronze"},{"floor":16.0,"key":"DistilledChaos"},{"floor":24.0,"key":"Block Potion"},{"floor":28,"key":"Explosive Potion"},{"floor":31,"key":"EssenceOfSteel"}],"is_trial":false,"path_per_floor":["M","M","$","?","M","E","R","M","T","R","?","R","T","M","R","B",null,"M","M","?","$","?","R","M","?","T","$","M","R","M","M","R","B",null,"M","M","M"],"character_chosen":"THE_SERVANT","items_purchased":["ReturningBlade","MoonPhase","Apotheosis"],"campfire_rested":4,"item_purchase_floors":[3,3,21],"current_hp_per_floor":[65,65,65,54,54,52,75,71,71,71,64,79,79,79,79,55,79,74,50,50,50,50,74,67,67,67,67,73,73,62,59,85,52,88,74,40,0,0],"gold":270,"neow_bonus":"THREE_ENEMY_KILL","is_daily":false,"chose_seed":false,"campfire_upgraded":3,"win_rate":0.0,"timestamp":1612307238,"path_taken":["M","?","$","?","M","E","R","M","T","R","?","R","?","M","R","BOSS","M","M","?","$","?","R","M","?","T","$","M","R","M","M","R","BOSS","M","M","M"],"items_purchased_type":["Card","Card","Card"],"build_version":"2020-12-22","purchased_purges":0,"victory":false,"max_hp_per_floor":[65,65,65,65,65,79,79,79,79,79,79,79,79,79,79,79,79,80,81,81,81,81,81,82,82,82,82,84,84,85,87,87,88,88,91,92,92,92],"card_choices":[{"not_picked":["StarChef","ReturningBlade"],"picked":"TimeWarp","floor":1.0},{"not_picked":["StarChef","DoubleEdge"],"picked":"FastForward","floor":2.0},{"not_picked":["Shuttle","Contraction"],"picked":"BestPractice","floor":5.0},{"not_picked":["DoubleEdge","SilverBlades"],"picked":"TimeWarp","floor":6.0},{"not_picked":["Starlight","BottledTime"],"picked":"Defy","floor":8.0},{"not_picked":["BestPractice","Unruled"],"picked":"Dilation","floor":14.0},{"not_picked":["LightFlow","Duplication"],"picked":"FloweringNight","floor":16.0},{"not_picked":["Starlight","FanOfKnives+1","Unruled"],"picked":"SKIP","floor":18.0},{"not_picked":["SpecialFormula","Spin+1","InstantArmor+1"],"picked":"SKIP","floor":19.0},{"not_picked":["Spin","RealityMarble"],"picked":"Defy","floor":24.0},{"not_picked":["SpecialFormula","Unruled"],"picked":"SilverBlades","floor":28},{"not_picked":["Sabotage+1","Collapse"],"picked":"Read","floor":30},{"not_picked":["Ricochet","ShatteredReality"],"picked":"Moonlight","floor":31},{"not_picked":[],"picked":"ReturningBlade+1","floor":35},{"not_picked":["Misdirection"],"picked":"SKIP","floor":36}],"player_experience":165005,"relics_obtained":[{"floor":6.0,"key":"Mango"},{"floor":9.0,"key":"Letter Opener"},{"floor":13.0,"key":"Torii"},{"floor":26.0,"key":"InkBottle"}],"event_choices":[{"damage_healed":0.0,"max_hp_gain":0.0,"max_hp_loss":0.0,"gold_gain":75.0,"event_name":"World of Goop","player_choice":"Gather Gold","floor":4.0,"gold_loss":0.0,"damage_taken":11.0},{"cards_removed":["Strike_S"],"damage_healed":0.0,"max_hp_gain":0.0,"max_hp_loss":0.0,"gold_gain":0.0,"event_name":"Golden Wing","player_choice":"Card Removal","floor":11.0,"gold_loss":0.0,"damage_taken":7.0},{"damage_healed":0.0,"max_hp_gain":0.0,"max_hp_loss":0.0,"gold_gain":0.0,"event_name":"Addict","player_choice":"Obtained Relic","floor":20.0,"gold_loss":85.0,"damage_taken":0.0,"relics_obtained":["Bronze Scales"]},{"damage_healed":0.0,"max_hp_gain":0.0,"max_hp_loss":0.0,"gold_gain":0.0,"event_name":"Ghosts","player_choice":"Ignored","floor":22.0,"gold_loss":0.0,"damage_taken":0.0},{"cards_removed":["Strike_S"],"damage_healed":0.0,"max_hp_gain":0.0,"max_hp_loss":0.0,"gold_gain":0.0,"event_name":"Purifier","player_choice":"Purged","floor":25.0,"gold_loss":0.0,"damage_taken":0.0}],"is_beta":false,"boss_relics":[{"not_picked":["Astrolabe","Pandora\u0027s Box"],"picked":"StoneMask"},{"not_picked":["Cursed Key","SacredBark"],"picked":"Busted Crown"}],"items_purged_floors":[],"is_endless":false,"potions_floor_spawned":[1,14,16,24,28,31],"killed_by":"Writhing Mass","ascension_level":0}}