{"host":"eswokialmqjd9jwx","time":1612269836,"event":{"mods":["AchievementEnabler","BaseMod","Colored Map","DeckTracker","KOR Keyword Fix","Minty Spire (QoL Compilation)","StSLib","SuperFastMode"],"gold_per_floor":[118,128,143,154,170,170,197,197,197,272,307,307,341,101,101,176,176,187,205,205,222,222,250,250,250,250,250,250,266,191,205,205,205,205],"floor_reached":33,"language":"KOR","playtime":840,"items_purged":["Bash"],"score":570,"play_id":"933328b3-ca22-4b16-b94f-7bce30e11a25","local_time":"20210202214356","is_ascension_mode":true,"campfire_choices":[{"data":"Perfected Strike","floor":6.0,"key":"SMITH"},{"data":"Reckless Charge","floor":8.0,"key":"PURGE"},{"data":"Demon Form","floor":12.0,"key":"SMITH"},{"floor":15.0,"key":"REST"},{"data":"Perfected Strike","floor":24.0,"key":"SMITH"},{"data":"Ghostly","floor":28.0,"key":"SMITH"},{"data":"Flame Barrier","floor":32.0,"key":"SMITH"}],"circlet_count":0,"master_deck":["AscendersBane","Strike_R","Strike_R","Strike_R","Strike_R","Defend_R","Defend_R","Defend_R","Defend_R","Shrug It Off","Twin Strike","Perfected Strike+1","Wild Strike","Demon Form+1","Shrug It Off","Flame Barrier+1","Offering","Twin Strike","Perfected Strike+1","Ghostly+1","Ghostly","Ghostly","Twin Strike","Shrug It Off"],"relics":["Burning Blood","Peace Pipe","Strawberry","Tiny Chest","Mercury Hourglass","Akabeko","Coffee Dripper","Pen Nib","Smiling Mask"],"acts_visited":["Exordium","TheCity"],"potions_floor_usage":[],"damage_taken":[{"damage":4.0,"enemies":"2 Louse","floor":1.0,"turns":2.0},{"damage":7.0,"enemies":"Jaw Worm","floor":2.0,"turns":2.0},{"damage":0.0,"enemies":"Cultist","floor":3.0,"turns":3.0},{"damage":7.0,"enemies":"3 Louse","floor":4.0,"turns":3.0},{"damage":11.0,"enemies":"Blue Slaver","floor":5.0,"turns":4.0},{"damage":8.0,"enemies":"Gremlin Nob","floor":7.0,"turns":3.0},{"damage":30.0,"enemies":"3 Sentries","floor":11.0,"turns":6.0},{"damage":24.0,"enemies":"Lagavulin","floor":13.0,"turns":6.0},{"damage":37.0,"enemies":"The Guardian","floor":16.0,"turns":9.0},{"damage":6.0,"enemies":"Spheric Guardian","floor":18.0,"turns":3.0},{"damage":6.0,"enemies":"Chosen","floor":19.0,"turns":3.0},{"damage":41.0,"enemies":"Centurion and Healer","floor":21.0,"turns":5.0},{"damage":21.0,"enemies":"Book of Stabbing","floor":23.0,"turns":6.0},{"damage":14.0,"enemies":"Shelled Parasite and Fungi","floor":29.0,"turns":3.0},{"damage":4.0,"enemies":"3 Cultists","floor":31.0,"turns":5.0},{"damage":22,"enemies":"Champ","floor":33,"turns":6}],"seed_played":"-3332205711234155397","potions_obtained":[{"floor":1.0,"key":"EssenceOfSteel"},{"floor":2.0,"key":"EntropicBrew"},{"floor":3.0,"key":"DistilledChaos"},{"floor":7.0,"key":"SpeedPotion"}],"is_trial":false,"path_per_floor":["M","M","M","M","M","R","E","R","T","?","E","R","E","$","R","B",null,"M","M","?","M","?","E","R","?","T","T","R","M","?","M","R","B"],"character_chosen":"IRONCLAD","items_purchased":["Akabeko"],"campfire_rested":1,"item_purchase_floors":[14],"current_hp_per_floor":[70,69,75,74,69,69,67,67,74,63,39,39,21,21,45,14,65,65,65,65,30,30,15,15,15,15,15,15,7,7,9,9,0,0],"gold":205,"neow_bonus":"RANDOM_COLORLESS","is_daily":false,"chose_seed":false,"campfire_upgraded":5,"win_rate":0.0,"timestamp":1612269836,"path_taken":["M","M","M","M","M","R","E","R","T","?","E","R","E","$","R","BOSS","M","M","?","M","?","E","R","?","T","?","R","M","?","?","R","BOSS"],"items_purchased_type":["Relic"],"build_version":"2020-12-22","purchased_purges":1,"victory":false,"max_hp_per_floor":[75,75,75,75,75,75,75,75,82,82,82,82,82,82,82,82,82,82,82,82,82,41,41,41,41,41,41,41,41,41,41,41,41,41],"card_choices":[{"not_picked":["Purity","Trip"],"picked":"Dramatic Entrance","floor":0.0},{"not_picked":["Havoc","Burning Pact"],"picked":"Reckless Charge","floor":1.0},{"not_picked":["Clothesline","Clash"],"picked":"Shrug It Off","floor":2.0},{"not_picked":["Warcry","Cleave"],"picked":"Twin Strike","floor":3.0},{"not_picked":["Rampage","Seeing Red"],"picked":"Perfected Strike","floor":4.0},{"not_picked":["Body Slam","Shrug It Off"],"picked":"Wild Strike","floor":5.0},{"not_picked":["Anger","Uppercut"],"picked":"Demon Form","floor":7.0},{"not_picked":["Barricade","Warcry"],"picked":"Shrug It Off","floor":11.0},{"not_picked":["Armaments","Havoc"],"picked":"Flame Barrier","floor":13.0},{"not_picked":["Corruption","Fiend Fire"],"picked":"Offering","floor":16.0},{"not_picked":["Bloodletting+1","Hemokinesis"],"picked":"Twin Strike","floor":18.0},{"not_picked":["Dropkick","Entrench","Blood for Blood"],"picked":"SKIP","floor":19.0},{"not_picked":["Heavy Blade+1","Anger"],"picked":"Perfected Strike","floor":21.0},{"not_picked":["Headbutt","Clothesline"],"picked":"Twin Strike","floor":23.0},{"not_picked":["Armaments","Iron Wave+1","Headbutt+1"],"picked":"SKIP","floor":29.0},{"not_picked":["Heavy Blade","Immolate"],"picked":"Shrug It Off","floor":31.0}],"player_experience":1180562,"relics_obtained":[{"floor":7.0,"key":"Peace Pipe"},{"floor":9.0,"key":"Strawberry"},{"floor":11.0,"key":"Tiny Chest"},{"floor":13.0,"key":"Mercury Hourglass"},{"floor":23.0,"key":"Pen Nib"},{"floor":27.0,"key":"Smiling Mask"}],"event_choices":[{"damage_healed":0.0,"max_hp_gain":0.0,"max_hp_loss":0.0,"gold_gain":75.0,"event_name":"World of Goop","player_choice":"Gather Gold","floor":10.0,"gold_loss":0.0,"damage_taken":11.0},{"damage_healed":0.0,"max_hp_gain":0.0,"max_hp_loss":0.0,"gold_gain":0.0,"event_name":"Vampires","player_choice":"Ignored","floor":20.0,"gold_loss":0.0,"damage_taken":0.0},{"damage_healed":0.0,"max_hp_gain":0.0,"max_hp_loss":41.0,"gold_gain":0.0,"event_name":"Ghosts","player_choice":"Became a Ghost","floor":22.0,"gold_loss":0.0,"damage_taken":0.0,"cards_obtained":["Ghostly","Ghostly","Ghostly"]},{"cards_removed":["Strike_R"],"damage_healed":0.0,"max_hp_gain":0.0,"max_hp_loss":0.0,"gold_gain":0.0,"event_name":"Purifier","player_choice":"Purged","floor":25.0,"gold_loss":0.0,"damage_taken":0.0},{"cards_removed":["Dramatic Entrance"],"damage_healed":0.0,"max_hp_gain":0.0,"max_hp_loss":0.0,"gold_gain":0.0,"event_name":"Beggar","player_choice":"Gave Gold","floor":30.0,"gold_loss":75.0,"damage_taken":0.0}],"is_beta":false,"boss_relics":[{"not_picked":["SacredBark","Fusion Hammer"],"picked":"Coffee Dripper"}],"items_purged_floors":[14],"is_endless":false,"potions_floor_spawned":[1,2,3,7,18,29],"killed_by":"Champ","ascension_level":20}}