{"host":"b7j598ve05halrwk","time":1612305467,"event":{"mods":["2.2 Compatiblity","BaseMod","Block Reminder","DeckTracker","Minty Spire (QoL Compilation)","Relic Stats","Slay the Relics Exporter","StSLib","ojb\u0027s Better Paths Mod","ojb\u0027s Info Mod"],"gold_per_floor":[117,117,117,134,5,34,46,74,74,88,7,35,35,45,45,124,124,138,150,150,166,17,37,37,53,53,53,53],"floor_reached":27,"language":"ENG","playtime":1970,"items_purged":["Strike_R"],"score":425,"play_id":"3c78f855-3270-4e3e-8707-471458af9679","local_time":"20210202173747","is_ascension_mode":true,"campfire_choices":[{"floor":15.0,"key":"REST"},{"floor":24,"key":"REST"}],"circlet_count":0,"master_deck":["AscendersBane","Strike_R","Strike_R","Strike_R","Defend_R","Defend_R","Defend_R","Defend_R","Bash","Feed","Carnage","Limit Break","Thunderclap","Cleave","Feel No Pain","Hemokinesis","Pummel","True Grit","Inflame","Armaments","Metallicize","Offering","Pommel Strike+1","Battle Trance","Rupture","True Grit","Flame Barrier","Headbutt"],"relics":["Burning Blood","Question Card","Singing Bowl","Pantograph","Philosopher\u0027s Stone","Akabeko"],"acts_visited":["Exordium","TheCity"],"potions_floor_usage":[23],"damage_taken":[{"damage":11.0,"enemies":"Small Slimes","floor":1.0,"turns":5.0},{"damage":8.0,"enemies":"2 Louse","floor":4.0,"turns":3.0},{"damage":20.0,"enemies":"3 Sentries","floor":6.0,"turns":3.0},{"damage":1.0,"enemies":"Cultist","floor":7.0,"turns":4.0},{"damage":33.0,"enemies":"Lagavulin","floor":8.0,"turns":7.0},{"damage":11.0,"enemies":"Large Slime","floor":10.0,"turns":8.0},{"damage":25.0,"enemies":"Gremlin Nob","floor":12.0,"turns":5.0},{"damage":5.0,"enemies":"Red Slaver","floor":14.0,"turns":3.0},{"damage":50.0,"enemies":"Hexaghost","floor":16.0,"turns":13.0},{"damage":23.0,"enemies":"2 Thieves","floor":18.0,"turns":3.0},{"damage":8.0,"enemies":"Spheric Guardian","floor":19.0,"turns":4.0},{"damage":26,"enemies":"Snake Plant","floor":21,"turns":4},{"damage":18,"enemies":"Cultist and Chosen","floor":23,"turns":4},{"damage":38,"enemies":"3 Cultists","floor":25,"turns":5},{"damage":39,"enemies":"Shelled Parasite and Fungi","floor":27,"turns":3}],"seed_played":"6273028586864251724","potions_obtained":[{"floor":1.0,"key":"ColorlessPotion"},{"floor":6.0,"key":"Explosive Potion"},{"floor":10.0,"key":"Block Potion"},{"floor":14.0,"key":"SpeedPotion"},{"floor":16.0,"key":"SkillPotion"},{"floor":21,"key":"Ancient Potion"},{"floor":25,"key":"SteroidPotion"}],"is_trial":false,"path_per_floor":["M","?","?","M","$","E","M","E","T","M","$","E","?","M","R","B",null,"M","M","?","M","$","M","R","M","T","M"],"character_chosen":"IRONCLAD","items_purchased":["Cleave","Inflame","Battle Trance","Rupture","True Grit"],"campfire_rested":2,"item_purchase_floors":[5,11,22,22,22],"current_hp_per_floor":[66,59,59,60,60,49,54,30,30,28,28,9,9,14,42,23,76,64,67,57,40,40,28,60,28,28,0,0],"gold":53,"neow_bonus":"THREE_RARE_CARDS","is_daily":false,"chose_seed":false,"campfire_upgraded":0,"win_rate":0.0,"timestamp":1612305467,"path_taken":["M","?","?","M","$","E","M","E","T","?","$","E","?","M","R","BOSS","M","M","?","M","$","M","R","?","T","M"],"items_purchased_type":["Card","Card","Card","Card","Card"],"build_version":"2020-12-22","purchased_purges":1,"victory":false,"max_hp_per_floor":[78,78,78,81,81,84,84,87,87,90,90,90,90,94,94,94,94,99,104,104,107,107,107,107,107,107,107,107],"relic_stats":{"Singing Bowl":4,"counters":[15,74],"Pantograph":25,"Question Card":11,"obtain_stats":[{"Singing Bowl":8,"Pantograph":12,"Philosopher\u0027s Stone":17,"Question Card":6,"Burning Blood":0,"Akabeko":26},{"Singing Bowl":5,"Pantograph":7,"Philosopher\u0027s Stone":9,"Question Card":3,"Burning Blood":0,"Akabeko":14},{"Singing Bowl":22,"Pantograph":35,"Philosopher\u0027s Stone":51,"Question Card":11,"Burning Blood":0,"Akabeko":71}],"Burning Blood":84},"card_choices":[{"not_picked":["Limit Break","Fiend Fire"],"picked":"Feed","floor":0.0},{"not_picked":["Clash","Headbutt"],"picked":"Carnage","floor":1.0},{"not_picked":["Sentinel","Warcry"],"picked":"Thunderclap","floor":4.0},{"not_picked":["Sentinel","Burning Pact"],"picked":"Feel No Pain","floor":6.0},{"not_picked":["Flex","Body Slam","Twin Strike"],"picked":"Hemokinesis","floor":7.0},{"not_picked":["Cleave","Body Slam","Berserk"],"picked":"Pummel","floor":8.0},{"not_picked":["Heavy Blade","Wild Strike","Burning Pact"],"picked":"True Grit","floor":10.0},{"not_picked":["Clothesline","Iron Wave","Thunderclap"],"picked":"Armaments","floor":12.0},{"not_picked":["Armaments","Heavy Blade","Whirlwind"],"picked":"Metallicize","floor":14.0},{"not_picked":["Juggernaut","Bludgeon","Feed"],"picked":"Offering","floor":16.0},{"not_picked":["Pommel Strike","Clash","Dual Wield","Twin Strike+1"],"picked":"Singing Bowl","floor":18.0},{"not_picked":["Twin Strike","Body Slam+1","Perfected Strike","Iron Wave"],"picked":"Singing Bowl","floor":19.0},{"not_picked":["Wild Strike","Cleave","Combust"],"picked":"Pommel Strike+1","floor":21},{"not_picked":["Seeing Red","Flex","Burning Pact+1"],"picked":"Flame Barrier","floor":23},{"not_picked":["Anger","Sword Boomerang","Iron Wave"],"picked":"Headbutt","floor":25}],"player_experience":1099172,"relics_obtained":[{"floor":6.0,"key":"Question Card"},{"floor":8.0,"key":"Singing Bowl"},{"floor":12.0,"key":"Pantograph"},{"floor":26,"key":"Akabeko"}],"event_choices":[{"cards_removed":["Injury"],"damage_healed":0.0,"max_hp_gain":0.0,"max_hp_loss":0.0,"gold_gain":0.0,"event_name":"Golden Wing","player_choice":"Card Removal","floor":2.0,"gold_loss":0.0,"damage_taken":7.0},{"damage_healed":0.0,"max_hp_gain":0.0,"max_hp_loss":0.0,"gold_gain":0.0,"cards_transformed":["Strike_R"],"event_name":"Transmorgrifier","player_choice":"Transformed","floor":3.0,"gold_loss":0.0,"damage_taken":0.0,"cards_obtained":["Limit Break"]},{"damage_healed":0.0,"max_hp_gain":0.0,"max_hp_loss":0.0,"gold_gain":0.0,"event_name":"Scrap Ooze","player_choice":"Fled","floor":13.0,"gold_loss":0.0,"damage_taken":0.0},{"damage_healed":0.0,"max_hp_gain":0.0,"max_hp_loss":0.0,"gold_gain":0.0,"event_name":"Wheel of Change","player_choice":"Damaged","floor":20.0,"gold_loss":0.0,"damage_taken":10.0}],"is_beta":false,"boss_relics":[{"not_picked":["Empty Cage","Busted Crown"],"picked":"Philosopher\u0027s Stone"}],"items_purged_floors":[5],"is_endless":false,"potions_floor_spawned":[1,6,10,14,16,21,25],"killed_by":"Shelled Parasite and Fungi","ascension_level":14}}