{"host":"vhu12qr9yy4p5pn7","time":1612276128,"event":{"mods":["Arknights","BaseMod","Decade(Õı–°√˜)","GungeonMod","KinomotoSakuraMod(ƒæ÷Æ±æ”£)","Kratos Character Expansion","Minty Spire (QoL Compilation)","Pikachu Mod","Reimu£®≤©¿ˆ¡È√Œ£©","Replay The Spire","StSLib","The Bug Knight","The Dragon Tamer","Warlord Emblem","Youmu£®ªÍ∆«—˝√Œ£©"],"gold_per_floor":[115,312,332,258,258,273,293,293,293,253,253,253,269,269,269,269,269],"floor_reached":16,"language":"ZHS","playtime":490,"items_purged":[],"score":90,"play_id":"ef775d01-1099-4c67-9e3f-0b3e459bee3a","local_time":"20210202222848","is_ascension_mode":false,"campfire_choices":[{"floor":8,"key":"REST"},{"floor":11,"key":"REST"},{"data":"ats:Strike G","floor":15,"key":"SMITH"}],"circlet_count":0,"master_deck":["ats:Strike C","ats:Strike G+1","ats:Strike S+1","ats:Strike V","ats:Armor Crushing Shot","ats:Defend","ats:Defend","ats:Defend","ats:Defend","ats:Emotion Absorption","ats:Chain Hook","ats:Closed Bolt Burst Fire","ats:Consecutive Shot Auto","ats:Sunburst","Writhe","ats:Apocalypse","ats:Cat Scratch","ats:Explosion Area Strengthen","ats:Powerful Strike"],"relics":["ats:Sanity","ReplayTheSpireMod:TigerMarble"],"acts_visited":["Exordium"],"potions_floor_usage":[],"damage_taken":[{"damage":4,"enemies":"Small Slimes","floor":1,"turns":5},{"damage":8,"enemies":"Jaw Worm","floor":3,"turns":3},{"damage":12,"enemies":"Cultist","floor":6,"turns":5},{"damage":9,"enemies":"Looter","floor":7,"turns":3},{"damage":0,"enemies":"Exordium Thugs","floor":13,"turns":3},{"damage":83,"enemies":"The Guardian","floor":16,"turns":9}],"seed_played":"-664167928149972577","potions_obtained":[{"floor":7,"key":"Adrenaline Potion"}],"is_trial":false,"path_per_floor":["M","?","M","$","?","M","M","R","T","?","R","?","M","?","R","B"],"character_chosen":"DOCTOR_CLASS","items_purchased":["ats:Sunburst"],"campfire_rested":2,"item_purchase_floors":[4],"current_hp_per_floor":[75,44,36,36,36,32,23,46,46,46,69,69,69,69,69,0,0],"gold":269,"neow_bonus":"TEN_PERCENT_HP_BONUS","is_daily":false,"chose_seed":false,"campfire_upgraded":1,"win_rate":0.0,"timestamp":1612276128,"path_taken":["M","?","M","?","?","M","?","R","T","?","R","?","M","?","R","BOSS"],"items_purchased_type":["Card"],"build_version":"2020-12-22","purchased_purges":0,"victory":false,"max_hp_per_floor":[79,79,79,79,79,79,79,79,79,79,79,79,79,79,79,79,79],"card_choices":[{"not_picked":["ats:Hammer On","ats:Defend Order"],"picked":"ats:Chain Hook","floor":1},{"not_picked":["ats:Apocalypse","ats:Charging Defense"],"picked":"ats:Closed Bolt Burst Fire","floor":2},{"not_picked":["ats:Guard Mode","ats:Cat Scratch"],"picked":"ats:Consecutive Shot Auto","floor":3},{"not_picked":["ats:Consecutive Shot Auto","ats:Spore Proliferation"],"picked":"ats:Cat Scratch","floor":6},{"not_picked":["ats:Flexible Camouflage","ats:Guard Mode"],"picked":"ats:Explosion Area Strengthen","floor":7},{"not_picked":["ats:Steam Pump","ats:Absolute Focus"],"picked":"ats:Powerful Strike","floor":13}],"player_experience":162609,"relics_obtained":[{"floor":9,"key":"ReplayTheSpireMod:TigerMarble"}],"event_choices":[{"damage_healed":0,"gold_gain":0,"player_choice":"2 cards matched","damage_taken":0,"max_hp_gain":0,"max_hp_loss":0,"event_name":"Match and Keep!","floor":5,"gold_loss":0,"cards_obtained":["Writhe","ats:Apocalypse"]},{"damage_healed":0,"gold_gain":0,"player_choice":"Left Gold","damage_taken":0,"max_hp_gain":0,"max_hp_loss":0,"event_name":"World of Goop","floor":10,"gold_loss":40},{"damage_healed":0,"gold_gain":0,"player_choice":"Ignored","damage_taken":0,"max_hp_gain":0,"max_hp_loss":0,"event_name":"Golden Wing","floor":14,"gold_loss":0}],"is_beta":false,"boss_relics":[],"items_purged_floors":[],"is_endless":false,"potions_floor_spawned":[7],"killed_by":"The Guardian","ascension_level":0}}