{"host":"uv5ws9rdk87e8i5k","time":1612234851,"event":{"mods":["AchievementEnabler","BaseMod","Colored Map","Minty Spire (QoL Compilation)","Permanent Neow","Quick Restart","StSLib","SuperFastMode","The Necromancer"],"gold_per_floor":[111,111,125,141,155,189,189,206,206,241,241,316,343,355,355,457,457,474,490,490,589,589,624,640,659,712,725,754,770,789,259,259,357,357,377,397,397,748,798,831,831,605,631,651,84,101,120,134,134,134,134,134,5,40,40],"floor_reached":56,"language":"ENG","playtime":1471,"items_purged":["Strike_W","Strike_W","Strike_W"],"score":1416,"play_id":"fcbbb850-5f9a-49a8-ac4e-955fc0dd7a08","local_time":"20210201210051","is_ascension_mode":true,"campfire_choices":[{"data":"Spectral_Armor","floor":7.0,"key":"SMITH"},{"data":"Negative_Energy_Sphere","floor":11.0,"key":"SMITH"},{"data":"Negative_Energy_Arrows","floor":15.0,"key":"SMITH"},{"floor":32,"key":"RECALL"},{"data":"Summon_Undead_Army","floor":41,"key":"SMITH"},{"data":"Negative_Energy_Burst","floor":49,"key":"SMITH"},{"data":"Skeleton_Dragon","floor":52,"key":"SMITH"}],"circlet_count":0,"master_deck":["Defend_W","Defend_W","Defend_W","Defend_W","Negative_Energy_Arrows+1","Bone_Wall","Hellfire","Negative_Energy_Sphere+1","Spectral_Armor+1","Negative_Energy_Burst+1","Plague_Bolt","Summon_Undead","Blood_Wake+1","Summon_Undead","Violent_Necrosis","Negative_Energy_Burst","Summon_Death_Knight","Summon_Undead_Army+1","Summon_Undead_Army","Cloudkill","Skeleton_Dragon+1","Cloudkill","Requiem","Skeleton_Dragon+1"],"relics":["Vampire_Amulet","Oddly Smooth Stone","Meat on the Bone","Omamori","Torii","Snecko Eye","StoneCalendar","Tiny Chest","Blue Candle","Membership Card","FossilizedHelix","Singing Bowl","Calling Bell","Bag of Marbles","Pantograph","Ice Cream","Old Coin","Mummified Hand","Toy Ornithopter","Art of War","Bottled Tornado","Happy Flower","ClockworkSouvenir","DollysMirror","Bird Faced Urn"],"acts_visited":["Exordium","TheCity","TheBeyond","TheEnding"],"potions_floor_usage":[25,27,28,30,33,36,38,50,50,50,54,55],"damage_taken":[{"damage":6.0,"enemies":"Small Slimes","floor":1.0,"turns":2.0},{"damage":0.0,"enemies":"2 Louse","floor":3.0,"turns":2.0},{"damage":4.0,"enemies":"Jaw Worm","floor":4.0,"turns":3.0},{"damage":13.0,"enemies":"Exordium Thugs","floor":5.0,"turns":6.0},{"damage":0.0,"enemies":"3 Sentries","floor":6.0,"turns":7.0},{"damage":2.0,"enemies":"Exordium Wildlife","floor":8.0,"turns":3.0},{"damage":41.0,"enemies":"Gremlin Nob","floor":10.0,"turns":7.0},{"damage":11.0,"enemies":"Lagavulin","floor":13.0,"turns":7.0},{"damage":9.0,"enemies":"Large Slime","floor":14.0,"turns":4.0},{"damage":1.0,"enemies":"Slime Boss","floor":16.0,"turns":9.0},{"damage":3.0,"enemies":"3 Byrds","floor":18.0,"turns":3.0},{"damage":3.0,"enemies":"Shell Parasite","floor":19.0,"turns":3.0},{"damage":12.0,"enemies":"Book of Stabbing","floor":23.0,"turns":5.0},{"damage":2.0,"enemies":"Snake Plant","floor":24.0,"turns":4.0},{"damage":5,"enemies":"Cultist and Chosen","floor":25,"turns":3},{"damage":3,"enemies":"3 Cultists","floor":27,"turns":3},{"damage":16,"enemies":"Slavers","floor":28,"turns":4},{"damage":0,"enemies":"Sentry and Sphere","floor":29,"turns":4},{"damage":1,"enemies":"Chosen and Byrds","floor":30,"turns":4},{"damage":25,"enemies":"Champ","floor":33,"turns":7},{"damage":0,"enemies":"3 Shapes","floor":35,"turns":1},{"damage":0,"enemies":"3 Darklings","floor":36,"turns":3},{"damage":34,"enemies":"2 Orb Walkers","floor":38,"turns":3},{"damage":8,"enemies":"Reptomancer","floor":40,"turns":5},{"damage":0,"enemies":"Transient","floor":44,"turns":5},{"damage":3,"enemies":"4 Shapes","floor":46,"turns":2},{"damage":0,"enemies":"3 Darklings","floor":47,"turns":2},{"damage":0,"enemies":"Transient","floor":48,"turns":5},{"damage":31,"enemies":"Time Eater","floor":50,"turns":8},{"damage":5,"enemies":"Shield and Spear","floor":54,"turns":3},{"damage":35,"enemies":"The Heart","floor":55,"turns":5}],"seed_played":"-2892220093674093350","potions_obtained":[{"floor":1.0,"key":"Energy Potion"},{"floor":5.0,"key":"ColorlessPotion"},{"floor":13.0,"key":"Swift Potion"},{"floor":14.0,"key":"Explosive Potion"},{"floor":23.0,"key":"SpeedPotion"},{"floor":24.0,"key":"ColorlessPotion"},{"floor":28,"key":"EssenceOfSteel"},{"floor":33,"key":"LiquidBronze"},{"floor":35,"key":"SteroidPotion"},{"floor":46,"key":"Energy Potion"},{"floor":54,"key":"Block Potion"}],"is_trial":false,"path_per_floor":["M","?","M","M","M","E","R","M","T","E","R","?","E","M","R","B",null,"M","M","?","?","?","E","M","M","T","M","E","M","M","$","R","B",null,"M","M","?","?","T","E","R","$","T","M","$","M","M","M","R","B",null,"R","$","E","B",null],"character_chosen":"NECROMANCER","items_purchased":["Membership Card","FossilizedHelix","Singing Bowl","DuplicationPotion","Explosive Potion","Summon_Undead_Army","Cloudkill","Toy Ornithopter","SkillPotion","Bottled Tornado","Skeleton_Dragon","Happy Flower","Cloudkill","ClockworkSouvenir","Strength Potion","SmokeBomb","DollysMirror","SneckoOil"],"campfire_rested":0,"item_purchase_floors":[31,31,31,31,31,42,42,42,42,45,45,45,45,45,45,45,53,53],"current_hp_per_floor":[73,73,75,73,64,70,70,72,72,45,45,34,37,44,44,51,75,75,74,60,60,60,53,53,58,58,61,51,58,67,67,67,64,80,82,84,84,56,56,60,60,60,60,64,64,71,76,92,92,68,92,92,92,94,72],"gold":40,"neow_bonus":"ONE_RANDOM_RARE_CARD","is_daily":false,"chose_seed":false,"campfire_upgraded":6,"win_rate":0.0,"timestamp":1612234851,"path_taken":["M","?","M","M","M","E","R","M","T","E","R","?","E","M","R","BOSS","M","M","?","?","?","E","M","M","T","M","E","M","?","$","R","BOSS","M","M","?","?","?","E","R","?","T","?","$","M","M","M","R","BOSS","R","$","E","BOSS"],"items_purchased_type":["Relic","Relic","Relic","Potion","Potion","Card","Card","Relic","Potion","Relic","Card","Relic","Card","Relic","Potion","Potion","Relic","Potion"],"build_version":"2020-12-22","purchased_purges":3,"victory":true,"max_hp_per_floor":[75,75,75,75,75,75,75,75,75,75,75,75,75,75,75,75,75,75,75,80,80,80,80,80,80,80,80,80,80,80,80,80,80,80,82,84,84,86,86,86,86,86,86,88,88,90,90,92,92,92,92,92,92,94,94],"card_choices":[{"not_picked":["Flesh_Made_Foul","Thousand_Bone_Knives","Strike_from_Beyond"],"picked":"SKIP","floor":1.0},{"not_picked":["Toxic_Smoke_Screen","Chill_Blood","Deaths_Shadow"],"picked":"SKIP","floor":3.0},{"not_picked":["Bone_Shift","Negative_Energy_Shield"],"picked":"Negative_Energy_Sphere","floor":4.0},{"not_picked":["Necrotic_Claws","Negative_Energy_Shield"],"picked":"Spectral_Armor","floor":5.0},{"not_picked":["Deaths_Shadow","Blood_Curse"],"picked":"Negative_Energy_Burst","floor":6.0},{"not_picked":["Deaths_Shadow","Shackles_Of_Pain","Bones_to_Steel"],"picked":"SKIP","floor":8.0},{"not_picked":["Blood_Is_Power","Negative_Energy_Mist"],"picked":"Plague_Bolt","floor":10.0},{"not_picked":["Finger_Of_Death","Bone_Bullets"],"picked":"Summon_Undead","floor":13.0},{"not_picked":["Negative_Energy_Shield","Plague_Bolt","Bone_Spikes"],"picked":"SKIP","floor":14.0},{"not_picked":["Skeleton_Dragon","Blood_Magic"],"picked":"Blood_Wake","floor":16.0},{"not_picked":["Life_Drain","Violent_Necrosis"],"picked":"Summon_Undead","floor":18.0},{"not_picked":["Consume_Illness","Vampiric_Strike"],"picked":"Violent_Necrosis","floor":19.0},{"not_picked":["Strike_from_Beyond","Chill_Blood+1","Exploit"],"picked":"SKIP","floor":23.0},{"not_picked":["Spectral_Walk+1","Bone_Armory","Shackles_Of_Pain"],"picked":"SKIP","floor":24.0},{"not_picked":["Death_March_Dance","Shackles_Of_Pain"],"picked":"Negative_Energy_Burst","floor":25},{"not_picked":["Finger_Of_Death","Blood_Curse","Vampiric_Strike"],"picked":"SKIP","floor":27},{"not_picked":["Bones_to_Steel","Blood_Whip+1","Scare"],"picked":"SKIP","floor":28},{"not_picked":["Blood_Magic","Death_March_Dance+1","Negative_Energy_Mist+1"],"picked":"SKIP","floor":29},{"not_picked":["Bone_Armor","Chill_Blood","Bone_Spikes"],"picked":"SKIP","floor":30},{"not_picked":["Cloudkill","Negative_Energy_Bomb"],"picked":"Summon_Death_Knight","floor":33},{"not_picked":["Acid_Javelin","Chill_Blood+1","Scare+1"],"picked":"Singing Bowl","floor":35},{"not_picked":["Blood_Shield","Negative_Energy_Javelin+1","Chill_Blood"],"picked":"Singing Bowl","floor":36},{"not_picked":["Shade_Step","Blood_Whip+1","Bones_to_Steel"],"picked":"Singing Bowl","floor":38},{"not_picked":["Death_March_Dance","Death_Coil"],"picked":"Summon_Undead_Army","floor":40},{"not_picked":["Death_Knell+1","Chill_Blood","Toxic_Smoke_Screen+1"],"picked":"Singing Bowl","floor":44},{"not_picked":["Negative_Energy_Javelin","Bone_Armor+1","Negative_Energy_Mist+1"],"picked":"Singing Bowl","floor":46},{"not_picked":["Bone_Shift","Stop_Heart"],"picked":"Requiem","floor":47},{"not_picked":["Blood_Whip","Negative_Energy_Shield+1","Scare+1"],"picked":"Singing Bowl","floor":48},{"not_picked":["Acid_Javelin+1","Negative_Energy_Mist","Life_Drain"],"picked":"Singing Bowl","floor":54}],"player_experience":334260,"relics_obtained":[{"floor":6.0,"key":"Oddly Smooth Stone"},{"floor":9.0,"key":"Meat on the Bone"},{"floor":10.0,"key":"Omamori"},{"floor":13.0,"key":"Torii"},{"floor":23.0,"key":"StoneCalendar"},{"floor":26,"key":"Tiny Chest"},{"floor":28,"key":"Blue Candle"},{"floor":34,"key":"Bag of Marbles"},{"floor":34,"key":"Pantograph"},{"floor":34,"key":"Ice Cream"},{"floor":38,"key":"Old Coin"},{"floor":40,"key":"Mummified Hand"},{"floor":43,"key":"Art of War"},{"floor":54,"key":"Bird Faced Urn"}],"event_choices":[{"damage_healed":0.0,"max_hp_gain":0.0,"max_hp_loss":0.0,"gold_gain":0.0,"event_name":"Liars Game","player_choice":"Ignored","floor":2.0,"gold_loss":0.0,"damage_taken":0.0},{"damage_healed":0.0,"max_hp_gain":0.0,"max_hp_loss":0.0,"gold_gain":75.0,"event_name":"World of Goop","player_choice":"Gather Gold","floor":12.0,"gold_loss":0.0,"damage_taken":11.0},{"damage_healed":0.0,"max_hp_gain":5.0,"max_hp_loss":0.0,"gold_gain":0.0,"event_name":"Forgotten Altar","player_choice":"Shed Blood","floor":20.0,"gold_loss":0.0,"damage_taken":19.0},{"damage_healed":0.0,"max_hp_gain":0.0,"max_hp_loss":0.0,"gold_gain":99.0,"event_name":"Nest","player_choice":"Stole From Cult","floor":21.0,"gold_loss":0.0,"damage_taken":0.0},{"damage_healed":0.0,"max_hp_gain":0.0,"max_hp_loss":0.0,"gold_gain":0.0,"event_name":"Accursed Blacksmith","player_choice":"Forge","floor":22.0,"gold_loss":0.0,"damage_taken":0.0,"cards_upgraded":["Blood_Wake"]},{"cards_removed":["Strike_W"],"damage_healed":0,"gold_gain":0,"player_choice":"Removed Attack","damage_taken":0,"max_hp_gain":0,"max_hp_loss":0,"event_name":"Falling","floor":37,"gold_loss":0},{"damage_healed":0,"gold_gain":0,"player_choice":"Fight","damage_taken":0,"max_hp_gain":0,"max_hp_loss":0,"event_name":"Mysterious Sphere","floor":38,"gold_loss":0}],"is_beta":false,"boss_relics":[{"not_picked":["Pandora\u0027s Box","Coffee Dripper"],"picked":"Snecko Eye"},{"not_picked":["Runic Pyramid","Empty Cage"],"picked":"Calling Bell"}],"items_purged_floors":[31,42,45],"is_endless":false,"potions_floor_spawned":[1,5,13,14,23,24,28,33,35,46,47,48,54],"ascension_level":1}}