{"host":"m6aaltr68g9tvoay","time":1612228740,"event":{"mods":["AchievementEnabler","BaseMod","Colored Map","Downfall","Minty Spire (QoL Compilation)","StSLib"],"gold_per_floor":[99,110,123,2,2,27,52,52,72,72,72,222,241,267,291,390,390,290,304,321,321,108,58,58,43,57,85,104,4,20,20,20,20,20],"floor_reached":32,"language":"ENG","playtime":3389,"items_purged":["hexamod:Strike"],"score":317,"play_id":"4cbf0095-acb9-4c81-b3e4-572075202b6b","local_time":"20210201171900","is_ascension_mode":true,"campfire_choices":[{"floor":1,"key":"RECALL"},{"data":"hexamod:GhostflameBarrier","floor":8,"key":"SMITH"},{"floor":10,"key":"REST"},{"data":"hexamod:Incineration","floor":18,"key":"SMITH"},{"floor":29,"key":"REST"}],"circlet_count":0,"master_deck":["hexamod:Sear+1","hexamod:Float","hexamod:SecondSeal","hexamod:SwordOfDarkness","hexamod:EtherealExpedition+1","hexamod:GhostflameBarrier+1","hexamod:HauntingEcho","hexamod:SoulSteal","hexamod:GhostLash","downfall:Icky","hexamod:Incineration+1","hexamod:ShieldOfDarkness","hexamod:HeatMetal+1","hexamod:SixthSeal","hexamod:RadiantFlame","hexamod:NightmareGuise+1","hexamod:WildfireWeapon+1","hexamod:PhantomFireball+1","hexamod:VolcanoVisage","hexamod:SpectersWail","hexamod:Hexaguard+1","hexamod:ShieldOfDarkness+1","hexamod:SpectralSpark","hexamod:HeatShield","Ghostly","Ghostly","Ghostly","hexamod:CouncilsJustice","hexamod:CouncilsJustice","hexamod:CouncilsJustice"],"relics":["hexamod:SpiritBrand","Blood Vial","Art of War","Black Star","downfall:HeartBlessingRed","downfall:HeartBlessingBlue"],"acts_visited":["Exordium","TheCity"],"potions_floor_usage":[14,16,16,16,20,22,26,30],"damage_taken":[{"damage":13,"enemies":"Jaw Worm","floor":2,"turns":4},{"damage":0,"enemies":"Small Slimes","floor":3,"turns":3},{"damage":0,"enemies":"downfall:FleeingMerchant","floor":4,"turns":4},{"damage":0,"enemies":"Cultist","floor":6,"turns":3},{"damage":3,"enemies":"Blue Slaver","floor":9,"turns":3},{"damage":12,"enemies":"Exordium Thugs","floor":13,"turns":4},{"damage":31,"enemies":"Gremlin Nob","floor":14,"turns":4},{"damage":0,"enemies":"Large Slime","floor":15,"turns":3},{"damage":28,"enemies":"WA_ARCHETYPE_RETAIN","floor":16,"turns":7},{"damage":8,"enemies":"3 Byrds","floor":19,"turns":4},{"damage":36,"enemies":"Sentry and Sphere","floor":20,"turns":6},{"damage":5,"enemies":"downfall:FleeingMerchant","floor":22,"turns":4},{"damage":0,"enemies":"downfall:FleeingMerchant","floor":25,"turns":4},{"damage":33,"enemies":"Shelled Parasite and Fungi","floor":26,"turns":5},{"damage":16,"enemies":"Centurion and Healer","floor":27,"turns":6},{"damage":26,"enemies":"Snecko","floor":28,"turns":5},{"damage":16,"enemies":"Snake Plant","floor":30,"turns":4},{"damage":27,"enemies":"Shelled Parasite and Fungi","floor":32,"turns":3}],"seed_played":"-6486058402332115277","potions_obtained":[{"floor":2,"key":"FearPotion"},{"floor":3,"key":"FearPotion"},{"floor":9,"key":"ColorlessPotion"},{"floor":14,"key":"Block Potion"},{"floor":16,"key":"Regen Potion"},{"floor":19,"key":"champ:CounterPotion"},{"floor":20,"key":"hexamod:EctoCoolerPotion"},{"floor":27,"key":"SpeedPotion"}],"is_trial":false,"path_per_floor":["R","M","M","$","?","M","T","R","M","R","?","?","M","E","M","B",null,"R","M","M","?","$","?","T","$","M","M","M","R","M","?","M"],"character_chosen":"THE_SPIRIT","items_purchased":["hexamod:GhostflameBarrier","hexamod:HauntingEcho","Fruit Juice","hexamod:SpectersWail"],"campfire_rested":2,"item_purchase_floors":[4,4,22,22],"current_hp_per_floor":[70,57,57,57,57,57,57,57,56,77,77,77,65,36,38,12,61,61,55,35,35,37,68,68,70,39,25,1,38,24,24,0,0,0],"gold":20,"neow_bonus":"TEN_PERCENT_HP_BONUS","is_daily":false,"chose_seed":false,"campfire_upgraded":2,"win_rate":0.0,"timestamp":1612228740,"path_taken":["R","M","M","$","?","M","T","R","M","R","?","?","M","E","M","BOSS","R","M","M","?","?","?","T","$","M","M","M","R","?","?","M"],"items_purchased_type":["Card","Card","Potion","Card"],"build_version":"2020-12-22","purchased_purges":1,"victory":false,"max_hp_per_floor":[77,77,77,77,77,77,77,77,77,77,77,77,77,77,77,77,77,77,77,77,77,82,82,82,82,82,82,82,92,92,46,46,46,46],"card_choices":[{"not_picked":["hexamod:Hexaguard","hexamod:RadiantFlame"],"picked":"hexamod:SecondSeal","floor":2},{"not_picked":["hexamod:Incineration","hexamod:FastForward"],"picked":"hexamod:SwordOfDarkness","floor":3},{"not_picked":["hexamod:SecondSeal","hexamod:FastForward"],"picked":"hexamod:EtherealExpedition","floor":4},{"not_picked":["hexamod:ThermalTransfer","hexamod:GhostOfSpireFuture"],"picked":"hexamod:SoulSteal","floor":6},{"not_picked":["hexamod:EtherealExpedition","hexamod:RetreatToShadows"],"picked":"hexamod:GhostLash","floor":9},{"not_picked":["hexamod:HeatMetal","hexamod:Firestarter"],"picked":"hexamod:Incineration","floor":13},{"not_picked":["hexamod:FlamesFromBeyond","hexamod:SuperheatedStrike"],"picked":"hexamod:ShieldOfDarkness","floor":14},{"not_picked":["hexamod:ShieldOfDarkness","hexamod:RadiantFlame"],"picked":"hexamod:HeatMetal","floor":15},{"not_picked":["hexamod:VolcanoVisage","hexamod:TimeOfNeed"],"picked":"hexamod:SixthSeal","floor":16},{"not_picked":["hexamod:NightmareStrike","hexamod:BurningTouch"],"picked":"hexamod:RadiantFlame","floor":19},{"not_picked":["hexamod:SwordOfDarkness","hexamod:SuperheatedStrike"],"picked":"hexamod:NightmareGuise+1","floor":20},{"not_picked":["hexamod:HeatMetal+1","hexamod:NecessarySacrifice"],"picked":"hexamod:VolcanoVisage","floor":22},{"not_picked":["hexamod:PhantomCloak","hexamod:Firestarter"],"picked":"hexamod:Hexaguard+1","floor":25},{"not_picked":["hexamod:SuperheatedStrike","hexamod:ShieldOfDarkness","hexamod:FastForward"],"picked":"SKIP","floor":26},{"not_picked":["hexamod:PhantomCloak","hexamod:Hexaguard"],"picked":"hexamod:ShieldOfDarkness+1","floor":27},{"not_picked":["hexamod:DynamicBlow","hexamod:Toasty"],"picked":"hexamod:SpectralSpark","floor":28},{"not_picked":["hexamod:RetreatToShadows","hexamod:PowerFromBeyond+1"],"picked":"hexamod:HeatShield","floor":30}],"player_experience":1829391,"relics_obtained":[{"floor":7,"key":"Blood Vial"},{"floor":14,"key":"Art of War"}],"event_choices":[{"damage_healed":0,"gold_gain":0,"player_choice":"Grow","damage_taken":0,"max_hp_gain":0,"max_hp_loss":0,"event_name":"Living Wall","floor":5,"gold_loss":0,"cards_upgraded":["hexamod:EtherealExpedition"]},{"damage_healed":0,"gold_gain":0,"player_choice":"Fled","damage_taken":0,"max_hp_gain":0,"max_hp_loss":0,"event_name":"Scrap Ooze","floor":11,"gold_loss":0}],"is_beta":false,"boss_relics":[{"not_picked":["Pandora\u0027s Box","Empty Cage"],"picked":"Black Star"}],"items_purged_floors":[22],"is_endless":false,"potions_floor_spawned":[2,3,9,14,16,19,20,27],"killed_by":"Shelled Parasite and Fungi","ascension_level":6}}