{"host":"6bsan6hkua32tfq7","time":1612241313,"event":{"mods":["BaseMod","Better Third Choice","Colored Map","Highlight Path","Minty Spire (QoL Compilation)","StSLib"],"gold_per_floor":[118,27,37,37,55,55,98,98,98,98,118,159,183,216,216,314,314,339,264,300,280,304,304,304],"floor_reached":23,"language":"ENG","playtime":751,"items_purged":[],"score":398,"play_id":"56fa28e3-d824-4ad5-813c-1ee57d540da3","local_time":"20210202054833","is_ascension_mode":true,"campfire_choices":[{"data":"Discovery","floor":6.0,"key":"SMITH"},{"data":"Predator","floor":8,"key":"SMITH"},{"data":"Neutralize","floor":10,"key":"SMITH"},{"data":"Corpse Explosion","floor":15,"key":"SMITH"}],"circlet_count":0,"master_deck":["AscendersBane","Strike_G","Strike_G","Strike_G","Strike_G","Defend_G","Defend_G","Defend_G","Defend_G","Defend_G","Survivor","Neutralize+1","Discovery+1","Blade Dance","Dash","Predator+1","Bouncing Flask","Corpse Explosion+1","Burst","Deflect"],"relics":["SacredBark","Golden Idol","Pantograph","Smiling Mask","FossilizedHelix","Odd Mushroom","Runic Dome","Red Mask"],"acts_visited":["Exordium","TheCity"],"potions_floor_usage":[7,12,14,23,23],"damage_taken":[{"damage":1.0,"enemies":"2 Louse","floor":1.0,"turns":5.0},{"damage":4.0,"enemies":"Jaw Worm","floor":3.0,"turns":6.0},{"damage":0.0,"enemies":"Small Slimes","floor":5.0,"turns":2.0},{"damage":18,"enemies":"Lagavulin","floor":7,"turns":13},{"damage":3,"enemies":"Looter","floor":11,"turns":3},{"damage":25,"enemies":"3 Sentries","floor":12,"turns":8},{"damage":0,"enemies":"Large Slime","floor":13,"turns":5},{"damage":0,"enemies":"The Mushroom Lair","floor":14,"turns":5},{"damage":7,"enemies":"The Guardian","floor":16,"turns":11},{"damage":0,"enemies":"Chosen","floor":18,"turns":4},{"damage":0,"enemies":"Masked Bandits","floor":20,"turns":1},{"damage":16,"enemies":"2 Thieves","floor":22,"turns":3},{"damage":41,"enemies":"Slavers","floor":23,"turns":3}],"seed_played":"-8116713935724124496","potions_obtained":[{"floor":5.0,"key":"Dexterity Potion"},{"floor":7,"key":"CunningPotion"},{"floor":11,"key":"SpeedPotion"},{"floor":14,"key":"Weak Potion"},{"floor":21,"key":"CunningPotion"}],"is_trial":false,"path_per_floor":["M","$","M","?","M","R","E","R","T","R","M","E","M","?","R","B",null,"M","?","?","?","M","E"],"character_chosen":"THE_SILENT","items_purchased":["Discovery"],"campfire_rested":0,"item_purchase_floors":[2],"current_hp_per_floor":[58,58,54,54,54,54,36,36,36,36,33,8,8,8,8,26,52,52,52,52,52,36,0,0],"gold":304,"neow_bonus":"BOSS_RELIC","is_daily":false,"chose_seed":false,"campfire_upgraded":4,"win_rate":0.0,"timestamp":1612241313,"path_taken":["M","$","M","?","M","R","E","R","T","R","M","E","M","?","R","BOSS","M","?","?","?","?","E"],"items_purchased_type":["Card"],"build_version":"2020-12-22","purchased_purges":0,"victory":false,"max_hp_per_floor":[66,66,66,60,60,60,60,60,60,60,60,60,60,60,60,60,60,60,60,60,60,60,60,60],"card_choices":[{"not_picked":["Dodge and Roll","Outmaneuver","Heel Hook"],"picked":"SKIP","floor":1.0},{"not_picked":["Prepared","PiercingWail"],"picked":"Blade Dance","floor":3.0},{"not_picked":["Prepared","Outmaneuver"],"picked":"Dash","floor":5.0},{"not_picked":["Grand Finale","Dagger Spray"],"picked":"Predator","floor":7},{"not_picked":["Blade Dance","Acrobatics","Concentrate"],"picked":"SKIP","floor":11},{"not_picked":["Bane","Calculated Gamble"],"picked":"Bouncing Flask","floor":12},{"not_picked":["Prepared","Underhanded Strike","Heel Hook"],"picked":"SKIP","floor":13},{"not_picked":["Sucker Punch","Cloak And Dagger"],"picked":"Corpse Explosion","floor":14},{"not_picked":["Die Die Die","Phantasmal Killer"],"picked":"Burst","floor":16},{"not_picked":["Bane","Eviscerate","Skewer"],"picked":"SKIP","floor":18},{"not_picked":["Dodge and Roll","Outmaneuver","Deflect"],"picked":"SKIP","floor":22},{"not_picked":["Dodge and Roll","Outmaneuver"],"picked":"Deflect","floor":22}],"player_experience":5368600,"relics_obtained":[{"floor":7,"key":"Pantograph"},{"floor":9,"key":"Smiling Mask"},{"floor":12,"key":"FossilizedHelix"},{"floor":14,"key":"Odd Mushroom"},{"floor":20,"key":"Red Mask"}],"event_choices":[{"damage_healed":0.0,"max_hp_gain":0.0,"max_hp_loss":6.0,"gold_gain":0.0,"event_name":"Golden Idol","player_choice":"Lose Max HP","floor":4.0,"gold_loss":0.0,"damage_taken":0.0,"relics_obtained":["Golden Idol"]},{"damage_healed":0,"gold_gain":0,"player_choice":"Fought Mushrooms","damage_taken":0,"max_hp_gain":0,"max_hp_loss":0,"event_name":"Mushrooms","floor":14,"gold_loss":0},{"cards_removed":["Strike_G"],"damage_healed":0,"gold_gain":0,"player_choice":"Gave Gold","damage_taken":0,"max_hp_gain":0,"max_hp_loss":0,"event_name":"Beggar","floor":19,"gold_loss":75},{"damage_healed":0,"gold_gain":0,"player_choice":"Fought Bandits","damage_taken":0,"max_hp_gain":0,"max_hp_loss":0,"event_name":"Masked Bandits","floor":20,"gold_loss":0},{"damage_healed":0,"gold_gain":0,"player_choice":"Bought 1 Potion","damage_taken":0,"max_hp_gain":0,"max_hp_loss":0,"event_name":"The Woman in Blue","floor":21,"gold_loss":0}],"is_beta":false,"boss_relics":[{"not_picked":["Runic Pyramid","WristBlade"],"picked":"Runic Dome"}],"items_purged_floors":[],"is_endless":false,"potions_floor_spawned":[5,7,11,14],"killed_by":"Slavers","ascension_level":20}}