{"host":"xxj0bkgoog7xyy18","time":1612265525,"event":{"mods":["BaseMod","Colored Map","Colored Powertips","Downfall","Googly Eyes","Hermit","Minty Spire (QoL Compilation)","StSLib"],"gold_per_floor":[99,118,118,118,128,161,161,172,72,84,84,94,125,137,151,250,250,150,161,175,191,191,191,191,191,205,105,122,122,135,147,167,167,167,167],"floor_reached":33,"language":"ENG","playtime":2418,"items_purged":[],"score":315,"play_id":"b4455c6b-7d3d-4657-bb47-408772272efd","local_time":"20210202043205","is_ascension_mode":false,"campfire_choices":[{"floor":1,"key":"RECALL"},{"data":"bronze:DelayedSlice","floor":9,"key":"SMITH"},{"data":"bronze:Replicate","floor":11,"key":"SMITH"},{"data":"bronze:Verify","floor":18,"key":"SMITH"},{"data":"bronze:DelayedSlice","floor":23,"key":"SMITH"},{"data":"bronze:Fortify","floor":27,"key":"SMITH"}],"circlet_count":0,"master_deck":["bronze:Strike","bronze:Strike","bronze:Strike","bronze:Strike+1","bronze:Defend+1","bronze:Defend+1","bronze:Defend","bronze:Defend","bronze:Replicate+1","bronze:Goto","bronze:WhirlingStrike","bronze:BuggyMess","bronze:DelayedSlice+1","bronze:CutThrough","bronze:CloningBeam","bronze:Branch","bronze:Repair","bronze:ClassDefault","bronze:ChildClass","bronze:Verify+1","bronze:DelayedSlice+1","bronze:Shell","Pride","bronze:Fortify+1","bronze:FineTuning","bronze:FineTuning+1","J.A.X.","bronze:DelayedGuard+1","bronze:Branch"],"relics":["bronze:BronzeCore","StrikeDummy","Eternal Feather","downfall:HeartBlessingRed","Potion Belt","bronze:MakeshiftBattery","downfall:HeartBlessingGreen","Smiling Mask","downfall:HeartBlessingBlue"],"acts_visited":["Exordium","TheCity"],"potions_floor_usage":[16,28,31,33,33,33],"damage_taken":[{"damage":8,"enemies":"Jaw Worm","floor":2,"turns":4},{"damage":0,"enemies":"Small Slimes","floor":5,"turns":3},{"damage":3,"enemies":"3 Sentries","floor":6,"turns":6},{"damage":5,"enemies":"2 Louse","floor":8,"turns":2},{"damage":1,"enemies":"Large Slime","floor":10,"turns":2},{"damage":4,"enemies":"3 Louse","floor":12,"turns":2},{"damage":0,"enemies":"Gremlin Nob","floor":13,"turns":3},{"damage":0,"enemies":"Blue Slaver","floor":14,"turns":2},{"damage":12,"enemies":"Exordium Thugs","floor":15,"turns":4},{"damage":30,"enemies":"IC_STATUS_ARCHETYPE","floor":16,"turns":6},{"damage":3,"enemies":"Shell Parasite","floor":19,"turns":3},{"damage":1,"enemies":"Chosen","floor":20,"turns":3},{"damage":30,"enemies":"Snake Plant","floor":21,"turns":5},{"damage":23,"enemies":"Centurion and Healer","floor":26,"turns":7},{"damage":17,"enemies":"Snecko","floor":28,"turns":6},{"damage":39,"enemies":"Shelled Parasite and Fungi","floor":30,"turns":3},{"damage":18,"enemies":"Snake Plant","floor":31,"turns":5},{"damage":3,"enemies":"3 Cultists","floor":32,"turns":5},{"damage":37,"enemies":"SI_MIRROR_ARCHETYPE","floor":33,"turns":8}],"seed_played":"-81036566212176890","potions_obtained":[{"floor":2,"key":"Slimebound:ThreeZeroPotion"},{"floor":6,"key":"hexamod:SoulburnPotion"},{"floor":10,"key":"LiquidMemories"},{"floor":12,"key":"DuplicationPotion"},{"floor":15,"key":"Weak Potion"},{"floor":20,"key":"LiquidBronze"},{"floor":21,"key":"LiquidMemories"}],"is_trial":false,"path_per_floor":["R","M","?","?","M","E","T","M","R","M","R","M","E","M","M","B",null,"R","M","M","M","?","R","T","?","M","R","M","?","M","M","M","B"],"character_chosen":"THE_AUTOMATON","items_purchased":[],"campfire_rested":0,"item_purchase_floors":[],"current_hp_per_floor":[77,69,69,69,69,66,66,61,70,69,77,73,73,77,72,49,77,77,74,73,50,50,62,62,62,46,71,61,61,36,25,29,0,0,0],"gold":167,"neow_bonus":"TEN_PERCENT_HP_BONUS","is_daily":false,"chose_seed":false,"campfire_upgraded":5,"win_rate":0.0,"timestamp":1612265525,"path_taken":["R","M","?","?","M","E","T","M","R","M","R","M","E","M","M","BOSS","R","M","M","M","?","R","T","?","M","R","M","?","M","M","M","BOSS"],"items_purchased_type":[],"build_version":"2020-12-22","purchased_purges":0,"victory":false,"max_hp_per_floor":[77,77,77,77,77,77,77,77,77,77,77,77,77,77,77,77,77,77,77,77,77,77,77,77,77,77,87,87,87,87,87,87,87,87,87],"card_choices":[{"not_picked":["bronze:Fortify","bronze:WildBeam"],"picked":"bronze:WhirlingStrike","floor":2},{"not_picked":["bronze:Deprecate","bronze:Turbo"],"picked":"bronze:DelayedSlice","floor":5},{"not_picked":["bronze:FineTuning","bronze:HardenedForm"],"picked":"bronze:CutThrough","floor":6},{"not_picked":["bronze:OilSpill","bronze:MaxOutput"],"picked":"bronze:CloningBeam","floor":8},{"not_picked":["bronze:OilSpill","bronze:WildBeam"],"picked":"bronze:Branch","floor":10},{"not_picked":["bronze:BronzeArmor","bronze:DelayedSlice","bronze:BuggyMess"],"picked":"SKIP","floor":12},{"not_picked":["bronze:CutThrough","bronze:Format"],"picked":"bronze:Repair","floor":13},{"not_picked":["bronze:GetLatest","bronze:Deprecate"],"picked":"bronze:ClassDefault","floor":14},{"not_picked":["bronze:BitShift","bronze:ForLoop"],"picked":"bronze:ChildClass","floor":15},{"not_picked":["bronze:ThunderWave","bronze:Break"],"picked":"bronze:Verify","floor":16},{"not_picked":["bronze:Repair","bronze:Backtrace+1","bronze:BuggyMess+1"],"picked":"SKIP","floor":19},{"not_picked":["bronze:Shield","bronze:WildBeam"],"picked":"bronze:DelayedSlice","floor":20},{"not_picked":["bronze:Philosophize+1","bronze:DarkDash"],"picked":"bronze:Shell","floor":21},{"not_picked":["bronze:Philosophize","bronze:Overheat"],"picked":"bronze:FineTuning","floor":26},{"not_picked":["bronze:CutThrough","bronze:Turbo"],"picked":"bronze:FineTuning+1","floor":28},{"not_picked":["bronze:Shield+1","bronze:BitShift"],"picked":"bronze:DelayedGuard+1","floor":30},{"not_picked":["bronze:Break","bronze:CutThrough"],"picked":"bronze:Branch","floor":31},{"not_picked":["bronze:ClassDefault","bronze:Deprecate","bronze:Iterate+1"],"picked":"SKIP","floor":32}],"player_experience":198226,"relics_obtained":[{"floor":6,"key":"StrikeDummy"},{"floor":7,"key":"Eternal Feather"},{"floor":13,"key":"Potion Belt"}],"event_choices":[{"damage_healed":0,"gold_gain":0,"player_choice":"Stole Relic","damage_taken":0,"relics_obtained":["Smiling Mask"],"max_hp_gain":0,"max_hp_loss":0,"event_name":"Addict","floor":22,"gold_loss":0,"cards_obtained":["Pride"]},{"damage_healed":0,"gold_gain":0,"player_choice":"Read","damage_taken":0,"max_hp_gain":0,"max_hp_loss":0,"event_name":"The Library","floor":25,"gold_loss":0,"cards_obtained":["bronze:Fortify"]},{"damage_healed":0,"gold_gain":0,"player_choice":"Obtain J.A.X.","damage_taken":0,"max_hp_gain":0,"max_hp_loss":0,"event_name":"Drug Dealer","floor":29,"gold_loss":0,"cards_obtained":["J.A.X."]}],"is_beta":false,"boss_relics":[{"not_picked":["SacredBark","Busted Crown"],"picked":"bronze:MakeshiftBattery"}],"items_purged_floors":[],"is_endless":false,"potions_floor_spawned":[2,6,10,12,15,20,21],"killed_by":"SI_MIRROR_ARCHETYPE","ascension_level":0}}