{"host":"jlk2k69f9c6o7b3e","time":1612252031,"event":{"mods":["AchievementEnabler","BaseMod","Minty Spire (QoL Compilation)","StSLib"],"gold_per_floor":[210,210,210,230,94,94,129,129,153,196,196,232,253,266,266,266,266],"floor_reached":16,"language":"ZHS","playtime":1357,"items_purged":[],"score":130,"play_id":"c6f2f29f-96dc-4e29-a4db-7c6de3c362fe","local_time":"20210202154711","is_ascension_mode":true,"campfire_choices":[{"data":"Seek","floor":6.0,"key":"SMITH"},{"data":"Beam Cell","floor":8.0,"key":"SMITH"},{"floor":15,"key":"REST"}],"circlet_count":0,"master_deck":["Strike_B","Strike_B","Strike_B","Defend_B","Defend_B","Defend_B","Zap","Dualcast","Gash","Electrodynamics","Beam Cell+1","Seek+1","Streamline","Auto Shields","Creative AI","Auto Shields+1"],"relics":["Cracked Core","Golden Idol","Ornamental Fan","Nunchaku","Boot","Toxic Egg 2"],"acts_visited":["Exordium"],"potions_floor_usage":[16],"damage_taken":[{"damage":0.0,"enemies":"2 Louse","floor":1.0,"turns":1.0},{"damage":1.0,"enemies":"Cultist","floor":4.0,"turns":3.0},{"damage":16.0,"enemies":"Lagavulin","floor":7.0,"turns":6.0},{"damage":9.0,"enemies":"3 Sentries","floor":10.0,"turns":4.0},{"damage":13,"enemies":"Gremlin Nob","floor":12,"turns":4},{"damage":2,"enemies":"Small Slimes","floor":13,"turns":3},{"damage":12,"enemies":"Exordium Thugs","floor":14,"turns":3},{"damage":32,"enemies":"The Guardian","floor":16,"turns":8}],"seed_played":"-6577924679970714800","potions_obtained":[{"floor":7.0,"key":"Block Potion"},{"floor":14,"key":"SkillPotion"}],"is_trial":false,"path_per_floor":["M","?","?","M","$","R","E","R","T","E","?","E","M","M","R","B"],"character_chosen":"DEFECT","items_purchased":["Seek"],"campfire_rested":1,"item_purchase_floors":[5],"current_hp_per_floor":[75,57,57,56,56,56,40,40,40,31,31,18,16,4,26,0,0],"gold":266,"neow_bonus":"HUNDRED_GOLD","is_daily":false,"chose_seed":false,"campfire_upgraded":2,"win_rate":0.0,"timestamp":1612252031,"path_taken":["M","?","?","?","?","R","E","R","T","E","?","E","M","M","R","BOSS"],"items_purchased_type":["Card"],"build_version":"2020-12-22","purchased_purges":0,"victory":false,"max_hp_per_floor":[75,75,75,75,75,75,75,75,75,75,75,75,75,75,75,75,75],"card_choices":[{"not_picked":["Hologram","Defragment"],"picked":"Gash","floor":1.0},{"not_picked":["Steam","Rebound"],"picked":"Beam Cell","floor":4.0},{"not_picked":["Lockon","Heatsinks"],"picked":"Streamline","floor":7.0},{"not_picked":["Consume","Compile Driver"],"picked":"Auto Shields","floor":10.0},{"not_picked":["Compile Driver","Reinforced Body+1","Streamline"],"picked":"SKIP","floor":12},{"not_picked":["Sweeping Beam","Fusion+1","Leap+1"],"picked":"SKIP","floor":13},{"not_picked":["Echo Form","Recycle+1"],"picked":"Auto Shields+1","floor":14}],"player_experience":315816,"relics_obtained":[{"floor":7.0,"key":"Ornamental Fan"},{"floor":9.0,"key":"Nunchaku"},{"floor":10.0,"key":"Boot"},{"floor":12,"key":"Toxic Egg 2"}],"event_choices":[{"damage_healed":0.0,"max_hp_gain":0.0,"max_hp_loss":0.0,"gold_gain":0.0,"event_name":"Golden Idol","player_choice":"Take Damage","floor":2.0,"gold_loss":0.0,"damage_taken":18.0,"relics_obtained":["Golden Idol"]},{"damage_healed":0.0,"max_hp_gain":0.0,"max_hp_loss":0.0,"gold_gain":0.0,"cards_transformed":["Strike_B"],"event_name":"Transmorgrifier","player_choice":"Transformed","floor":3.0,"gold_loss":0.0,"damage_taken":0.0,"cards_obtained":["Electrodynamics"]},{"damage_healed":0,"gold_gain":0,"cards_transformed":["Defend_B"],"player_choice":"Transformed","damage_taken":0,"max_hp_gain":0,"max_hp_loss":0,"event_name":"Transmorgrifier","floor":11,"gold_loss":0,"cards_obtained":["Creative AI"]}],"is_beta":false,"boss_relics":[],"items_purged_floors":[],"is_endless":false,"potions_floor_spawned":[7,14],"killed_by":"The Guardian","ascension_level":2}}