{"host":"6bsan6hkua32tfq7","time":1612289774,"event":{"mods":["BaseMod","Better Third Choice","Colored Map","Highlight Path","Minty Spire (QoL Compilation)","StSLib"],"gold_per_floor":[116,127,127,52,64,64,97,97,97,97,129,83,113,127,127,206,206,223,236,255,180,230,230,257,257,304,321,336,361,361,361,361,438,438,455,455,465,476,376,376,406,423,446,446,458,471,489,508,508,508,508],"floor_reached":50,"language":"ENG","playtime":5879,"items_purged":["Strike_P","Strike_P"],"score":1118,"play_id":"0b01fd58-bc3b-45a6-8f10-cb3b568c8ee8","local_time":"20210202191614","is_ascension_mode":true,"campfire_choices":[{"data":"ConjureBlade","floor":6,"key":"SMITH"},{"floor":10,"key":"REST"},{"data":"PathToVictory","floor":15,"key":"SMITH"},{"floor":23,"key":"REST"},{"floor":25,"key":"REST"},{"floor":30,"key":"REST"},{"floor":32,"key":"REST"},{"floor":40,"key":"REST"},{"floor":44,"key":"REST"},{"floor":49,"key":"RECALL"}],"circlet_count":0,"master_deck":["AscendersBane","Defend_P","Defend_P","Defend_P","Eruption","Vigilance","DeusExMachina","PathToVictory+1","BowlingBash","ConjureBlade+1","Crescendo","PathToVictory+1","DeceiveReality","Judgement","Wallop+1","Vault","Perseverance","Perseverance","WaveOfTheHand"],"relics":["PureWater","Gremlin Horn","Potion Belt","HornCleat","Letter Opener","betterThird:SlimedRelic","White Beast Statue","Fusion Hammer","Turnip","Centennial Puzzle","InkBottle","Ice Cream","Empty Cage","Shovel"],"acts_visited":["Exordium","TheCity","TheBeyond"],"potions_floor_usage":[18,19,24,28,29,29,29,29,29,33,37,37,38,41,45,46,47,48,48,50,50],"damage_taken":[{"damage":7,"enemies":"Jaw Worm","floor":1,"turns":4},{"damage":0,"enemies":"Cultist","floor":2,"turns":3},{"damage":0,"enemies":"2 Louse","floor":5,"turns":3},{"damage":26,"enemies":"Gremlin Nob","floor":7,"turns":3},{"damage":0,"enemies":"Lagavulin","floor":11,"turns":4},{"damage":3,"enemies":"Gremlin Nob","floor":13,"turns":3},{"damage":11,"enemies":"Looter","floor":14,"turns":4},{"damage":1,"enemies":"Hexaghost","floor":16,"turns":7},{"damage":0,"enemies":"Chosen","floor":18,"turns":3},{"damage":10,"enemies":"2 Thieves","floor":19,"turns":4},{"damage":11,"enemies":"Snake Plant","floor":20,"turns":4},{"damage":16,"enemies":"Slavers","floor":24,"turns":4},{"damage":10,"enemies":"Chosen and Byrds","floor":27,"turns":4},{"damage":10,"enemies":"Shelled Parasite and Fungi","floor":28,"turns":2},{"damage":7,"enemies":"Book of Stabbing","floor":29,"turns":5},{"damage":17,"enemies":"Champ","floor":33,"turns":7},{"damage":0,"enemies":"3 Shapes","floor":35,"turns":4},{"damage":2,"enemies":"3 Darklings","floor":37,"turns":3},{"damage":28,"enemies":"Writhing Mass","floor":38,"turns":7},{"damage":21,"enemies":"Reptomancer","floor":41,"turns":5},{"damage":4,"enemies":"Jaw Worm Horde","floor":42,"turns":3},{"damage":0,"enemies":"4 Shapes","floor":45,"turns":5},{"damage":2,"enemies":"3 Darklings","floor":46,"turns":4},{"damage":14,"enemies":"Maw","floor":47,"turns":7},{"damage":1,"enemies":"Spire Growth","floor":48,"turns":5},{"damage":35,"enemies":"Donu and Deca","floor":50,"turns":5}],"seed_played":"-8866202111728308987","potions_obtained":[{"floor":5,"key":"BlessingOfTheForge"},{"floor":11,"key":"EssenceOfSteel"},{"floor":14,"key":"SteroidPotion"},{"floor":16,"key":"SkillPotion"},{"floor":18,"key":"EntropicBrew"},{"floor":19,"key":"BottledMiracle"},{"floor":20,"key":"Block Potion"},{"floor":24,"key":"DistilledChaos"},{"floor":27,"key":"Energy Potion"},{"floor":28,"key":"Ancient Potion"},{"floor":29,"key":"CultistPotion"},{"floor":33,"key":"GamblersBrew"},{"floor":35,"key":"Energy Potion"},{"floor":37,"key":"Explosive Potion"},{"floor":38,"key":"LiquidBronze"},{"floor":41,"key":"GamblersBrew"},{"floor":42,"key":"Energy Potion"},{"floor":45,"key":"Dexterity Potion"},{"floor":46,"key":"BlessingOfTheForge"},{"floor":47,"key":"SpeedPotion"},{"floor":48,"key":"EssenceOfSteel"}],"is_trial":false,"path_per_floor":["M","M","?","$","M","R","E","?","T","R","E","?","E","M","R","B",null,"M","M","M","?","?","R","E","R","T","M","M","E","R","T","R","B",null,"M","?","M","M","$","R","E","M","T","R","M","M","M","M","R","B"],"character_chosen":"WATCHER","items_purchased":[],"campfire_rested":7,"item_purchase_floors":[],"current_hp_per_floor":[54,54,54,54,54,54,28,17,17,37,37,26,23,12,12,11,54,54,44,33,33,27,47,31,51,51,41,31,24,44,44,64,47,63,63,63,61,33,33,53,32,28,28,48,48,46,32,31,31,0,0],"gold":508,"neow_bonus":"ONE_RANDOM_RARE_CARD","is_daily":false,"chose_seed":false,"campfire_upgraded":2,"win_rate":0.0,"timestamp":1612289774,"path_taken":["M","M","?","?","M","R","E","?","T","R","E","?","E","M","R","BOSS","M","M","M","?","?","R","E","R","T","?","M","E","R","?","R","BOSS","M","?","M","M","$","R","E","M","T","R","M","M","M","M","R","BOSS"],"items_purchased_type":[],"build_version":"2020-12-22","purchased_purges":2,"victory":false,"max_hp_per_floor":[68,68,68,68,68,68,68,68,68,68,68,68,68,68,68,68,68,68,68,68,68,68,68,68,68,68,68,68,68,68,68,68,68,68,68,68,68,68,68,68,68,68,68,68,68,68,68,68,68,68,68],"card_choices":[{"not_picked":["Crescendo","FlyingSleeves"],"picked":"PathToVictory","floor":1},{"not_picked":["FlyingSleeves","Prostrate"],"picked":"BowlingBash","floor":2},{"not_picked":["Crescendo","Evaluate"],"picked":"ConjureBlade","floor":5},{"not_picked":["ClearTheMind","Omniscience"],"picked":"Crescendo","floor":7},{"not_picked":["Crescendo","Evaluate"],"picked":"PathToVictory","floor":11},{"not_picked":["Nirvana","Prostrate"],"picked":"DeceiveReality","floor":13},{"not_picked":["CarveReality","Nirvana","FlyingSleeves"],"picked":"SKIP","floor":14},{"not_picked":["Scrawl","Omniscience"],"picked":"Judgement","floor":16},{"not_picked":["SandsOfTime","Nirvana","Tantrum+1"],"picked":"SKIP","floor":18},{"not_picked":["Halt","CrushJoints","Wallop"],"picked":"SKIP","floor":19},{"not_picked":["Study","SashWhip","Conclude"],"picked":"SKIP","floor":20},{"not_picked":["SashWhip","Wallop+1","SignatureMove"],"picked":"SKIP","floor":24},{"not_picked":["SashWhip","SignatureMove"],"picked":"Wallop+1","floor":24},{"not_picked":["FearNoEvil+1","WheelKick","Prostrate+1"],"picked":"SKIP","floor":27},{"not_picked":["Swivel+1","SashWhip","EmptyBody"],"picked":"SKIP","floor":28},{"not_picked":["Alpha","EmptyMind","BattleHymn"],"picked":"SKIP","floor":29},{"not_picked":["Brilliance","SpiritShield"],"picked":"Vault","floor":33},{"not_picked":["BowlingBash","Crescendo","FollowUp+1"],"picked":"SKIP","floor":35},{"not_picked":["BowlingBash","CarveReality","FearNoEvil"],"picked":"SKIP","floor":37},{"not_picked":["Adaptation","Protect"],"picked":"Perseverance","floor":38},{"not_picked":["Evaluate","Protect","FlyingSleeves"],"picked":"SKIP","floor":41},{"not_picked":["ThirdEye","Omniscience","CutThroughFate"],"picked":"SKIP","floor":42},{"not_picked":["Tantrum","EmptyMind","FollowUp"],"picked":"SKIP","floor":45},{"not_picked":["JustLucky","BowlingBash+1"],"picked":"Perseverance","floor":46},{"not_picked":["Crescendo","ClearTheMind","Weave"],"picked":"SKIP","floor":47},{"not_picked":["ClearTheMind","Weave"],"picked":"WaveOfTheHand","floor":48}],"player_experience":5378148,"relics_obtained":[{"floor":7,"key":"Gremlin Horn"},{"floor":9,"key":"HornCleat"},{"floor":11,"key":"Letter Opener"},{"floor":13,"key":"White Beast Statue"},{"floor":24,"key":"Turnip"},{"floor":26,"key":"Centennial Puzzle"},{"floor":29,"key":"InkBottle"},{"floor":31,"key":"Ice Cream"},{"floor":41,"key":"Shovel"}],"event_choices":[{"damage_healed":0,"gold_gain":0,"player_choice":"Forge","damage_taken":0,"max_hp_gain":0,"max_hp_loss":0,"event_name":"Accursed Blacksmith","floor":3,"gold_loss":0,"cards_upgraded":["PathToVictory"]},{"damage_healed":0,"gold_gain":0,"player_choice":"Relic ","damage_taken":11,"max_hp_gain":0,"max_hp_loss":0,"event_name":"betterThird:BetterScrap","floor":8,"gold_loss":0,"cards_obtained":["Bullet Time"]},{"damage_healed":0,"gold_gain":0,"player_choice":"Slimed","damage_taken":11,"max_hp_gain":0,"max_hp_loss":0,"event_name":"betterThird:BetterGoop","floor":12,"gold_loss":46},{"cards_removed":["Defend_P"],"damage_healed":0,"gold_gain":0,"player_choice":"Gave Gold","damage_taken":0,"max_hp_gain":0,"max_hp_loss":0,"event_name":"Beggar","floor":21,"gold_loss":75},{"damage_healed":0,"gold_gain":50,"player_choice":"Touch","damage_taken":6,"max_hp_gain":0,"max_hp_loss":0,"event_name":"FaceTrader","floor":22,"gold_loss":0},{"damage_healed":0,"gold_gain":0,"player_choice":"Memory 1","damage_taken":0,"max_hp_gain":0,"max_hp_loss":0,"event_name":"SensoryStone","floor":36,"gold_loss":0}],"is_beta":false,"boss_relics":[{"not_picked":["Ectoplasm","Snecko Eye"],"picked":"Fusion Hammer"},{"not_picked":["Calling Bell","Coffee Dripper"],"picked":"Empty Cage"}],"items_purged_floors":[4,39],"is_endless":false,"potions_floor_spawned":[5,11,14,16,18,19,20,24,27,28,29,33,35,37,38,41,42,45,46,47,48],"killed_by":"Donu and Deca","ascension_level":20}}