{"host":"n8m0so6y44v0klfv","time":1612234689,"event":{"mods":["BaseMod","Colored Map","Downfall","Minty Spire (QoL Compilation)","StSLib"],"gold_per_floor":[99,117,133,133,43,55,55,70,100,111,126,137,37,37,57,57,57,57],"floor_reached":16,"language":"ENG","playtime":1025,"items_purged":[],"score":106,"play_id":"e5d1acae-d98f-45f7-9992-b35c0498cd13","local_time":"20210201215809","is_ascension_mode":false,"campfire_choices":[{"data":"bronze:Goto","floor":1,"key":"SMITH"},{"floor":13,"key":"REST"}],"circlet_count":0,"master_deck":["bronze:Strike","bronze:Strike","bronze:Defend","bronze:Defend","bronze:Defend","bronze:Defend","bronze:Replicate","bronze:Goto+1","bronze:CutThrough","bronze:Flail","bronze:Frontload","bronze:HyperBeam","bronze:Allocate","bronze:BugBarrage","bronze:BronzeArmor","bronze:ChildClass","bronze:Break","bronze:BuggyMess","bronze:Turbo"],"relics":["bronze:BronzeCore","Question Card","MealTicket","downfall:HeartBlessingGreen","downfall:BrokenWingStatue"],"acts_visited":["Exordium"],"potions_floor_usage":[16,16],"damage_taken":[{"damage":1,"enemies":"Jaw Worm","floor":2,"turns":5},{"damage":0,"enemies":"Cultist","floor":3,"turns":3},{"damage":0,"enemies":"downfall:FleeingMerchant","floor":5,"turns":4},{"damage":5,"enemies":"Small Slimes","floor":6,"turns":2},{"damage":0,"enemies":"2 Fungi Beasts","floor":8,"turns":2},{"damage":26,"enemies":"Lagavulin","floor":9,"turns":9},{"damage":0,"enemies":"Lots of Slimes","floor":10,"turns":1},{"damage":3,"enemies":"Exordium Wildlife","floor":11,"turns":4},{"damage":0,"enemies":"3 Louse","floor":12,"turns":2},{"damage":0,"enemies":"Large Slime","floor":15,"turns":4},{"damage":68,"enemies":"DF_ARCHETYPE_STREAMLINE","floor":16,"turns":9}],"seed_played":"-8366218936238875955","potions_obtained":[{"floor":6,"key":"LiquidBronze"},{"floor":8,"key":"SpeedPotion"},{"floor":11,"key":"DuplicationPotion"},{"floor":15,"key":"hexamod:SoulburnPotion"}],"is_trial":false,"path_per_floor":["R","M","M","?","$","M","T","M","E","M","M","M","R","?","M","B"],"character_chosen":"THE_AUTOMATON","items_purchased":["bronze:Allocate"],"campfire_rested":1,"item_purchase_floors":[5],"current_hp_per_floor":[70,69,69,69,69,64,64,64,38,38,35,35,56,56,56,0,0,0],"gold":57,"neow_bonus":"REMOVE_CARD","is_daily":false,"chose_seed":false,"campfire_upgraded":1,"win_rate":0.0,"timestamp":1612234689,"path_taken":["R","M","M","?","$","M","T","M","E","?","M","M","R","?","M","BOSS"],"items_purchased_type":["Card"],"build_version":"2020-12-22","purchased_purges":0,"victory":false,"max_hp_per_floor":[70,70,70,70,70,70,70,70,70,70,70,70,70,70,70,70,70,70],"card_choices":[{"not_picked":["bronze:Shield","bronze:Invalidate"],"picked":"bronze:CutThrough","floor":2},{"not_picked":["bronze:Deprecate","bronze:WildBeam"],"picked":"bronze:Flail","floor":3},{"not_picked":["bronze:Iterate","bronze:Shield"],"picked":"bronze:HyperBeam","floor":5},{"not_picked":["bronze:Iterate","bronze:CutThrough","bronze:FineTuning"],"picked":"SKIP","floor":6},{"not_picked":["bronze:DigitalCarnage","bronze:WhirlingStrike","bronze:DelayedGuard"],"picked":"bronze:BugBarrage","floor":8},{"not_picked":["bronze:BugBarrage","bronze:OilSpill","bronze:Fortify"],"picked":"bronze:BronzeArmor","floor":9},{"not_picked":["bronze:FollowUp","bronze:Boost","bronze:CutThrough"],"picked":"bronze:ChildClass","floor":10},{"not_picked":["bronze:GetLatest","bronze:FineTuning","bronze:OilSpill"],"picked":"bronze:Break","floor":11},{"not_picked":["bronze:Turbo","bronze:DelayedSlice","bronze:CutThrough"],"picked":"bronze:BuggyMess","floor":12},{"not_picked":["bronze:CutThrough","bronze:BitShift","bronze:Frontload"],"picked":"bronze:Turbo","floor":15}],"player_experience":511465,"relics_obtained":[{"floor":7,"key":"Question Card"},{"floor":9,"key":"MealTicket"}],"event_choices":[],"is_beta":false,"boss_relics":[],"items_purged_floors":[],"is_endless":false,"potions_floor_spawned":[6,8,11,12,15],"killed_by":"DF_ARCHETYPE_STREAMLINE","ascension_level":0}}