{"host":"uceopoba4zvqsgiy","time":1612242447,"event":{"mods":["Act Like it!","BaseMod","Better Skull","Better Third Choice","Elementarium","Evolution","GifTheSpireLib","Hermit","Humility","Infinite Spire","Jorbs\u0027s Wanderer Trilogy","Marked Mod","Minty Spire (QoL Compilation)","Potionbrewer","Reliquary","Replay The Spire","Robot Space Explorer","Shade Mod","Spicy Shops","StS++","StSLib","Stuff the Spire","The Blue Laboratory","The Caster","The Cursed","The Dragon Tamer","The Hierophant","The Jungle","TheSurvivalist","Wandering Minibosses"],"gold_per_floor":[111,111,111,111,129,164,24,24,24,24,39,68,68,80,80,180,180,197,211,211,211,211,243,91,104,131,131,150,150,181,16,16,16,16],"floor_reached":33,"language":"ENG","playtime":2108,"items_purged":["Pain"],"score":468,"play_id":"c94c20f9-81d9-4d1f-ae76-df33e9d45d70","local_time":"20210202153727","is_ascension_mode":true,"campfire_choices":[{"floor":8.0,"key":"REST"},{"floor":10.0,"key":"RECALL"},{"floor":13.0,"key":"REST"},{"floor":15.0,"key":"REST"},{"floor":32.0,"key":"REST"}],"circlet_count":0,"master_deck":["StSpp:PoisonousPunch","StSpp:PoisonousPunch","StSpp:PoisonousPunch","StSpp:PoisonousPunch","Defend_G","Defend_G","Defend_G","Defend_G","Defend_G","Survivor","Neutralize","StSpp:Landslide+1","Violence","Panacea","ReplayTheSpireMod:Brewmster","Tools of the Trade","StSpp:SwitchWeapon","StSpp:PoisonousPunch+1","StSpp:PoisonousPunch+1","infinitespire:Fortify","ReplayTheSpireMod:Chaos Vortex","infinitespire:Menacing","ReplayTheSpireMod:Chaos Vortex","Glass Knife"],"relics":["EVO:Axolotl","Fusion Hammer","WarpedTongs","ReplayTheSpireMod:ShopPack","reliquary:OuijaBoard","reliquary:RedPaperclip","Black Star","Replay:Arrowhead","infinitespire:Lychee Nut","Iron Hammer","Omamori","Juzu Bracelet","infinitespire:Lucky Rock","Regal Pillow","Replay:Rubber Ducky","ReplayTheSpireMod:CursedCoin","Toxic Egg 2","TheAbacus"],"acts_visited":["Exordium","TheCity"],"potions_floor_usage":[],"damage_taken":[{"damage":0.0,"enemies":"2 Louse","floor":1.0,"turns":1.0},{"damage":4.0,"enemies":"Cultist","floor":5.0,"turns":2.0},{"damage":8.0,"enemies":"Gremlin Nob","floor":6.0,"turns":3.0},{"damage":0.0,"enemies":"Small Slimes","floor":11.0,"turns":3.0},{"damage":29.0,"enemies":"3 Sentries","floor":12.0,"turns":5.0},{"damage":0.0,"enemies":"Blue Slaver","floor":14.0,"turns":2.0},{"damage":46.0,"enemies":"Fading Forest","floor":16.0,"turns":11.0},{"damage":23.0,"enemies":"Spheric Guardian","floor":18.0,"turns":6.0},{"damage":3.0,"enemies":"2 Thieves","floor":19.0,"turns":3.0},{"damage":0.0,"enemies":"Nightmare","floor":23.0,"turns":4.0},{"damage":0.0,"enemies":"Snake Plant","floor":25.0,"turns":3.0},{"damage":0.0,"enemies":"3 Cultists","floor":28.0,"turns":5.0},{"damage":0.0,"enemies":"Replay:Snechameleon","floor":30.0,"turns":4.0},{"damage":0,"enemies":"Automaton","floor":33,"turns":1}],"seed_played":"8538106535721652973","potions_obtained":[{"floor":11.0,"key":"Strength Potion"},{"floor":16.0,"key":"Reflective Coating"},{"floor":23.0,"key":"Block Potion"},{"floor":28.0,"key":"blueLaboratory:ImpenetrablePotion"},{"floor":30.0,"key":"SkillPotion"}],"is_trial":false,"path_per_floor":["M","$","?","?","M","E","$","R","T","R","M","E","R","M","R","B",null,"M","M","AVR","?","?","NM","$","M","T","$","M","T","E","$","R","B"],"character_chosen":"THE_SILENT","items_purchased":["ReplayTheSpireMod:ShopPack","Omamori","ReplayTheSpireMod:CursedCoin","Toxic Egg 2","TheAbacus"],"campfire_rested":4,"item_purchase_floors":[7,24,31,31,31],"current_hp_per_floor":[63,63,63,63,59,51,51,70,70,70,70,41,62,62,70,24,59,36,33,33,20,45,45,45,51,51,51,56,56,56,56,56,56,56],"gold":16,"neow_bonus":"BOSS_RELIC","is_daily":false,"chose_seed":false,"campfire_upgraded":0,"win_rate":0.0,"timestamp":1612242447,"path_taken":["M","$","?","?","M","E","$","R","T","R","M","E","R","?","R","BOSS","M","?","AVR","?","?","NM","$","M","T","$","M","?","E","?","R","BOSS"],"items_purchased_type":["Relic","Relic","Relic","Relic","Relic"],"build_version":"2020-12-22","purchased_purges":1,"victory":false,"max_hp_per_floor":[70,70,70,70,70,70,70,70,70,70,70,70,70,70,70,70,70,70,70,70,75,75,56,56,56,56,56,56,56,56,56,56,56,56],"card_choices":[{"not_picked":["Acrobatics","Cloak And Dagger","Outmaneuver"],"picked":"SKIP","floor":1.0},{"not_picked":["StuffTheSpire:FinalStruggle","Underhanded Strike","Bane"],"picked":"SKIP","floor":5.0},{"not_picked":["Backflip","StuffTheSpire:BumpUp","Dodge and Roll"],"picked":"SKIP","floor":6.0},{"not_picked":["ReplayTheSpireMod:Necrogeddon","Thinking Ahead"],"picked":"Violence","floor":7.0},{"not_picked":["Impatience","PanicButton"],"picked":"Panacea","floor":7.0},{"not_picked":["Dark Shackles","Discovery"],"picked":"ReplayTheSpireMod:Brewmster","floor":7.0},{"not_picked":["Deflect","Bane","StSpp:Lure"],"picked":"SKIP","floor":11.0},{"not_picked":["Burst","Outmaneuver"],"picked":"Tools of the Trade","floor":12.0},{"not_picked":["Underhanded Strike","Eviscerate","Prepared"],"picked":"SKIP","floor":14.0},{"not_picked":["Bullet Time","ReplayTheSpireMod:From All Sides"],"picked":"StSpp:SwitchWeapon","floor":16.0},{"not_picked":["Deflect","Poisoned Stab"],"picked":"StSpp:PoisonousPunch+1","floor":18.0},{"not_picked":["StuffTheSpire:Injection","StSpp:Dive"],"picked":"StSpp:PoisonousPunch+1","floor":19.0},{"not_picked":["infinitespire:Oblivion","infinitespire:SevenWalls"],"picked":"ReplayTheSpireMod:Chaos Vortex","floor":23.0},{"not_picked":["Blade Dance","Slice","StuffTheSpire:ClusterCrunch"],"picked":"SKIP","floor":23.0},{"not_picked":["Doppelganger","PiercingWail","StuffTheSpire:Incantation"],"picked":"SKIP","floor":25.0},{"not_picked":["Cloak And Dagger","StuffTheSpire:ClusterCrunch","Sneak Up"],"picked":"SKIP","floor":28.0},{"not_picked":["StSpp:TimeParadox","StSpp:CorrosivePoison"],"picked":"Glass Knife","floor":30.0}],"player_experience":1461866,"relics_obtained":[{"floor":6.0,"key":"Pet Ghost"},{"floor":9.0,"key":"reliquary:PrincelyHelmet"},{"floor":12.0,"key":"reliquary:OuijaBoard"},{"floor":23.0,"key":"infinitespire:Lychee Nut"},{"floor":23.0,"key":"Iron Hammer"},{"floor":26.0,"key":"Juzu Bracelet"},{"floor":29.0,"key":"infinitespire:Lucky Rock"},{"floor":30.0,"key":"Regal Pillow"},{"floor":30.0,"key":"Replay:Rubber Ducky"}],"event_choices":[{"damage_healed":0.0,"max_hp_gain":0.0,"max_hp_loss":0.0,"gold_gain":0.0,"event_name":"Accursed Blacksmith","player_choice":"Rummage","floor":4.0,"gold_loss":0.0,"damage_taken":0.0,"relics_obtained":["WarpedTongs"],"cards_obtained":["Pain"]},{"damage_healed":0.0,"max_hp_gain":5.0,"max_hp_loss":0.0,"gold_gain":0.0,"event_name":"Forgotten Altar","player_choice":"Shed Blood","floor":21.0,"gold_loss":0.0,"damage_taken":18.0},{"damage_healed":25.0,"max_hp_gain":0.0,"max_hp_loss":0.0,"gold_gain":0.0,"event_name":"The Library","player_choice":"Heal","floor":22.0,"gold_loss":0.0,"damage_taken":0.0}],"is_beta":false,"boss_relics":[{"not_picked":["Replay:Drink Me","StSpp:PileOfSugar"],"picked":"reliquary:RedPaperclip"}],"items_purged_floors":[7],"is_endless":true,"potions_floor_spawned":[11,14,16,23,28,30],"killed_by":"Automaton","ascension_level":6,"is_humility":true}}