{"host":"0slg84fqeut6oegf","time":1612294211,"event":{"mods":["BaseMod","Colored Map","Downfall","Minty Spire (QoL Compilation)","StSLib","slay the spire mod where everything is the same but ironclad has a cowboy hat"],"gold_per_floor":[99,112,112,131,150,178,178,188,188,201,153,153,253,287,302,405,405,405,417,218,218,203,217,217,246,231,242,276,76,76,76,88,191,191,91,102,116,129,129,129,129,129,129,148,148,148,198,209,226,226,226,260,153,153,153,153,153,153],"floor_reached":56,"language":"ENG","playtime":6049,"items_purged":[],"score":722,"play_id":"182b0de7-4c41-4ed9-9732-81d9335b93c7","local_time":"20210202143011","is_ascension_mode":false,"campfire_choices":[{"data":"champ:Taunt","floor":1.0,"key":"SMITH"},{"data":"champ:HoldFirm","floor":9.0,"key":"SMITH"},{"data":"champ:TornadoPunch","floor":12.0,"key":"SMITH"},{"floor":18.0,"key":"RECALL"},{"data":"champ:StanceDance","floor":29.0,"key":"SMITH"},{"data":"champ:ShieldWall","floor":30.0,"key":"SMITH"},{"data":"champ:HoldFirm","floor":35.0,"key":"SMITH"},{"data":"expansioncontent:QuickStudy","floor":42.0,"key":"SMITH"},{"data":"champ:Duel","floor":45.0,"key":"SMITH"},{"floor":54,"key":"REST"}],"circlet_count":0,"master_deck":["champ:Strike","champ:Strike","champ:Defend","champ:Defend","champ:Defend","champ:Defend","champ:Execute","champ:Taunt+1","champ:FlashCut","champ:Devastate","champ:BringItOn","champ:CrownThrow","champ:HoldFirm+1","champ:TornadoPunch+1","champ:HeartStrike","champ:ShieldWall+1","champ:TripleStrike","champ:FalseCounter+1","champ:PreciseThrust+1","expansioncontent:QuickStudy+1","champ:StanceDance+1","champ:Circumvent","champ:Duel+1","champ:GladiatorStyle","champ:IronFortress","champ:HoldFirm+1","champ:StanceDance+1","expansioncontent:YouAreMine","champ:StanceDance+1","champ:Circumvent","champ:ShieldWall"],"relics":["champ:ChampionCrown","Eternal Feather","WingedGreaves","CloakClasp","Blood Vial","Sozu","Torii","downfall:HeartBlessingBlue","downfall:HeartBlessingRed","downfall:RedIOU","Busted Crown","downfall:HeartBlessingGreen","Blue Candle","champ:FightingForDummies","Du-Vu Doll","Orichalcum"],"acts_visited":["Exordium","TheCity","TheBeyond","TheEnding"],"potions_floor_usage":[],"damage_taken":[{"damage":22.0,"enemies":"Jaw Worm","floor":2.0,"turns":5.0},{"damage":11.0,"enemies":"Cultist","floor":4.0,"turns":4.0},{"damage":10.0,"enemies":"2 Louse","floor":5.0,"turns":3.0},{"damage":30.0,"enemies":"Lagavulin","floor":6.0,"turns":6.0},{"damage":10.0,"enemies":"Exordium Thugs","floor":8.0,"turns":6.0},{"damage":4.0,"enemies":"Red Slaver","floor":10.0,"turns":4.0},{"damage":0.0,"enemies":"downfall:FleeingMerchant","floor":11.0,"turns":4.0},{"damage":25.0,"enemies":"downfall:FleeingMerchant","floor":13.0,"turns":10.0},{"damage":2.0,"enemies":"Gremlin Nob","floor":14.0,"turns":3.0},{"damage":10.0,"enemies":"3 Louse","floor":15.0,"turns":3.0},{"damage":32.0,"enemies":"WA_ARCHETYPE_RETAIN","floor":16.0,"turns":11.0},{"damage":10.0,"enemies":"Shell Parasite","floor":19.0,"turns":4.0},{"damage":0.0,"enemies":"downfall:FleeingMerchant","floor":20.0,"turns":4.0},{"damage":10.0,"enemies":"downfall:FleeingMerchant","floor":22.0,"turns":4.0},{"damage":10.0,"enemies":"Snecko","floor":23.0,"turns":4.0},{"damage":69.0,"enemies":"Gremlin Leader","floor":25.0,"turns":10.0},{"damage":31.0,"enemies":"downfall:FleeingMerchant","floor":26.0,"turns":4.0},{"damage":17.0,"enemies":"Centurion and Healer","floor":27.0,"turns":8.0},{"damage":12.0,"enemies":"Slavers","floor":28.0,"turns":4.0},{"damage":0.0,"enemies":"Snake Plant","floor":32.0,"turns":3.0},{"damage":39.0,"enemies":"DF_ARCHETYPE_CLAW","floor":33.0,"turns":10.0},{"damage":10.0,"enemies":"3 Darklings","floor":36.0,"turns":6.0},{"damage":10.0,"enemies":"3 Shapes","floor":37.0,"turns":5.0},{"damage":10.0,"enemies":"Sphere and 2 Shapes","floor":38.0,"turns":3.0},{"damage":17.0,"enemies":"Transient","floor":44.0,"turns":5.0},{"damage":1.0,"enemies":"2 Orb Walkers","floor":47.0,"turns":6.0},{"damage":12.0,"enemies":"4 Shapes","floor":48.0,"turns":5.0},{"damage":16.0,"enemies":"3 Darklings","floor":49.0,"turns":7.0},{"damage":70,"enemies":"SI_POISON_ARCHETYPE","floor":50,"turns":12},{"damage":101,"enemies":"downfall:CharBossMerchant","floor":52,"turns":13},{"damage":62,"enemies":"downfall:NeowBoss","floor":55,"turns":31},{"damage":24,"enemies":"downfall:NeowBossFinal","floor":56,"turns":5}],"seed_played":"1286975802024509812","potions_obtained":[{"floor":10.0,"key":"Fire Potion"},{"floor":13.0,"key":"FearPotion"},{"floor":14.0,"key":"hexamod:SoulburnPotion"},{"floor":16.0,"key":"SpeedPotion"}],"is_trial":false,"path_per_floor":["R","M","?","M","M","E","T","M","R","M","$","R","?","E","M","B",null,"R","M","$","?","$","M","T","E","$","M","E","R","R","?","M","B",null,"R","M","M","M","?","?","T","R","?","M","R","?","?","M","M","B",null,"E","$","R","B","B"],"character_chosen":"THE_CHAMP","items_purchased":["champ:HeartStrike","expansioncontent:QuickStudy","champ:Circumvent","champ:ShieldWall"],"campfire_rested":1,"item_purchase_floors":[11,20,53,53],"current_hp_per_floor":[99,97,97,96,96,96,96,96,99,95,95,99,94,92,94,74,99,99,99,99,99,99,99,99,50,41,36,26,51,66,66,68,51,109,109,109,109,109,104,104,104,109,109,102,109,109,108,107,108,59,109,8,8,58,13,0,0,0],"gold":153,"neow_bonus":"TEN_PERCENT_HP_BONUS","is_daily":false,"chose_seed":false,"campfire_upgraded":8,"win_rate":0.0,"timestamp":1612294211,"path_taken":["R","M","?","M","M","E","T","?","R","M","$","R","?","E","M","BOSS","R","M","$","?","?","M","T","E","$","?","E","R","R","?","M","BOSS","R","M","M","M","?","?","T","R","?","?","R","?","?","M","M","BOSS","E","$","R","BOSS","BOSS"],"items_purchased_type":["Card","Card","Card","Card"],"build_version":"2020-12-22","purchased_purges":0,"victory":false,"max_hp_per_floor":[99,99,99,99,99,99,99,99,99,99,99,99,99,99,99,99,99,99,99,99,99,99,99,99,99,99,99,99,109,109,109,109,109,109,109,109,109,109,109,109,109,109,109,109,109,109,109,109,109,109,109,109,109,109,109,109,109,109],"card_choices":[{"not_picked":["champ:AdrenalArmor","champ:EnGarde"],"picked":"champ:FlashCut","floor":2.0},{"not_picked":["champ:BladeFlurry","champ:DancingMaster"],"picked":"champ:BringItOn","floor":4.0},{"not_picked":["champ:HeartStrike","champ:Encircle"],"picked":"champ:CrownThrow","floor":5.0},{"not_picked":["champ:DefensiveShout","champ:Shatter"],"picked":"champ:HoldFirm","floor":6.0},{"not_picked":["champ:Parry","champ:BladeFlurry"],"picked":"champ:TornadoPunch","floor":8.0},{"not_picked":["champ:Parry","champ:FanOfKnives","champ:DeathBlow"],"picked":"SKIP","floor":10.0},{"not_picked":["champ:TornadoPunch","champ:PreemptiveStrike","champ:Lariat"],"picked":"SKIP","floor":11.0},{"not_picked":["champ:CrownThrow","champ:TornadoPunch"],"picked":"champ:Endure","floor":14.0},{"not_picked":["champ:Duel","champ:Circumvent"],"picked":"champ:ShieldWall","floor":15.0},{"not_picked":["champ:SwordThrow","champ:HoldFirm"],"picked":"champ:TripleStrike","floor":16.0},{"not_picked":["champ:GutPunch+1","champ:RapidStrikes"],"picked":"champ:FalseCounter+1","floor":19.0},{"not_picked":["champ:FanOfKnives+1","champ:TornadoPunch+1"],"picked":"champ:PreciseThrust+1","floor":20.0},{"not_picked":["champ:Encircle+1","champ:HeavySlash"],"picked":"champ:StanceDance","floor":22.0},{"not_picked":["champ:FlashCut","champ:ShieldWall"],"picked":"champ:Circumvent","floor":23.0},{"not_picked":["champ:RisingSlash","champ:Haymaker"],"picked":"champ:Duel","floor":25.0},{"not_picked":["champ:Shatter","champ:ShieldThrow","champ:EnGarde"],"picked":"SKIP","floor":26.0},{"not_picked":["champ:Duel","champ:EndlessRage","champ:PerfectedStrike"],"picked":"SKIP","floor":27.0},{"not_picked":["champ:ArenaPreparation+1","champ:Duel"],"picked":"champ:GladiatorStyle","floor":28.0},{"not_picked":["champ:Duel","champ:RapidStrikes"],"picked":"champ:IronFortress","floor":32.0},{"not_picked":["champ:Devastate","champ:CheapShot"],"picked":"champ:HoldFirm","floor":33.0},{"not_picked":[],"picked":"champ:StanceDance+1","floor":36.0},{"not_picked":["champ:BladeFlurry"],"picked":"SKIP","floor":37.0},{"not_picked":["champ:AdrenalArmor+1"],"picked":"SKIP","floor":38.0},{"not_picked":["champ:AdrenalArmor+1"],"picked":"SKIP","floor":44.0},{"not_picked":["expansioncontent:GuardianWhirl","expansioncontent:AwakenDeath"],"picked":"expansioncontent:YouAreMine","floor":46.0},{"not_picked":[],"picked":"champ:StanceDance+1","floor":47.0},{"not_picked":["champ:RecklessLeap"],"picked":"SKIP","floor":48.0},{"not_picked":["champ:StanceDance"],"picked":"SKIP","floor":49.0},{"not_picked":["champ:Lariat+1"],"picked":"SKIP","floor":52}],"player_experience":431679,"relics_obtained":[{"floor":6.0,"key":"Eternal Feather"},{"floor":7.0,"key":"WingedGreaves"},{"floor":13.0,"key":"CloakClasp"},{"floor":14.0,"key":"Blood Vial"},{"floor":25.0,"key":"Happy Flower"},{"floor":28.0,"key":"Torii"},{"floor":41.0,"key":"champ:FightingForDummies"},{"floor":47.0,"key":"Du-Vu Doll"},{"floor":52,"key":"Orichalcum"}],"event_choices":[{"cards_removed":["champ:Endure"],"damage_healed":0.0,"max_hp_gain":0.0,"max_hp_loss":0.0,"gold_gain":0.0,"event_name":"Bonfire Elementals","player_choice":"Offered Uncommon","floor":21.0,"gold_loss":0.0,"damage_taken":0.0},{"cards_removed":["champ:Strike"],"damage_healed":0.0,"max_hp_gain":0.0,"max_hp_loss":0.0,"gold_gain":0.0,"event_name":"Falling","player_choice":"Removed Attack","floor":40.0,"gold_loss":0.0,"damage_taken":0.0},{"damage_healed":0.0,"max_hp_gain":0.0,"max_hp_loss":0.0,"gold_gain":0.0,"event_name":"NoteForYourself","player_choice":"Ignored","floor":43.0,"gold_loss":0.0,"damage_taken":0.0},{"damage_healed":0.0,"max_hp_gain":0.0,"max_hp_loss":0.0,"gold_gain":0.0,"event_name":"Mysterious Sphere","player_choice":"Fight","floor":47.0,"gold_loss":0.0,"damage_taken":0.0}],"is_beta":false,"boss_relics":[{"not_picked":["Astrolabe","Calling Bell"],"picked":"Sozu"},{"not_picked":["Coffee Dripper","Black Star"],"picked":"Busted Crown"}],"items_purged_floors":[],"is_endless":false,"potions_floor_spawned":[10,13,14,16,19,23,27,32,37,44,48],"killed_by":"downfall:NeowBossFinal","ascension_level":0}}