{"host":"ve5hox67eka4rdnb","time":1612251094,"event":{"mods":["ATMod(∞¢Ë™Mod)","AchievementEnabler","Act Like it!","BaseMod","Downfall","Gensokyo","Hermit","Koishi","Lobotomy","LobotomyExtend","Marisa£®ÏF”Í°°ƒß¿Ì…≥£©","Minty Spire (QoL Compilation)","Reimu£®≤©¿ˆ¡È√Œ£©","Remilia£®¿Ÿ√◊¿Ú—«£©","Replay The Spire","Shop Mod","StSLib","The Construct","The Cursed","The Servant 0.9.4"],"gold_per_floor":[99,110,46,64,64,64,64,64,164,181,198,52,77,88,102,102,102,102],"floor_reached":16,"language":"ZHS","playtime":750,"items_purged":["bronze:Strike"],"score":127,"play_id":"1b3b2e19-4c98-43ea-a67e-edd85ea1ac09","local_time":"20210202153134","is_ascension_mode":false,"campfire_choices":[{"floor":1.0,"key":"DIG"}],"circlet_count":0,"master_deck":["bronze:Strike","bronze:Strike","bronze:Strike","bronze:Defend","bronze:Defend","bronze:Defend","bronze:Defend","bronze:Replicate","bronze:Goto","AT_MachinaRedman","bronze:GetLatest","bronze:Iterate","bronze:Spike","bronze:FineTuning","bronze:HardenedForm","expansioncontent:QuickStudy","AT_MachinaRedman","bronze:Flail","bronze:Boost","bronze:Repulsor","bronze:Flail","bronze:ClassDefault"],"relics":["bronze:BronzeCore","AT_ATBox","AT_Manta","AT_TimeSand","LetterFromLob","MagicBullet_r","LaetitiaHeart","AT_RabadonDeathcap","DollysMirror","Toy Ornithopter","Replay:Baseball"],"acts_visited":["Exordium"],"potions_floor_usage":[9,9,13,14,14],"damage_taken":[{"damage":0.0,"enemies":"2 Louse","floor":2.0,"turns":1.0},{"damage":5,"enemies":"downfall:FleeingMerchant","floor":3,"turns":4},{"damage":0,"enemies":"Jaw Worm","floor":4,"turns":1},{"damage":5,"enemies":"Jaw Worm","floor":6,"turns":1},{"damage":0,"enemies":"downfall:FleeingMerchant","floor":8,"turns":1},{"damage":10,"enemies":"downfall:LadyInBlue","floor":9,"turns":2},{"damage":15,"enemies":"Small Slimes","floor":10,"turns":2},{"damage":0,"enemies":"Red Slaver","floor":11,"turns":1},{"damage":0,"enemies":"Gremlin Nob","floor":13,"turns":3},{"damage":20,"enemies":"Gremlin Gang","floor":14,"turns":1},{"damage":0,"enemies":"2 Fungi Beasts","floor":15,"turns":2},{"damage":19,"enemies":"DF_ARCHETYPE_STREAMLINE","floor":16,"turns":3}],"seed_played":"5111764885977333909","potions_obtained":[{"floor":4,"key":"MagicPotion:ReiMu"},{"floor":6,"key":"Regen Potion"},{"floor":9,"key":"Fire Potion"},{"floor":9,"key":"Doom Potion"},{"floor":9,"key":"Flashbang"},{"floor":10,"key":"EssenceOfSteel"},{"floor":13,"key":"Dexterity Potion"},{"floor":14,"key":"Elixir"}],"is_trial":false,"path_per_floor":["R","M","$","M","?","?","T","$","?","M","M","$","E","M","M","B"],"character_chosen":"THE_AUTOMATON","items_purchased":["ColorlessPotion","expansioncontent:QuickStudy","DollysMirror","bronze:Repulsor"],"campfire_rested":0,"item_purchase_floors":[3,8,8,12],"current_hp_per_floor":[49,49,44,44,44,39,39,39,34,19,19,19,24,14,14,0,0,0],"gold":102,"neow_bonus":"ONE_RARE_RELIC","is_daily":false,"chose_seed":false,"campfire_upgraded":0,"win_rate":0.0,"timestamp":1612251094,"path_taken":["R","M","$","M","?","?","T","$","?","?","M","$","E","?","M","BOSS"],"items_purchased_type":["Potion","Card","Relic","Card"],"build_version":"2020-12-22","purchased_purges":1,"victory":false,"max_hp_per_floor":[70,70,70,70,70,70,70,70,70,70,70,70,70,70,70,70,70,70],"card_choices":[{"not_picked":["bronze:OilSpill","bronze:BuggyMess"],"picked":"bronze:GetLatest","floor":2.0},{"not_picked":["bronze:Boost","bronze:ForceShield","bronze:OilSpill"],"picked":"SKIP","floor":3},{"not_picked":["bronze:WildBeam","bronze:BitShift"],"picked":"bronze:Iterate","floor":4},{"not_picked":[],"picked":"bronze:Spike","floor":6},{"not_picked":["bronze:DelayedSlice","bronze:Branch"],"picked":"bronze:FineTuning","floor":6},{"not_picked":["bronze:WildBeam","bronze:Invalidate"],"picked":"bronze:HardenedForm","floor":8},{"not_picked":["bronze:ChosenStrike","bronze:Invalidate"],"picked":"bronze:Flail","floor":9},{"not_picked":["bronze:BuggyMess","bronze:Invalidate","bronze:FineTuning"],"picked":"SKIP","floor":10},{"not_picked":["bronze:CutThrough","bronze:BugBarrage"],"picked":"bronze:Boost","floor":11},{"not_picked":["bronze:Allocate","bronze:CutThrough"],"picked":"bronze:Flail","floor":13},{"not_picked":["bronze:Branch","bronze:BuggyMess"],"picked":"bronze:ClassDefault","floor":14},{"not_picked":["bronze:Shield","bronze:NullPointer","bronze:Frontload"],"picked":"SKIP","floor":15}],"player_experience":199054,"relics_obtained":[{"floor":1.0,"key":"AT_TimeSand"},{"floor":2.0,"key":"LetterFromLob"},{"floor":7,"key":"AT_RabadonDeathcap"},{"floor":9,"key":"Toy Ornithopter"},{"floor":13,"key":"Replay:Baseball"}],"event_choices":[],"is_beta":false,"boss_relics":[],"items_purged_floors":[12],"is_endless":false,"potions_floor_spawned":[4,6,9,10,13,14],"killed_by":"DF_ARCHETYPE_STREAMLINE","ascension_level":0}}