{"host":"x730sfaw5rd1mxd8","time":1612308492,"event":{"mods":["BaseMod","BetterRewards","Colored Powertips","Highlight Path","Minty Spire (QoL Compilation)","Relic Sorter","Relic Stats","Replay The Spire","StSLib"],"gold_per_floor":[110,110,124,135,95,127,143,326,326,343,343,374,374,398,398,471,471,481,500,281,299,349,349,349],"floor_reached":23,"language":"ENG","playtime":1176,"items_purged":["Strike_R","Strike_R"],"score":602,"play_id":"551b7436-7988-4eb2-ad77-49575b5d53f9","local_time":"20210202182812","is_ascension_mode":true,"campfire_choices":[{"data":"True Grit","floor":11,"key":"SMITH"},{"floor":13,"key":"REST"},{"data":"Corruption","floor":15,"key":"SMITH"}],"circlet_count":0,"master_deck":["AscendersBane","Strike_R","Strike_R","Strike_R","Defend_R","Defend_R","Defend_R","Defend_R","Bash","Corruption+1","Poisoned Strike","Pummel+1","Rupture+1","Bloodletting","Uppercut","Bloodletting","Heavy Blade","True Grit+1","Metallicize","Impervious","Fire Breathing","Headbutt+1","Impervious","Pain","Feel No Pain","Hemokinesis","Feel No Pain","Limit Break","Whirlwind"],"relics":["Burning Blood","Orrery","Smiling Mask","Bag of Preparation","ReplayTheSpireMod:Shallot","Sozu","Lee\u0027s Waffle"],"acts_visited":["Exordium","TheCity"],"potions_floor_usage":[7,7,23,23],"damage_taken":[{"damage":8,"enemies":"2 Louse","floor":1,"turns":3},{"damage":9,"enemies":"Cultist","floor":3,"turns":3},{"damage":2,"enemies":"Small Slimes","floor":4,"turns":5},{"damage":18,"enemies":"Lagavulin","floor":6,"turns":5},{"damage":22,"enemies":"Exordium Wildlife","floor":7,"turns":6},{"damage":17,"enemies":"Blue Slaver","floor":10,"turns":6},{"damage":18,"enemies":"3 Sentries","floor":12,"turns":6},{"damage":37,"enemies":"Slime Boss","floor":16,"turns":11},{"damage":12,"enemies":"Spheric Guardian","floor":18,"turns":5},{"damage":33,"enemies":"3 Byrds","floor":19,"turns":7},{"damage":32,"enemies":"Sentry and Sphere","floor":21,"turns":10},{"damage":67,"enemies":"Slavers","floor":23,"turns":5}],"seed_played":"-7308701582214803674","potions_obtained":[{"floor":1,"key":"Block Potion"},{"floor":6,"key":"EssenceOfSteel"},{"floor":7,"key":"SpeedPotion"},{"floor":12,"key":"EntropicBrew"}],"is_trial":false,"path_per_floor":["M","?","M","M","$","E","M","?","T","M","R","E","R","T","R","B",null,"M","M","$","M","?","E"],"character_chosen":"IRONCLAD","items_purchased":["Corruption","Poisoned Strike","Pummel+1","Orrery","True Grit","Headbutt+1","Lee\u0027s Waffle"],"campfire_rested":1,"item_purchase_floors":[0,0,0,0,0,5,20],"current_hp_per_floor":[66,66,63,67,67,55,39,39,39,28,28,16,38,38,38,7,58,52,25,82,56,56,0,0],"gold":349,"neow_bonus":"","is_daily":false,"chose_seed":false,"campfire_upgraded":2,"win_rate":0.0,"timestamp":1612308492,"path_taken":["M","?","M","M","?","E","M","?","T","M","R","E","R","?","R","BOSS","M","M","$","M","?","E"],"items_purchased_type":["Card","Card","Card","Relic","Card","Card","Relic"],"build_version":"2020-12-22","purchased_purges":2,"victory":false,"max_hp_per_floor":[75,75,75,75,75,75,75,75,75,75,75,75,75,75,75,75,75,75,75,82,82,82,82,82],"relic_stats":{"Sozu":4,"Lee\u0027s Waffle":57,"counters":[342,1581],"Bag of Preparation":[18],"Smiling Mask":50,"obtain_stats":[{"Golden Egg":8,"Replay:Accelerometer":52,"Whetstone":14,"Bottled Tornado":44,"Boot":53,"Old Coin":47,"Blood Vial":20,"Replay:Wanted Poster":34,"Replay:Ringing Soul":54,"Sundial":28,"Replay:Bronze Core":34,"MealTicket":27,"Replay:Bottled Flurry":0,"Kunai":53,"Electric Blood":17,"Blue Candle":30,"Velvet Choker":19,"Eternal Feather":9,"Akabeko":27,"SlaversCollar":17,"Bird Faced Urn":12,"Pandora\u0027s Box":34,"Mark of Pain":0,"Abe\u0027s Treasure":17,"Unceasing Top":49,"Regal Pillow":9,"Lantern":14,"Singing Bowl":10,"Torii":0,"Magic Flower":11,"StoneCalendar":14,"Painkiller Herb":17,"King of Hearts":12,"Bag of Preparation":9,"Cursed Key":34,"Smiling Mask":24,"Burning Blood":0,"Pet Ghost":23,"Replay:Rubber Ducky":0,"Matryoshka":0,"Shovel":46,"WingedGreaves":8,"Chemical X":41,"Replay:Bottled Eggs":27,"Paper Frog":9,"Potion Belt":48,"Lee\u0027s Waffle":20,"Golden Idol":11,"Self Forming Clay":7,"Thread and Needle":50,"The Courier":14,"PreservedInsect":22,"Omamori":40,"Frozen Egg 2":0,"MawBank":26,"Busted Crown":17,"Ornamental Fan":50,"Orrery":0,"Turnip":46,"Art of War":40,"Garlic":32,"Champion Belt":56,"Bottled Lightning":9,"ReplayTheSpireMod:Lightbulb":0,"Toy Ornithopter":25,"Ice Cream":14,"Divine Protection":42,"Calipers":6,"Gremlin Horn":9,"CeramicFish":43,"Vajra":0,"Sozu":17,"Centennial Puzzle":9,"Strawberry":28,"Honey Jar":17,"Philosopher\u0027s Stone":17,"Iron Hammer":0,"Toxic Egg 2":9,"Girya":19,"Happy Flower":27,"ReplayTheSpireMod:CursedCoin":0,"Dead Branch":13,"Replay:Grab Bag":17,"Oddly Smooth Stone":26,"Charon\u0027s Ashes":39,"Letter Opener":25,"War Paint":8,"Question Card":0,"OrangePellets":53,"Replay:Baseball":38,"ReplayTheSpireMod:Spearhead":24,"ReplayTheSpireMod:Shallot":30,"Shuriken":55,"Bronze Scales":12,"Simple Rune":28,"Onion Ring":45,"Molten Egg 2":7,"ReplayTheSpireMod:TigerMarble":13,"Grinning Jar":25,"Pocketwatch":0,"Darkstone Periapt":5,"ReplayFunnel":19,"Iron Core":3,"Black Blood":17,"Mango":6,"Juzu Bracelet":42,"Incense Burner":12,"Replay:Mystery Machine":0,"ClockworkSouvenir":0,"Dream Catcher":43,"Nunchaku":38,"Replay:Bandana":0,"TheAbacus":0,"Chameleon Ring":24,"Mummified Hand":0,"Pantograph":23,"Gambling Chip":24,"Replay:Bottled Snecko":6,"Red Skull":6,"Runic Pyramid":34,"Gremlin Food":0,"BargainBundle":0,"Quantum Egg":32,"Guide Book":53,"Replay:WaspNest":0,"Orichalcum":48,"White Beast Statue":0,"Mercury Hourglass":43,"Anchor":10,"CaptainsWheel":49,"ChewingGum":17,"Another Sword":42,"Snack Pack":8,"Bag of Marbles":12,"Membership Card":0,"TungstenRod":40,"FossilizedHelix":28},{"Golden Egg":68,"Replay:Accelerometer":153,"Whetstone":70,"Bottled Tornado":247,"Boot":153,"Old Coin":88,"Blood Vial":26,"Replay:Wanted Poster":241,"Replay:Ringing Soul":220,"Sundial":108,"Replay:Bronze Core":311,"MealTicket":58,"Replay:Bottled Flurry":251,"Kunai":153,"Electric Blood":51,"Blue Candle":30,"Velvet Choker":72,"Eternal Feather":255,"Akabeko":138,"SlaversCollar":24,"Bird Faced Urn":22,"Pandora\u0027s Box":208,"Mark of Pain":0,"Abe\u0027s Treasure":102,"Unceasing Top":120,"Regal Pillow":275,"Lantern":324,"Singing Bowl":21,"Torii":186,"Magic Flower":49,"StoneCalendar":166,"Painkiller Herb":259,"King of Hearts":277,"Bag of Preparation":68,"Cursed Key":31,"Smiling Mask":106,"Burning Blood":0,"Pet Ghost":56,"Replay:Rubber Ducky":93,"Matryoshka":93,"Shovel":151,"WingedGreaves":255,"Chemical X":114,"Replay:Bottled Eggs":78,"Paper Frog":226,"Potion Belt":119,"Lee\u0027s Waffle":340,"Golden Idol":5,"Self Forming Clay":97,"Thread and Needle":90,"The Courier":7,"PreservedInsect":11,"Omamori":245,"Frozen Egg 2":14,"MawBank":106,"Busted Crown":8,"Ornamental Fan":120,"Orrery":330,"Turnip":38,"Art of War":36,"Garlic":109,"Champion Belt":92,"Bottled Lightning":129,"ReplayTheSpireMod:Lightbulb":93,"Toy Ornithopter":306,"Ice Cream":23,"Divine Protection":148,"Calipers":294,"Gremlin Horn":20,"CeramicFish":115,"Vajra":221,"Sozu":338,"Centennial Puzzle":5,"Strawberry":13,"Honey Jar":231,"Philosopher\u0027s Stone":167,"Iron Hammer":155,"Toxic Egg 2":192,"Girya":134,"Happy Flower":203,"ReplayTheSpireMod:CursedCoin":155,"Dead Branch":165,"Replay:Grab Bag":279,"Oddly Smooth Stone":57,"Charon\u0027s Ashes":213,"Letter Opener":266,"War Paint":163,"Question Card":221,"OrangePellets":219,"Replay:Baseball":83,"ReplayTheSpireMod:Spearhead":202,"ReplayTheSpireMod:Shallot":206,"Shuriken":91,"Bronze Scales":6,"Simple Rune":78,"Onion Ring":116,"Molten Egg 2":226,"ReplayTheSpireMod:TigerMarble":132,"Grinning Jar":137,"Pocketwatch":41,"Darkstone Periapt":18,"ReplayFunnel":103,"Iron Core":188,"Black Blood":279,"Mango":19,"Juzu Bracelet":87,"Incense Burner":131,"Replay:Mystery Machine":93,"ClockworkSouvenir":123,"Dream Catcher":37,"Nunchaku":83,"Replay:Bandana":123,"TheAbacus":61,"Chameleon Ring":170,"Mummified Hand":155,"Pantograph":12,"Gambling Chip":27,"Replay:Bottled Snecko":161,"Red Skull":47,"Runic Pyramid":142,"Gremlin Food":155,"BargainBundle":251,"Quantum Egg":80,"Guide Book":249,"Replay:WaspNest":93,"Orichalcum":218,"White Beast Statue":155,"Mercury Hourglass":181,"Anchor":69,"CaptainsWheel":152,"ChewingGum":279,"Another Sword":181,"Snack Pack":48,"Bag of Marbles":257,"Membership Card":93,"TungstenRod":214,"FossilizedHelix":239},{"Golden Egg":270,"Replay:Accelerometer":693,"Whetstone":276,"Bottled Tornado":1111,"Boot":693,"Old Coin":374,"Blood Vial":107,"Replay:Wanted Poster":1084,"Replay:Ringing Soul":1002,"Sundial":475,"Replay:Bronze Core":1396,"MealTicket":230,"Replay:Bottled Flurry":1133,"Kunai":693,"Electric Blood":208,"Blue Candle":123,"Velvet Choker":287,"Eternal Feather":1149,"Akabeko":613,"SlaversCollar":100,"Bird Faced Urn":86,"Pandora\u0027s Box":935,"Mark of Pain":0,"Abe\u0027s Treasure":449,"Unceasing Top":539,"Regal Pillow":1226,"Lantern":1469,"Singing Bowl":82,"Torii":830,"Magic Flower":200,"StoneCalendar":746,"Painkiller Herb":1169,"King of Hearts":1234,"Bag of Preparation":270,"Cursed Key":130,"Smiling Mask":466,"Burning Blood":0,"Pet Ghost":224,"Replay:Rubber Ducky":411,"Matryoshka":411,"Shovel":679,"WingedGreaves":1149,"Chemical X":510,"Replay:Bottled Eggs":311,"Paper Frog":1023,"Potion Belt":538,"Lee\u0027s Waffle":1566,"Golden Idol":17,"Self Forming Clay":425,"Thread and Needle":385,"The Courier":25,"PreservedInsect":40,"Omamori":1101,"Frozen Egg 2":51,"MawBank":466,"Busted Crown":30,"Ornamental Fan":539,"Orrery":1509,"Turnip":156,"Art of War":146,"Garlic":481,"Champion Belt":400,"Bottled Lightning":578,"ReplayTheSpireMod:Lightbulb":411,"Toy Ornithopter":1366,"Ice Cream":93,"Divine Protection":660,"Calipers":1310,"Gremlin Horn":78,"CeramicFish":521,"Vajra":1010,"Sozu":1554,"Centennial Puzzle":17,"Strawberry":48,"Honey Jar":1045,"Philosopher\u0027s Stone":751,"Iron Hammer":713,"Toxic Egg 2":857,"Girya":598,"Happy Flower":908,"ReplayTheSpireMod:CursedCoin":713,"Dead Branch":743,"Replay:Grab Bag":1251,"Oddly Smooth Stone":226,"Charon\u0027s Ashes":957,"Letter Opener":1198,"War Paint":736,"Question Card":1010,"OrangePellets":999,"Replay:Baseball":343,"ReplayTheSpireMod:Spearhead":903,"ReplayTheSpireMod:Shallot":922,"Shuriken":395,"Bronze Scales":20,"Simple Rune":311,"Onion Ring":524,"Molten Egg 2":1023,"ReplayTheSpireMod:TigerMarble":589,"Grinning Jar":609,"Pocketwatch":170,"Darkstone Periapt":65,"ReplayFunnel":454,"Iron Core":838,"Black Blood":1251,"Mango":73,"Juzu Bracelet":367,"Incense Burner":585,"Replay:Mystery Machine":411,"ClockworkSouvenir":554,"Dream Catcher":151,"Nunchaku":343,"Replay:Bandana":554,"TheAbacus":244,"Chameleon Ring":764,"Mummified Hand":713,"Pantograph":44,"Gambling Chip":111,"Replay:Bottled Snecko":730,"Red Skull":189,"Runic Pyramid":629,"Gremlin Food":713,"BargainBundle":1133,"Quantum Egg":320,"Guide Book":1122,"Replay:WaspNest":411,"Orichalcum":988,"White Beast Statue":713,"Mercury Hourglass":808,"Anchor":273,"CaptainsWheel":682,"ChewingGum":1251,"Another Sword":808,"Snack Pack":196,"Bag of Marbles":1159,"Membership Card":411,"TungstenRod":963,"FossilizedHelix":1074}],"Burning Blood":670},"card_choices":[{"not_picked":["Sentinel","Run Through"],"picked":"Rupture","floor":0},{"not_picked":["Run Through","Dual Wield"],"picked":"Bloodletting","floor":0},{"not_picked":["Clothesline","Thunderclap"],"picked":"Uppercut","floor":0},{"not_picked":["Clash","Warcry"],"picked":"Bloodletting","floor":0},{"not_picked":["Clothesline","Intimidate"],"picked":"Heavy Blade","floor":0},{"not_picked":["Twin Strike","Uppercut"],"picked":"Metallicize","floor":1},{"not_picked":["Shrug It Off","True Grit"],"picked":"Impervious","floor":3},{"not_picked":["ReplayTheSpireMod:Strike From Hell","Perfected Strike"],"picked":"Fire Breathing","floor":4},{"not_picked":["Warcry","Headbutt","Armaments"],"picked":"SKIP","floor":6},{"not_picked":["Flex","Havoc"],"picked":"Impervious","floor":7},{"not_picked":["Pommel Strike","Dropkick"],"picked":"Feel No Pain","floor":8},{"not_picked":["Reckless Charge","Pommel Strike"],"picked":"Hemokinesis","floor":10},{"not_picked":["Perfected Strike","Massacre"],"picked":"Feel No Pain","floor":12},{"not_picked":["Demonic Infusion","Replay:Many Hands"],"picked":"Limit Break","floor":16},{"not_picked":["Bloodletting+1","Warcry","Inflame"],"picked":"SKIP","floor":18},{"not_picked":["Run Through","Fire Breathing"],"picked":"Whirlwind","floor":19},{"not_picked":["Heavy Blade","Twin Strike","Iron Wave"],"picked":"SKIP","floor":21}],"player_experience":4071254,"relics_obtained":[{"floor":6,"key":"Smiling Mask"},{"floor":9,"key":"Bag of Preparation"},{"floor":12,"key":"ReplayTheSpireMod:Shallot"}],"event_choices":[{"damage_healed":0,"gold_gain":0,"player_choice":"Upgraded","damage_taken":0,"max_hp_gain":0,"max_hp_loss":0,"event_name":"Upgrade Shrine","floor":2,"gold_loss":0,"cards_upgraded":["Rupture"]},{"damage_healed":0,"gold_gain":50,"player_choice":"Stole From Cult","damage_taken":0,"max_hp_gain":0,"max_hp_loss":0,"event_name":"Nest","floor":22,"gold_loss":0}],"is_beta":false,"boss_relics":[{"not_picked":["Black Blood","SlaversCollar"],"picked":"Sozu"}],"items_purged_floors":[0,20],"is_endless":false,"potions_floor_spawned":[1,6,7,12,18,21],"killed_by":"Slavers","ascension_level":20}}