{"host":"ojezjkpqju62j8xy","time":1612235323,"event":{"mods":["ATMod(°¢èªMod)","Act Like it!","Aspiration","BaseMod","Conspire","Gensokyo","Minty Spire (QoL Compilation)","Pale of the Ancients","Reliquary","Replay The Spire","Spicy Shops","StSLib","¡¾ÒÅÎï¿¨ÅÆ¡¿REMEMod","²ÐÁôÖ®Îï"],"gold_per_floor":[119,136,155,168,168,203,203,219,298,30,43,43,77,94,148,221,221,240,255,269,6,6,6],"floor_reached":22,"language":"ZHS","playtime":806,"items_purged":[],"score":405,"play_id":"1797d012-0d76-497d-b27d-caaf965360e3","local_time":"20210202110843","is_ascension_mode":true,"campfire_choices":[],"circlet_count":0,"master_deck":["AscendersBane","Bash","AT_EmpoweredMortalDraw","REME_HeartOfCthun","Vigilance","AT_IchimonjiDouble","AT_DrawKnifeCut","Anger","Pummel","Pommel Strike","Combust","Gensokyo:RPG","Rage","AT_ManFootWork+1","Clothesline","REME_Scribble","Bludgeon","Rampage","Flame Barrier","Dark Embrace","Perfected Strike","Disarm","Searing Blow","ReplayTheSpireMod:Stacked","REME_SingleHolding","Entrench","Metallicize","Flex","Uppercut","Flex","Gensokyo:ReactiveArmor","Gensokyo:OverchargedCore","Gensokyo:RustyChest","Gensokyo:TarnishedGold","Gensokyo:ScrapIron","Gensokyo:TrainingManual","Gensokyo:MedicineKit"],"relics":["Burning Blood","AT_ATBox","REME_ComplimentaryCards","Peace Pipe","Pen Nib","Paper Frog","reliquary:Crutches","Tiny Chest","reliquary:QuartzCube","Charon\u0027s Ashes","Pandora\u0027s Box"],"acts_visited":["Gensokyo:Gensokyo","Gensokyo:Gensokyoer"],"potions_floor_usage":[6,13,14,20],"damage_taken":[{"damage":11,"enemies":"Gensokyo:Gryphon","floor":1,"turns":4},{"damage":4,"enemies":"Gensokyo:3_Fairies","floor":2,"turns":5},{"damage":0,"enemies":"Gensokyo:2_Kodama","floor":3,"turns":1},{"damage":5,"enemies":"Gensokyo:2_Rabbits","floor":4,"turns":4},{"damage":16,"enemies":"Gensokyo:Aya","floor":6,"turns":4},{"damage":3,"enemies":"Gensokyo:3_Kodama","floor":8,"turns":2},{"damage":15,"enemies":"Gensokyo:Kitsune","floor":11,"turns":4},{"damage":14,"enemies":"Gensokyo:Mamizou","floor":13,"turns":5},{"damage":8,"enemies":"Gensokyo:5_Fairies","floor":14,"turns":5},{"damage":29,"enemies":"Gensokyo:Reimu","floor":16,"turns":9},{"damage":30,"enemies":"Gensokyo:3_Dogs","floor":18,"turns":5},{"damage":5,"enemies":"Gensokyo:Chomper","floor":19,"turns":3},{"damage":35,"enemies":"Gensokyo:Swordslinger","floor":20,"turns":5},{"damage":22,"enemies":"Gensokyo:3_Gloops","floor":22,"turns":4}],"seed_played":"4407578776133520471","potions_obtained":[{"floor":3,"key":"Explosive Potion"},{"floor":11,"key":"Regen Potion"},{"floor":14,"key":"Fruit Juice"},{"floor":18,"key":"SpeedPotion"}],"is_trial":false,"path_per_floor":["M","M","M","M","?","E","?","M","T","COS","M","?","E","M","R","B",null,"M","M","M","COS","M"],"character_chosen":"IRONCLAD","items_purchased":[],"campfire_rested":0,"item_purchase_floors":[],"current_hp_per_floor":[63,65,71,72,54,44,48,51,51,51,42,42,49,52,52,31,69,47,48,21,21,0,0],"gold":6,"neow_bonus":"ONE_RARE_RELIC","is_daily":false,"chose_seed":false,"campfire_upgraded":0,"win_rate":0.0,"timestamp":1612235323,"path_taken":["M","?","M","M","?","E","?","M","T","COS","?","?","E","M","R","BOSS","M","M","M","COS","M"],"items_purchased_type":[],"build_version":"2020-12-22","purchased_purges":0,"victory":false,"max_hp_per_floor":[75,75,75,75,75,75,75,75,75,75,75,75,75,80,80,82,82,84,84,86,86,86,86],"card_choices":[{"not_picked":["Life Link","Anger"],"picked":"AT_IchimonjiDouble","floor":1},{"not_picked":["AT_BodySlamDance","Warcry"],"picked":"AT_DrawKnifeCut","floor":2},{"not_picked":["Power Through","Feel No Pain"],"picked":"Anger","floor":3},{"not_picked":["Intimidate","Life Link"],"picked":"Pummel","floor":4},{"not_picked":["Ghostly Armor","Headbutt"],"picked":"Pommel Strike","floor":6},{"not_picked":["Evolve","Shockwave"],"picked":"Combust","floor":8},{"not_picked":["Anger","Heavy Blade"],"picked":"Rage","floor":11},{"not_picked":["Exhume+1","Limit Break+1"],"picked":"AT_ManFootWork+1","floor":13},{"not_picked":["Whirlwind","Second Wind"],"picked":"Clothesline","floor":13},{"not_picked":["ReplayReversal","Massacre"],"picked":"REME_Scribble","floor":14},{"not_picked":["conspire:Purge","Limit Break"],"picked":"Bludgeon","floor":16},{"not_picked":["Warcry","Iron Wave"],"picked":"Flex","floor":18},{"not_picked":["True Grit","Shrug It Off"],"picked":"Uppercut","floor":19},{"not_picked":["Sword Boomerang","Anger"],"picked":"Flex","floor":20}],"player_experience":1518699,"relics_obtained":[{"floor":6,"key":"Paper Frog"},{"floor":13,"key":"reliquary:Crutches"}],"event_choices":[],"is_beta":false,"boss_relics":[{"not_picked":["aspiration:DefectSkillbook","Runic Pyramid"],"picked":"Pandora\u0027s Box"}],"items_purged_floors":[],"is_endless":false,"potions_floor_spawned":[3,11,14,18],"killed_by":"Gensokyo:3_Gloops","ascension_level":20}}