{"host":"yrg76c7uz5ttoxj0","time":1612279391,"event":{"mods":["2.2 Compatiblity","AchievementEnabler","BaseMod","Colored Map","DeckTracker","Highlight Path","Minty Spire (QoL Compilation)","Permanent Neow","Random Character Button","Rare Cards Sparkle","StSLib","SuperFastMode"],"gold_per_floor":[115,115,115,125,56,56,86,97,121,131,143,143,143,155,155,252,252,268,282,282],"floor_reached":19,"language":"ENG","playtime":688,"items_purged":[],"score":298,"play_id":"51671076-88ad-47d9-b674-5c29458dc977","local_time":"20210202162311","is_ascension_mode":true,"campfire_choices":[{"data":"Streamline","floor":6.0,"key":"SMITH"},{"floor":13.0,"key":"REST"},{"floor":15.0,"key":"REST"}],"circlet_count":0,"master_deck":["Strike_B","Strike_B","Strike_B+1","Defend_B+1","Defend_B","Defend_B","Defend_B","Zap","Dualcast","Streamline+1","Darkness","Seek","Coolheaded","BootSequence","FTL","Steam","Reboot","Gash","Creative AI","Stack"],"relics":["Black Star","Bag of Preparation","Prayer Wheel","Happy Flower","Nuclear Battery"],"acts_visited":[],"potions_floor_usage":[],"damage_taken":[{"damage":2.0,"enemies":"Small Slimes","floor":1.0,"turns":4.0},{"damage":6.0,"enemies":"Cultist","floor":4.0,"turns":3.0},{"damage":37.0,"enemies":"Lagavulin","floor":7.0,"turns":7.0},{"damage":2.0,"enemies":"2 Louse","floor":8.0,"turns":3.0},{"damage":3.0,"enemies":"Blue Slaver","floor":10.0,"turns":2.0},{"damage":0.0,"enemies":"2 Fungi Beasts","floor":11.0,"turns":2.0},{"damage":18.0,"enemies":"Large Slime","floor":14.0,"turns":4.0},{"damage":0.0,"enemies":"Slime Boss","floor":16.0,"turns":5.0},{"damage":38,"enemies":"2 Thieves","floor":18,"turns":5},{"damage":8,"enemies":"Spheric Guardian","floor":19,"turns":4}],"seed_played":"-5903328916385108936","potions_obtained":[{"floor":8.0,"key":"LiquidMemories"},{"floor":10.0,"key":"AttackPotion"},{"floor":11.0,"key":"EssenceOfDarkness"},{"floor":16.0,"key":"Strength Potion"}],"is_trial":false,"path_per_floor":["M","?","?","M","$","R","E","M","T","M","M","$","R","M","R","B",null,"M","M"],"character_chosen":"DEFECT","items_purchased":["Seek"],"campfire_rested":2,"item_purchase_floors":[5],"current_hp_per_floor":[66,51,51,45,45,45,8,6,6,3,3,3,25,7,29,29,64,26,18,18],"gold":282,"neow_bonus":"BOSS_RELIC","is_daily":false,"chose_seed":false,"campfire_upgraded":1,"win_rate":0.0,"timestamp":1612279391,"path_taken":["M","?","?","?","?","R","E","M","T","M","M","$","R","M","R","BOSS","M","?"],"items_purchased_type":["Card"],"build_version":"2020-12-22","purchased_purges":0,"victory":false,"max_hp_per_floor":[75,75,75,75,75,75,75,75,75,75,75,75,75,75,75,75,75,75,75,75],"card_choices":[{"not_picked":["Hologram","Tempest"],"picked":"Streamline","floor":1.0},{"not_picked":["Static Discharge","Leap","Compile Driver"],"picked":"SKIP","floor":4.0},{"not_picked":["Aggregate","Sunder"],"picked":"Coolheaded","floor":7.0},{"not_picked":["Double Energy","Capacitor"],"picked":"BootSequence","floor":8.0},{"not_picked":["Consume","Cold Snap"],"picked":"FTL","floor":8.0},{"not_picked":["Stack","Doom and Gloom"],"picked":"Steam","floor":10.0},{"not_picked":["Loop","Steam Power","Sweeping Beam"],"picked":"SKIP","floor":10.0},{"not_picked":["Coolheaded","Streamline"],"picked":"Reboot","floor":11.0},{"not_picked":["Cold Snap","Compile Driver","Leap"],"picked":"SKIP","floor":11.0},{"not_picked":["Chaos","Thunder Strike"],"picked":"Gash","floor":14.0},{"not_picked":["Cold Snap","Double Energy","Stack"],"picked":"SKIP","floor":14.0},{"not_picked":["Fission","Hyperbeam"],"picked":"Creative AI","floor":16.0},{"not_picked":["Rebound","Compile Driver","Go for the Eyes"],"picked":"SKIP","floor":18},{"not_picked":["Ball Lightning","Redo+1","Conserve Battery"],"picked":"SKIP","floor":18},{"not_picked":["Rip and Tear+1","Rebound"],"picked":"Stack","floor":19}],"player_experience":368513,"relics_obtained":[{"floor":7.0,"key":"Bag of Preparation"},{"floor":7.0,"key":"Prayer Wheel"},{"floor":9.0,"key":"Happy Flower"}],"event_choices":[{"damage_healed":0.0,"max_hp_gain":0.0,"max_hp_loss":0.0,"gold_gain":0.0,"event_name":"Shining Light","player_choice":"Entered Light","floor":2.0,"gold_loss":0.0,"damage_taken":15.0,"cards_upgraded":["Defend_B","Strike_B"]},{"damage_healed":0.0,"max_hp_gain":0.0,"max_hp_loss":0.0,"gold_gain":0.0,"cards_transformed":["Strike_B"],"event_name":"Transmorgrifier","player_choice":"Transformed","floor":3.0,"gold_loss":0.0,"damage_taken":0.0,"cards_obtained":["Darkness"]}],"is_beta":false,"boss_relics":[{"not_picked":["Velvet Choker","Runic Pyramid"],"picked":"Nuclear Battery"}],"items_purged_floors":[],"is_endless":false,"potions_floor_spawned":[8,10,11,16],"killed_by":"Spheric Guardian","ascension_level":7}}