{"host":"wfkvcf4y4vkrpwe0","time":1612274303,"event":{"mods":["BaseMod","Conspire","Downfall","Hermit","Minty Spire (QoL Compilation)","StSLib","The Construct","The Cursed","The Disciple","The Hierophant","The Necromancer"],"gold_per_floor":[110,210,229,255,265,276,290,290,290,290,304,323,323,354,354,354,354],"floor_reached":16,"language":"ENG","playtime":603,"items_purged":[],"score":104,"play_id":"c00695ae-7d29-45f9-8946-4723769c9080","local_time":"20210202135823","is_ascension_mode":false,"campfire_choices":[{"floor":8,"key":"REST"},{"floor":13,"key":"REST"},{"floor":15,"key":"REST"}],"circlet_count":0,"master_deck":["TheCursedMod:Strike_TheCursed","TheCursedMod:Strike_TheCursed","TheCursedMod:Strike_TheCursed","TheCursedMod:Strike_TheCursed","TheCursedMod:Defend_TheCursed","TheCursedMod:Defend_TheCursed","TheCursedMod:Defend_TheCursed","TheCursedMod:Defend_TheCursed","TheCursedMod:CursedWand","TheCursedMod:CleanUpWorkshop","TheCursedMod:EmpowerCircles"],"relics":["TheCursedMod:BlackMagic101","NeowsBlessing","Anchor","Blood Vial","Singing Bowl"],"acts_visited":["Exordium"],"potions_floor_usage":[14,14,16],"damage_taken":[{"damage":0,"enemies":"Small Slimes","floor":1,"turns":1},{"damage":0,"enemies":"Cultist","floor":3,"turns":1},{"damage":0,"enemies":"conspire:MimicChest","floor":4,"turns":1},{"damage":0,"enemies":"2 Louse","floor":5,"turns":2},{"damage":19,"enemies":"Exordium Thugs","floor":6,"turns":6},{"damage":0,"enemies":"Looter","floor":7,"turns":3},{"damage":6,"enemies":"Exordium Wildlife","floor":11,"turns":4},{"damage":31,"enemies":"Exordium Thugs","floor":12,"turns":6},{"damage":24,"enemies":"Gremlin Nob","floor":14,"turns":4},{"damage":92,"enemies":"The Guardian","floor":16,"turns":13}],"seed_played":"5290571851196675933","potions_obtained":[{"floor":5,"key":"SkillPotion"},{"floor":7,"key":"Ancient Potion"},{"floor":11,"key":"champ:CounterPotion"},{"floor":14,"key":"hexamod:SoulburnPotion"}],"is_trial":false,"path_per_floor":["M","?","M","?","M","M","M","R","T","?","M","M","R","E","R","B"],"character_chosen":"THE_CURSED","items_purchased":[],"campfire_rested":3,"item_purchase_floors":[],"current_hp_per_floor":[75,75,75,75,75,56,56,75,75,75,69,40,62,40,62,0,0],"gold":354,"neow_bonus":"THREE_ENEMY_KILL","is_daily":false,"chose_seed":false,"campfire_upgraded":0,"win_rate":0.0,"timestamp":1612274303,"path_taken":["M","?","?","?","M","M","M","R","T","?","M","?","R","E","R","BOSS"],"items_purchased_type":[],"build_version":"2020-12-22","purchased_purges":0,"victory":false,"max_hp_per_floor":[75,75,75,75,75,75,75,75,75,75,75,75,75,75,75,75,75],"card_choices":[{"not_picked":["TheCursedMod:Wield","TheCursedMod:CircleOfFlame","TheCursedMod:Obscuration"],"picked":"SKIP","floor":1},{"not_picked":["TheCursedMod:SoulReap","TheCursedMod:ReleasedStrength","TheCursedMod:SpitefulStrike"],"picked":"SKIP","floor":3},{"not_picked":["TheCursedMod:Obscuration","TheCursedMod:VitalStrike","TheCursedMod:CursedStaff"],"picked":"SKIP","floor":5},{"not_picked":["TheCursedMod:CursedAmulet","TheCursedMod:CursedShiv","TheCursedMod:OutForBlood"],"picked":"SKIP","floor":6},{"not_picked":["TheCursedMod:TacticalStrike","TheCursedMod:CircleOfFlame","TheCursedMod:CircleOfAmplification"],"picked":"SKIP","floor":7},{"not_picked":["TheCursedMod:CursedMace","TheCursedMod:WearCloak","TheCursedMod:CircleOfFlame"],"picked":"SKIP","floor":11},{"not_picked":["TheCursedMod:WearCloak","TheCursedMod:AshesToAshes","TheCursedMod:CircleOfAbyss"],"picked":"SKIP","floor":12},{"not_picked":["TheCursedMod:RapidMovement","TheCursedMod:CursedRelics"],"picked":"TheCursedMod:EmpowerCircles","floor":14}],"player_experience":580138,"relics_obtained":[{"floor":4,"key":"Anchor"},{"floor":9,"key":"Blood Vial"},{"floor":14,"key":"Singing Bowl"}],"event_choices":[{"damage_healed":0,"gold_gain":100,"player_choice":"Pray","damage_taken":0,"max_hp_gain":0,"max_hp_loss":0,"event_name":"Golden Shrine","floor":2,"gold_loss":0},{"cards_removed":["TheCursedMod:Dregs"],"damage_healed":0,"gold_gain":0,"player_choice":"Removed Curses","damage_taken":0,"max_hp_gain":0,"max_hp_loss":0,"event_name":"Fountain of Cleansing","floor":10,"gold_loss":0}],"is_beta":false,"boss_relics":[],"items_purged_floors":[],"is_endless":false,"potions_floor_spawned":[5,7,11,14],"killed_by":"The Guardian","ascension_level":0}}