{"host":"3y2rtlgteqp2nuo3","time":1612230029,"event":{"mods":["2.2 Compatiblity","AchievementEnabler","BaseMod","Colored Map","DeckTracker","Highlight Path","Keyboard Shortcuts","Minty Spire (QoL Compilation)","Permanent Neow","Quick Restart","StSLib","SuperFastMode","everything is the same but u backflip on backflip"],"gold_per_floor":[116,130,148,73,85,85,113,113,139,164,181,196,196,11,11,88,88,107,107,86,103,103,103],"floor_reached":22,"language":"KOR","playtime":663,"items_purged":["Strike_G","Strike_G"],"score":348,"play_id":"5c3b6380-7a57-4a50-b2bb-8cca8638cfec","local_time":"20210202104029","is_ascension_mode":true,"campfire_choices":[{"data":"Deadly Poison","floor":6.0,"key":"SMITH"},{"floor":8.0,"key":"REST"},{"floor":15.0,"key":"REST"}],"circlet_count":0,"master_deck":["AscendersBane","Survivor","Neutralize","Caltrops","Heel Hook","Sucker Punch","Deadly Poison+1","Dodge and Roll","Dagger Throw","Crippling Poison","Deadly Poison","Bane","Noxious Fumes","Heel Hook","Burst","Catalyst","Quick Slash","Sucker Punch","Slice","Dodge and Roll","Venomology","Poisoned Stab","Underhanded Strike+1"],"relics":["Ring of the Snake","Art of War","Regal Pillow","Odd Mushroom","Pandora\u0027s Box"],"acts_visited":["Exordium","TheCity"],"potions_floor_usage":[],"damage_taken":[{"damage":2.0,"enemies":"2 Louse","floor":1.0,"turns":3.0},{"damage":0.0,"enemies":"Jaw Worm","floor":2.0,"turns":6.0},{"damage":2.0,"enemies":"Small Slimes","floor":3.0,"turns":4.0},{"damage":0.0,"enemies":"Looter","floor":5.0,"turns":4.0},{"damage":37.0,"enemies":"3 Sentries","floor":7.0,"turns":10.0},{"damage":9.0,"enemies":"The Mushroom Lair","floor":10.0,"turns":4.0},{"damage":8.0,"enemies":"3 Louse","floor":11.0,"turns":4.0},{"damage":4.0,"enemies":"Blue Slaver","floor":12.0,"turns":3.0},{"damage":22.0,"enemies":"Hexaghost","floor":16.0,"turns":9.0},{"damage":18.0,"enemies":"3 Byrds","floor":18.0,"turns":4.0},{"damage":20.0,"enemies":"2 Thieves","floor":20.0,"turns":4.0},{"damage":21.0,"enemies":"Sentry and Sphere","floor":21.0,"turns":6.0},{"damage":14,"enemies":"Snake Plant","floor":22,"turns":2}],"seed_played":"5484817674953665100","potions_obtained":[{"floor":2.0,"key":"SneckoOil"},{"floor":5.0,"key":"FearPotion"},{"floor":7.0,"key":"EssenceOfSteel"},{"floor":10.0,"key":"DuplicationPotion"}],"is_trial":false,"path_per_floor":["M","M","M","$","M","R","E","R","T","?","M","M","?","$","R","B",null,"M","?","M","M","M"],"character_chosen":"THE_SILENT","items_purchased":["Heel Hook"],"campfire_rested":2,"item_purchase_floors":[14],"current_hp_per_floor":[42,42,40,40,40,40,3,22,22,13,5,1,23,23,57,35,58,40,53,33,12,0,0],"gold":103,"neow_bonus":"TRANSFORM_TWO_CARDS","is_daily":false,"chose_seed":false,"campfire_upgraded":1,"win_rate":0.0,"timestamp":1612230029,"path_taken":["M","M","M","$","M","R","E","R","T","?","M","M","?","$","R","BOSS","M","?","M","M","M"],"items_purchased_type":["Card"],"build_version":"2020-12-22","purchased_purges":2,"victory":false,"max_hp_per_floor":[66,66,66,66,66,66,66,66,66,66,66,66,66,66,66,66,66,66,66,66,66,66,66],"card_choices":[{"not_picked":["Blade Dance","Acrobatics"],"picked":"Sucker Punch","floor":1.0},{"not_picked":["Dodge and Roll","Cloak And Dagger"],"picked":"Deadly Poison","floor":2.0},{"not_picked":["Calculated Gamble","Slice"],"picked":"Dodge and Roll","floor":3.0},{"not_picked":["Outmaneuver","Expertise"],"picked":"Dagger Throw","floor":5.0},{"not_picked":["Well Laid Plans","Setup"],"picked":"Crippling Poison","floor":7.0},{"not_picked":["Wraith Form v2","Dagger Throw"],"picked":"Deadly Poison","floor":10.0},{"not_picked":["Backflip","Well Laid Plans"],"picked":"Bane","floor":11.0},{"not_picked":["Backstab","Dodge and Roll"],"picked":"Noxious Fumes","floor":12.0},{"not_picked":["Doppelganger","After Image"],"picked":"Burst","floor":16.0},{"not_picked":["Calculated Gamble","Deadly Poison"],"picked":"Poisoned Stab","floor":18.0},{"not_picked":["Backstab","Dash","Dagger Spray"],"picked":"SKIP","floor":20.0},{"not_picked":["Concentrate","Flying Knee"],"picked":"Underhanded Strike+1","floor":21.0}],"player_experience":743707,"relics_obtained":[{"floor":7.0,"key":"Art of War"},{"floor":9.0,"key":"Regal Pillow"},{"floor":10.0,"key":"Odd Mushroom"}],"event_choices":[{"damage_healed":0.0,"max_hp_gain":0.0,"max_hp_loss":0.0,"gold_gain":0.0,"event_name":"Mushrooms","player_choice":"Fought Mushrooms","floor":10.0,"gold_loss":0.0,"damage_taken":0.0},{"damage_healed":22.0,"max_hp_gain":0.0,"max_hp_loss":0.0,"gold_gain":0.0,"event_name":"Big Fish","player_choice":"Banana","floor":13.0,"gold_loss":0.0,"damage_taken":0.0},{"damage_healed":13.0,"max_hp_gain":0.0,"max_hp_loss":0.0,"gold_gain":0.0,"event_name":"The Library","player_choice":"Heal","floor":19.0,"gold_loss":0.0,"damage_taken":0.0}],"is_beta":false,"boss_relics":[{"not_picked":["WristBlade","Black Star"],"picked":"Pandora\u0027s Box"}],"items_purged_floors":[4,14],"is_endless":false,"potions_floor_spawned":[2,5,7,10,18,20],"killed_by":"Snake Plant","ascension_level":17}}