{"host":"mq7pyadb5kndcn8l","time":1612288124,"event":{"mods":["AchievementEnabler","Arknights","Aspiration","BaseMod","Better Altar","Better Match","Better Note","Better Sensory Stone","Better Skull","Better Third Choice","BetterRewards","Block Reminder","CCEM2","Challenge The Spire","ChefMod","Colored Map","Colored Powertips","Conspire","Displayed Cursed Tome","Dota2Spire","Energized Spire","GifTheSpireLib","Highlight Path","Hubris","Infinite Spire","Mad Scientist","Marked Mod","Mimic Mod","Minty Spire (QoL Compilation)","Permanent Neow","QueenMod","Quick Restart","Random Character Button","Rare Cards Sparkle","Relic Filter","Relic Sorter","Reliquary","Replay The Spire","Reworked Bosses","Shade Mod","Shop Mod","Spicy Shops","Spikes Relics","Spire Arcade","StSLib","Stuff the Spire","SuperFastMode","The Blue Laboratory","Thieving Mod","Trackpad","Transform Curses","Wandering Minibosses"],"gold_per_floor":[119,119,119,138,138,172,172,200,233,265,275,275,302,18,18,90,90,110,110,110,110,110,37,37,67,101,101,101,130,130,158,158,232,232,250,250,86,86,101,101,119,151,223,62,62,79,92,124,124,124,124,124,34,68,68],"floor_reached":56,"language":"ENG","playtime":4725,"items_purged":["Shade:CarefulCut","Shade:Strike_Shade","Shade:Strike_Shade","Shade:Strike_Shade","Shade:Strike_Shade","Writhe","Shade:Defend_Shade"],"score":3131,"play_id":"aa40d070-f939-499f-8bb4-63e4d7e9d71d","local_time":"20210202124844","is_ascension_mode":true,"campfire_choices":[{"data":"Shade:AnimateDead","floor":7,"key":"SMITH"},{"data":"Shade:LichForm","floor":12,"key":"SMITH"},{"data":"Shade:SensePrey","floor":15,"key":"SMITH"},{"data":"Shade:Putrefaction","floor":24,"key":"SMITH"},{"data":"Shade:Trample","floor":28,"key":"SMITH"},{"data":"Shade:OpenGraves","floor":30,"key":"SMITH"},{"floor":49,"key":"RECALL"}],"circlet_count":0,"master_deck":["AscendersBane","Shade:Defend_Shade","Shade:Defend_Shade+1","Shade:AnimateDead+1","Shade:AuraOfUnlife+1","Shade:WallOfFlesh","Shade:GraveStillness","Shade:GraveStillness","Crow Ritual+1","Shade:Brains","Shade:CommandSoldier+1","Shade:FreshBones+1","Shade:OpenGraves","Shade:FuneraryJewels","Shade:SensePrey+1","Shade:LichForm+1","Shade:Brains","Shade:OpenGraves+1","Shade:Putrefaction+1","Shade:Coordination","Shade:AblativeArmor","Shade:OpenGraves+1","Shade:Trample+1"],"relics":["Shade:YorickSkull","Dota2Spire:ShadowBlade","Dota2Spire:UrnOfShadows","MerchantsRug","Replay:Wax Seal","Bag of Preparation","trackpad:WondrousWand","Dota2Spire:Vanguard","Sling","trackpad:Mousetrap","Turnip","Pocketwatch","MiniBlackHole","aspiration:FutureDiary","Incense Burner","CCEMRelics:PocketTank","aspiration:HatOfInfinitePower","infinitespire:Beetle Shell","CCEMRelics:WhiteRose","energizedSpire:SpiderWeb","wanderingMiniBosses:ThiefScarf","infinitespire:Broken Mirror","Bottled Tornado","reliquary:Stiletto"],"acts_visited":["Exordium","TheCity","TheBeyond","TheEnding"],"potions_floor_usage":[55,55],"damage_taken":[{"damage":0,"enemies":"Cultist","floor":1,"turns":4},{"damage":0,"enemies":"conspire:RoseBush","floor":4,"turns":2},{"damage":0,"enemies":"Lagavulin","floor":6,"turns":4},{"damage":0,"enemies":"Replay:BlueRogue","floor":8,"turns":4},{"damage":0,"enemies":"Jaw Worm","floor":9,"turns":7},{"damage":0,"enemies":"Gremlin Nob","floor":10,"turns":2},{"damage":0,"enemies":"Jaw Worm","floor":11,"turns":1},{"damage":0,"enemies":"3 Sentries","floor":13,"turns":3},{"damage":7,"enemies":"Hexaghost","floor":16,"turns":7},{"damage":0,"enemies":"Spheric Guardian","floor":18,"turns":3},{"damage":3,"enemies":"conspire:SneckoGhost","floor":23,"turns":6},{"damage":0,"enemies":"Book of Stabbing","floor":25,"turns":4},{"damage":0,"enemies":"2 Thieves","floor":26,"turns":8},{"damage":0,"enemies":"Slavers","floor":29,"turns":3},{"damage":0,"enemies":"conspire:Head Lice","floor":31,"turns":3},{"damage":0,"enemies":"Automaton","floor":33,"turns":5},{"damage":0,"enemies":"3 Darklings","floor":35,"turns":5},{"damage":0,"enemies":"3 Shapes","floor":39,"turns":2},{"damage":4,"enemies":"Spire Growth","floor":41,"turns":3},{"damage":6,"enemies":"R_Hoarder","floor":42,"turns":5},{"damage":0,"enemies":"Transient","floor":46,"turns":6},{"damage":0,"enemies":"Jaw Worm Horde","floor":47,"turns":3},{"damage":1,"enemies":"Giant Head","floor":48,"turns":6},{"damage":0,"enemies":"bossMod:newAwakened","floor":50,"turns":6},{"damage":21,"enemies":"Shield and Spear","floor":54,"turns":3},{"damage":19,"enemies":"The Heart","floor":55,"turns":6}],"seed_played":"-692914813603313728","potions_obtained":[{"floor":4,"key":"Strength Potion"},{"floor":8,"key":"Swift Potion"},{"floor":21,"key":"CultistPotion"},{"floor":21,"key":"Block Potion"}],"is_trial":false,"path_per_floor":["M","?","?","M","?","E","R","E","MIM","E","M","R","E","$","R","B",null,"M","?","?","?","?","E","R","E","MIM","?","R","E","R","E","R","B",null,"M","?","$","?","M","R","M","E","T","$","?","M","M","E","R_BF","B",null,"R","$","E","B",null],"character_chosen":"SHADE","items_purchased":["Lee\u0027s Waffle","MerchantsRug","Bag of Preparation","Shade:AuraOfUnlife","Shade:WallOfFlesh","Shade:Trample","Dota2Spire:ShadowBlade","trackpad:WondrousWand","Question Card","Dota2Spire:Vanguard","Sling","trackpad:Mousetrap","Shade:GraveStillness","Crow Ritual","Replay:Wax Seal","Juzu Bracelet","Shade:Brains","Shade:OpenGraves","reliquary:Buckler","Bottled Tornado"],"campfire_rested":0,"item_purchase_floors":[0,0,0,0,0,0,0,0,0,0,0,0,0,0,0,0,0,14,14,53],"current_hp_per_floor":[62,44,44,44,19,25,25,25,25,31,31,31,31,31,31,24,53,53,53,62,62,62,59,59,62,62,62,62,62,62,62,62,62,62,62,62,62,62,62,62,58,62,62,63,59,59,65,64,64,64,66,66,66,45,38],"gold":68,"neow_bonus":"","is_daily":false,"chose_seed":false,"campfire_upgraded":6,"win_rate":0.0,"timestamp":1612288124,"path_taken":["M","?","?","M","?","E","R","E","MIM","E","M","R","E","$","R","BOSS","M","?","?","?","?","E","R","E","MIM","?","R","E","R","E","R","BOSS","M","?","$","?","M","R","M","E","T","?","?","M","M","E","R_BF","BOSS","R","$","E","BOSS"],"items_purchased_type":["Relic","Relic","Relic","Card","Card","Card","Relic","Relic","Relic","Relic","Relic","Relic","Card","Card","Relic","Relic","Card","Card","Relic","Relic"],"build_version":"2020-12-22","purchased_purges":7,"victory":true,"max_hp_per_floor":[62,62,62,62,62,62,62,62,62,62,62,62,62,62,62,62,62,62,62,62,62,62,62,62,62,62,62,62,62,62,62,62,62,62,62,62,62,62,62,62,62,63,63,63,63,63,66,66,66,66,66,66,66,66,66],"card_choices":[{"not_picked":["Shade:FreshBones","Shade:DangerousRitual","Shade:Premonition"],"picked":"Shade:CommandSoldier","floor":1},{"not_picked":["Shade:GreyBargain","Shade:Patience","Shade:FreshBones"],"picked":"Shade:OpenGraves","floor":4},{"not_picked":["Shade:DangerousRitual","Shade:GraveStillness","Shade:WallOfFlesh"],"picked":"Shade:FuneraryJewels","floor":6},{"not_picked":["Shade:Trample","Shade:BoneShards","Shade:GoDigging"],"picked":"Shade:SensePrey","floor":8},{"not_picked":["Shade:Trample","Shade:Frenzy","Shade:SkeletonHug","Shade:CallWraith"],"picked":"SKIP","floor":10},{"not_picked":["Shade:FleshToFlesh","Shade:Patience","Shade:FeralStrike"],"picked":"Shade:LichForm","floor":11},{"not_picked":["Shade:RavenousHorde","Shade:FingerOfDeath","Shade:ClawBack"],"picked":"Shade:Brains","floor":13},{"not_picked":["Shade:UnbarTheGrave","Shade:SelfBurial","Shade:SoulPierce"],"picked":"Shade:Putrefaction","floor":16},{"not_picked":["Shade:TouchOfTheGrave","Shade:FuneraryJewels","Shade:Patience","Shade:Bonestorm"],"picked":"SKIP","floor":18},{"not_picked":["Shade:CloudOfShrapnel","Shade:FuneraryJewels","Shade:CoffinDance","Shade:WallOfFlesh"],"picked":"SKIP","floor":23},{"not_picked":["Shade:SkeletonArmy","Shade:Bite_Shade","Shade:FreshBones","Shade:CloudOfShrapnel"],"picked":"SKIP","floor":25},{"not_picked":["Shade:GraveStillness","Shade:Trample","Shade:OminousRitual","Shade:CloudOfShrapnel"],"picked":"SKIP","floor":29},{"not_picked":["Shade:ExtraLimbs","Shade:Carnophage","Shade:Patience+1","Shade:AncientSpear"],"picked":"SKIP","floor":31},{"not_picked":["Shade:SoulPierce","Shade:Putrefaction","Shade:OneIsEnough"],"picked":"Shade:Coordination","floor":33},{"not_picked":["Shade:CommandSoldier","Shade:OpenGraves","Shade:SpontaneousRitual"],"picked":"Shade:AblativeArmor","floor":35},{"not_picked":["Shade:CommandSoldier","Shade:Bite_Shade+1","Shade:WallOfFlesh+1","Shade:FuneraryArmor+1"],"picked":"SKIP","floor":39},{"not_picked":["Shade:SkeletonHug","Shade:RavenousHorde","Shade:Patience"],"picked":"Shade:OpenGraves+1","floor":41},{"not_picked":["Shade:LyeBath+1","Shade:ClawBack","Shade:StitchTogether+1","Shade:AncientSpear+1"],"picked":"SKIP","floor":42},{"not_picked":["Shade:Premonition","Shade:SoulToxin+1","Shade:LoseControl"],"picked":"SKIP","floor":46},{"not_picked":["Shade:FuneraryArmor","Shade:RavenousHorde","Shade:GoDigging"],"picked":"SKIP","floor":47},{"not_picked":["Shade:CallOfTheGrave","Shade:FeralStrike","Shade:PoundOfFlesh"],"picked":"SKIP","floor":48},{"not_picked":["Shade:GraveStillness","Shade:LichForm","Shade:OneIsEnough"],"picked":"SKIP","floor":54}],"player_experience":701743,"relics_obtained":[{"floor":6,"key":"Turnip"},{"floor":8,"key":"Dota2Spire:LotusOrb"},{"floor":9,"key":"infinitespire:Broken Mirror"},{"floor":10,"key":"Pocketwatch"},{"floor":13,"key":"MiniBlackHole"},{"floor":23,"key":"CCEMRelics:PocketTank"},{"floor":25,"key":"hubris:SphereOfDissonance"},{"floor":26,"key":"aspiration:HatOfInfinitePower"},{"floor":29,"key":"infinitespire:Beetle Shell"},{"floor":31,"key":"CCEMRelics:WhiteRose"},{"floor":35,"key":"wanderingMiniBosses:ThiefScarf"},{"floor":35,"key":"infinitespire:Broken Mirror"},{"floor":42,"key":"reliquary:QuartzCube"},{"floor":48,"key":"StuffTheSpire:Mouthbags"},{"floor":54,"key":"reliquary:Stiletto"}],"event_choices":[{"damage_healed":0,"gold_gain":0,"player_choice":"Relic ","damage_taken":18,"max_hp_gain":0,"max_hp_loss":0,"event_name":"betterThird:BetterScrap","floor":2,"gold_loss":0,"cards_obtained":["Concentrate"]},{"damage_healed":0,"gold_gain":0,"cards_transformed":["Shade:Defend_Shade"],"player_choice":"Transformed","damage_taken":0,"max_hp_gain":0,"max_hp_loss":0,"event_name":"Transmorgrifier","floor":3,"gold_loss":0,"cards_obtained":["Shade:FreshBones"]},{"damage_healed":0,"gold_gain":0,"player_choice":"UP UP ","damage_taken":29,"relics_obtained":[],"max_hp_gain":0,"max_hp_loss":0,"event_name":"betterSkull:BetterSkull","floor":5,"gold_loss":0,"cards_upgraded":["Crow Ritual","Shade:Defend_Shade"]},{"damage_healed":0,"gold_gain":0,"player_choice":"Opened","damage_taken":0,"relics_obtained":["Incense Burner"],"max_hp_gain":0,"max_hp_loss":0,"event_name":"The Mausoleum","floor":19,"gold_loss":0,"cards_obtained":["Writhe"]},{"damage_healed":12,"gold_gain":0,"player_choice":"Heal","damage_taken":0,"max_hp_gain":0,"max_hp_loss":0,"event_name":"The Library","floor":20,"gold_loss":0},{"damage_healed":0,"gold_gain":0,"player_choice":"Got Potions","damage_taken":0,"max_hp_gain":0,"max_hp_loss":0,"event_name":"Lab","floor":21,"gold_loss":0},{"damage_healed":0,"gold_gain":0,"player_choice":"Ignored","damage_taken":0,"max_hp_gain":0,"max_hp_loss":0,"event_name":"Ghosts","floor":22,"gold_loss":0},{"damage_healed":0,"gold_gain":0,"player_choice":"Ignored","damage_taken":0,"max_hp_gain":0,"max_hp_loss":0,"event_name":"Tomb of Lord Red Mask","floor":38,"gold_loss":0},{"damage_healed":0,"gold_gain":0,"player_choice":"Leave","damage_taken":0,"max_hp_gain":0,"max_hp_loss":0,"event_name":"conspire:Investor","floor":45,"gold_loss":0}],"is_beta":false,"boss_relics":[{"not_picked":["reliquary:Craggleroot","CosmicIsotope"],"picked":"aspiration:FutureDiary"},{"not_picked":["Replay:Grab Bag","reliquary:WritOfMandamus"],"picked":"energizedSpire:SpiderWeb"}],"items_purged_floors":[0,0,0,0,0,37,44],"is_endless":false,"potions_floor_spawned":[4,8,11,13,16,18,25,31,35,39,47,48],"ascension_level":18}}