{"host":"oigynbtg272c19pw","time":1612290819,"event":{"mods":["BaseMod","Colored Map","Minty Spire (QoL Compilation)","Relic Stats","Slay the Relics Exporter","StSLib"],"gold_per_floor":[109,109,109,125,136,136,150,181,181,181,214,214,249,11,11,86,86,86,86,6,6,6,6,6,6,6,6,6],"floor_reached":27,"playtime":909,"items_purged":["Strike_R"],"score":498,"play_id":"2b9c1c41-e9f5-4879-8ee1-1e97d851d74a","local_time":"20210202193339","is_ascension_mode":true,"campfire_choices":[{"data":"Uppercut","floor":6,"key":"SMITH"},{"data":"Dark Embrace","floor":10,"key":"SMITH"},{"floor":12,"key":"REST"},{"data":"Metallicize","floor":15,"key":"SMITH"},{"floor":24,"key":"REST"}],"circlet_count":0,"master_deck":["AscendersBane","Strike_R+1","Strike_R","Strike_R","Strike_R+1","Defend_R","Defend_R","Defend_R","Defend_R","Bash","Uppercut+1","Anger","Dark Embrace+1","Metallicize+1","Rampage","Twin Strike","Intimidate","Berserk","Metallicize","Writhe","Spot Weakness","Dark Embrace+1","True Grit"],"relics":["Burning Blood","NeowsBlessing","Boot","Kunai","Pocketwatch","OrangePellets","Ectoplasm","Orichalcum","Nloth\u0027s Gift","Red Skull","InkBottle"],"acts_visited":["Exordium","TheCity"],"potions_floor_usage":[8,16,25,25],"damage_taken":[{"damage":0,"enemies":"Small Slimes","floor":1,"turns":1},{"damage":0,"enemies":"2 Louse","floor":4,"turns":1},{"damage":0,"enemies":"Cultist","floor":5,"turns":1},{"damage":6,"enemies":"2 Fungi Beasts","floor":7,"turns":4},{"damage":16,"enemies":"Gremlin Nob","floor":8,"turns":4},{"damage":23,"enemies":"3 Sentries","floor":11,"turns":10},{"damage":6,"enemies":"Gremlin Nob","floor":13,"turns":3},{"damage":23,"enemies":"The Guardian","floor":16,"turns":10},{"damage":3,"enemies":"Chosen","floor":18,"turns":4},{"damage":37,"enemies":"3 Byrds","floor":21,"turns":5},{"damage":59,"enemies":"Gremlin Leader","floor":23,"turns":9},{"damage":22,"enemies":"Shelled Parasite and Fungi","floor":25,"turns":5},{"damage":18,"enemies":"Centurion and Healer","floor":27,"turns":2}],"seed_played":"-4790738252139564919","potions_obtained":[{"floor":1,"key":"FairyPotion"},{"floor":7,"key":"SkillPotion"},{"floor":8,"key":"GamblersBrew"},{"floor":13,"key":"LiquidBronze"},{"floor":18,"key":"PowerPotion"},{"floor":23,"key":"LiquidBronze"}],"is_trial":false,"path_per_floor":["M","?","?","M","M","R","M","E","T","R","E","R","E","$","R","B",null,"M","?","$","M","?","E","R","M","T","M"],"character_chosen":"IRONCLAD","items_purchased":["OrangePellets","Spot Weakness"],"campfire_rested":2,"item_purchase_floors":[14,20],"current_hp_per_floor":[74,51,40,46,52,52,52,42,42,42,25,47,47,47,47,30,64,67,67,67,36,36,7,29,13,13,0,0],"gold":6,"neow_bonus":"THREE_ENEMY_KILL","is_daily":false,"chose_seed":false,"campfire_upgraded":3,"win_rate":0.0,"timestamp":1612290819,"path_taken":["M","?","?","?","M","R","M","E","T","R","E","R","E","$","R","BOSS","M","?","$","M","?","E","R","?","T","M"],"items_purchased_type":["Relic","Card"],"build_version":"2020-12-13","purchased_purges":1,"victory":false,"max_hp_per_floor":[75,75,75,75,75,75,75,75,75,75,75,75,75,75,75,75,75,75,75,75,75,75,75,75,75,75,75,75],"relic_stats":{"OrangePellets":[7],"counters":[13,59],"Ectoplasm":69,"Nloth\u0027s Gift":0,"Kunai":[14],"Orichalcum":[78],"Boot":[9],"obtain_stats":[{"OrangePellets":14,"NeowsBlessing":0,"Ectoplasm":17,"Nloth\u0027s Gift":22,"Kunai":9,"Letter Opener":13,"Orichalcum":19,"Boot":8,"Burning Blood":0,"Red Skull":23,"InkBottle":26,"Pocketwatch":11},{"OrangePellets":7,"NeowsBlessing":0,"Ectoplasm":8,"Nloth\u0027s Gift":10,"Kunai":5,"Letter Opener":7,"Orichalcum":9,"Boot":5,"Burning Blood":0,"Red Skull":11,"InkBottle":12,"Pocketwatch":6},{"OrangePellets":24,"NeowsBlessing":0,"Ectoplasm":34,"Nloth\u0027s Gift":43,"Kunai":11,"Letter Opener":24,"Orichalcum":38,"Boot":11,"Burning Blood":0,"Red Skull":52,"InkBottle":57,"Pocketwatch":21}],"Burning Blood":72,"InkBottle":[0],"Pocketwatch":[48]},"card_choices":[{"not_picked":["Cleave","Warcry"],"picked":"Uppercut","floor":1},{"not_picked":["Heavy Blade","Iron Wave"],"picked":"Anger","floor":4},{"not_picked":["Sever Soul","Evolve"],"picked":"Dark Embrace","floor":5},{"not_picked":["Warcry","Sword Boomerang"],"picked":"Metallicize","floor":7},{"not_picked":["Iron Wave","Uppercut"],"picked":"Rampage","floor":8},{"not_picked":["Exhume","Warcry"],"picked":"Twin Strike","floor":11},{"not_picked":["Seeing Red","Thunderclap"],"picked":"Intimidate","floor":13},{"not_picked":["Offering","Exhume"],"picked":"Berserk","floor":16},{"not_picked":["Sword Boomerang","Clothesline"],"picked":"Metallicize","floor":18},{"not_picked":["Sword Boomerang","Thunderclap"],"picked":"Dark Embrace+1","floor":21},{"not_picked":["Dual Wield","Fire Breathing","Perfected Strike+1"],"picked":"SKIP","floor":23},{"not_picked":["Clothesline","Warcry"],"picked":"True Grit","floor":25}],"player_experience":1525934,"relics_obtained":[{"floor":8,"key":"Boot"},{"floor":9,"key":"Kunai"},{"floor":11,"key":"Pocketwatch"},{"floor":13,"key":"Letter Opener"},{"floor":23,"key":"Red Skull"},{"floor":26,"key":"InkBottle"}],"event_choices":[{"damage_healed":0,"gold_gain":0,"player_choice":"Entered Light","damage_taken":23,"max_hp_gain":0,"max_hp_loss":0,"event_name":"Shining Light","floor":2,"gold_loss":0,"cards_upgraded":["Strike_R","Strike_R"]},{"damage_healed":0,"gold_gain":0,"player_choice":"Damaged","damage_taken":11,"max_hp_gain":0,"max_hp_loss":0,"event_name":"Wheel of Change","floor":3,"gold_loss":0},{"damage_healed":0,"gold_gain":0,"player_choice":"Opened","damage_taken":0,"relics_obtained":["Orichalcum"],"max_hp_gain":0,"max_hp_loss":0,"event_name":"The Mausoleum","floor":19,"gold_loss":0,"cards_obtained":["Writhe"]},{"damage_healed":0,"gold_gain":0,"player_choice":"Traded Relic","damage_taken":0,"relics_obtained":["Nloth\u0027s Gift"],"max_hp_gain":0,"max_hp_loss":0,"event_name":"N\u0027loth","floor":22,"relics_lost":["Letter Opener"],"gold_loss":0}],"is_beta":false,"boss_relics":[{"not_picked":["Black Blood","Sozu"],"picked":"Ectoplasm"}],"items_purged_floors":[14],"is_endless":false,"potions_floor_spawned":[1,7,8,11,13,18,23],"killed_by":"Centurion and Healer","ascension_level":20}}