{"host":"ja297la2wpvv1dvv","time":1612302436,"event":{"mods":["AchievementEnabler","BaseMod","Bestiary","Colored Map","Colored Powertips","Curses Come First","Minty Spire (QoL Compilation)","StSLib"],"gold_per_floor":[119,137,148,323,6,335,335,352,352,317,317,317,332,345,345,449,449,465,425,441,452,9,37,53,53,79,79,93,93,106,119,119,119,119],"floor_reached":33,"language":"ENG","playtime":4425,"items_purged":["Doubt","Parasite"],"score":298,"play_id":"9f8b342e-fe61-4a00-9ec4-89bfa762d654","local_time":"20210202154716","is_ascension_mode":true,"campfire_choices":[{"floor":7,"key":"REST"},{"floor":11,"key":"REST"},{"floor":15,"key":"REST"},{"floor":25,"key":"REST"},{"floor":27,"key":"REST"},{"floor":29,"key":"REST"},{"floor":32,"key":"REST"}],"circlet_count":0,"master_deck":["Strike_B","Strike_B","Strike_B","Strike_B","Defend_B","Defend_B","Defend_B","Defend_B","Zap","Dualcast+1","Coolheaded","Hologram+1","Storm","Machine Learning","Coolheaded+1","Cold Snap","Conserve Battery+1","Rainbow+1","Chaos+1","Barrage","Stack+1","Heatsinks","Barrage+1","Barrage","Multi-Cast+1","Leap+1","Double Energy+1"],"relics":["Cracked Core","Toxic Egg 2","Old Coin","Matryoshka","Inserter","Lizard Tail","Gremlin Horn","Shuriken","Anchor"],"acts_visited":["Exordium","TheCity"],"potions_floor_usage":[16,16,21,23,24,24,33],"damage_taken":[{"damage":3,"enemies":"Jaw Worm","floor":1,"turns":4},{"damage":0,"enemies":"Small Slimes","floor":2,"turns":3},{"damage":0,"enemies":"Cultist","floor":3,"turns":4},{"damage":55,"enemies":"Gremlin Nob","floor":6,"turns":6},{"damage":43,"enemies":"Gremlin Gang","floor":8,"turns":7},{"damage":17,"enemies":"2 Fungi Beasts","floor":13,"turns":4},{"damage":7,"enemies":"Red Slaver","floor":14,"turns":5},{"damage":31,"enemies":"The Guardian","floor":16,"turns":19},{"damage":44,"enemies":"3 Byrds","floor":18,"turns":6},{"damage":10,"enemies":"Chosen","floor":20,"turns":6},{"damage":17,"enemies":"Shelled Parasite and Fungi","floor":21,"turns":6},{"damage":29,"enemies":"Book of Stabbing","floor":23,"turns":6},{"damage":14,"enemies":"Snake Plant","floor":24,"turns":3},{"damage":1,"enemies":"3 Cultists","floor":28,"turns":4},{"damage":4,"enemies":"Shelled Parasite and Fungi","floor":30,"turns":6},{"damage":33,"enemies":"Snecko","floor":31,"turns":7},{"damage":77,"enemies":"Champ","floor":33,"turns":11}],"seed_played":"-8999783647035700207","potions_obtained":[{"floor":1,"key":"Dexterity Potion"},{"floor":13,"key":"Energy Potion"},{"floor":14,"key":"Weak Potion"},{"floor":16,"key":"DistilledChaos"},{"floor":20,"key":"PowerPotion"},{"floor":23,"key":"Weak Potion"},{"floor":31,"key":"LiquidMemories"}],"is_trial":false,"path_per_floor":["M","M","M","?","$","E","R","M","T","?","R","?","M","M","R","B",null,"M","?","M","M","$","E","M","R","T","R","M","R","M","M","R","B"],"character_chosen":"DEFECT","items_purchased":["Toxic Egg 2","Lizard Tail","Heatsinks"],"campfire_rested":7,"item_purchase_floors":[5,22,22],"current_hp_per_floor":[79,79,79,79,79,24,48,5,5,25,49,69,52,45,69,38,82,38,38,28,11,11,25,11,34,34,57,56,79,75,42,65,0,0],"gold":119,"neow_bonus":"TEN_PERCENT_HP_BONUS","is_daily":false,"chose_seed":false,"campfire_upgraded":0,"win_rate":0.0,"timestamp":1612302436,"path_taken":["M","M","M","?","$","E","R","M","T","?","R","?","?","M","R","BOSS","M","?","M","M","$","E","M","R","T","R","?","R","M","?","R","BOSS"],"items_purchased_type":["Relic","Relic","Card"],"build_version":"2020-12-22","purchased_purges":2,"victory":false,"max_hp_per_floor":[82,82,82,82,82,82,82,82,82,82,82,82,82,82,82,82,82,82,82,82,82,79,79,79,79,79,79,79,79,79,79,79,79,79],"card_choices":[{"not_picked":["Hologram","Ball Lightning"],"picked":"Coolheaded","floor":1},{"not_picked":["Rebound","Streamline"],"picked":"Hologram","floor":2},{"not_picked":["Barrage","Compile Driver"],"picked":"Storm","floor":3},{"not_picked":["Rebound","Beam Cell"],"picked":"Machine Learning","floor":6},{"not_picked":["Hologram+1","Turbo+1"],"picked":"Coolheaded+1","floor":8},{"not_picked":["Rip and Tear","Coolheaded+1"],"picked":"Cold Snap","floor":13},{"not_picked":["Steam+1","Gash"],"picked":"Conserve Battery+1","floor":14},{"not_picked":["Machine Learning","Buffer"],"picked":"Rainbow+1","floor":16},{"not_picked":["Cold Snap+1","Rebound"],"picked":"Chaos+1","floor":18},{"not_picked":["Beam Cell","Double Energy+1"],"picked":"Barrage","floor":20},{"not_picked":["Go for the Eyes","Reinforced Body+1"],"picked":"Stack+1","floor":21},{"not_picked":["Ball Lightning","Turbo+1"],"picked":"Barrage+1","floor":23},{"not_picked":["Blizzard","Auto Shields+1"],"picked":"Barrage","floor":24},{"not_picked":["Barrage","Ball Lightning"],"picked":"Multi-Cast+1","floor":28},{"not_picked":["Steam+1","Ball Lightning"],"picked":"Leap+1","floor":30},{"not_picked":["Beam Cell","FTL"],"picked":"Double Energy+1","floor":31}],"player_experience":215063,"relics_obtained":[{"floor":6,"key":"Old Coin"},{"floor":9,"key":"Matryoshka"},{"floor":23,"key":"Gremlin Horn"},{"floor":26,"key":"Shuriken"},{"floor":26,"key":"Anchor"}],"event_choices":[{"damage_healed":0,"gold_gain":175,"player_choice":"AGREE","damage_taken":0,"max_hp_gain":0,"max_hp_loss":0,"event_name":"Liars Game","floor":4,"gold_loss":0,"cards_obtained":["Doubt"]},{"damage_healed":20,"gold_gain":0,"player_choice":"Healed","damage_taken":0,"max_hp_gain":0,"max_hp_loss":0,"event_name":"The Cleric","floor":10,"gold_loss":35},{"damage_healed":20,"gold_gain":0,"player_choice":"Healed and dodged fight","damage_taken":0,"max_hp_gain":0,"max_hp_loss":0,"event_name":"Mushrooms","floor":12,"gold_loss":0,"cards_obtained":["Parasite"]},{"damage_healed":0,"gold_gain":0,"player_choice":"Upgraded Two","damage_taken":0,"max_hp_gain":0,"max_hp_loss":0,"event_name":"Designer","floor":19,"gold_loss":40,"cards_upgraded":["Dualcast","Hologram"]}],"is_beta":false,"boss_relics":[{"not_picked":["Empty Cage","Coffee Dripper"],"picked":"Inserter"}],"items_purged_floors":[5,22],"is_endless":false,"potions_floor_spawned":[1,13,14,16,20,23,31],"killed_by":"Champ","ascension_level":2}}