{"host":"31s8hzukbhz1k6i6","time":1612240475,"event":{"mods":["AchievementEnabler","BaseMod","Bestiary","Colored Map","Filter the Spire","Minty Spire (QoL Compilation)","Relic Stats","ojb\u0027s Info Mod"],"gold_per_floor":[118,134,134,144,69,101,101,113,113,145,156,172,197,223,223,301,301,314,214,232,107,32,32,62,91,170,201,201,217,229,229,229],"floor_reached":31,"language":"ENG","playtime":1515,"items_purged":["Pain","Strike_G","Strike_G"],"score":700,"play_id":"cf73aa60-682e-4225-bc54-3bcb0d366c50","local_time":"20210201203435","is_ascension_mode":true,"campfire_choices":[{"data":"Neutralize","floor":7.0,"key":"SMITH"},{"data":"Crippling Poison","floor":15.0,"key":"SMITH"},{"data":"Glass Knife","floor":23.0,"key":"SMITH"}],"circlet_count":0,"master_deck":["AscendersBane","Defend_G","Defend_G","Defend_G","Defend_G","Defend_G","Survivor","Neutralize+1","Heel Hook","Backstab","Backflip","Backstab","Poisoned Stab","Deadly Poison","Crippling Poison+1","Adrenaline","Glass Knife+1","Dodge and Roll+1","Burst","Blade Dance","Bane"],"relics":["Ring of the Snake","Anchor","WarpedTongs","WingedGreaves","Gremlin Horn","Sundial","Vajra","Blue Candle","Black Star","Smiling Mask","Strawberry","Ancient Tea Set","Tiny Chest","InkBottle","Regal Pillow","Unceasing Top"],"acts_visited":["Exordium","TheCity"],"potions_floor_usage":[25,27],"damage_taken":[{"damage":0.0,"enemies":"Jaw Worm","floor":1.0,"turns":5.0},{"damage":1.0,"enemies":"Cultist","floor":2.0,"turns":4.0},{"damage":1.0,"enemies":"2 Louse","floor":4.0,"turns":3.0},{"damage":16.0,"enemies":"3 Sentries","floor":6.0,"turns":13.0},{"damage":0.0,"enemies":"Red Slaver","floor":8.0,"turns":2.0},{"damage":16.0,"enemies":"Lagavulin","floor":10.0,"turns":6.0},{"damage":0.0,"enemies":"3 Louse","floor":11.0,"turns":2.0},{"damage":0.0,"enemies":"Looter","floor":12.0,"turns":2.0},{"damage":2.0,"enemies":"3 Sentries","floor":13.0,"turns":7.0},{"damage":9.0,"enemies":"Lagavulin","floor":14.0,"turns":6.0},{"damage":4.0,"enemies":"Hexaghost","floor":16.0,"turns":8.0},{"damage":1.0,"enemies":"3 Byrds","floor":18.0,"turns":3.0},{"damage":2.0,"enemies":"Shell Parasite","floor":20.0,"turns":4.0},{"damage":7.0,"enemies":"Book of Stabbing","floor":24.0,"turns":5.0},{"damage":0,"enemies":"Gremlin Leader","floor":25,"turns":4},{"damage":1,"enemies":"Slavers","floor":27,"turns":4},{"damage":14,"enemies":"Shelled Parasite and Fungi","floor":29,"turns":3},{"damage":19,"enemies":"Snake Plant","floor":30,"turns":3},{"damage":19,"enemies":"Book of Stabbing","floor":31,"turns":3}],"seed_played":"238796080012594041","potions_obtained":[{"floor":1.0,"key":"Poison Potion"},{"floor":2.0,"key":"SpeedPotion"},{"floor":11.0,"key":"LiquidMemories"},{"floor":13.0,"key":"SteroidPotion"},{"floor":20.0,"key":"Ancient Potion"},{"floor":25,"key":"SkillPotion"},{"floor":30,"key":"Explosive Potion"}],"is_trial":false,"path_per_floor":["M","M","?","M","$","E","R","M","T","E","M","M","E","E","R","B",null,"M","$","M","$","?","R","E","E","T","E","?","M","M","E"],"character_chosen":"THE_SILENT","items_purchased":[],"campfire_rested":0,"item_purchase_floors":[],"current_hp_per_floor":[59,58,58,57,57,41,41,41,41,25,25,25,23,14,14,10,52,51,51,49,49,49,49,49,49,49,48,48,34,15,0,0],"gold":229,"neow_bonus":"RANDOM_COMMON_RELIC","is_daily":false,"chose_seed":false,"campfire_upgraded":3,"win_rate":0.0,"timestamp":1612240475,"path_taken":["M","M","?","?","$","E","R","M","T","E","M","M","E","E","R","BOSS","M","$","M","$","?","R","E","E","T","E","?","M","M","E"],"items_purchased_type":[],"build_version":"2020-12-22","purchased_purges":3,"victory":false,"max_hp_per_floor":[66,66,66,66,66,66,66,66,66,66,66,66,66,66,66,66,66,66,66,66,66,66,66,73,73,73,73,73,73,73,73,73],"relic_stats":{"Regal Pillow":0,"Gremlin Horn":[12,12],"counters":[19,87],"Blue Candle":[0],"Smiling Mask":0,"WarpedTongs":[76],"Sundial":[8],"Tiny Chest":0,"Black Star":3,"obtain_stats":[{"Regal Pillow":27,"Gremlin Horn":9,"Blue Candle":14,"Vajra":13,"Smiling Mask":24,"Ancient Tea Set":25,"WarpedTongs":3,"Anchor":0,"Sundial":10,"Strawberry":24,"Tiny Chest":25,"WingedGreaves":6,"Black Star":17,"InkBottle":26,"Unceasing Top":27,"Ring of the Snake":0},{"Regal Pillow":16,"Gremlin Horn":5,"Blue Candle":10,"Vajra":9,"Smiling Mask":14,"Ancient Tea Set":15,"WarpedTongs":2,"Anchor":0,"Sundial":6,"Strawberry":14,"Tiny Chest":15,"WingedGreaves":4,"Black Star":11,"InkBottle":15,"Unceasing Top":16,"Ring of the Snake":0},{"Regal Pillow":78,"Gremlin Horn":27,"Blue Candle":50,"Vajra":44,"Smiling Mask":70,"Ancient Tea Set":74,"WarpedTongs":9,"Anchor":0,"Sundial":33,"Strawberry":70,"Tiny Chest":74,"WingedGreaves":25,"Black Star":58,"InkBottle":74,"Unceasing Top":78,"Ring of the Snake":0}],"InkBottle":[6],"Unceasing Top":[0],"Ring of the Snake":[38]},"card_choices":[{"not_picked":["Accuracy","Blur"],"picked":"Heel Hook","floor":1.0},{"not_picked":["Dagger Spray","Acrobatics"],"picked":"Backstab","floor":2.0},{"not_picked":["Outmaneuver","Deflect"],"picked":"Backflip","floor":4.0},{"not_picked":["Riddle With Holes","Heel Hook"],"picked":"Backstab","floor":6.0},{"not_picked":["Escape Plan","Well Laid Plans"],"picked":"Poisoned Stab","floor":8.0},{"not_picked":["Dodge and Roll","Acrobatics"],"picked":"Deadly Poison","floor":10.0},{"not_picked":["Flechettes","Skewer"],"picked":"Crippling Poison","floor":11.0},{"not_picked":["Underhanded Strike","Caltrops"],"picked":"Adrenaline","floor":12.0},{"not_picked":["Dagger Spray","Underhanded Strike","Poisoned Stab"],"picked":"SKIP","floor":13.0},{"not_picked":["Bane","Dagger Throw","Well Laid Plans"],"picked":"SKIP","floor":14.0},{"not_picked":["Burst","Doppelganger"],"picked":"Glass Knife","floor":16.0},{"not_picked":["Deadly Poison","Concentrate","Backflip"],"picked":"SKIP","floor":18.0},{"not_picked":["Infinite Blades","Outmaneuver"],"picked":"Dodge and Roll+1","floor":20.0},{"not_picked":["Well Laid Plans","Riddle With Holes","Caltrops"],"picked":"SKIP","floor":24.0},{"not_picked":["Tactician","Leg Sweep"],"picked":"Burst","floor":25},{"not_picked":["Escape Plan","Dagger Throw","Blade Dance"],"picked":"SKIP","floor":27},{"not_picked":["Accuracy","Prepared","Predator"],"picked":"SKIP","floor":29},{"not_picked":["Deadly Poison","Acrobatics","Expertise"],"picked":"SKIP","floor":30}],"player_experience":202369,"relics_obtained":[{"floor":6.0,"key":"WingedGreaves"},{"floor":9.0,"key":"Gremlin Horn"},{"floor":10.0,"key":"Sundial"},{"floor":13.0,"key":"Vajra"},{"floor":14.0,"key":"Blue Candle"},{"floor":24.0,"key":"Smiling Mask"},{"floor":24.0,"key":"Strawberry"},{"floor":25,"key":"Ancient Tea Set"},{"floor":25,"key":"Tiny Chest"},{"floor":26,"key":"InkBottle"},{"floor":27,"key":"Regal Pillow"},{"floor":27,"key":"Unceasing Top"}],"event_choices":[{"damage_healed":0.0,"max_hp_gain":0.0,"max_hp_loss":0.0,"gold_gain":0.0,"event_name":"Accursed Blacksmith","player_choice":"Rummage","floor":3.0,"gold_loss":0.0,"damage_taken":0.0,"relics_obtained":["WarpedTongs"],"cards_obtained":["Pain"]},{"cards_removed":["Strike_G"],"damage_healed":0.0,"max_hp_gain":0.0,"max_hp_loss":0.0,"gold_gain":0.0,"event_name":"Beggar","player_choice":"Gave Gold","floor":22.0,"gold_loss":75.0,"damage_taken":0.0},{"damage_healed":0,"gold_gain":0,"cards_transformed":["Strike_G","Strike_G"],"player_choice":"Became Test Subject","damage_taken":0,"max_hp_gain":0,"max_hp_loss":0,"event_name":"Drug Dealer","floor":28,"gold_loss":0,"cards_obtained":["Blade Dance","Bane"]}],"is_beta":false,"boss_relics":[{"not_picked":["Calling Bell","Fusion Hammer"],"picked":"Black Star"}],"items_purged_floors":[5,19,21],"is_endless":false,"potions_floor_spawned":[1,2,6,11,13,20,25,30],"killed_by":"Book of Stabbing","ascension_level":20}}