{"host":"dz5pb68w9r4hdro8","time":1612253530,"event":{"mods":["AchievementEnabler","Aspiration","BaseMod","Better Skull","Better Third Choice","Challenge The Spire","Colored Map","Colored Powertips","Conspire","DeckTracker","Googly Eyes","Gremlin Mod","Highlight Path","Hubris","Infinite Spire","Minty Spire (QoL Compilation)","Permanent Neow","Quick Restart","StSLib","SuperFastMode","slay the spire mod where everything is the same but ironclad has a cowboy hat"],"gold_per_floor":[112,131,131,81,92,92,102,102,127,139,139,64,64,94,94,189,189,199,199,209,245,51,385,385,385,385,285,285,285],"floor_reached":28,"language":"ENG","playtime":2486,"items_purged":["Strike_R","Strike_R"],"score":368,"play_id":"03d8a11d-d662-4cf4-b0b3-d80b91f4c034","local_time":"20210202001210","is_ascension_mode":true,"campfire_choices":[{"data":"True Grit","floor":6.0,"key":"SMITH"},{"data":"Shrug It Off","floor":8.0,"key":"SMITH"},{"data":"Rampage","floor":11,"key":"SMITH"},{"data":"Battle Trance","floor":13,"key":"SMITH"},{"data":"Entrench","floor":15,"key":"SMITH"},{"floor":24,"key":"REST"}],"circlet_count":0,"master_deck":["Strike_R","Strike_R","Defend_R","Defend_R+1","Defend_R","Defend_R+1","Bash+1","Headbutt+1","Battle Trance+1","True Grit+1","Shrug It Off+1","Rampage+1","Entrench+1","Shockwave","Cleave+1","Evolve","Shrug It Off+1"],"relics":["Burning Blood","NeowsBlessing","Centennial Puzzle","Strawberry","Whetstone","War Paint","Lee\u0027s Waffle","Old Coin","Molten Egg 2"],"acts_visited":["TheCity"],"potions_floor_usage":[21,21,23,25],"damage_taken":[{"damage":0.0,"enemies":"Jaw Worm","floor":1.0,"turns":1.0},{"damage":0.0,"enemies":"Small Slimes","floor":2.0,"turns":1.0},{"damage":0.0,"enemies":"Cultist","floor":5.0,"turns":1.0},{"damage":3.0,"enemies":"Blue Slaver","floor":7.0,"turns":8.0},{"damage":3.0,"enemies":"Large Slime","floor":10.0,"turns":11.0},{"damage":7,"enemies":"Gremlin Nob","floor":14,"turns":3},{"damage":28,"enemies":"The Guardian","floor":16,"turns":12},{"damage":11,"enemies":"Spheric Guardian","floor":18,"turns":4},{"damage":17,"enemies":"Shell Parasite","floor":20,"turns":5},{"damage":33,"enemies":"conspire:MimicChest","floor":21,"turns":6},{"damage":89,"enemies":"Book of Stabbing","floor":23,"turns":9},{"damage":38,"enemies":"Gremlin Leader","floor":25,"turns":9},{"damage":18,"enemies":"Sentry and Sphere","floor":28,"turns":6}],"seed_played":"7024316159625606394","potions_obtained":[{"floor":1.0,"key":"BloodPotion"},{"floor":5.0,"key":"FearPotion"},{"floor":7.0,"key":"AttackPotion"},{"floor":21,"key":"SmokeBomb"}],"is_trial":false,"path_per_floor":["M","M","?","?","M","R","M","R","T","M","R","$","R","E","R","B",null,"M","?","M","?","$","E","R","E","T","$","M"],"character_chosen":"IRONCLAD","items_purchased":["Evolve","Lee\u0027s Waffle"],"campfire_rested":1,"item_purchase_floors":[22,22],"current_hp_per_floor":[78,80,55,55,61,61,64,64,71,74,74,74,74,73,73,51,78,73,56,45,36,99,16,45,13,13,13,0,0],"gold":285,"neow_bonus":"THREE_ENEMY_KILL","is_daily":false,"chose_seed":false,"campfire_upgraded":5,"win_rate":0.0,"timestamp":1612253530,"path_taken":["M","M","?","?","M","R","M","R","T","M","R","$","R","E","R","BOSS","M","?","M","?","$","E","R","E","T","$","M"],"items_purchased_type":["Card","Relic"],"build_version":"2020-12-22","purchased_purges":2,"victory":false,"max_hp_per_floor":[80,80,80,80,80,80,80,80,87,87,87,87,87,87,87,87,87,87,92,92,92,99,99,99,99,99,99,99,99],"card_choices":[{"not_picked":["Sentinel","Clash"],"picked":"Headbutt","floor":1.0},{"not_picked":["Warcry","Rage"],"picked":"Battle Trance","floor":2.0},{"not_picked":["hubris:ReadiedAction","Iron Wave"],"picked":"True Grit","floor":5.0},{"not_picked":["Anger","infinitespire:OneForAll"],"picked":"Shrug It Off","floor":7.0},{"not_picked":["Flex","conspire:Charge"],"picked":"Rampage","floor":10.0},{"not_picked":["conspire:ExplosiveBarrier","Burning Pact"],"picked":"Entrench","floor":14},{"not_picked":["Ghostly Armor+1","Twin Strike+1"],"picked":"Shockwave","floor":18},{"not_picked":["Heavy Blade","Rampage","Flex"],"picked":"SKIP","floor":20},{"not_picked":["Armaments","Thunderclap"],"picked":"Cleave+1","floor":21},{"not_picked":["Cleave","Pommel Strike"],"picked":"Shrug It Off+1","floor":23}],"player_experience":439230,"relics_obtained":[{"floor":9.0,"key":"Strawberry"},{"floor":14,"key":"Whetstone"},{"floor":21,"key":"War Paint"},{"floor":23,"key":"Old Coin"},{"floor":26,"key":"Molten Egg 2"}],"event_choices":[{"damage_healed":0.0,"max_hp_gain":0.0,"max_hp_loss":0.0,"gold_gain":0.0,"event_name":"betterThird:BetterScrap","player_choice":"Relic ","floor":3.0,"gold_loss":0.0,"damage_taken":25.0,"cards_obtained":["Reflex"]},{"cards_removed":["Strike_R"],"damage_healed":0.0,"max_hp_gain":0.0,"max_hp_loss":0.0,"gold_gain":0.0,"event_name":"The Cleric","player_choice":"Card Removal","floor":4.0,"gold_loss":50.0,"damage_taken":0.0},{"damage_healed":0,"gold_gain":0,"player_choice":"Shed Blood","damage_taken":22,"max_hp_gain":5,"max_hp_loss":0,"event_name":"Forgotten Altar","floor":19,"gold_loss":0}],"is_beta":false,"boss_relics":[{"not_picked":[]}],"items_purged_floors":[12,27],"is_endless":false,"potions_floor_spawned":[1,5,7,16,21],"killed_by":"Sentry and Sphere","ascension_level":7}}