{"host":"l6vifo5ajdb3p20b","time":1612275222,"event":{"mods":["2.2 Compatiblity","BaseMod","Better Altar","Better Sensory Stone","Better Skull","Better Third Choice","BetterRewards","Block Reminder","Booster Modes","Card Forge","Colored Map","Defuse TimeMaze Blight","Energized Spire","Evolution","Mad Scientist","Marisa????????","Minty Spire (QoL Compilation)","Relic Stats","Robot Space Explorer","StSLib","The Blackbeard","The Necromancer"],"gold_per_floor":[116,128,100,111,125,125,154,154,154,154,170,203,50,75,75,171,171,191,205,222,248,40,66,66,77,77,107,107,121,148,163,163,264,264,264],"floor_reached":34,"language":"ENG","playtime":3004,"items_purged":[],"score":574,"play_id":"d3a1282d-4c32-4f1b-b3c7-7a496c92bea9","local_time":"20210202211342","is_ascension_mode":true,"campfire_choices":[{"data":"RobotSpaceExplorer:Blaster","floor":6,"key":"SMITH"},{"data":"RobotSpaceExplorer:DualCore","floor":8,"key":"SMITH"},{"data":"RobotSpaceExplorer:StarLightning","floor":15,"key":"SMITH"},{"data":"RobotSpaceExplorer:Accelerator","floor":24,"key":"SMITH"},{"data":"RobotSpaceExplorer:PlasmaMissile","floor":32,"key":"SMITH"}],"circlet_count":0,"master_deck":["RobotSpaceExplorer:ImprovisedAttack","RobotSpaceExplorer:Strike","RobotSpaceExplorer:Strike","RobotSpaceExplorer:Strike","RobotSpaceExplorer:Defend","RobotSpaceExplorer:Defend","RobotSpaceExplorer:Defend","RobotSpaceExplorer:Scan","RobotSpaceExplorer:MiniLasers","RobotSpaceExplorer:StunGrenade","RobotSpaceExplorer:Pulsar","RobotSpaceExplorer:DualCore+1","RobotSpaceExplorer:Blaster+1","RobotSpaceExplorer:StunGrenade","RobotSpaceExplorer:Blitz","RobotSpaceExplorer:StarLightning+1","RobotSpaceExplorer:Calculate","RobotSpaceExplorer:Smokescreen","RobotSpaceExplorer:Accelerator+1","RobotSpaceExplorer:ScrapMissile+1","RobotSpaceExplorer:Probe+1","RobotSpaceExplorer:SurgingStrike","RobotSpaceExplorer:GearShield+1","RobotSpaceExplorer:BigMissile","RobotSpaceExplorer:ChargingLaser","RobotSpaceExplorer:Calculate","RobotSpaceExplorer:ShockMissile","RobotSpaceExplorer:PlasmaMissile","Writhe","RobotSpaceExplorer:Discharger+1","RobotSpaceExplorer:Electropulse+1","RobotSpaceExplorer:PlasmaMissile+1","RobotSpaceExplorer:Asteroid"],"relics":["Hammer of Thor","Seething Fire","Anvil of the Gods","EVO:Axolotl","Coffee Dripper","betterThird:SlimedRelic","Oddly Smooth Stone","InkBottle","Dead Branch","Odd Mushroom","energizedSpire:OgreHead","Red Mask","White Beast Statue","Singing Bowl","Toxic Egg 2","Pantograph","Letter Opener"],"acts_visited":["Exordium","TheCity"],"potions_floor_usage":[5,12,16,21,25,27,29,33,33],"damage_taken":[{"damage":0,"enemies":"2 Louse","floor":1,"turns":2},{"damage":0,"enemies":"Small Slimes","floor":2,"turns":3},{"damage":0,"enemies":"Cultist","floor":4,"turns":5},{"damage":0,"enemies":"Lots of Slimes","floor":5,"turns":4},{"damage":25,"enemies":"3 Sentries","floor":7,"turns":11},{"damage":0,"enemies":"Blue Slaver","floor":11,"turns":3},{"damage":0,"enemies":"Gremlin Nob","floor":12,"turns":4},{"damage":1,"enemies":"The Mushroom Lair","floor":14,"turns":4},{"damage":0,"enemies":"Slime Boss","floor":16,"turns":8},{"damage":1,"enemies":"2 Thieves","floor":18,"turns":3},{"damage":0,"enemies":"Chosen","floor":19,"turns":4},{"damage":2,"enemies":"Centurion and Healer","floor":20,"turns":5},{"damage":0,"enemies":"Masked Bandits","floor":21,"turns":3},{"damage":1,"enemies":"Book of Stabbing","floor":23,"turns":5},{"damage":0,"enemies":"Snake Plant","floor":25,"turns":5},{"damage":0,"enemies":"Slavers","floor":27,"turns":3},{"damage":0,"enemies":"3 Cultists","floor":29,"turns":4},{"damage":0,"enemies":"Book of Stabbing","floor":30,"turns":5},{"damage":0,"enemies":"Centurion and Healer","floor":31,"turns":5},{"damage":8,"enemies":"Champ","floor":33,"turns":7}],"seed_played":"963846483487629401","potions_obtained":[{"floor":1,"key":"SpeedPotion"},{"floor":11,"key":"RobotSpaceExplorer:PlasmaFlask"},{"floor":14,"key":"RobotSpaceExplorer:LiquidFusion"},{"floor":20,"key":"Ancient Potion"},{"floor":23,"key":"DistilledChaos"},{"floor":25,"key":"FearPotion"},{"floor":27,"key":"SpeedPotion"},{"floor":29,"key":"RobotSpaceExplorer:LiquidFusion"},{"floor":31,"key":"RobotSpaceExplorer:PlasmaFlask"},{"floor":33,"key":"FairyPotion"}],"is_trial":false,"path_per_floor":["M","M","?","M","M","R","E","R","T","?","M","E","$","?","R","B",null,"M","M","M","?","$","E","R","M","T","E","?","M","E","M","R","B",null],"character_chosen":"RobotSpaceExplorer","items_purchased":["RobotSpaceExplorer:StarLightning","RobotSpaceExplorer:Calculate","RobotSpaceExplorer:BigMissile","RobotSpaceExplorer:ChargingLaser"],"campfire_rested":0,"item_purchase_floors":[13,13,22,22],"current_hp_per_floor":[75,75,64,64,64,64,39,39,39,32,32,32,32,31,31,31,75,74,74,72,72,72,71,71,71,71,71,71,71,71,71,71,67,67,67],"gold":264,"neow_bonus":"BOSS_RELIC","is_daily":false,"chose_seed":false,"campfire_upgraded":5,"win_rate":0.0,"timestamp":1612275222,"path_taken":["M","M","?","M","M","R","E","R","T","?","M","E","$","?","R","BOSS","M","M","M","?","$","E","R","M","T","E","?","M","E","M","R","BOSS"],"items_purchased_type":["Card","Card","Card","Card"],"build_version":"2020-12-22","purchased_purges":0,"victory":false,"max_hp_per_floor":[75,75,75,75,75,75,75,75,75,75,75,75,75,75,75,75,75,75,75,75,75,75,75,75,75,75,75,75,75,75,75,75,75,75,75],"relic_stats":{"Singing Bowl":0,"counters":[20,93],"Dead Branch":[78],"Pantograph":4,"Letter Opener":[10],"obtain_stats":[{"Singing Bowl":26,"Dead Branch":12,"Oddly Smooth Stone":7,"RobotSpaceExplorer:RoboCore":0,"Hammer of Thor":0,"energizedSpire:OgreHead":17,"EVO:Axolotl":0,"Seething Fire":0,"Letter Opener":30,"Odd Mushroom":14,"White Beast Statue":23,"Anvil of the Gods":0,"betterThird:SlimedRelic":3,"Pantograph":28,"Coffee Dripper":0,"Red Mask":21,"Toxic Egg 2":27,"InkBottle":9},{"Singing Bowl":15,"Dead Branch":7,"Oddly Smooth Stone":5,"RobotSpaceExplorer:RoboCore":0,"Hammer of Thor":0,"energizedSpire:OgreHead":9,"EVO:Axolotl":0,"Seething Fire":0,"Letter Opener":18,"Odd Mushroom":8,"White Beast Statue":14,"Anvil of the Gods":0,"betterThird:SlimedRelic":2,"Pantograph":16,"Coffee Dripper":0,"Red Mask":13,"Toxic Egg 2":16,"InkBottle":5},{"Singing Bowl":69,"Dead Branch":32,"Oddly Smooth Stone":25,"RobotSpaceExplorer:RoboCore":0,"Hammer of Thor":0,"energizedSpire:OgreHead":44,"EVO:Axolotl":0,"Seething Fire":0,"Letter Opener":81,"Odd Mushroom":36,"White Beast Statue":64,"Anvil of the Gods":0,"betterThird:SlimedRelic":5,"Pantograph":72,"Coffee Dripper":0,"Red Mask":59,"Toxic Egg 2":72,"InkBottle":25}],"InkBottle":[33]},"card_choices":[{"not_picked":["RobotSpaceExplorer:FranticSearch","RobotSpaceExplorer:SurgingStrike"],"picked":"RobotSpaceExplorer:StunGrenade","floor":1},{"not_picked":["RobotSpaceExplorer:ShockKick","RobotSpaceExplorer:SurgingStrike"],"picked":"RobotSpaceExplorer:Pulsar","floor":2},{"not_picked":["RobotSpaceExplorer:FranticSearch","RobotSpaceExplorer:SlimeMissile"],"picked":"RobotSpaceExplorer:DualCore","floor":4},{"not_picked":["RobotSpaceExplorer:ShockKick","RobotSpaceExplorer:SurgingShield"],"picked":"RobotSpaceExplorer:Blaster","floor":5},{"not_picked":["RobotSpaceExplorer:MetalStrike","RobotSpaceExplorer:SlimeMissile"],"picked":"RobotSpaceExplorer:StunGrenade","floor":7},{"not_picked":["RobotSpaceExplorer:ShockKick","RobotSpaceExplorer:SlimeMissile","RobotSpaceExplorer:ImprovisedAttack"],"picked":"SKIP","floor":11},{"not_picked":["RobotSpaceExplorer:TurboDodge","RobotSpaceExplorer:MetalStrike"],"picked":"RobotSpaceExplorer:Blitz","floor":12},{"not_picked":["RobotSpaceExplorer:SwiftStep","RobotSpaceExplorer:GlueShot"],"picked":"RobotSpaceExplorer:Smokescreen","floor":14},{"not_picked":["RobotSpaceExplorer:BlastShield","RobotSpaceExplorer:Arsenal"],"picked":"RobotSpaceExplorer:Accelerator","floor":16},{"not_picked":["RobotSpaceExplorer:Ammunition","RobotSpaceExplorer:ShovelStrike"],"picked":"RobotSpaceExplorer:ScrapMissile+1","floor":18},{"not_picked":["RobotSpaceExplorer:Calculate","RobotSpaceExplorer:SurgingStrike"],"picked":"RobotSpaceExplorer:Probe+1","floor":19},{"not_picked":["RobotSpaceExplorer:SlimeMissile","RobotSpaceExplorer:Counterblock"],"picked":"RobotSpaceExplorer:SurgingStrike","floor":20},{"not_picked":["RobotSpaceExplorer:ShovelStrike","RobotSpaceExplorer:SurgingShield"],"picked":"RobotSpaceExplorer:GearShield+1","floor":21},{"not_picked":["RobotSpaceExplorer:GlueShot","RobotSpaceExplorer:Electropulse"],"picked":"RobotSpaceExplorer:Calculate","floor":23},{"not_picked":["RobotSpaceExplorer:LaserBurst","RobotSpaceExplorer:SelfCleaning"],"picked":"RobotSpaceExplorer:ShockMissile","floor":25},{"not_picked":["RobotSpaceExplorer:GlueShot+1","RobotSpaceExplorer:Electroshield+1"],"picked":"RobotSpaceExplorer:PlasmaMissile","floor":27},{"not_picked":["RobotSpaceExplorer:Probe","RobotSpaceExplorer:SlimeMissile+1"],"picked":"RobotSpaceExplorer:Discharger+1","floor":29},{"not_picked":["RobotSpaceExplorer:MiniDrones","RobotSpaceExplorer:FrostMissile"],"picked":"RobotSpaceExplorer:Electropulse+1","floor":30},{"not_picked":["RobotSpaceExplorer:SlimeMissile+1","RobotSpaceExplorer:Probe"],"picked":"RobotSpaceExplorer:PlasmaMissile","floor":31},{"not_picked":["RobotSpaceExplorer:ChargingLaser","RobotSpaceExplorer:Blaster"],"picked":"RobotSpaceExplorer:Asteroid","floor":33}],"player_experience":1140229,"relics_obtained":[{"floor":7,"key":"Oddly Smooth Stone"},{"floor":9,"key":"InkBottle"},{"floor":12,"key":"Dead Branch"},{"floor":14,"key":"Odd Mushroom"},{"floor":21,"key":"Red Mask"},{"floor":23,"key":"White Beast Statue"},{"floor":26,"key":"Singing Bowl"},{"floor":27,"key":"Toxic Egg 2"},{"floor":30,"key":"Letter Opener"}],"event_choices":[{"damage_healed":0,"gold_gain":0,"player_choice":"Slimed","damage_taken":11,"max_hp_gain":0,"max_hp_loss":0,"event_name":"betterThird:BetterGoop","floor":3,"gold_loss":28},{"cards_removed":["RobotSpaceExplorer:Defend"],"damage_healed":0,"gold_gain":0,"player_choice":"Card Removal","damage_taken":7,"max_hp_gain":0,"max_hp_loss":0,"event_name":"Golden Wing","floor":10,"gold_loss":0},{"damage_healed":0,"gold_gain":0,"player_choice":"Fought Mushrooms","damage_taken":0,"max_hp_gain":0,"max_hp_loss":0,"event_name":"Mushrooms","floor":14,"gold_loss":0},{"damage_healed":0,"gold_gain":0,"player_choice":"Fought Bandits","damage_taken":0,"max_hp_gain":0,"max_hp_loss":0,"event_name":"Masked Bandits","floor":21,"gold_loss":0},{"damage_healed":0,"gold_gain":0,"player_choice":"Opened","damage_taken":0,"relics_obtained":["Pantograph"],"max_hp_gain":0,"max_hp_loss":0,"event_name":"The Mausoleum","floor":28,"gold_loss":0,"cards_obtained":["Writhe"]}],"is_beta":false,"boss_relics":[{"not_picked":["energizedSpire:HugeHouse","energizedSpire:CursedPentagram"],"picked":"energizedSpire:OgreHead"}],"items_purged_floors":[],"is_endless":false,"potions_floor_spawned":[1,11,14,20,23,25,27,29,30,31,33],"ascension_level":1}}