{"host":"pgm1p3lvdjflie30","time":1612282263,"event":{"mods":["ATMod(阿瑾Mod)","AchievementEnabler","Aspiration","BaseMod","Challenge The Spire","Colored Map","Colored Powertips","Conspire","Dark Map","Dota2Spire","Energized Spire","Highlight Path","Minty Spire (QoL Compilation)","MostiFishMod","Quarter Circle Forward PUNCH!","Quick Restart","Replay The Spire","Spicy Shops","StSLib","TestMod","The Cursed","The IronCluck","The Jungle","Waifu the Spire","【?物卡牌】REMEMod","篝火指南"],"gold_per_floor":[117,69,69,83,102,135,135,135,190,243,262,302,302,337,337,337,337],"floor_reached":16,"language":"ZHS","playtime":615,"items_purged":[],"score":262,"play_id":"42c2f6dc-72ae-4d95-b5d3-a5ada03b3b82","local_time":"20210203001103","is_ascension_mode":false,"campfire_choices":[{"floor":13.0,"key":"RECALL"},{"data":"HandOfGreed","floor":15,"key":"SMITH"}],"circlet_count":0,"master_deck":["TheCursedMod:Strike_TheCursed","TheCursedMod:Strike_TheCursed","TheCursedMod:Strike_TheCursed","TheCursedMod:Strike_TheCursed","TheCursedMod:Defend_TheCursed","TheCursedMod:CursedWand","TheCursedMod:CleanUpWorkshop","TheCursedMod:Dregs","Looming Evil","Doubt","ReplayTheSpireMod:Faulty Equipment","TheCursedMod:SaltUponWound","Doubt","HandOfGreed+1","Jack Of All Trades","Flash of Steel","AT_FamilyPortrait","TheCursedMod:CursedShiv","TheCursedMod:TacticalStrike","TheCursedMod:VitalStrike","Replay:Bag of Tricks","MostiFishMod:PerfectParry","Doppelganger","TheCursedMod:RavingStaff","TheCursedMod:SoulCrush","TheCursedMod:SpitefulStrike","TheCursedMod:FuryStrike"],"relics":["TheCursedMod:BlackMagic101","AT_ATBox","REME_ComplimentaryCards","DaveBox","testmod-TestBox","ShadowXiaoBlade","testmod-Laevatain","NeowsBlessing","SynthV:TestCard","ReplayTheSpireMod:ShopPack","Replay:WaspNest","AT_BellDemon","conspire:BottledYoYo","REME_PuzzleBoxRelic","Pen Nib"],"acts_visited":["Exordium"],"potions_floor_usage":[16,16,16],"damage_taken":[{"damage":0.0,"enemies":"Small Slimes","floor":1.0,"turns":1.0},{"damage":0.0,"enemies":"Cultist","floor":4.0,"turns":1.0},{"damage":0.0,"enemies":"Jaw Worm","floor":5.0,"turns":1.0},{"damage":0.0,"enemies":"Lagavulin","floor":6.0,"turns":2.0},{"damage":0.0,"enemies":"Gremlin Nob","floor":10.0,"turns":3.0},{"damage":0.0,"enemies":"2 Fungi Beasts","floor":11.0,"turns":2.0},{"damage":26.0,"enemies":"Gremlin Gang","floor":12.0,"turns":2.0},{"damage":0.0,"enemies":"Exordium Thugs","floor":14.0,"turns":1.0},{"damage":59,"enemies":"The Guardian","floor":16,"turns":3}],"seed_played":"-6367349712940236227","potions_obtained":[{"floor":4.0,"key":"LiquidBronze"},{"floor":6.0,"key":"SkillPotion"},{"floor":10.0,"key":"EssenceOfSteel"},{"floor":11.0,"key":"SkillPotion"},{"floor":12.0,"key":"SteroidPotion"},{"floor":14,"key":"AttackPotion"}],"is_trial":false,"path_per_floor":["M","$","?","M","M","E","?","$","T","E","M","M","R","M","R_BF","B"],"character_chosen":"THE_CURSED","items_purchased":["ReplayTheSpireMod:ShopPack"],"campfire_rested":0,"item_purchase_floors":[2],"current_hp_per_floor":[75,75,85,85,85,85,85,85,85,85,85,59,59,59,59,0,0],"gold":337,"neow_bonus":"THREE_ENEMY_KILL","is_daily":false,"chose_seed":false,"campfire_upgraded":1,"win_rate":0.0,"timestamp":1612282263,"path_taken":["M","$","?","?","M","E","?","$","T","E","M","?","R","M","R_BF","BOSS"],"items_purchased_type":["Relic"],"build_version":"2020-12-22","purchased_purges":0,"victory":false,"max_hp_per_floor":[75,75,85,85,85,85,85,85,85,85,85,85,85,85,85,85,85],"card_choices":[{"not_picked":["TheCursedMod:CursedAmulet","TheCursedMod:CircleOfFlame"],"picked":"TheCursedMod:SaltUponWound","floor":1.0},{"not_picked":["Chrysalis","ReplayUltimateDefense","testmod-EnhanceArmerment","testmod-CardIndex"],"picked":"HandOfGreed","floor":2.0},{"not_picked":["AT_FalsePromise","Replay:Sssssssssstrike","testmod-DeathImprint","Bandage Up"],"picked":"Jack Of All Trades","floor":2.0},{"not_picked":["testmod-Superconductor","Jack Of All Trades","testmod-ComboMaster","testmod-PainDetonator"],"picked":"Flash of Steel","floor":2.0},{"not_picked":["TheCursedMod:RapidMovement","TheCursedMod:CursedAmulet","TheCursedMod:TacticalStrike","TheCursedMod:SmokeScreen"],"picked":"TheCursedMod:CursedShiv","floor":4.0},{"not_picked":["TheCursedMod:Stretching","TheCursedMod:SpitefulPlan","TheCursedMod:CircleOfBlood","TheCursedMod:FleshFromBone"],"picked":"TheCursedMod:TacticalStrike","floor":5.0},{"not_picked":["TheCursedMod:HellfireBreathing","TheCursedMod:FuryStrike","TheCursedMod:DoubleShield","TheCursedMod:CircleOfAmplification"],"picked":"TheCursedMod:VitalStrike","floor":6.0},{"not_picked":["TheCursedMod:CursedArmor","TheCursedMod:Wield","TheCursedMod:CircleOfAbyss","TheCursedMod:FleshFromBone"],"picked":"TheCursedMod:RavingStaff","floor":10.0},{"not_picked":["TheCursedMod:Torture","TheCursedMod:Wield","TheCursedMod:DoubleShield","TheCursedMod:CircleOfBlood"],"picked":"TheCursedMod:SoulCrush","floor":11.0},{"not_picked":["TheCursedMod:BloodBarrier","TheCursedMod:SmokeScreen","TheCursedMod:CircleOfCorruption","TheCursedMod:CircleOfFlame"],"picked":"TheCursedMod:SpitefulStrike","floor":12.0},{"not_picked":["TheCursedMod:DarkBarrier","TheCursedMod:CursedBoomerang","TheCursedMod:HellsGateOpen","TheCursedMod:PrepareRite"],"picked":"TheCursedMod:FuryStrike","floor":14}],"player_experience":236790,"relics_obtained":[{"floor":1.0,"key":"SynthV:TestCard"},{"floor":6.0,"key":"Replay:WaspNest"},{"floor":10.0,"key":"AT_BellDemon"},{"floor":11.0,"key":"conspire:BottledYoYo"},{"floor":12.0,"key":"REME_PuzzleBoxRelic"},{"floor":14,"key":"Pen Nib"}],"event_choices":[{"cards_removed":["AT_FamilyPortrait"],"damage_healed":0.0,"max_hp_gain":10.0,"max_hp_loss":0.0,"gold_gain":0.0,"event_name":"Bonfire Elementals","player_choice":"Offered Rare","floor":3.0,"gold_loss":0.0,"damage_taken":0.0}],"is_beta":false,"boss_relics":[],"items_purged_floors":[],"is_endless":false,"potions_floor_spawned":[4,6,10,11,12,14],"killed_by":"The Guardian","ascension_level":0}}