{"host":"pesfwaef25r60kxm","time":1612251219,"event":{"mods":["ATMod(阿瑾Mod)","Act Like it!","Arknights","BaseMod","Colored Powertips","Downfall","Gensokyo","Minty Spire (QoL Compilation)","Pale of the Ancients","Replay The Spire","RumiaBox-露米娅的神秘盒子","Shop Mod","Spicy Shops","StSLib","Waifu the Spire","WarShipGirlsR/战舰少女R mod","[IsaacMod]以撒尖塔","noobMod","【功能Mod】聪明的最终Boss","【遗物卡牌】REMEMod"],"gold_per_floor":[110,129,28,48,382,408,408,408,485,512,512,106,122,122,122,153,153,286,286,316,316,316,361,404,461,512,216,216,216,216,264,302,333,333,464,464,799,799,875,343,389,389,441,501,524,545,96,96,139,168,168,182,194,194],"floor_reached":53,"language":"ZHS","playtime":2257,"items_purged":["ats:Strike V","ats:Defend","ats:Strike C","ats:Armor Crushing Shot"],"score":1170,"play_id":"59cdccf4-b894-4561-88cd-37fe8b889893","local_time":"20210202153339","is_ascension_mode":true,"campfire_choices":[{"floor":8,"key":"RECALL"},{"data":"ats:Overload","floor":11,"key":"SMITH"},{"floor":17,"key":"DIG"},{"data":"ats:Burning Ground","floor":30,"key":"SMITH"},{"data":"Pot Of Greed","floor":34,"key":"SMITH"},{"data":"Pot Of Greed","floor":42,"key":"SMITH"},{"data":"AT_Desolate","floor":51,"key":"SMITH"}],"circlet_count":0,"master_deck":["ats:Emotion Absorption+1","AT_Desolate+1","ats:Dogmatic Field","ats:Mental Burst","ats:Overload+1","ats:Mental Burst+1","ats:Ignite","ats:Cat Scratch","ats:Nebulous Foxfire","ats:Disruption Kick","ats:Soul Absorption","Gensokyo:LittleGreenMen","ats:Very Hot Blade+1","ats:Burning Ground+1","ats:Volcano+1","ats:Apocalypse","ats:Guard Mode+1","ats:Magnetic Hammer","Pot Of Greed+1","Pot Of Greed+1","Pot Of Greed","ats:Shadow Assault","ats:Guard Mode","ats:Calcification","ats:Absolute Focus+1","ats:Soul Rend+1","ats:Steam Pump+1","ats:Guard Mode+1","Madness","Madness","ats:Flame Of Heaven+1","ats:Flame Of Heaven+1","Pot Of Greed","ats:Guardian Obelisk+1","ats:Flame Of Heaven+1","ats:Part Time Job+1","ats:Ignite","ats:Sunburst"],"relics":["ats:Sanity","HushsDoor","ice","REME_ComplimentaryCards","AT_ATBox","GuppysHead","Smiling Mask","ats:Originium","AT_Kusabimaru","Gensokyo:YoukaiFlower","Quantum Egg","GodSword5","ats:Special","ats:Cure","Toy Ornithopter","Replay:Bandana","Empty Cage","Gensokyo:ConquerorOfFear","Question Card","REME_OnlineShoppingPlatform","Gensokyo:MosesMiracle","ReplayFunnel","Grinning Jar","War Paint","Astrolabe","DollysMirror","Replay:Bottled Eggs","ats:Rhine Circuitry","GodSword6","Anchor","TheBattery","Habit","Happy Flower","paleoftheancients:Timepiece","paleoftheancients:KeyRelic","Ice Cream","CultistMask","Habit"],"acts_visited":["Exordium","Gensokyo:Gensokyo","TheBeyond","TheBeyond"],"potions_floor_usage":[35,52],"damage_taken":[{"damage":5,"enemies":"Gensokyo:3_Fairies","floor":1,"turns":3},{"damage":12,"enemies":"Gensokyo:Python","floor":2,"turns":3},{"damage":17,"enemies":"Gensokyo:2_Kodama","floor":4,"turns":5},{"damage":29,"enemies":"Gensokyo:LivingMonolith","floor":5,"turns":4},{"damage":15,"enemies":"Gensokyo:Aya","floor":6,"turns":3},{"damage":0,"enemies":"Gensokyo:Mamizou","floor":10,"turns":5},{"damage":6,"enemies":"Gensokyo:CorruptedTreant","floor":13,"turns":1},{"damage":0,"enemies":"Gensokyo:Aya","floor":16,"turns":2},{"damage":10,"enemies":"Gensokyo:Kokoro","floor":18,"turns":3},{"damage":24,"enemies":"Gensokyo:AngelMirror","floor":20,"turns":3},{"damage":27,"enemies":"Gensokyo:CosmicMonolith","floor":23,"turns":3},{"damage":0,"enemies":"Gensokyo:3_Gloops","floor":24,"turns":3},{"damage":21,"enemies":"Gensokyo:Reisen","floor":25,"turns":4},{"damage":0,"enemies":"Gensokyo:Slime_Group","floor":26,"turns":2},{"damage":0,"enemies":"Gensokyo:Koishi","floor":31,"turns":2},{"damage":1,"enemies":"Gensokyo:Chomper_and_Gloop","floor":32,"turns":3},{"damage":11,"enemies":"Gensokyo:Wraith","floor":33,"turns":3},{"damage":0,"enemies":"Gensokyo:Eiki","floor":35,"turns":4},{"damage":0,"enemies":"Orb Walker","floor":37,"turns":1},{"damage":1,"enemies":"Mind Bloom Boss Battle","floor":39,"turns":3},{"damage":3,"enemies":"3 Darklings","floor":41,"turns":2},{"damage":0,"enemies":"R_Hoarder","floor":43,"turns":3},{"damage":0,"enemies":"Transient","floor":44,"turns":5},{"damage":15,"enemies":"4 Shapes","floor":46,"turns":2},{"damage":0,"enemies":"Maw","floor":49,"turns":3},{"damage":0,"enemies":"Jaw Worm Horde","floor":50,"turns":2},{"damage":149,"enemies":"Donu and Deca","floor":52,"turns":16},{"damage":0,"enemies":"Donu and Deca","floor":53,"turns":2}],"seed_played":"4168747835232020476","potions_obtained":[{"floor":1,"key":"SpeedPotion"},{"floor":6,"key":"FearPotion"},{"floor":10,"key":"BlessingOfTheForge"},{"floor":20,"key":"SkillPotion"}],"is_trial":false,"path_per_floor":["M","M","COS","M","M","E","?","R","T","E","R","$","M","PTL","PTL","E","R","B",null,"M","?","?","M","M","E","M","COS","T","?","R","E","M","M","R","B",null,"M","?","?","$","M","R","E","M","T","M","$","$","M","M","R","B","M"],"character_chosen":"DOCTOR_CLASS","items_purchased":["ats:Special","ats:Cure","DollysMirror","Replay:Bottled Eggs","ats:Rhine Circuitry","TheBattery","Habit","Happy Flower"],"campfire_rested":0,"item_purchase_floors":[12,12,40,40,40,47,47,47],"current_hp_per_floor":[67,60,60,43,14,4,4,4,4,72,72,72,66,66,66,66,66,59,74,55,55,55,28,31,12,76,76,76,76,76,76,75,66,66,78,83,83,73,78,78,86,86,86,91,91,95,95,95,97,98,98,124,124,124],"gold":194,"neow_bonus":"ONE_RANDOM_RARE_CARD","is_daily":false,"chose_seed":false,"campfire_upgraded":5,"win_rate":0.0,"timestamp":1612251219,"path_taken":["M","M","COS","?","M","E","?","R","T","E","R","$","M","PTL","PTL","E","R","BOSS","M","?","?","M","M","E","M","COS","T","?","R","E","M","M","R","BOSS","M","?","?","$","M","R","E","M","T","M","?","$","M","M","R","BOSS","M"],"items_purchased_type":["Relic","Relic","Relic","Relic","Relic","Relic","Relic","Relic"],"build_version":"2020-12-22","purchased_purges":4,"victory":false,"max_hp_per_floor":[72,72,72,72,72,72,72,72,72,72,72,72,75,75,75,75,75,79,74,78,71,71,73,73,76,76,76,76,76,76,76,77,81,81,83,83,83,83,85,85,86,86,87,92,92,96,96,96,97,98,98,124,125,125],"card_choices":[{"not_picked":[],"picked":"BettingIsNotGood","floor":0},{"not_picked":["ats:Closed Bolt Burst Fire","ats:Explosion Area Strengthen"],"picked":"ats:Mental Burst","floor":1},{"not_picked":["ats:Beaten Up","ats:Consecutive Shot Auto"],"picked":"ats:Overload","floor":2},{"not_picked":["ats:Curse Doll+1","ats:Hammer On+1"],"picked":"ats:Mental Burst+1","floor":4},{"not_picked":["ats:Fractured Body","ats:Chain Hook"],"picked":"ats:Ignite","floor":4},{"not_picked":["ats:Flexible Camouflage","ats:Blood Oath","ats:Guard Mode"],"picked":"SKIP","floor":5},{"not_picked":["ats:Sword Rain","ats:Explosion Area Strengthen","ats:Flexible Camouflage"],"picked":"SKIP","floor":6},{"not_picked":["ats:Automatic Cover","ats:Cat Scratch","ats:Soul Rend"],"picked":"SKIP","floor":10},{"not_picked":["ats:Automatic Cover","ats:Soul Rend"],"picked":"ats:Cat Scratch","floor":10},{"not_picked":["ats:Sword Rain","ats:Blood Oath","ats:Assault Order"],"picked":"SKIP","floor":13},{"not_picked":["ats:Thermite Blade","ats:Consecutive Shot Auto"],"picked":"ats:Nebulous Foxfire","floor":16},{"not_picked":["ats:Durian","ats:Soul Rend"],"picked":"ats:Disruption Kick","floor":18},{"not_picked":["ats:Guard Mode","ats:Collapsing Strike"],"picked":"ats:Soul Absorption","floor":20},{"not_picked":["Gensokyo:LochNessMonster","Gensokyo:HAARP"],"picked":"Gensokyo:LittleGreenMen","floor":21},{"not_picked":["ats:Closed Bolt Burst Fire+1","ats:Curse Doll"],"picked":"ats:Very Hot Blade+1","floor":23},{"not_picked":["ats:Leaping Hammer","ats:Demon Strength"],"picked":"ats:Burning Ground","floor":24},{"not_picked":["ats:Ignite","ats:Composite Medical Shells"],"picked":"ats:Volcano","floor":25},{"not_picked":["ats:Consecutive Shot Auto","ats:Powerful Strike","ats:Revitalization"],"picked":"ats:Apocalypse","floor":26},{"not_picked":["ats:Explosion Area Strengthen","ats:Wolf Pack","ats:Ignite"],"picked":"ats:Guard Mode+1","floor":31},{"not_picked":["ats:Healing Drone+1","ats:Guard Mode+1","ats:Powerful Strike"],"picked":"ats:Magnetic Hammer","floor":32},{"not_picked":["ats:Roar Of Ursus","ats:Soul Rend","ats:Rat Pack"],"picked":"ats:Shadow Assault","floor":33},{"not_picked":["ats:Flexible Camouflage","ats:Steam Pump","ats:Leaping Hammer"],"picked":"ats:Guard Mode","floor":33},{"not_picked":["ats:Roar Of Ursus","ats:Volcano","ats:Ambush"],"picked":"ats:Calcification","floor":35},{"not_picked":["ats:Hammer On+1","ats:Leaping Hammer+1","ats:Poison Spread"],"picked":"ats:Guard Mode+1","floor":37},{"not_picked":["ats:Powerful Strike","ats:Thorns","ats:Support Order+1"],"picked":"ats:Flame Of Heaven+1","floor":39},{"not_picked":["ats:Closed Bolt Burst Fire","ats:Curse Doll","ats:Explosion Area Strengthen"],"picked":"ats:Guardian Obelisk+1","floor":41},{"not_picked":["ats:Shadow Raid+1","ats:Soul Absorption+1","ats:Curse Doll+1"],"picked":"ats:Flame Of Heaven+1","floor":43},{"not_picked":["ats:Assault Order+1","ats:Neurotoxin+1","ats:Poison Spread+1"],"picked":"ats:Part Time Job+1","floor":44},{"not_picked":["ats:Dogmatic Field","ats:Cat Scratch","ats:Curse Doll"],"picked":"ats:Ignite","floor":46},{"not_picked":["ats:Guardian Obelisk+1","ats:Apocalypse+1","ats:Closed Bolt Burst Fire"],"picked":"ats:Sunburst","floor":49},{"not_picked":["ats:Flexible Camouflage+1","ats:Hook Shot+1","ats:Apocalypse","ats:Assault Order+1"],"picked":"SKIP","floor":50}],"player_experience":137842,"relics_obtained":[{"floor":6,"key":"ats:Originium"},{"floor":6,"key":"AT_Kusabimaru"},{"floor":9,"key":"Quantum Egg"},{"floor":10,"key":"ats:Originium"},{"floor":10,"key":"GodSword5"},{"floor":16,"key":"ats:Originium"},{"floor":16,"key":"Toy Ornithopter"},{"floor":17,"key":"Replay:Bandana"},{"floor":23,"key":"Gensokyo:ConquerorOfFear"},{"floor":25,"key":"ats:Originium"},{"floor":25,"key":"Question Card"},{"floor":31,"key":"ReplayFunnel"},{"floor":33,"key":"Gensokyo:MosesMiracle"},{"floor":39,"key":"Diplopia"},{"floor":43,"key":"GodSword6"},{"floor":45,"key":"Anchor"}],"event_choices":[{"damage_healed":0,"gold_gain":0,"player_choice":"Embrace Madness","damage_taken":10,"max_hp_gain":0,"max_hp_loss":0,"event_name":"Winding Halls","floor":38,"gold_loss":0,"cards_obtained":["Madness","Madness"]},{"damage_healed":0,"gold_gain":0,"player_choice":"Fight","damage_taken":0,"max_hp_gain":0,"max_hp_loss":0,"event_name":"MindBloom","floor":39,"gold_loss":0}],"is_beta":false,"boss_relics":[{"not_picked":["Replay:Bronze Core","Busted Crown"],"picked":"Empty Cage"},{"not_picked":[]},{"not_picked":["Fusion Hammer","ReplayTheSpireMod:DimensionalGlitch"],"picked":"Astrolabe"},{"not_picked":[]}],"items_purged_floors":[12,12,19,40],"is_endless":false,"potions_floor_spawned":[1,6,10,18,20,24,26,31,37,39,50],"killed_by":"Donu and Deca","ascension_level":3}}