{"host":"xltl1aroowo69o4n","time":1612248907,"event":{"mods":["BaseMod","Colored Map","Colored Powertips","Downfall","Minty Spire (QoL Compilation)","StSLib"],"gold_per_floor":[99,119,135,155,170,70,70,70,96,96,96,124,23,38,48,149,149,49,63,63,15,15,46,46,65,88,106,6,17,33,48,65,165,165,165,177,188,188,201,220,288,288,318,318,22,22,4,33,52,52,52,52],"floor_reached":50,"language":"ENG","playtime":3986,"items_purged":["Decay"],"score":601,"play_id":"99a1330f-08ee-46ba-a1c3-55630e24e126","local_time":"20210202015507","is_ascension_mode":false,"campfire_choices":[{"floor":1,"key":"RECALL"},{"floor":6,"key":"REST"},{"data":"hexamod:ThermalTransfer","floor":8,"key":"SMITH"},{"data":"hexamod:Float","floor":11,"key":"SMITH"},{"data":"hexamod:Hexaguard","floor":18,"key":"SMITH"},{"floor":28,"key":"REST"},{"data":"hexamod:GhostOfSpirePresent","floor":35,"key":"SMITH"},{"floor":42,"key":"REST"},{"floor":44,"key":"REST"}],"circlet_count":0,"master_deck":["hexamod:Strike","hexamod:Strike","hexamod:Strike","hexamod:Strike","hexamod:Defend","hexamod:Defend","hexamod:Defend","hexamod:Defend","hexamod:Sear","hexamod:Float+1","hexamod:ThermalTransfer+1","hexamod:FourthSeal","hexamod:HauntingEcho","hexamod:AdvancingGuard","hexamod:NightmareStrike","hexamod:NightmareGuise","hexamod:Incineration","hexamod:Hexaguard+1","hexamod:FirstSeal","hexamod:InspiringFlames","hexamod:ParanormalForm","hexamod:Rewind+1","hexamod:ForkedFlame+1","hexamod:CatchUp","hexamod:SwordOfDarkness+1","hexamod:GhostflameBarrier","Clumsy","hexamod:GhostShield+1","hexamod:GhostLash","hexamod:HeatShield+1","hexamod:HauntingEcho+1","hexamod:GhostOfSpirePast","hexamod:GhostOfSpirePresent+1","hexamod:Rewind+1","expansioncontent:AwakenDeath","expansioncontent:PolyBeam","hexamod:GhostShield+1","hexamod:EtherealExpedition+1","Clumsy","hexamod:RainOfEmbers+1","hexamod:NightmareStrike+1","hexamod:ShieldOfDarkness","hexamod:GhostOfSpirePresent","Transmutation","hexamod:DynamicBlow","hexamod:SwordOfDarkness+1","hexamod:RainOfEmbers+1"],"relics":["hexamod:SpiritBrand","downfall:HeartBlessingRed","PreservedInsect","Eternal Feather","Tiny Chest","Cursed Key","downfall:HeartBlessingBlue","Toy Ornithopter","Oddly Smooth Stone","Happy Flower","Boot","downfall:HeartBlessingGreen","Empty Cage","White Beast Statue","Shuriken","hexamod:MatchstickCase","TheAbacus","Gambling Chip"],"acts_visited":["Exordium","TheCity","TheBeyond"],"potions_floor_usage":[12,16,16,16,23,23,27,33,33,33,37,40,40,43,43,50,50],"damage_taken":[{"damage":8,"enemies":"Cultist","floor":2,"turns":6},{"damage":0,"enemies":"2 Louse","floor":3,"turns":3},{"damage":12,"enemies":"Jaw Worm","floor":4,"turns":5},{"damage":17,"enemies":"Gremlin Gang","floor":5,"turns":6},{"damage":22,"enemies":"3 Sentries","floor":12,"turns":7},{"damage":0,"enemies":"downfall:FleeingMerchant","floor":13,"turns":4},{"damage":4,"enemies":"Lots of Slimes","floor":14,"turns":4},{"damage":6,"enemies":"3 Louse","floor":15,"turns":4},{"damage":42,"enemies":"IC_STATUS_ARCHETYPE","floor":16,"turns":9},{"damage":7,"enemies":"Shell Parasite","floor":19,"turns":5},{"damage":0,"enemies":"downfall:FleeingMerchant","floor":21,"turns":4},{"damage":75,"enemies":"Gremlin Leader","floor":23,"turns":8},{"damage":4,"enemies":"Spheric Guardian","floor":25,"turns":4},{"damage":0,"enemies":"Snake Plant","floor":27,"turns":4},{"damage":26,"enemies":"Chosen and Byrds","floor":29,"turns":7},{"damage":3,"enemies":"Centurion and Healer","floor":30,"turns":6},{"damage":10,"enemies":"Sentry and Sphere","floor":31,"turns":6},{"damage":4,"enemies":"Snake Plant","floor":32,"turns":4},{"damage":44,"enemies":"WA_ARCHETYPE_CALM","floor":33,"turns":13},{"damage":31,"enemies":"3 Darklings","floor":36,"turns":7},{"damage":34,"enemies":"3 Shapes","floor":37,"turns":4},{"damage":38,"enemies":"Sphere and 2 Shapes","floor":39,"turns":7},{"damage":26,"enemies":"Writhing Mass","floor":40,"turns":8},{"damage":53,"enemies":"Reptomancer","floor":43,"turns":9},{"damage":0,"enemies":"downfall:FleeingMerchant","floor":45,"turns":4},{"damage":0,"enemies":"downfall:FleeingMerchant","floor":47,"turns":1},{"damage":3,"enemies":"Nemesis","floor":48,"turns":6},{"damage":23,"enemies":"3 Darklings","floor":49,"turns":7},{"damage":140,"enemies":"SI_POISON_ARCHETYPE","floor":50,"turns":5}],"seed_played":"-2466682543989469598","potions_obtained":[{"floor":2,"key":"hexamod:SoulburnPotion"},{"floor":4,"key":"LiquidMemories"},{"floor":5,"key":"BlessingOfTheForge"},{"floor":12,"key":"Fruit Juice"},{"floor":12,"key":"Block Potion"},{"floor":16,"key":"Dexterity Potion"},{"floor":21,"key":"Slimebound:ThreeZeroPotion"},{"floor":23,"key":"hexamod:DoubleChargePotion"},{"floor":23,"key":"ColorlessPotion"},{"floor":25,"key":"LiquidBronze"},{"floor":27,"key":"hexamod:InfernoChargePotion"},{"floor":36,"key":"GamblersBrew"},{"floor":37,"key":"hexamod:SoulburnPotion"},{"floor":39,"key":"Dexterity Potion"},{"floor":40,"key":"DistilledChaos"},{"floor":40,"key":"AttackPotion"},{"floor":43,"key":"DuplicationPotion"},{"floor":43,"key":"FearPotion"},{"floor":45,"key":"Explosive Potion"}],"is_trial":false,"path_per_floor":["R","M","M","M","M","R","T","R","T","?","R","E","$","M","M","B",null,"R","M","T","$","?","E","T","M","T","M","R","M","M","M","M","B",null,"R","M","M","?","M","M","T","R","E","R","$","?","$","E","M","B"],"character_chosen":"THE_SPIRIT","items_purchased":["hexamod:Incineration","hexamod:Hexaguard","hexamod:CatchUp","hexamod:MatchstickCase","hexamod:ShieldOfDarkness","Transmutation","TheAbacus","hexamod:DynamicBlow"],"campfire_rested":4,"item_purchase_floors":[13,13,21,45,45,47,47,47],"current_hp_per_floor":[84,76,76,64,47,72,72,72,72,72,81,64,64,60,61,26,89,99,99,99,99,99,41,41,44,44,49,96,77,81,78,81,52,99,99,75,53,48,17,29,29,82,46,99,99,99,99,99,76,0,0,0],"gold":52,"neow_bonus":"TWENTY_PERCENT_HP_BONUS","is_daily":false,"chose_seed":false,"campfire_upgraded":4,"win_rate":0.0,"timestamp":1612248907,"path_taken":["R","M","M","M","M","R","T","R","?","?","R","E","$","M","M","BOSS","R","M","?","$","?","E","T","?","?","M","R","?","M","M","M","BOSS","R","M","M","?","M","M","T","R","E","R","$","?","$","E","M","BOSS"],"items_purchased_type":["Card","Card","Card","Relic","Card","Card","Relic","Card"],"build_version":"2020-12-13","purchased_purges":1,"victory":false,"max_hp_per_floor":[84,84,84,84,84,84,84,84,84,84,84,89,89,89,89,89,89,99,99,99,99,99,99,99,99,99,99,99,99,99,99,99,99,99,99,99,99,99,99,99,99,99,99,99,99,99,99,99,99,99,99,99],"card_choices":[{"not_picked":["hexamod:PowerFromBeyond","hexamod:SpectersWail"],"picked":"hexamod:ThermalTransfer","floor":2},{"not_picked":["hexamod:RadiantFlame","hexamod:ThermalTransfer"],"picked":"hexamod:FourthSeal","floor":3},{"not_picked":["hexamod:GhostOfSpirePast","hexamod:RadiantFlame"],"picked":"hexamod:HauntingEcho","floor":4},{"not_picked":["hexamod:SearingWound","hexamod:Rewind"],"picked":"hexamod:AdvancingGuard","floor":5},{"not_picked":["hexamod:ShieldOfDarkness","hexamod:RecurringNightmare"],"picked":"hexamod:NightmareStrike","floor":12},{"not_picked":["hexamod:SkipABeat","hexamod:FastForward"],"picked":"hexamod:NightmareGuise","floor":13},{"not_picked":["hexamod:NightmareStrike","hexamod:HeatShield"],"picked":"hexamod:FirstSeal","floor":14},{"not_picked":["hexamod:AdvancingGuard","hexamod:StepThrough"],"picked":"hexamod:InspiringFlames","floor":15},{"not_picked":["hexamod:GhostflameInferno","hexamod:TurnItUp"],"picked":"hexamod:ParanormalForm","floor":16},{"not_picked":["hexamod:Haunt","hexamod:InspiringFlames"],"picked":"hexamod:Rewind+1","floor":19},{"not_picked":["hexamod:Again","hexamod:BurningTouch"],"picked":"hexamod:ForkedFlame","floor":21},{"not_picked":["hexamod:GhostShield+1","hexamod:AdvancingGuard"],"picked":"hexamod:SwordOfDarkness+1","floor":23},{"not_picked":["hexamod:InspiringFlames","hexamod:AdvancingGuard"],"picked":"hexamod:GhostflameBarrier","floor":25},{"not_picked":["hexamod:PhantomCloak","hexamod:EmpoweredFlame"],"picked":"hexamod:GhostShield+1","floor":27},{"not_picked":["hexamod:NightmareGuise","hexamod:Again"],"picked":"hexamod:GhostLash","floor":29},{"not_picked":["hexamod:StepThrough","hexamod:Firestarter+1"],"picked":"hexamod:HeatShield+1","floor":30},{"not_picked":["hexamod:Firestarter+1","hexamod:RainOfEmbers"],"picked":"hexamod:HauntingEcho+1","floor":31},{"not_picked":["hexamod:ThirdSeal","hexamod:NightmareStrike"],"picked":"hexamod:GhostOfSpirePast","floor":32},{"not_picked":["hexamod:TimeWarp","hexamod:TimeOfNeed"],"picked":"hexamod:GhostOfSpirePresent","floor":33},{"not_picked":["hexamod:Firestarter","hexamod:FourthSeal"],"picked":"hexamod:Again","floor":36},{"not_picked":["hexamod:NightmareGuise","hexamod:GhostLash+1"],"picked":"hexamod:Rewind+1","floor":37},{"not_picked":["expansioncontent:PrepareCrush","expansioncontent:InvincibleStrength"],"picked":"expansioncontent:AwakenDeath","floor":38},{"not_picked":["expansioncontent:InvincibleStrength","expansioncontent:GuardianWhirl"],"picked":"expansioncontent:PolyBeam","floor":38},{"not_picked":["hexamod:AdvancingGuard+1","hexamod:FastForward+1"],"picked":"hexamod:GhostShield+1","floor":39},{"not_picked":["hexamod:SwordOfDarkness","hexamod:UnleashSpirits"],"picked":"hexamod:EtherealExpedition+1","floor":40},{"not_picked":["hexamod:InspiringFlames","hexamod:AdvancingGuard+1"],"picked":"hexamod:RainOfEmbers+1","floor":43},{"not_picked":["hexamod:FourthSeal","hexamod:ShieldOfDarkness+1"],"picked":"hexamod:NightmareStrike+1","floor":45},{"not_picked":["hexamod:SpectralAdrenaline","hexamod:SwordOfDarkness"],"picked":"hexamod:GhostOfSpirePresent","floor":47},{"not_picked":["hexamod:ThermalTransfer+1","hexamod:GhostLash"],"picked":"hexamod:SwordOfDarkness+1","floor":48},{"not_picked":["hexamod:SwordOfDarkness","hexamod:NightmareGuise+1"],"picked":"hexamod:RainOfEmbers+1","floor":49}],"player_experience":90288,"relics_obtained":[{"floor":9,"key":"PreservedInsect"},{"floor":10,"key":"Eternal Feather"},{"floor":12,"key":"Tiny Chest"},{"floor":20,"key":"Toy Ornithopter"},{"floor":23,"key":"Oddly Smooth Stone"},{"floor":24,"key":"Happy Flower"},{"floor":26,"key":"Boot"},{"floor":41,"key":"White Beast Statue"},{"floor":43,"key":"Shuriken"},{"floor":48,"key":"Gambling Chip"}],"event_choices":[{"damage_healed":0,"gold_gain":0,"player_choice":"Relic","damage_taken":0,"max_hp_gain":0,"max_hp_loss":0,"event_name":"Wheel of Change","floor":10,"gold_loss":0},{"cards_removed":["hexamod:Again"],"damage_healed":0,"gold_gain":0,"player_choice":"Offered Uncommon","damage_taken":0,"max_hp_gain":0,"max_hp_loss":0,"event_name":"Bonfire Elementals","floor":46,"gold_loss":0}],"is_beta":false,"boss_relics":[{"not_picked":["Philosopher\u0027s Stone","Fusion Hammer"],"picked":"Cursed Key"},{"not_picked":["Black Star","Tiny House"],"picked":"Empty Cage"}],"items_purged_floors":[45],"is_endless":false,"potions_floor_spawned":[2,5,12,14,15,16,23,25,29,31,32,37,39,40,43,45,47,48,49],"killed_by":"SI_POISON_ARCHETYPE","ascension_level":0}}