{"host":"xz7n3qy1zq36rzpg","time":1612254458,"event":{"mods":["BaseMod","Colored Map","Colored Powertips","Highlight Path","Minty Spire (QoL Compilation)","Quick Restart","Shop Mod"],"gold_per_floor":[115,133,133,144,144,179,179,59,59,72,72,72,85,96,96,193,193,204,27,27,44,62,62,76,76,127,138,168,267,277,288,288,385,385,405,405,405,405,405],"floor_reached":38,"language":"ENG","playtime":1719,"items_purged":["Pain","Defend_B"],"score":458,"play_id":"33184346-b8a7-4f35-9a60-af2b7b1c22a4","local_time":"20210202092738","is_ascension_mode":true,"campfire_choices":[{"data":"Zap","floor":7,"key":"SMITH"},{"data":"Ball Lightning","floor":11,"key":"SMITH"},{"floor":15,"key":"REST"},{"data":"Defragment","floor":23,"key":"SMITH"},{"floor":32,"key":"REST"}],"circlet_count":0,"master_deck":["Strike_B+1","Strike_B+1","Defend_B+1","Defend_B+1","Zap+1","Dualcast","Beam Cell","Steam","Ball Lightning+1","Coolheaded","Undo","Cold Snap","Electrodynamics","Ball Lightning+1","Defragment+1","Steam","Capacitor","Leap","Cold Snap+1","Go for the Eyes+1","Creative AI","BootSequence","Echo Form","Double Energy+1"],"relics":["Cracked Core","Incense Burner","StrikeDummy","Question Card","GremlinMask","Nuclear Battery","Ancient Tea Set","Strawberry","Inserter","Frozen Egg 2"],"acts_visited":["Exordium","TheCity","TheBeyond"],"potions_floor_usage":[6,6,31,33,33],"damage_taken":[{"damage":5,"enemies":"2 Louse","floor":1,"turns":3},{"damage":3,"enemies":"Cultist","floor":2,"turns":4},{"damage":6,"enemies":"Small Slimes","floor":4,"turns":3},{"damage":11,"enemies":"Gremlin Nob","floor":6,"turns":4},{"damage":6,"enemies":"Looter","floor":10,"turns":2},{"damage":6,"enemies":"Exordium Wildlife","floor":13,"turns":2},{"damage":1,"enemies":"2 Fungi Beasts","floor":14,"turns":2},{"damage":38,"enemies":"Hexaghost","floor":16,"turns":12},{"damage":5,"enemies":"Chosen","floor":18,"turns":4},{"damage":10,"enemies":"2 Thieves","floor":21,"turns":4},{"damage":0,"enemies":"Snecko","floor":22,"turns":5},{"damage":0,"enemies":"Sentry and Sphere","floor":24,"turns":5},{"damage":11,"enemies":"Snake Plant","floor":27,"turns":4},{"damage":16,"enemies":"Gremlin Leader","floor":28,"turns":6},{"damage":8,"enemies":"Cultist and Chosen","floor":30,"turns":3},{"damage":11,"enemies":"Centurion and Healer","floor":31,"turns":5},{"damage":16,"enemies":"Automaton","floor":33,"turns":9},{"damage":40,"enemies":"3 Darklings","floor":35,"turns":6},{"damage":56,"enemies":"2 Orb Walkers","floor":38,"turns":4}],"seed_played":"8421699506570211186","potions_obtained":[{"floor":1,"key":"Weak Potion"},{"floor":2,"key":"DistilledChaos"},{"floor":6,"key":"Dexterity Potion"},{"floor":14,"key":"Ancient Potion"},{"floor":24,"key":"FearPotion"},{"floor":31,"key":"Energy Potion"},{"floor":33,"key":"BlessingOfTheForge"},{"floor":35,"key":"CultistPotion"}],"is_trial":false,"path_per_floor":["M","M","?","M","?","E","R","$","T","M","R","?","M","M","R","B",null,"M","$","?","M","M","R","M","?","T","M","E","?","M","M","R","B",null,"M","?","T","?"],"character_chosen":"DEFECT","items_purchased":["Coolheaded","Defragment"],"campfire_rested":2,"item_purchase_floors":[8,19],"current_hp_per_floor":[70,67,67,61,61,50,50,50,50,44,44,44,38,37,59,21,75,70,70,70,60,60,60,60,60,60,49,40,40,32,21,45,29,82,42,42,42,0,0],"gold":405,"neow_bonus":"ONE_RARE_RELIC","is_daily":false,"chose_seed":false,"campfire_upgraded":3,"win_rate":0.0,"timestamp":1612254458,"path_taken":["M","M","?","M","?","E","R","$","T","?","R","?","M","M","R","BOSS","M","?","?","M","M","R","M","?","T","?","E","?","M","M","R","BOSS","M","?","?","?"],"items_purchased_type":["Card","Card"],"build_version":"2020-12-22","purchased_purges":2,"victory":false,"max_hp_per_floor":[75,75,75,75,75,75,75,75,75,75,75,75,75,75,75,75,75,75,75,75,75,75,75,75,75,75,75,82,82,82,82,82,82,82,82,82,82,82,82],"card_choices":[{"not_picked":["Turbo","Undo"],"picked":"Beam Cell","floor":1},{"not_picked":["Skim","Rebound"],"picked":"Steam","floor":2},{"not_picked":["Storm","Beam Cell","Steam"],"picked":"SKIP","floor":4},{"not_picked":["Core Surge","Redo"],"picked":"Ball Lightning","floor":6},{"not_picked":["Redo","Coolheaded","Go for the Eyes"],"picked":"Undo","floor":10},{"not_picked":["Reprogram","Tempest","Static Discharge"],"picked":"Cold Snap","floor":13},{"not_picked":["Compile Driver","Rip and Tear","Rebound","Stack"],"picked":"SKIP","floor":14},{"not_picked":["Biased Cognition","Seek","Fission"],"picked":"Electrodynamics","floor":16},{"not_picked":["Sunder+1","Go for the Eyes+1","Rebound"],"picked":"Ball Lightning+1","floor":18},{"not_picked":["Hologram","Sweeping Beam","Ball Lightning+1"],"picked":"Leap","floor":21},{"not_picked":["Lockon","Go for the Eyes","Stack"],"picked":"Cold Snap+1","floor":22},{"not_picked":["Turbo+1","Scrape","Compile Driver","Hyperbeam"],"picked":"SKIP","floor":24},{"not_picked":["Defragment","Streamline","Steam Power"],"picked":"Go for the Eyes+1","floor":27},{"not_picked":["Leap","Heatsinks+1","Beam Cell"],"picked":"Creative AI","floor":28},{"not_picked":["Beam Cell","Conserve Battery","Darkness","Fusion"],"picked":"SKIP","floor":30},{"not_picked":["Redo+1","Chaos+1","Chill"],"picked":"BootSequence","floor":31},{"not_picked":["Multi-Cast","Buffer","Amplify"],"picked":"Echo Form","floor":33},{"not_picked":["Reprogram","Stack","Cold Snap"],"picked":"Double Energy+1","floor":35}],"player_experience":407874,"relics_obtained":[{"floor":6,"key":"StrikeDummy"},{"floor":9,"key":"Question Card"},{"floor":26,"key":"Ancient Tea Set"},{"floor":28,"key":"Strawberry"},{"floor":37,"key":"Frozen Egg 2"}],"event_choices":[{"damage_healed":0,"gold_gain":0,"player_choice":"Ignored","damage_taken":0,"max_hp_gain":0,"max_hp_loss":0,"event_name":"Liars Game","floor":3,"gold_loss":0},{"damage_healed":0,"gold_gain":0,"player_choice":"Bought 0 Potions","damage_taken":0,"max_hp_gain":0,"max_hp_loss":0,"event_name":"The Woman in Blue","floor":5,"gold_loss":0},{"damage_healed":0,"gold_gain":0,"player_choice":"Trade","damage_taken":0,"relics_obtained":["GremlinMask"],"max_hp_gain":0,"max_hp_loss":0,"event_name":"FaceTrader","floor":12,"gold_loss":0},{"damage_healed":0,"gold_gain":0,"cards_transformed":["Strike_B","Defend_B"],"player_choice":"Became Test Subject","damage_taken":0,"max_hp_gain":0,"max_hp_loss":0,"event_name":"Drug Dealer","floor":20,"gold_loss":0,"cards_obtained":["Steam","Capacitor"]},{"damage_healed":0,"gold_gain":0,"player_choice":"Simplicity","damage_taken":0,"max_hp_gain":0,"max_hp_loss":0,"event_name":"Back to Basics","floor":25,"gold_loss":0,"cards_upgraded":["Strike_B","Strike_B","Strike_B","Defend_B","Defend_B"]},{"damage_healed":0,"gold_gain":99,"player_choice":"Stole From Cult","damage_taken":0,"max_hp_gain":0,"max_hp_loss":0,"event_name":"Nest","floor":29,"gold_loss":0},{"cards_removed":["Strike_B"],"damage_healed":0,"gold_gain":0,"player_choice":"Removed Attack","damage_taken":0,"max_hp_gain":0,"max_hp_loss":0,"event_name":"Falling","floor":36,"gold_loss":0},{"damage_healed":0,"gold_gain":0,"player_choice":"Fight","damage_taken":0,"max_hp_gain":0,"max_hp_loss":0,"event_name":"Mysterious Sphere","floor":38,"gold_loss":0}],"is_beta":false,"boss_relics":[{"not_picked":["Runic Dome","Coffee Dripper"],"picked":"Nuclear Battery"},{"not_picked":["Empty Cage","Philosopher\u0027s Stone"],"picked":"Inserter"}],"items_purged_floors":[8,19],"is_endless":false,"potions_floor_spawned":[1,2,6,14,24,27,31,33,35],"killed_by":"2 Orb Walkers","ascension_level":3}}