{"host":"ga4s3hj9m6nkn6gp","time":1612288364,"event":{"mods":["AchievementEnabler","BaseMod","Bestiary","Colored Powertips","Highlight Path","Minty Spire (QoL Compilation)","Relic Stats","everything is the same but u backflip on backflip"],"gold_per_floor":[113,123,141,153,303,303,303],"floor_reached":6,"language":"ENG","playtime":374,"items_purged":[],"score":76,"play_id":"3532951f-6a20-4bed-a7ce-87d60b0005f5","local_time":"20210202185244","is_ascension_mode":true,"campfire_choices":[],"circlet_count":0,"master_deck":["AscendersBane","Strike_G","Strike_G","Strike_G","Strike_G","Strike_G","Defend_G","Defend_G","Defend_G","Defend_G","Defend_G","Survivor","Neutralize","Underhanded Strike","Calculated Gamble","Acrobatics","Doubt"],"relics":["Runic Dome"],"acts_visited":["Exordium"],"potions_floor_usage":[],"damage_taken":[{"damage":4.0,"enemies":"Cultist","floor":1.0,"turns":5.0},{"damage":3,"enemies":"2 Louse","floor":2,"turns":3},{"damage":0,"enemies":"Small Slimes","floor":3,"turns":4},{"damage":7,"enemies":"2 Fungi Beasts","floor":4,"turns":4},{"damage":37,"enemies":"3 Sentries","floor":6,"turns":10}],"seed_played":"-2855288230633758652","potions_obtained":[{"floor":4,"key":"FairyPotion"}],"is_trial":false,"path_per_floor":["M","M","M","M","?","E"],"character_chosen":"THE_SILENT","items_purchased":[],"campfire_rested":0,"item_purchase_floors":[],"current_hp_per_floor":[55,52,52,45,45,8,8],"gold":303,"neow_bonus":"BOSS_RELIC","is_daily":false,"chose_seed":false,"campfire_upgraded":0,"win_rate":0.0,"timestamp":1612288364,"path_taken":["M","M","?","M","?","E"],"items_purchased_type":[],"build_version":"2020-12-22","purchased_purges":0,"victory":false,"max_hp_per_floor":[66,66,66,66,66,66,66],"relic_stats":{"counters":[5,26],"obtain_stats":[{"Runic Dome":0,"Ring of the Snake":0},{"Runic Dome":0,"Ring of the Snake":0},{"Runic Dome":0,"Ring of the Snake":0}]},"card_choices":[{"not_picked":["Prepared","Slice"],"picked":"Underhanded Strike","floor":1},{"not_picked":["Dodge and Roll","Finisher","Deflect"],"picked":"SKIP","floor":2},{"not_picked":["Escape Plan","Dodge and Roll"],"picked":"Calculated Gamble","floor":3},{"not_picked":["Predator","Prepared"],"picked":"Acrobatics","floor":4}],"player_experience":725026,"relics_obtained":[],"event_choices":[{"damage_healed":0,"gold_gain":150,"player_choice":"AGREE","damage_taken":0,"max_hp_gain":0,"max_hp_loss":0,"event_name":"Liars Game","floor":5,"gold_loss":0,"cards_obtained":["Doubt"]}],"is_beta":false,"boss_relics":[],"items_purged_floors":[],"is_endless":false,"potions_floor_spawned":[4],"killed_by":"3 Sentries","ascension_level":20}}