{"host":"v2nniiiz7kpx7fwo","time":1612268070,"event":{"mods":["2.2 Compatiblity","AchievementEnabler","BaseMod","Colored Map","Colored Powertips","DeckTracker","Highlight Path","KOR Keyword Fix","Minty Spire (QoL Compilation)","Permanent Neow","Quick Restart","Rare Cards Sparkle","SuperFastMode"],"gold_per_floor":[119,119,139,155,169,169,196,196,269,269,280,280,280,38,38,137,137,157,60,70,169,179,179,196,196,196,196,196,158,178,191,191,292,342,355,355,366,366,366,392,409,434,434,444,444,197,215,241,241,241,241,241,6,33,33],"floor_reached":56,"language":"KOR","playtime":4110,"items_purged":["Defend_R"],"score":1187,"play_id":"71fa1c93-2a69-4ab8-8d43-4c65d9138025","local_time":"20210202211430","is_ascension_mode":false,"campfire_choices":[{"floor":6.0,"key":"REST"},{"data":"Dark Embrace","floor":8.0,"key":"SMITH"},{"data":"Demon Form","floor":10.0,"key":"SMITH"},{"floor":15.0,"key":"REST"},{"floor":23.0,"key":"REST"},{"floor":25.0,"key":"REST"},{"floor":32.0,"key":"REST"},{"floor":45.0,"key":"RECALL"},{"data":"Limit Break","floor":49.0,"key":"SMITH"},{"data":"Heavy Blade","floor":52.0,"key":"SMITH"}],"circlet_count":0,"master_deck":["Defend_R","Defend_R+1","Defend_R+1","Bash+1","Demon Form+1","Spot Weakness","Feel No Pain","Ghostly Armor","Dark Embrace+1","Flex+1","Battle Trance","Cleave+1","Reaper+1","Feel No Pain+1","Combust+1","Double Tap+1","Pummel","Sword Boomerang","Heavy Blade+1","Exhume","Limit Break+1","Disarm+1","Madness","Madness","Enlightenment","Jack Of All Trades","Dual Wield+1","Fiend Fire"],"relics":["Burning Blood","TungstenRod","Gremlin Horn","TheAbacus","Astrolabe","The Courier","Tiny House","Bag of Marbles","Red Skull","Ancient Tea Set","Pen Nib","Whetstone","Vajra"],"acts_visited":["Exordium","TheCity","TheBeyond","TheEnding"],"potions_floor_usage":[55,55,55],"damage_taken":[{"damage":24.0,"enemies":"Small Slimes","floor":1.0,"turns":4.0},{"damage":2.0,"enemies":"Jaw Worm","floor":3.0,"turns":4.0},{"damage":12.0,"enemies":"2 Louse","floor":4.0,"turns":3.0},{"damage":12.0,"enemies":"Blue Slaver","floor":5.0,"turns":4.0},{"damage":23.0,"enemies":"Lagavulin","floor":7.0,"turns":6.0},{"damage":11.0,"enemies":"Exordium Wildlife","floor":11.0,"turns":4.0},{"damage":22.0,"enemies":"Hexaghost","floor":16.0,"turns":9.0},{"damage":40.0,"enemies":"2 Thieves","floor":18.0,"turns":4.0},{"damage":21.0,"enemies":"Spheric Guardian","floor":20.0,"turns":4.0},{"damage":14.0,"enemies":"Snecko","floor":22.0,"turns":4.0},{"damage":53.0,"enemies":"3 Cultists","floor":24.0,"turns":5.0},{"damage":24.0,"enemies":"Snake Plant","floor":30.0,"turns":5.0},{"damage":14.0,"enemies":"Centurion and Healer","floor":31.0,"turns":4.0},{"damage":59.0,"enemies":"Champ","floor":33.0,"turns":8.0},{"damage":1.0,"enemies":"3 Shapes","floor":35.0,"turns":6.0},{"damage":30.0,"enemies":"3 Darklings","floor":37.0,"turns":6.0},{"damage":36.0,"enemies":"Reptomancer","floor":40.0,"turns":6.0},{"damage":39.0,"enemies":"Writhing Mass","floor":41.0,"turns":7.0},{"damage":25.0,"enemies":"Giant Head","floor":42.0,"turns":6.0},{"damage":43.0,"enemies":"Spire Growth","floor":44.0,"turns":8.0},{"damage":60.0,"enemies":"Transient","floor":47.0,"turns":5.0},{"damage":28.0,"enemies":"Reptomancer","floor":48.0,"turns":7.0},{"damage":83.0,"enemies":"Donu and Deca","floor":50.0,"turns":9.0},{"damage":108.0,"enemies":"Shield and Spear","floor":54.0,"turns":9.0},{"damage":138,"enemies":"The Heart","floor":55,"turns":8}],"seed_played":"-7082919646504144553","potions_obtained":[{"floor":1.0,"key":"SpeedPotion"},{"floor":4.0,"key":"EssenceOfSteel"},{"floor":5.0,"key":"DistilledChaos"},{"floor":7.0,"key":"SneckoOil"},{"floor":16.0,"key":"ElixirPotion"},{"floor":18.0,"key":"GamblersBrew"},{"floor":30.0,"key":"SteroidPotion"},{"floor":31.0,"key":"LiquidMemories"},{"floor":34.0,"key":"SteroidPotion"},{"floor":35.0,"key":"DuplicationPotion"},{"floor":42.0,"key":"Fire Potion"},{"floor":44.0,"key":"PowerPotion"},{"floor":48.0,"key":"PowerPotion"}],"is_trial":false,"path_per_floor":["M","?","M","M","M","R","E","R","T","R","M","?","?","$","R","B",null,"M","$","M","?","M","R","M","R","T","?","?","$","M","M","R","B",null,"M","?","M","?","?","E","M","E","T","M","R","$","M","E","R","B",null,"R","$","E","B",null],"character_chosen":"IRONCLAD","items_purchased":["Battle Trance","Cleave","TheAbacus","Fruit Juice","Heavy Blade","Ancient Tea Set","DuplicationPotion","EntropicBrew","Energy Potion","Whetstone"],"campfire_rested":5,"item_purchase_floors":[14,14,14,19,29,46,46,53,53,53],"current_hp_per_floor":[62,46,50,44,38,62,45,45,45,45,40,34,34,34,58,42,80,46,46,36,36,28,53,20,45,45,45,45,45,34,40,65,44,90,90,90,90,80,76,90,58,90,90,90,90,90,36,68,68,90,90,90,90,90,90],"gold":33,"neow_bonus":"ONE_RANDOM_RARE_CARD","is_daily":false,"chose_seed":false,"campfire_upgraded":4,"win_rate":0.0,"timestamp":1612268070,"path_taken":["M","?","M","M","M","R","E","R","T","R","M","?","?","?","R","BOSS","M","$","M","?","M","R","M","R","T","?","?","$","M","?","R","BOSS","M","?","M","?","?","E","M","E","T","M","R","$","M","E","R","BOSS","R","$","E","BOSS"],"items_purchased_type":["Card","Card","Relic","Potion","Card","Relic","Potion","Potion","Potion","Relic"],"build_version":"2020-12-22","purchased_purges":1,"victory":true,"max_hp_per_floor":[80,80,80,80,80,80,80,80,80,80,80,80,80,80,80,80,80,80,80,85,85,85,85,85,85,85,85,85,85,85,85,85,85,90,90,90,90,90,90,90,90,90,90,90,90,90,90,90,90,90,90,90,90,90,90],"card_choices":[{"not_picked":["Havoc","Uppercut"],"picked":"Spot Weakness","floor":1.0},{"not_picked":["Uppercut","Sever Soul","Perfected Strike"],"picked":"SKIP","floor":3.0},{"not_picked":["Flame Barrier","Thunderclap"],"picked":"Feel No Pain","floor":4.0},{"not_picked":["Disarm","Carnage"],"picked":"Ghostly Armor","floor":5.0},{"not_picked":["Rage","Sever Soul"],"picked":"Dark Embrace","floor":7.0},{"not_picked":["Headbutt","Anger"],"picked":"Flex","floor":11.0},{"not_picked":["Fiend Fire","Brutality"],"picked":"Reaper","floor":16.0},{"not_picked":["Rage","Seeing Red"],"picked":"Pummel","floor":18.0},{"not_picked":["Clothesline","Wild Strike","Warcry+1"],"picked":"SKIP","floor":20.0},{"not_picked":["Searing Blow","Armaments+1","Sword Boomerang"],"picked":"SKIP","floor":22.0},{"not_picked":["Iron Wave","Rupture+1"],"picked":"Sword Boomerang","floor":24.0},{"not_picked":["Fire Breathing","Flex+1"],"picked":"Exhume","floor":30.0},{"not_picked":["Rage+1","Twin Strike","Shockwave"],"picked":"SKIP","floor":31.0},{"not_picked":["Fiend Fire","Brutality"],"picked":"Limit Break","floor":33.0},{"not_picked":["Dark Embrace+1","Wild Strike+1","Clothesline+1"],"picked":"SKIP","floor":35.0},{"not_picked":["Clothesline+1","Iron Wave+1"],"picked":"Disarm+1","floor":37.0},{"not_picked":["Flash of Steel","Impatience"],"picked":"Enlightenment","floor":39.0},{"not_picked":["Impatience","Good Instincts"],"picked":"Jack Of All Trades","floor":39.0},{"not_picked":["Flex","Spot Weakness","Heavy Blade+1"],"picked":"SKIP","floor":40.0},{"not_picked":["Sword Boomerang","Iron Wave+1"],"picked":"Dual Wield+1","floor":41.0},{"not_picked":["Cleave","Feel No Pain","Havoc+1"],"picked":"SKIP","floor":42.0},{"not_picked":["Flame Barrier+1","Iron Wave+1","Pommel Strike+1"],"picked":"SKIP","floor":44.0},{"not_picked":["Fire Breathing","Warcry+1","Clash+1"],"picked":"SKIP","floor":47.0},{"not_picked":["Disarm+1","Clash","Cleave"],"picked":"SKIP","floor":48.0},{"not_picked":["Fiend Fire","Sever Soul+1","Body Slam"],"picked":"SKIP","floor":54.0},{"not_picked":["Sever Soul+1","Body Slam"],"picked":"Fiend Fire","floor":54.0}],"player_experience":337831,"relics_obtained":[{"floor":7.0,"key":"TungstenRod"},{"floor":9.0,"key":"Gremlin Horn"},{"floor":26.0,"key":"The Courier"},{"floor":40.0,"key":"Bag of Marbles"},{"floor":42.0,"key":"Red Skull"},{"floor":48.0,"key":"Pen Nib"},{"floor":54.0,"key":"Vajra"}],"event_choices":[{"damage_healed":0.0,"max_hp_gain":0.0,"max_hp_loss":0.0,"gold_gain":0.0,"event_name":"Shining Light","player_choice":"Entered Light","floor":2.0,"gold_loss":0.0,"damage_taken":16.0,"cards_upgraded":["Defend_R","Defend_R"]},{"cards_removed":["Strike_R"],"damage_healed":0.0,"max_hp_gain":0.0,"max_hp_loss":0.0,"gold_gain":0.0,"event_name":"Golden Wing","player_choice":"Card Removal","floor":12.0,"gold_loss":0.0,"damage_taken":7.0},{"damage_healed":0.0,"max_hp_gain":0.0,"max_hp_loss":0.0,"gold_gain":0.0,"event_name":"Living Wall","player_choice":"Grow","floor":13.0,"gold_loss":0.0,"damage_taken":0.0,"cards_upgraded":["Flex"]},{"damage_healed":0.0,"max_hp_gain":0.0,"max_hp_loss":0.0,"gold_gain":99.0,"event_name":"Nest","player_choice":"Stole From Cult","floor":21.0,"gold_loss":0.0,"damage_taken":0.0},{"damage_healed":0.0,"max_hp_gain":0.0,"max_hp_loss":0.0,"gold_gain":0.0,"event_name":"Ghosts","player_choice":"Ignored","floor":27.0,"gold_loss":0.0,"damage_taken":0.0},{"cards_removed":["Strike_R"],"damage_healed":0.0,"max_hp_gain":0.0,"max_hp_loss":0.0,"gold_gain":0.0,"event_name":"Back to Basics","player_choice":"Elegance","floor":28.0,"gold_loss":0.0,"damage_taken":0.0},{"damage_healed":0.0,"max_hp_gain":0.0,"max_hp_loss":0.0,"gold_gain":0.0,"event_name":"Tomb of Lord Red Mask","player_choice":"Ignored","floor":36.0,"gold_loss":0.0,"damage_taken":0.0},{"damage_healed":0.0,"max_hp_gain":0.0,"max_hp_loss":0.0,"gold_gain":0.0,"event_name":"Winding Halls","player_choice":"Embrace Madness","floor":38.0,"gold_loss":0.0,"damage_taken":11.0,"cards_obtained":["Madness","Madness"]},{"damage_healed":0.0,"max_hp_gain":0.0,"max_hp_loss":0.0,"gold_gain":0.0,"event_name":"SensoryStone","player_choice":"Memory 2","floor":39.0,"gold_loss":0.0,"damage_taken":5.0}],"is_beta":false,"boss_relics":[{"not_picked":["Black Blood","Runic Cube"],"picked":"Astrolabe"},{"not_picked":["Runic Pyramid","Cursed Key"],"picked":"Tiny House"}],"items_purged_floors":[46],"is_endless":false,"potions_floor_spawned":[1,4,5,7,16,18,30,31,35,42,44,48],"ascension_level":0}}