{"host":"yqw1zpryoutrnocq","time":1612299172,"event":{"mods":["2.2 Compatiblity","AchievementEnabler","BaseMod","Colored Map","Custom Start","DeckTracker","Minty Spire (QoL Compilation)","StSLib","SuperFastMode"],"gold_per_floor":[116,1,1,18,32,32,59,234,234,234,250,100,100,110,110,110,110],"floor_reached":16,"language":"KOR","playtime":311,"items_purged":["Strike_R"],"score":125,"play_id":"6731b96e-2dfa-48ae-8bca-5beb6463b76b","local_time":"20210202145252","is_ascension_mode":true,"campfire_choices":[{"data":"Body Slam","floor":6,"key":"SMITH"},{"floor":10,"key":"REST"},{"floor":15,"key":"REST"}],"circlet_count":0,"master_deck":["Strike_R","Strike_R","Strike_R","Strike_R","Defend_R","Defend_R","Defend_R","Defend_R","Warcry","Fire Breathing+1","Body Slam+1","Uppercut","Body Slam","Offering","Doubt","Shrug It Off","Feel No Pain+1","Havoc"],"relics":["Burning Blood","NeowsBlessing","Frozen Egg 2","Ornamental Fan"],"acts_visited":["Exordium"],"potions_floor_usage":[11,16],"damage_taken":[{"damage":0,"enemies":"Small Slimes","floor":1,"turns":1},{"damage":0,"enemies":"Cultist","floor":4,"turns":1},{"damage":0,"enemies":"Jaw Worm","floor":5,"turns":1},{"damage":60,"enemies":"Lagavulin","floor":7,"turns":7},{"damage":23,"enemies":"Large Slime","floor":11,"turns":6},{"damage":15,"enemies":"Red Slaver","floor":14,"turns":4},{"damage":64,"enemies":"The Guardian","floor":16,"turns":10}],"seed_played":"-4264239773100995907","potions_obtained":[{"floor":4,"key":"LiquidBronze"},{"floor":14,"key":"Fire Potion"}],"is_trial":false,"path_per_floor":["M","$","?","M","M","R","E","?","T","R","M","$","?","M","R","B"],"character_chosen":"IRONCLAD","items_purchased":["Fire Breathing","Body Slam","Feel No Pain+1"],"campfire_rested":2,"item_purchase_floors":[2,2,12],"current_hp_per_floor":[80,80,80,80,80,80,26,26,26,50,33,33,33,24,48,0,0],"gold":110,"neow_bonus":"THREE_ENEMY_KILL","is_daily":false,"chose_seed":false,"campfire_upgraded":1,"win_rate":0.0,"timestamp":1612299172,"path_taken":["M","$","?","M","?","R","E","?","T","R","M","$","?","?","R","BOSS"],"items_purchased_type":["Card","Card","Card"],"build_version":"2020-12-22","purchased_purges":1,"victory":false,"max_hp_per_floor":[80,80,80,80,80,80,80,80,80,80,80,80,80,80,80,80,80],"card_choices":[{"not_picked":["Armaments","Havoc"],"picked":"Warcry","floor":1},{"not_picked":["Iron Wave","Sword Boomerang"],"picked":"Uppercut","floor":4},{"not_picked":["Sword Boomerang","Twin Strike"],"picked":"Body Slam","floor":5},{"not_picked":["Uppercut","Perfected Strike"],"picked":"Offering","floor":7},{"not_picked":["True Grit","Sword Boomerang"],"picked":"Shrug It Off","floor":11},{"not_picked":["Spot Weakness","Whirlwind"],"picked":"Havoc","floor":14}],"player_experience":266157,"relics_obtained":[{"floor":7,"key":"Frozen Egg 2"},{"floor":9,"key":"Ornamental Fan"}],"event_choices":[{"damage_healed":0,"gold_gain":0,"player_choice":"Upgraded","damage_taken":0,"max_hp_gain":0,"max_hp_loss":0,"event_name":"Upgrade Shrine","floor":3,"gold_loss":0,"cards_upgraded":["Fire Breathing"]},{"damage_healed":0,"gold_gain":175,"player_choice":"AGREE","damage_taken":0,"max_hp_gain":0,"max_hp_loss":0,"event_name":"Liars Game","floor":8,"gold_loss":0,"cards_obtained":["Doubt"]},{"cards_removed":["Bash"],"damage_healed":0,"gold_gain":0,"player_choice":"Offered Basic","damage_taken":0,"max_hp_gain":0,"max_hp_loss":0,"event_name":"Bonfire Elementals","floor":13,"gold_loss":0}],"is_beta":false,"boss_relics":[],"items_purged_floors":[12],"is_endless":false,"potions_floor_spawned":[4,14],"killed_by":"The Guardian","ascension_level":5}}