{"host":"pe7ycb8t2t906so2","time":1612229212,"event":{"mods":["BaseMod","Colored Map","Highlight Path","Minty Spire (QoL Compilation)"],"gold_per_floor":[110,127,141,157,171,171,205,205,228,240,240,8,39,4,4,78,78,89,50,63,63,63,63,63],"floor_reached":23,"language":"FRA","playtime":1025,"items_purged":["Strike_R"],"score":362,"play_id":"8d5e7b81-0469-4617-bd45-27518ccf4f21","local_time":"20210201202652","is_ascension_mode":true,"campfire_choices":[{"data":"Pommel Strike","floor":6,"key":"SMITH"},{"floor":8,"key":"REST"},{"data":"Berserk","floor":15,"key":"SMITH"}],"circlet_count":0,"master_deck":["AscendersBane","Strike_R+1","Strike_R+1","Strike_R+1","Defend_R+1","Defend_R+1","Defend_R+1","Defend_R+1","Bash+1","Headbutt","Pommel Strike+1","Cleave","Headbutt","Shrug It Off","Shrug It Off","Ghostly Armor","Berserk+1","Bludgeon","Dropkick","Shrug It Off"],"relics":["Burning Blood","Potion Belt","Red Skull","Medical Kit","Anchor","Black Star"],"acts_visited":["Exordium","TheCity"],"potions_floor_usage":[5,7,13,13,16,23],"damage_taken":[{"damage":0,"enemies":"Small Slimes","floor":1,"turns":3},{"damage":8,"enemies":"Jaw Worm","floor":2,"turns":4},{"damage":7,"enemies":"2 Louse","floor":3,"turns":3},{"damage":10,"enemies":"Large Slime","floor":4,"turns":4},{"damage":23,"enemies":"Exordium Wildlife","floor":5,"turns":4},{"damage":33,"enemies":"Lagavulin","floor":7,"turns":7},{"damage":9,"enemies":"Looter","floor":10,"turns":3},{"damage":2,"enemies":"Gremlin Nob","floor":13,"turns":3},{"damage":13,"enemies":"Hexaghost","floor":16,"turns":11},{"damage":4,"enemies":"Chosen","floor":18,"turns":4},{"damage":43,"enemies":"2 Thieves","floor":20,"turns":4},{"damage":29,"enemies":"Book of Stabbing","floor":23,"turns":3}],"seed_played":"-222450447664719600","potions_obtained":[{"floor":4,"key":"Explosive Potion"},{"floor":5,"key":"EssenceOfSteel"},{"floor":7,"key":"SteroidPotion"},{"floor":10,"key":"SteroidPotion"},{"floor":13,"key":"HeartOfIron"},{"floor":20,"key":"BloodPotion"}],"is_trial":false,"path_per_floor":["M","M","M","M","M","R","E","R","T","M","?","$","E","?","R","B",null,"M","$","M","?","?","E"],"character_chosen":"IRONCLAD","items_purchased":["Medical Kit","Dropkick"],"campfire_rested":1,"item_purchase_floors":[12,19],"current_hp_per_floor":[74,72,71,67,50,50,23,45,45,42,35,35,39,57,57,50,69,71,71,34,13,13,0,0],"gold":63,"neow_bonus":"UPGRADE_CARD","is_daily":false,"chose_seed":false,"campfire_upgraded":2,"win_rate":0.0,"timestamp":1612229212,"path_taken":["M","M","M","M","M","R","E","R","T","M","?","$","E","?","R","BOSS","M","$","M","?","?","E"],"items_purchased_type":["Relic","Card"],"build_version":"2020-12-22","purchased_purges":1,"victory":false,"max_hp_per_floor":[75,75,75,75,75,75,75,75,75,75,75,75,75,75,75,75,75,75,75,75,80,80,80,80],"card_choices":[{"not_picked":["Twin Strike","Shockwave"],"picked":"Headbutt","floor":1},{"not_picked":["Anger","Armaments"],"picked":"Pommel Strike","floor":2},{"not_picked":["Body Slam","Thunderclap"],"picked":"Cleave","floor":3},{"not_picked":["Heavy Blade","Infernal Blade"],"picked":"Headbutt","floor":4},{"not_picked":["Seeing Red","Battle Trance"],"picked":"Shrug It Off","floor":5},{"not_picked":["Twin Strike","Havoc"],"picked":"Shrug It Off","floor":7},{"not_picked":["Combust","Flex"],"picked":"Ghostly Armor","floor":10},{"not_picked":["Demon Form","Feel No Pain"],"picked":"Berserk","floor":13},{"not_picked":["Fiend Fire","Corruption"],"picked":"Bludgeon","floor":16},{"not_picked":["Pommel Strike","Shockwave","Dual Wield"],"picked":"SKIP","floor":18},{"not_picked":["Headbutt","Cleave"],"picked":"Shrug It Off","floor":20}],"player_experience":997208,"relics_obtained":[{"floor":7,"key":"Potion Belt"},{"floor":9,"key":"Red Skull"},{"floor":13,"key":"Anchor"}],"event_choices":[{"cards_removed":["Strike_R"],"damage_healed":0,"gold_gain":0,"player_choice":"Card Removal","damage_taken":7,"max_hp_gain":0,"max_hp_loss":0,"event_name":"Golden Wing","floor":11,"gold_loss":0},{"damage_healed":18,"gold_gain":0,"player_choice":"Healed","damage_taken":0,"max_hp_gain":0,"max_hp_loss":0,"event_name":"The Cleric","floor":14,"gold_loss":35},{"damage_healed":0,"gold_gain":0,"player_choice":"Shed Blood","damage_taken":26,"max_hp_gain":5,"max_hp_loss":0,"event_name":"Forgotten Altar","floor":21,"gold_loss":0},{"damage_healed":0,"gold_gain":0,"player_choice":"Simplicity","damage_taken":0,"max_hp_gain":0,"max_hp_loss":0,"event_name":"Back to Basics","floor":22,"gold_loss":0,"cards_upgraded":["Strike_R","Strike_R","Strike_R","Defend_R","Defend_R","Defend_R","Defend_R"]}],"is_beta":false,"boss_relics":[{"not_picked":["SlaversCollar","Sozu"],"picked":"Black Star"}],"items_purged_floors":[12],"is_endless":false,"potions_floor_spawned":[4,5,7,10,13,20],"killed_by":"Book of Stabbing","ascension_level":16}}