{"host":"n605f8gctjc87d7h","time":1612253027,"event":{"mods":["Aspiration","Bard","BaseMod","Better Match","Better Note","Better Skull","Better Third Choice","Conspire","Downfall","Halation","Hermit","Infinite Spire","Minty Spire (QoL Compilation)","Replay The Spire","Retaliation","Shade Mod","Spicy Shops","StSLib","The IronCluck","The Jungle"],"gold_per_floor":[99,119,129,114,114,114,114,124,135,160,160,177,77,96,113,213,263,263,275,275,260,260,279,330,330,330,330,353,353,369,469,480,606,606,606,626,159,159,159,211,281,281,281,332,60,60,60,73,88,88],"floor_reached":51,"language":"ENG","playtime":5060,"items_purged":[],"score":673,"play_id":"073d3fa4-5f09-4cea-b5be-8b9bab7fc80b","local_time":"20210202000347","is_ascension_mode":false,"campfire_choices":[{"data":"sneckomod:SnekBite","floor":1.0,"key":"SMITH"},{"data":"sneckomod:TailWhip","floor":6.0,"key":"SMITH"},{"floor":13.0,"key":"REST"},{"data":"sneckomod:CheapStock","floor":18.0,"key":"SMITH"},{"floor":27.0,"key":"REST"},{"data":"sneckomod:UnknownRarePower","floor":29.0,"key":"SMITH"},{"data":"sneckomod:UnendingSupply","floor":35,"key":"SMITH"},{"floor":42,"key":"REST"},{"data":"Calculated Gamble","floor":47,"key":"SMITH"}],"circlet_count":0,"master_deck":["sneckomod:Strike+1","sneckomod:Strike+1","sneckomod:Strike+1","sneckomod:Defend","sneckomod:Defend","sneckomod:Defend","sneckomod:TailWhip+1","sneckomod:SnekBite+1","sneckomod:Unknown","sneckomod:IronFang","Finesse","sneckomod:UnendingSupply+1","Pot Of Greed+1","Pot Of Greed","Calculated Gamble+1","sneckomod:CheapStock+1","sneckomod:SlitherStrike","sneckomod:UnknownRarePower+1","sneckomod:UnknownStrike","Shade:LyeBath+1","sneckomod:UnknownColorless","sneckomod:ImprovisedGuard+1","Pot Of Greed","infinitespire:UltimateForm","sneckomod:UnknownDraw","sneckomod:Restock+1","sneckomod:UnknownStrength+1","sneckomod:SoulCleanse+1","sneckomod:UnknownRareAttack","sneckomod:UnknownRareSkill","sneckomod:UnknownRarePower","sneckomod:UnknownColorless+1","sneckomod:DiceBlock+1","sneckomod:QuickBite+1"],"relics":["aspiration:SecretTechniqueScroll","halation:AfternoonTea","Grinning Jar","downfall:HeartBlessingGreen","Tiny House","Juzu Bracelet","Whetstone","Snecko Eye","War Paint","sneckomod:RareBoosterPack","Anchor","infinitespire:BottledMercury","Quantum Egg","Toy Ornithopter","Shuriken","ReplayTheSpireMod:Ring of Addiction","White Beast Statue","Chameleon Ring"],"acts_visited":["Exordium","TheCity","TheBeyond"],"potions_floor_usage":[33,40,49,50,50],"damage_taken":[{"damage":9.0,"enemies":"Jaw Worm","floor":2.0,"turns":3.0},{"damage":0.0,"enemies":"Cultist","floor":3.0,"turns":4.0},{"damage":5.0,"enemies":"downfall:FleeingMerchant","floor":4.0,"turns":4.0},{"damage":4.0,"enemies":"2 Louse","floor":8.0,"turns":3.0},{"damage":5.0,"enemies":"Large Slime","floor":9.0,"turns":5.0},{"damage":6.0,"enemies":"Gremlin Nob","floor":10.0,"turns":3.0},{"damage":7.0,"enemies":"Blue Slaver","floor":12.0,"turns":2.0},{"damage":0.0,"enemies":"Lots of Slimes","floor":14.0,"turns":3.0},{"damage":4.0,"enemies":"Exordium Thugs","floor":15.0,"turns":4.0},{"damage":65.0,"enemies":"IC_STATUS_ARCHETYPE","floor":16.0,"turns":14.0},{"damage":6.0,"enemies":"Spheric Guardian","floor":19.0,"turns":5.0},{"damage":0.0,"enemies":"downfall:FleeingMerchant","floor":21.0,"turns":4.0},{"damage":20.0,"enemies":"3 Byrds","floor":23.0,"turns":4.0},{"damage":15.0,"enemies":"Shelled Parasite and Fungi","floor":30.0,"turns":6.0},{"damage":21,"enemies":"Snake Plant","floor":32,"turns":5},{"damage":55,"enemies":"DF_ARCHETYPE_CLAW","floor":33,"turns":9},{"damage":19,"enemies":"3 Darklings","floor":36,"turns":7},{"damage":4,"enemies":"downfall:FleeingMerchant","floor":37,"turns":4},{"damage":22,"enemies":"Reptomancer","floor":40,"turns":5},{"damage":6,"enemies":"downfall:FleeingMerchant","floor":45,"turns":4},{"damage":0,"enemies":"3 Shapes","floor":48,"turns":6},{"damage":0,"enemies":"Sphere and 2 Shapes","floor":49,"turns":5},{"damage":77,"enemies":"WA_ARCHETYPE_DIVINITY","floor":50,"turns":6}],"seed_played":"-5470969851905763828","potions_obtained":[{"floor":3.0,"key":"SteroidPotion"},{"floor":10.0,"key":"Languid Potion"},{"floor":12.0,"key":"LifebloodPotion"},{"floor":15.0,"key":"Elixir"},{"floor":16.0,"key":"Fire Potion"},{"floor":17.0,"key":"LifebloodPotion"},{"floor":20.0,"key":"Slimebound:ThreeZeroPotion"},{"floor":20.0,"key":"DistilledChaos"},{"floor":20.0,"key":"Flashbang"},{"floor":23.0,"key":"SteroidPotion"},{"floor":30.0,"key":"Fruit Juice"},{"floor":36,"key":"Block Potion"},{"floor":46,"key":"GamblersBrew"},{"floor":46,"key":"DDmod:CleansePotion"},{"floor":46,"key":"champ:CounterPotion"},{"floor":49,"key":"Fire Potion"}],"is_trial":false,"path_per_floor":["R","M","M","$","?","R","T","M","M","E","?","M","R","M","M","B",null,"R","M","?","$","?","M","T","?","AVR","R","T","R","M","?","M","B",null,"R","M","$","?","?","E","T","R","?","?","$","?","R","M","M","B",null],"character_chosen":"THE_SNECKO","items_purchased":["War Paint","sneckomod:RareBoosterPack","Anchor","Shuriken"],"campfire_rested":3,"item_purchase_floors":[37,37,37,45],"current_hp_per_floor":[90,85,85,80,80,80,80,76,71,65,65,64,90,90,86,26,95,95,89,89,89,89,69,69,69,69,95,95,95,88,88,67,12,100,100,81,77,77,87,65,65,95,95,95,99,99,99,99,100,28],"gold":88,"neow_bonus":"BOSS_RELIC","is_daily":false,"chose_seed":false,"campfire_upgraded":6,"win_rate":0.0,"timestamp":1612253027,"path_taken":["R","M","M","$","?","R","T","M","?","E","?","M","R","M","M","BOSS","R","M","?","$","?","M","T","?","AVR","R","?","R","M","?","M","BOSS","R","M","$","?","?","E","T","R","?","?","$","?","R","M","M","BOSS"],"items_purchased_type":["Relic","Relic","Relic","Relic"],"build_version":"2020-12-22","purchased_purges":0,"victory":true,"max_hp_per_floor":[90,90,90,90,90,90,90,90,90,90,90,90,90,90,90,90,95,95,95,95,95,95,95,95,95,95,95,95,95,100,100,100,100,100,100,100,100,100,100,100,100,100,100,100,100,100,100,100,100,100],"card_choices":[{"not_picked":["sneckomod:UnknownCommonAttack","sneckomod:DiceBoulder"],"picked":"sneckomod:UnknownColorless","floor":2.0},{"not_picked":["sneckomod:UnknownClassGUARDIAN","sneckomod:UnknownClassINFINITE_BLACK"],"picked":"sneckomod:IronFang","floor":3.0},{"not_picked":["sneckomod:UnknownClassDEFAULT_GRAY_COLOR","sneckomod:WideSting"],"picked":"sneckomod:Memorize","floor":4.0},{"not_picked":["sneckomod:UnknownClassBARD_COLOR","sneckomod:Cheat"],"picked":"sneckomod:UnknownUncommonSkill","floor":8.0},{"not_picked":["sneckomod:UnknownCommonSkill","sneckomod:UnknownDraw"],"picked":"sneckomod:Nope","floor":9.0},{"not_picked":["sneckomod:UnknownBlock","sneckomod:UnknownClassPURPLE"],"picked":"sneckomod:UnendingSupply","floor":10.0},{"not_picked":["sneckomod:UnknownClassSHADE_COLOR","sneckomod:QuickBite","sneckomod:UnknownClassBLUE"],"picked":"SKIP","floor":12.0},{"not_picked":["sneckomod:UnknownClassBARD_COLOR","sneckomod:UnknownClassPURPLE"],"picked":"sneckomod:CheapStock","floor":14.0},{"not_picked":["sneckomod:UnknownCommonAttack","sneckomod:Unknown1Cost"],"picked":"sneckomod:SlitherStrike","floor":15.0},{"not_picked":["sneckomod:Transmogrify","sneckomod:Unknown3Cost"],"picked":"sneckomod:UnknownRarePower","floor":16.0},{"not_picked":["sneckomod:UnknownX","sneckomod:RainOfDice"],"picked":"sneckomod:UnknownStrike","floor":17.0},{"not_picked":["sneckomod:UnknownClassSHADE_COLOR+1","sneckomod:UnendingSupply","sneckomod:Memorize+1"],"picked":"SKIP","floor":19.0},{"not_picked":["sneckomod:IronFang","sneckomod:Rotation"],"picked":"sneckomod:UnknownColorless","floor":21.0},{"not_picked":["sneckomod:UnknownUncommonAttack","sneckomod:UnknownClassBARD_COLOR+1"],"picked":"sneckomod:ImprovisedGuard+1","floor":23.0},{"not_picked":["sneckomod:UnknownCommonSkill","sneckomod:UnknownVulnerable","sneckomod:UnknownCommonAttack"],"picked":"SKIP","floor":30.0},{"not_picked":["sneckomod:SlitherStrike","sneckomod:IronFang"],"picked":"sneckomod:UnknownDraw","floor":32},{"not_picked":["sneckomod:SoulExchange","sneckomod:Unknown3Cost"],"picked":"sneckomod:Restock","floor":33},{"not_picked":["sneckomod:UnknownCommonSkill","sneckomod:QuickBite"],"picked":"sneckomod:UnknownStrength+1","floor":36},{"not_picked":["sneckomod:IronFang+1","sneckomod:UnknownBlock+1"],"picked":"sneckomod:SoulCleanse+1","floor":37},{"not_picked":["sneckomod:SerpentIdol","sneckomod:SoulRoll+1"],"picked":"sneckomod:UnknownColorless+1","floor":40},{"not_picked":["sneckomod:DiceCrush+1","sneckomod:MixItUp"],"picked":"sneckomod:DiceBlock+1","floor":45},{"not_picked":["sneckomod:DiceBlock","sneckomod:UnknownCommonSkill+1","sneckomod:UnknownCommonAttack"],"picked":"SKIP","floor":48},{"not_picked":["sneckomod:Nope","sneckomod:RainOfDice"],"picked":"sneckomod:QuickBite+1","floor":49}],"player_experience":797168,"relics_obtained":[{"floor":7.0,"key":"halation:AfternoonTea"},{"floor":10.0,"key":"Grinning Jar"},{"floor":24.0,"key":"Juzu Bracelet"},{"floor":28.0,"key":"Whetstone"},{"floor":40,"key":"infinitespire:BottledMercury"},{"floor":41,"key":"Quantum Egg"},{"floor":44,"key":"Toy Ornithopter"},{"floor":46,"key":"ReplayTheSpireMod:Ring of Addiction"},{"floor":46,"key":"White Beast Statue"},{"floor":46,"key":"Chameleon Ring"}],"event_choices":[{"damage_healed":0.0,"max_hp_gain":0.0,"max_hp_loss":0.0,"gold_gain":0.0,"event_name":"conspire:LoneGhost","player_choice":"Disagree","floor":11.0,"gold_loss":0.0,"damage_taken":0.0},{"damage_healed":0.0,"max_hp_gain":0.0,"max_hp_loss":0.0,"gold_gain":0.0,"event_name":"Lab","player_choice":"Got Potions","floor":20.0,"gold_loss":0.0,"damage_taken":0.0},{"cards_removed":["sneckomod:SnekBite"],"damage_healed":0.0,"max_hp_gain":0.0,"max_hp_loss":0.0,"gold_gain":0.0,"event_name":"betterNote:BetterNote","player_choice":"Give","floor":22.0,"gold_loss":0.0,"damage_taken":0.0,"cards_obtained":["bronze:Replicate"]},{"cards_removed":["sneckomod:Nope"],"damage_healed":0,"gold_gain":0,"player_choice":"Removed Skill","damage_taken":0,"max_hp_gain":0,"max_hp_loss":0,"event_name":"Falling","floor":43,"gold_loss":0}],"is_beta":false,"boss_relics":[{"not_picked":["Replay:Fungal Core","aspiration:FutureDiary"],"picked":"Tiny House"},{"not_picked":["halation:Yufonium","aspiration:BardSkillbook"],"picked":"Snecko Eye"}],"items_purged_floors":[],"is_endless":false,"potions_floor_spawned":[3,10,12,14,15,16,23,30,36,48,49],"ascension_level":0}}