{"host":"hig8qfi5vzbgudte","time":1612307387,"event":{"mods":["BaseMod","Colored Map","Downfall","Hermit","Hubris","Jorbs\u0027s Wanderer Trilogy","Minty Spire (QoL Compilation)","Quick Restart","StSLib","The Cursed","The Hierophant","The Marked"],"gold_per_floor":[117,131,147,147,147,147,179,197,197,209,209,209,209,219,219,324,324,324,339,51,51,51],"floor_reached":21,"language":"ENG","playtime":1429,"items_purged":[],"score":181,"play_id":"0939c32b-6df4-42f3-a82f-4ecf79230a98","local_time":"20210202170947","is_ascension_mode":false,"campfire_choices":[{"floor":6,"key":"REST"},{"floor":13,"key":"REST"},{"floor":15,"key":"REST"}],"circlet_count":0,"master_deck":["theMarked:Strike","theMarked:Strike+1","theMarked:Strike","theMarked:Strike","theMarked:Strike","theMarked:Defend","theMarked:Defend","theMarked:Defend","theMarked:Defend","theMarked:SoldierOfQuellstein+1","theMarked:EmpowerWeapon","theMarked:ParalyzingBlade","theMarked:Maelstrom","theMarked:MuscleMemory","theMarked:Friction","theMarked:SwordAndMagic","theMarked:OneWithTheBlade","theMarked:EternalStudent","theMarked:CreepingChasm+1","theMarked:MagusForm"],"relics":["theMarked:BronzeBlade","Gambling Chip","Eternal Feather","Boot","ClockworkSouvenir"],"acts_visited":["Exordium","TheCity"],"potions_floor_usage":[16,18],"damage_taken":[{"damage":6,"enemies":"Jaw Worm","floor":1,"turns":3},{"damage":3,"enemies":"Small Slimes","floor":2,"turns":3},{"damage":0,"enemies":"2 Louse","floor":3,"turns":2},{"damage":21,"enemies":"Gremlin Nob","floor":7,"turns":4},{"damage":34,"enemies":"Gremlin Gang","floor":8,"turns":4},{"damage":17,"enemies":"2 Fungi Beasts","floor":10,"turns":4},{"damage":5,"enemies":"Red Slaver","floor":14,"turns":3},{"damage":49,"enemies":"Hexaghost","floor":16,"turns":8},{"damage":0,"enemies":"2 Thieves","floor":18,"turns":1},{"damage":35,"enemies":"3 Byrds","floor":19,"turns":5},{"damage":48,"enemies":"Cultist and Chosen","floor":21,"turns":4}],"seed_played":"-2584093580323987745","potions_obtained":[{"floor":0,"key":"CultistPotion"},{"floor":0,"key":"PowerPotion"},{"floor":0,"key":"SmokeBomb"},{"floor":1,"key":"FairyPotion"},{"floor":10,"key":"Energy Potion"},{"floor":19,"key":"Guardian:BlockOnCardUsePotion"}],"is_trial":false,"path_per_floor":["M","M","M","?","?","R","E","M","T","M","?","?","R","M","R","B",null,"M","M","$","M"],"character_chosen":"THE_DEFAULT","items_purchased":["theMarked:MagusForm","ClockworkSouvenir"],"campfire_rested":3,"item_purchase_floors":[20,20],"current_hp_per_floor":[64,61,61,61,47,68,47,13,13,18,15,15,45,40,70,21,70,70,35,35,0,0],"gold":51,"neow_bonus":"THREE_SMALL_POTIONS","is_daily":false,"chose_seed":false,"campfire_upgraded":0,"win_rate":0.0,"timestamp":1612307387,"path_taken":["M","M","M","?","?","R","E","M","T","M","?","?","R","M","R","BOSS","M","?","$","M"],"items_purchased_type":["Card","Relic"],"build_version":"2020-12-22","purchased_purges":0,"victory":false,"max_hp_per_floor":[70,70,70,70,70,70,70,70,70,70,70,70,70,70,70,70,70,70,70,70,70,70],"card_choices":[{"not_picked":["theMarked:HeightenedSenses","theMarked:WastefulAttack"],"picked":"theMarked:EmpowerWeapon","floor":1},{"not_picked":["theMarked:ElectricStrings","theMarked:WardOff"],"picked":"theMarked:ParalyzingBlade","floor":2},{"not_picked":["theMarked:DispelDoubt","theMarked:Memento"],"picked":"theMarked:Maelstrom","floor":3},{"not_picked":["theMarked:Frustration","theMarked:TwofoldDefense"],"picked":"theMarked:MuscleMemory","floor":7},{"not_picked":["theMarked:ShockingTouch","theMarked:Memento"],"picked":"theMarked:Friction","floor":8},{"not_picked":["theMarked:Maelstrom","theMarked:ResourceFulStrike"],"picked":"theMarked:SwordAndMagic","floor":10},{"not_picked":["theMarked:WastefulAttack","theMarked:Improvise"],"picked":"theMarked:OneWithTheBlade","floor":14},{"not_picked":["theMarked:UnarmedFury","theMarked:MagusForm"],"picked":"theMarked:EternalStudent","floor":16},{"not_picked":["theMarked:WastefulAttack","theMarked:ResourceFulStrike"],"picked":"theMarked:CreepingChasm+1","floor":19}],"player_experience":244765,"relics_obtained":[{"floor":7,"key":"Gambling Chip"},{"floor":9,"key":"Eternal Feather"}],"event_choices":[{"damage_healed":0,"gold_gain":0,"player_choice":"Leave","damage_taken":0,"max_hp_gain":0,"max_hp_loss":0,"event_name":"The Cleric","floor":4,"gold_loss":0},{"damage_healed":0,"gold_gain":0,"player_choice":"Entered Light","damage_taken":14,"max_hp_gain":0,"max_hp_loss":0,"event_name":"Shining Light","floor":5,"gold_loss":0,"cards_upgraded":["theMarked:Strike","theMarked:SoldierOfQuellstein"]},{"damage_healed":0,"gold_gain":0,"player_choice":"Success","damage_taken":3,"relics_obtained":["Boot"],"max_hp_gain":0,"max_hp_loss":0,"event_name":"Scrap Ooze","floor":11,"gold_loss":0},{"damage_healed":0,"gold_gain":0,"player_choice":"Ignored","damage_taken":0,"max_hp_gain":0,"max_hp_loss":0,"event_name":"NoteForYourself","floor":12,"gold_loss":0}],"is_beta":false,"boss_relics":[{"not_picked":["hubris:VirtuousBlindfold","Astrolabe"],"picked":"theMarked:BronzeBlade"}],"items_purged_floors":[],"is_endless":false,"potions_floor_spawned":[1,7,8,10,14,19],"killed_by":"Cultist and Chosen","ascension_level":0}}