{"host":"1sqx9dmsrxu9kvq7","time":1612246301,"event":{"mods":["2.2 Compatiblity","Act Like it!","BaseMod","CapriCore","Colored Powertips","Custom Start","Friendly Minions","Gensokyo","Highlight Path","Koishi","KomeijiMod","Marisa（霧雨　魔理沙）","Minty Spire (QoL Compilation)","Quick Restart","Rare Cards Sparkle","Reimu（博??梦）","Relic Stats","Remilia（蕾米莉?）","Shop Mod","Spicy Shops","StSLib","The Administrix","The Blue Laboratory","The Immortal","The Servant 0.9.4","Waifu the Spire","Yakumo Yukari mod","Yuyuko"],"gold_per_floor":[119,119,135,44,44,71,71,90,90,90,90,105,105,105,105,205,205,217,217,231,556,209,239,239,239,239,239,256,256,72,84,84,84,84],"floor_reached":33,"language":"ENG","playtime":2729,"items_purged":[],"score":299,"play_id":"46cfbd5d-6bd1-4e42-b052-8cb790e1ee27","local_time":"20210202001141","is_ascension_mode":true,"campfire_choices":[{"floor":11,"key":"RECALL"},{"data":"Gensokyo:MarisaTwilightSpark","floor":13,"key":"SMITH"},{"floor":15,"key":"REST"},{"floor":24,"key":"REST"},{"floor":27,"key":"REST"},{"floor":32,"key":"REST"}],"circlet_count":0,"master_deck":["Strike_MRS","Strike_MRS","Strike_MRS","Strike_MRS","Defend_MRS","Defend_MRS","Defend_MRS","Defend_MRS","MasterSpark","UpSweep","Gensokyo:MarisaTwilightSpark+1","MilkyWay","Clumsy","AsteroidBelt","SprinkleStarSeal","RefractionSpark","FairyDestructionRay","NonDirectionalLaser","CasketOfStar","CurseOfTheBell","ShootingEcho+1","StarBarrage","Gensokyo:ScrapIron","Gensokyo:Shovel","EarthLightRay+1","BinaryStars+1","ChargeUpSpray","BlazeAway+1","GasGiant+1","Gensokyo:SummonPsychicCat","DeepEcoloBomb+1"],"relics":["MiniHakkero","NeowsBlessing","Gensokyo:NagashiBinaDoll","Gensokyo:MarisaIngredientList","Potion Belt","HoshigumaDish","Gensokyo:MarisaPhilosophersStone","Calling Bell","Toy Ornithopter","Mercury Hourglass","Ice Cream","Gensokyo:MosesMiracle","SimpleLauncher","Toxic Egg 2","Boot","Gensokyo:RedStar","Gensokyo:Companionship"],"acts_visited":["Gensokyo:Gensokyo","Gensokyo:Gensokyoer"],"potions_floor_usage":[14],"damage_taken":[{"damage":0,"enemies":"Gensokyo:3_Fairies","floor":1,"turns":1},{"damage":0,"enemies":"Gensokyo:2_Kodama","floor":3,"turns":1},{"damage":0,"enemies":"Gensokyo:Cirno","floor":6,"turns":2},{"damage":0,"enemies":"Gensokyo:Python","floor":8,"turns":4},{"damage":1,"enemies":"Gensokyo:VengefulSpirit","floor":12,"turns":5},{"damage":66,"enemies":"Gensokyo:VengefulSpirit","floor":14,"turns":7},{"damage":20,"enemies":"Gensokyo:Reimu","floor":16,"turns":7},{"damage":0,"enemies":"Gensokyo:2_Gloops","floor":18,"turns":4},{"damage":18,"enemies":"Gensokyo:AngelMirror","floor":20,"turns":4},{"damage":43,"enemies":"Gensokyo:Tenshi","floor":23,"turns":4},{"damage":29,"enemies":"Gensokyo:Swordslinger","floor":28,"turns":5},{"damage":41,"enemies":"Gensokyo:Slime_Group","floor":31,"turns":6},{"damage":50,"enemies":"Gensokyo:Eiki","floor":33,"turns":8}],"seed_played":"653700976979019772","potions_obtained":[{"floor":1,"key":"FairyPotion"},{"floor":8,"key":"ColorlessPotion"},{"floor":16,"key":"blueLaboratory:SavagePotion"},{"floor":18,"key":"Ancient Potion"},{"floor":28,"key":"blueLaboratory:Moonshine"}],"is_trial":false,"path_per_floor":["M","?","M","COS","?","E","?","M","T","?","R","M","R","?","R","B",null,"M","?","M","?","COS","E","R","?","T","R","M","?","$","M","R","B"],"character_chosen":"MARISA","items_purchased":["ChargeUpSpray","BlazeAway+1","GasGiant+1"],"campfire_rested":4,"item_purchase_floors":[30,30,30],"current_hp_per_floor":[75,75,75,75,75,75,75,75,75,68,68,67,67,1,23,3,75,75,75,57,57,57,14,36,36,36,58,35,35,35,32,54,0,0],"gold":84,"neow_bonus":"THREE_ENEMY_KILL","is_daily":false,"chose_seed":false,"campfire_upgraded":1,"win_rate":0.0,"timestamp":1612246301,"path_taken":["M","?","M","COS","?","E","?","M","T","?","R","M","R","?","R","BOSS","M","?","M","?","COS","E","R","?","T","R","M","?","?","?","R","BOSS"],"items_purchased_type":["Card","Card","Card"],"build_version":"2020-12-22","purchased_purges":0,"victory":false,"max_hp_per_floor":[75,75,75,75,75,75,75,75,75,75,75,75,75,75,75,75,75,75,75,75,75,75,75,75,75,75,75,75,75,75,75,75,38,38],"relic_stats":{"counters":[13,58],"Boot":[17],"obtain_stats":[{"Potion Belt":12,"Ice Cream":17,"NeowsBlessing":0,"Gensokyo:MarisaIngredientList":7,"HoshigumaDish":14,"Gensokyo:MosesMiracle":28,"Gensokyo:NagashiBinaDoll":5,"Boot":26,"Gensokyo:RedStar":29,"Mercury Hourglass":17,"Calling Bell":17,"Gensokyo:MarisaPhilosophersStone":14,"Gensokyo:Companionship":33,"Mummified Hand":6,"Gensokyo:DayTheSeaSplit":19,"MiniHakkero":0,"Toxic Egg 2":23,"Toy Ornithopter":17,"SimpleLauncher":22},{"Potion Belt":5,"Ice Cream":7,"NeowsBlessing":0,"Gensokyo:MarisaIngredientList":3,"HoshigumaDish":6,"Gensokyo:MosesMiracle":11,"Gensokyo:NagashiBinaDoll":2,"Boot":10,"Gensokyo:RedStar":11,"Mercury Hourglass":7,"Calling Bell":7,"Gensokyo:MarisaPhilosophersStone":6,"Gensokyo:Companionship":13,"Mummified Hand":3,"Gensokyo:DayTheSeaSplit":8,"MiniHakkero":0,"Toxic Egg 2":10,"Toy Ornithopter":7,"SimpleLauncher":9},{"Potion Belt":9,"Ice Cream":27,"NeowsBlessing":0,"Gensokyo:MarisaIngredientList":4,"HoshigumaDish":15,"Gensokyo:MosesMiracle":44,"Gensokyo:NagashiBinaDoll":2,"Boot":39,"Gensokyo:RedStar":44,"Mercury Hourglass":27,"Calling Bell":27,"Gensokyo:MarisaPhilosophersStone":20,"Gensokyo:Companionship":51,"Mummified Hand":4,"Gensokyo:DayTheSeaSplit":31,"MiniHakkero":0,"Toxic Egg 2":39,"Toy Ornithopter":27,"SimpleLauncher":35}],"Toy Ornithopter":0,"Mercury Hourglass":[108]},"card_choices":[{"not_picked":["GrandCross","ManaConvection"],"picked":"FairyDestructionRay","floor":1},{"not_picked":["DoubleSpark","DC"],"picked":"MilkyWay","floor":3},{"not_picked":["MilkyWay","ShootTheMoon"],"picked":"AsteroidBelt","floor":6},{"not_picked":["DragonMeteor","DC"],"picked":"SprinkleStarSeal","floor":8},{"not_picked":["MysteriousBeam","GravityBeat"],"picked":"RefractionSpark","floor":12},{"not_picked":["SuperNova","GravityBeat"],"picked":"NonDirectionalLaser","floor":14},{"not_picked":["BlazingStar","UltimateShortwave"],"picked":"CasketOfStar","floor":16},{"not_picked":["GrandCross","DC"],"picked":"ShootingEcho+1","floor":18},{"not_picked":["Acceleration","MilkyWay"],"picked":"StarBarrage","floor":20},{"not_picked":["DarkSpark","MysteriousBeam"],"picked":"EarthLightRay+1","floor":23},{"not_picked":["MilkyWay+1","IllusionStar+1"],"picked":"BinaryStars+1","floor":28},{"not_picked":["MysteriousBeam","PowerUp+1"],"picked":"DeepEcoloBomb+1","floor":31}],"player_experience":209783,"relics_obtained":[{"floor":6,"key":"Mummified Hand"},{"floor":14,"key":"Gensokyo:MarisaPhilosophersStone"},{"floor":17,"key":"Toy Ornithopter"},{"floor":17,"key":"Mercury Hourglass"},{"floor":17,"key":"Ice Cream"},{"floor":23,"key":"Toxic Egg 2"},{"floor":26,"key":"Boot"},{"floor":28,"key":"Gensokyo:MosesMiracle"}],"event_choices":[],"is_beta":false,"boss_relics":[{"not_picked":["Snecko Eye","Sozu"],"picked":"Calling Bell"}],"items_purged_floors":[],"is_endless":false,"potions_floor_spawned":[1,8,16,18,28],"killed_by":"Gensokyo:Eiki","ascension_level":1}}