{"host":"h2977v3ax51ohsow","time":1612251375,"event":{"mods":["Act Like it!","BaseMod","Colored Powertips","Koishi","Lobotomy","Marisa£®ÏF”Í°°ƒß¿Ì…≥£©","Minty Spire (QoL Compilation)","Reimu£®≤©¿ˆ¡È√Œ£©","Remilia£®¿Ÿ√◊¿Ú—«£©","StSLib","The Servant 0.9.4"],"gold_per_floor":[113,124,124,124,124,155,168,209,232,255,255,17,53,84,84,228,228,271,289,325,34,34,92,92,130,130,130,45,20,40,71,71,219,219,255,255,255,255,270,310,111,142,142,200,221,240,273,273,273,273],"floor_reached":51,"language":"ZHS","playtime":4070,"items_purged":["Defend_MRS","Wraith"],"score":1054,"play_id":"d5194035-83a2-4b80-aab7-460a85eeabca","local_time":"20210202153615","is_ascension_mode":true,"campfire_choices":[{"floor":11,"key":"REST"},{"floor":15,"key":"REST"},{"floor":24,"key":"RECALL"},{"data":"ManaRampage","floor":27,"key":"SMITH"},{"data":"BlazingStar","floor":32,"key":"SMITH"},{"data":"BigCrunch","floor":49,"key":"SMITH"}],"circlet_count":0,"master_deck":["Strike_MRS","Strike_MRS","Defend_MRS","Defend_MRS+1","MasterSpark","UpSweep","ManaConvection","MysteriousBeam+1","ShootingEcho","WitchOfGreed","SatelliteIllusion","IllusionStar","EventHorizon","ShootingEcho","MaximisePower","PowerUp+1","WitchLeyline+1","OortCloud+1","OortCloud","BlazingStar+1","ManaRampage+1","SprinkleStarSeal+1","Acceleration","IllusionStar","PulseMagic","MillisecondPulsars","EarthLightRay+1","Metamorphosis","Jack Of All Trades","StarDustReverie","SuperPerseids","NonDirectionalLaser+1","Shame","OneTimeOff+1","SporeBomb+1","EarthLightRay+1","BigCrunch+1"],"relics":["MiniHakkero","Smiling Mask","Golden Idol","Bag of Marbles","Centennial Puzzle","Mummified Hand","Bird Faced Urn","RampagingMagicTools","HandmadeGrimoire","Nunchaku","Vajra","Pantograph","Shuriken","CrazyTorch:ReiMu","Cursed Key","Darkstone Periapt","TentaclePot:ReiMu","White Beast Statue","Potion Belt","Anchor","Mercury Hourglass"],"acts_visited":["Exordium","TheCity","TheBeyond"],"potions_floor_usage":[6,8,19,20,20,31,33,44,47,50,51,51,51,51,51,51,51,51,51],"damage_taken":[{"damage":0,"enemies":"Cultist","floor":1,"turns":3},{"damage":0,"enemies":"2 Louse","floor":2,"turns":2},{"damage":6,"enemies":"Gremlin Nob","floor":6,"turns":4},{"damage":7,"enemies":"Jaw Worm","floor":7,"turns":2},{"damage":20,"enemies":"3 Sentries","floor":8,"turns":5},{"damage":0,"enemies":"2 Fungi Beasts","floor":10,"turns":1},{"damage":8,"enemies":"Gremlin Nob","floor":13,"turns":3},{"damage":13,"enemies":"Blue Slaver","floor":14,"turns":3},{"damage":32,"enemies":"Hexaghost","floor":16,"turns":7},{"damage":1,"enemies":"Spheric Guardian","floor":18,"turns":3},{"damage":8,"enemies":"Chosen","floor":19,"turns":2},{"damage":0,"enemies":"Snake Plant","floor":20,"turns":3},{"damage":10,"enemies":"Slavers","floor":23,"turns":4},{"damage":0,"enemies":"Gremlin Leader","floor":25,"turns":1},{"damage":7,"enemies":"Centurion and Healer","floor":30,"turns":2},{"damage":4,"enemies":"Slavers","floor":31,"turns":2},{"damage":0,"enemies":"Automaton","floor":33,"turns":2},{"damage":28,"enemies":"3 Shapes","floor":35,"turns":1},{"damage":0,"enemies":"3 Darklings","floor":39,"turns":1},{"damage":0,"enemies":"Nemesis","floor":40,"turns":3},{"damage":0,"enemies":"Transient","floor":42,"turns":5},{"damage":16,"enemies":"Reptomancer","floor":44,"turns":3},{"damage":0,"enemies":"Jaw Worm Horde","floor":45,"turns":1},{"damage":0,"enemies":"Maw","floor":46,"turns":1},{"damage":27,"enemies":"Nemesis","floor":47,"turns":3},{"damage":26,"enemies":"Donu and Deca","floor":50,"turns":4},{"damage":58,"enemies":"Malkuth","floor":51,"turns":6},{"damage":34,"enemies":"Netzach","floor":51,"turns":4}],"seed_played":"-2840196482438923127","potions_obtained":[{"floor":2,"key":"SpeedPotion"},{"floor":6,"key":"Dexterity Potion"},{"floor":14,"key":"SpeedPotion"},{"floor":16,"key":"BottledSpark"},{"floor":16,"key":"ShroomBrew"},{"floor":19,"key":"BlessingOfTheForge"},{"floor":20,"key":"SpeedPotion"},{"floor":23,"key":"SneckoOil"},{"floor":31,"key":"EntropicBrew"},{"floor":33,"key":"Ancient Potion"},{"floor":42,"key":"DuplicationPotion"},{"floor":44,"key":"Fire Potion"},{"floor":44,"key":"SkillPotion"},{"floor":45,"key":"ColorlessPotion"},{"floor":46,"key":"DistilledChaos"},{"floor":47,"key":"EntropicBrew"}],"is_trial":false,"path_per_floor":["M","M","?","?","?","E","M","E","T","M","R","$","E","M","R","B",null,"M","M","M","$","?","E","R","E","T","R","?","$","M","E","R","B",null,"M","?","?","?","M","E","$","M","T","E","M","M","E","?","R","B",null],"character_chosen":"MARISA","items_purchased":["Mummified Hand","HandmadeGrimoire","Acceleration","TentaclePot:ReiMu"],"campfire_rested":2,"item_purchase_floors":[12,21,29,41],"current_hp_per_floor":[75,75,80,64,44,38,31,11,11,11,35,35,27,20,44,18,80,79,71,80,80,80,80,80,80,80,80,80,80,75,80,80,80,80,54,54,49,49,51,61,61,80,86,78,78,80,59,59,59,68],"gold":273,"neow_bonus":"RANDOM_COMMON_RELIC","is_daily":false,"chose_seed":false,"campfire_upgraded":3,"win_rate":0.0,"timestamp":1612251375,"path_taken":["M","M","?","?","?","E","M","E","T","M","R","$","E","M","R","BOSS","M","M","M","$","?","E","R","E","T","R","?","?","?","E","R","BOSS","M","?","?","?","M","E","$","M","T","E","?","M","E","?","R","BOSS"],"items_purchased_type":["Relic","Relic","Card","Relic"],"build_version":"2020-12-22","purchased_purges":2,"victory":true,"max_hp_per_floor":[75,75,80,80,80,80,80,80,80,80,80,80,80,80,80,80,80,80,80,80,80,80,80,80,80,80,80,80,80,80,80,80,80,80,80,80,80,80,80,80,80,80,86,86,86,86,86,86,86,86],"card_choices":[{"not_picked":["6A","FairyDestructionRay"],"picked":"ManaConvection","floor":1},{"not_picked":["GalacticHalo","DarkSpark"],"picked":"MysteriousBeam","floor":2},{"not_picked":["RefractionSpark","SporeBomb"],"picked":"ShootingEcho","floor":6},{"not_picked":["Acceleration","IllusionStar"],"picked":"WitchOfGreed","floor":7},{"not_picked":["MilkyWay","OneTimeOff"],"picked":"SatelliteIllusion","floor":8},{"not_picked":["6A","DoubleSpark"],"picked":"IllusionStar","floor":10},{"not_picked":["Acceleration","SporeBomb"],"picked":"EventHorizon","floor":13},{"not_picked":["UnstableBomb","PowerUp"],"picked":"ShootingEcho","floor":14},{"not_picked":["TreasureHunter","CasketOfStar"],"picked":"MaximisePower","floor":16},{"not_picked":["MysteriousBeam","EnergyRecoil"],"picked":"PowerUp+1","floor":18},{"not_picked":["SprinkleStarSeal","SporeBomb"],"picked":"WitchLeyline+1","floor":19},{"not_picked":["AsteroidBelt","LuminesStrike"],"picked":"OortCloud+1","floor":20},{"not_picked":["EnergyFlow","DeepEcoloBomb"],"picked":"ManaRampage","floor":23},{"not_picked":["DarkSpark+1","UltimateShortwave"],"picked":"SprinkleStarSeal+1","floor":25},{"not_picked":["PowerUp","GrandCross"],"picked":"IllusionStar","floor":30},{"not_picked":["GalacticHalo+1","MysteriousBeam"],"picked":"PulseMagic","floor":31},{"not_picked":["ManaRampage","CollectingQuirk"],"picked":"MillisecondPulsars","floor":33},{"not_picked":["FairyDestructionRay","IllusionStar+1"],"picked":"EarthLightRay+1","floor":35},{"not_picked":["Discovery","Sadistic Nature"],"picked":"Metamorphosis","floor":37},{"not_picked":["Dramatic Entrance","Swift Strike"],"picked":"Jack Of All Trades","floor":37},{"not_picked":["GalacticHalo","AsteroidBelt","LuminesStrike+1"],"picked":"SKIP","floor":39},{"not_picked":["WitchOfGreed+1","AsteroidBelt+1"],"picked":"SuperPerseids","floor":40},{"not_picked":["Occultation+1","BlazingStar"],"picked":"NonDirectionalLaser+1","floor":42},{"not_picked":["DoubleSpark+1","MagicChant"],"picked":"OneTimeOff+1","floor":44},{"not_picked":["EnergyRecoil","EventHorizon"],"picked":"SporeBomb+1","floor":45},{"not_picked":["UnstableBomb","PowerUp"],"picked":"EarthLightRay+1","floor":46},{"not_picked":["DoubleSpark+1","PulseMagic"],"picked":"BigCrunch","floor":47}],"player_experience":117024,"relics_obtained":[{"floor":6,"key":"Bag of Marbles"},{"floor":8,"key":"Centennial Puzzle"},{"floor":13,"key":"Bird Faced Urn"},{"floor":23,"key":"Nunchaku"},{"floor":25,"key":"Vajra"},{"floor":26,"key":"Pantograph"},{"floor":31,"key":"CrazyTorch:ReiMu"},{"floor":40,"key":"Darkstone Periapt"},{"floor":43,"key":"White Beast Statue"},{"floor":44,"key":"Potion Belt"},{"floor":47,"key":"Anchor"}],"event_choices":[{"damage_healed":0,"gold_gain":0,"player_choice":"Donut","damage_taken":0,"max_hp_gain":5,"max_hp_loss":0,"event_name":"Big Fish","floor":3,"gold_loss":0},{"damage_healed":0,"gold_gain":0,"player_choice":"Entered Light","damage_taken":16,"max_hp_gain":0,"max_hp_loss":0,"event_name":"Shining Light","floor":4,"gold_loss":0,"cards_upgraded":["Defend_MRS","MysteriousBeam"]},{"damage_healed":0,"gold_gain":0,"player_choice":"Take Damage","damage_taken":20,"relics_obtained":["Golden Idol"],"max_hp_gain":0,"max_hp_loss":0,"event_name":"Golden Idol","floor":5,"gold_loss":0},{"damage_healed":0,"gold_gain":0,"cards_transformed":["Defend_MRS","Strike_MRS"],"player_choice":"Became Test Subject","damage_taken":0,"max_hp_gain":0,"max_hp_loss":0,"event_name":"Drug Dealer","floor":22,"gold_loss":0,"cards_obtained":["OortCloud","BlazingStar"]},{"damage_healed":0,"gold_gain":0,"player_choice":"Obtained Relic","damage_taken":0,"relics_obtained":["Shuriken"],"max_hp_gain":0,"max_hp_loss":0,"event_name":"Addict","floor":28,"gold_loss":85},{"damage_healed":0,"gold_gain":0,"player_choice":"Ignored","damage_taken":0,"max_hp_gain":0,"max_hp_loss":0,"event_name":"OrinTheCat","floor":36,"gold_loss":0},{"damage_healed":0,"gold_gain":0,"player_choice":"Memory 2","damage_taken":5,"max_hp_gain":0,"max_hp_loss":0,"event_name":"SensoryStone","floor":37,"gold_loss":0},{"damage_healed":0,"gold_gain":0,"cards_transformed":["Strike_MRS"],"player_choice":"Transformed","damage_taken":0,"max_hp_gain":0,"max_hp_loss":0,"event_name":"Transmorgrifier","floor":38,"gold_loss":0,"cards_obtained":["StarDustReverie"]},{"damage_healed":0,"gold_gain":0,"player_choice":"Ignored","damage_taken":0,"max_hp_gain":0,"max_hp_loss":0,"event_name":"Tomb of Lord Red Mask","floor":48,"gold_loss":0}],"is_beta":false,"boss_relics":[{"not_picked":["Busted Crown","BewitchedHakkero"],"picked":"RampagingMagicTools"},{"not_picked":["Fusion Hammer","Sozu"],"picked":"Cursed Key"}],"items_purged_floors":[21,41],"is_endless":false,"potions_floor_spawned":[2,6,16,19,23,25,31,42,44,45,46,47,51,51],"ascension_level":2}}