{"host":"k7udt7atmcuzf6l0","time":1612245049,"event":{"mods":["AchievementEnabler","BaseMod","BetterRewards","Colored Map","Colored Powertips","Highlight Path","Minty Spire (QoL Compilation)","Quick Restart","Rare Cards Sparkle","Relic Stats","StSLib","UnlockEverythingMod"],"gold_per_floor":[114,126,126,5,20,40,40,71,125,90,90,121,121,131,131,235,235,251,268,268,281,281,311,311,343,417,428,442,442,442,476,476,574,574,584,597,38,0,16,51,51,51,78,98,98,98,111,111,111],"floor_reached":48,"language":"ZHS","playtime":1664,"items_purged":["Strike_R"],"score":530,"play_id":"fe0136f3-6940-4b2d-92c9-dbf7d131c9f5","local_time":"20210202135049","is_ascension_mode":false,"campfire_choices":[{"data":"Corruption","floor":7,"key":"SMITH"},{"data":"Armaments","floor":13,"key":"SMITH"},{"data":"Shockwave","floor":15,"key":"SMITH"},{"data":"Fiend Fire","floor":24,"key":"SMITH"},{"floor":30,"key":"DIG"},{"floor":32,"key":"DIG"},{"floor":42,"key":"DIG"},{"floor":45,"key":"DIG"}],"circlet_count":0,"master_deck":["Strike_R+1","Strike_R+1","Defend_R+1","Defend_R+1","Defend_R+1","Defend_R+1","Bash+1","Corruption+1","Shrug It Off","Warcry","Armaments+1","Shockwave+1","Sentinel","Whirlwind+1","Bloodletting","Fiend Fire+1","Metallicize+1","Headbutt+1","Rupture+1","Shrug It Off","Shockwave+1","Juggernaut","Feel No Pain","Trip","Combust+1","Clothesline+1","Bloodletting+1"],"relics":["Burning Blood","Bottled Lightning","Nunchaku","Happy Flower","Philosopher\u0027s Stone","Meat on the Bone","Letter Opener","Shovel","InkBottle","Matryoshka","Centennial Puzzle","Bottled Flame","Runic Cube","Shuriken","Regal Pillow","Red Mask","Whetstone","Unceasing Top","MealTicket","Smiling Mask","Bag of Preparation","Toy Ornithopter"],"acts_visited":["Exordium","TheCity","TheBeyond"],"potions_floor_usage":[8,8,8,23,25,25,31,33,40,44,48],"damage_taken":[{"damage":11.0,"enemies":"Jaw Worm","floor":1.0,"turns":5.0},{"damage":10.0,"enemies":"Small Slimes","floor":2.0,"turns":4.0},{"damage":0,"enemies":"Cultist","floor":5,"turns":4},{"damage":5,"enemies":"Red Slaver","floor":6,"turns":4},{"damage":23,"enemies":"Gremlin Nob","floor":8,"turns":5},{"damage":3,"enemies":"Lagavulin","floor":12,"turns":6},{"damage":2,"enemies":"Exordium Thugs","floor":14,"turns":4},{"damage":41,"enemies":"Hexaghost","floor":16,"turns":8},{"damage":10,"enemies":"3 Byrds","floor":18,"turns":4},{"damage":12,"enemies":"Shell Parasite","floor":19,"turns":5},{"damage":24,"enemies":"Centurion and Healer","floor":21,"turns":6},{"damage":20,"enemies":"Book of Stabbing","floor":23,"turns":6},{"damage":24,"enemies":"Slavers","floor":25,"turns":5},{"damage":10,"enemies":"Shelled Parasite and Fungi","floor":27,"turns":5},{"damage":8,"enemies":"Cultist and Chosen","floor":28,"turns":5},{"damage":13,"enemies":"Book of Stabbing","floor":31,"turns":7},{"damage":33,"enemies":"Automaton","floor":33,"turns":8},{"damage":18,"enemies":"3 Darklings","floor":35,"turns":5},{"damage":2,"enemies":"3 Shapes","floor":36,"turns":4},{"damage":20,"enemies":"Spire Growth","floor":39,"turns":4},{"damage":11,"enemies":"Nemesis","floor":40,"turns":7},{"damage":4,"enemies":"Maw","floor":44,"turns":6},{"damage":8,"enemies":"Sphere and 2 Shapes","floor":47,"turns":4},{"damage":57,"enemies":"Reptomancer","floor":48,"turns":2}],"seed_played":"-3776737189976477416","potions_obtained":[{"floor":1.0,"key":"Energy Potion"},{"floor":2.0,"key":"FearPotion"},{"floor":6,"key":"Swift Potion"},{"floor":16,"key":"Energy Potion"},{"floor":19,"key":"DuplicationPotion"},{"floor":21,"key":"CultistPotion"},{"floor":28,"key":"Weak Potion"},{"floor":31,"key":"Block Potion"},{"floor":35,"key":"DistilledChaos"},{"floor":39,"key":"Strength Potion"},{"floor":47,"key":"Energy Potion"}],"is_trial":false,"path_per_floor":["M","M","?","$","M","M","R","E","T","?","?","E","R","M","R","B",null,"M","M","T","M","?","E","R","E","T","M","M","?","R","E","R","B",null,"M","M","$","?","M","E","?","R","T","M","R","?","M","E"],"character_chosen":"IRONCLAD","items_purchased":["Armaments","Shuriken","Regal Pillow","Feel No Pain","Trip"],"campfire_rested":0,"item_purchase_floors":[4,37,37,37,37],"current_hp_per_floor":[67,63,49,49,55,56,56,39,39,57,57,60,60,64,64,29,72,68,62,62,44,44,42,42,36,36,44,54,41,41,46,46,31,77,65,69,69,69,55,50,50,50,50,52,52,52,50,0,0],"gold":111,"neow_bonus":"THREE_RARE_CARDS","is_daily":false,"chose_seed":false,"campfire_upgraded":4,"win_rate":0.0,"timestamp":1612245049,"path_taken":["M","M","?","$","M","M","R","E","T","?","?","E","R","?","R","BOSS","M","M","?","?","?","E","R","E","T","M","M","?","R","E","R","BOSS","M","M","$","?","M","E","?","R","T","?","R","?","M","E"],"items_purchased_type":["Card","Relic","Relic","Card","Card"],"build_version":"2020-12-22","purchased_purges":1,"victory":false,"max_hp_per_floor":[72,72,72,72,72,72,72,72,72,72,72,72,72,72,72,72,72,72,72,72,72,72,72,72,72,72,72,72,77,77,77,77,77,77,77,77,77,77,77,77,77,77,77,77,77,77,77,77,77],"relic_stats":{"Regal Pillow":0,"Happy Flower":[31],"counters":[24,123],"Bag of Preparation":[4],"Letter Opener":[144],"Whetstone":["Whirlwind","Bash"],"Smiling Mask":0,"Burning Blood":138,"Nunchaku":[14],"Centennial Puzzle":[24],"Shovel":4,"Shuriken":[3],"MealTicket":0,"obtain_stats":[{"Regal Pillow":37,"Happy Flower":12,"Bag of Preparation":45,"Letter Opener":23,"Whetstone":40,"Smiling Mask":43,"Burning Blood":0,"Nunchaku":9,"Centennial Puzzle":31,"Bottled Flame":32,"Shovel":25,"Matryoshka":30,"Shuriken":37,"Philosopher\u0027s Stone":17,"MealTicket":43,"Red Mask":38,"Bottled Lightning":8,"InkBottle":26,"Unceasing Top":42,"Toy Ornithopter":46,"Meat on the Bone":20,"Runic Cube":34},{"Regal Pillow":19,"Happy Flower":6,"Bag of Preparation":22,"Letter Opener":12,"Whetstone":21,"Smiling Mask":21,"Burning Blood":0,"Nunchaku":5,"Centennial Puzzle":16,"Bottled Flame":16,"Shovel":13,"Matryoshka":15,"Shuriken":19,"Philosopher\u0027s Stone":8,"MealTicket":21,"Red Mask":19,"Bottled Lightning":5,"InkBottle":13,"Unceasing Top":21,"Toy Ornithopter":22,"Meat on the Bone":10,"Runic Cube":17},{"Regal Pillow":100,"Happy Flower":28,"Bag of Preparation":117,"Letter Opener":61,"Whetstone":111,"Smiling Mask":111,"Burning Blood":0,"Nunchaku":22,"Centennial Puzzle":83,"Bottled Flame":83,"Shovel":66,"Matryoshka":76,"Shuriken":100,"Philosopher\u0027s Stone":40,"MealTicket":111,"Red Mask":100,"Bottled Lightning":22,"InkBottle":66,"Unceasing Top":111,"Toy Ornithopter":117,"Meat on the Bone":49,"Runic Cube":91}],"InkBottle":[21],"Unceasing Top":[3],"Toy Ornithopter":5,"Meat on the Bone":72,"Runic Cube":[22]},"card_choices":[{"not_picked":["Juggernaut","Offering"],"picked":"Corruption","floor":0.0},{"not_picked":["Uppercut","Cleave"],"picked":"Shrug It Off","floor":1.0},{"not_picked":["Flex","Clash"],"picked":"Warcry","floor":2.0},{"not_picked":["Reckless Charge","True Grit"],"picked":"Shockwave","floor":5},{"not_picked":["Sword Boomerang","Perfected Strike","Inflame"],"picked":"SKIP","floor":6},{"not_picked":["Warcry","Sword Boomerang"],"picked":"Sentinel","floor":8},{"not_picked":["Clothesline","Intimidate"],"picked":"Bloodletting","floor":12},{"not_picked":["Sever Soul","Anger","Cleave"],"picked":"SKIP","floor":14},{"not_picked":["Double Tap","Limit Break"],"picked":"Fiend Fire","floor":16},{"not_picked":["Wild Strike","Searing Blow","Iron Wave"],"picked":"SKIP","floor":18},{"not_picked":["Flex","Headbutt"],"picked":"Metallicize+1","floor":19},{"not_picked":["Searing Blow","Perfected Strike"],"picked":"Headbutt+1","floor":21},{"not_picked":["Iron Wave","Blood for Blood"],"picked":"Rupture+1","floor":23},{"not_picked":["Pummel","Twin Strike","Wild Strike+1"],"picked":"SKIP","floor":25},{"not_picked":["Cleave","Corruption"],"picked":"Shrug It Off","floor":27},{"not_picked":["Thunderclap","Perfected Strike","Twin Strike"],"picked":"SKIP","floor":28},{"not_picked":["Twin Strike","Anger"],"picked":"Shockwave+1","floor":31},{"not_picked":["Double Tap","Exhume"],"picked":"Juggernaut","floor":33},{"not_picked":["Cleave","Wild Strike+1","Fire Breathing+1"],"picked":"SKIP","floor":35},{"not_picked":["Wild Strike","Searing Blow","Warcry"],"picked":"SKIP","floor":36},{"not_picked":["Blood for Blood","Rupture","Whirlwind+1"],"picked":"SKIP","floor":39},{"not_picked":["Twin Strike","Havoc+1"],"picked":"Combust+1","floor":40},{"not_picked":["Battle Trance","Sever Soul+1"],"picked":"Clothesline+1","floor":44},{"not_picked":["Pommel Strike+1","Thunderclap"],"picked":"Bloodletting+1","floor":47}],"player_experience":36593,"relics_obtained":[{"floor":8,"key":"Bottled Lightning"},{"floor":9,"key":"Nunchaku"},{"floor":12,"key":"Happy Flower"},{"floor":20,"key":"Meat on the Bone"},{"floor":23,"key":"Letter Opener"},{"floor":25,"key":"Shovel"},{"floor":26,"key":"InkBottle"},{"floor":30,"key":"Matryoshka"},{"floor":31,"key":"Centennial Puzzle"},{"floor":32,"key":"Bottled Flame"},{"floor":40,"key":"Whetstone"},{"floor":42,"key":"Unceasing Top"},{"floor":43,"key":"MealTicket"},{"floor":43,"key":"Smiling Mask"},{"floor":45,"key":"Bag of Preparation"},{"floor":46,"key":"Toy Ornithopter"}],"event_choices":[{"damage_healed":0,"gold_gain":0,"player_choice":"Entered Light","damage_taken":14,"max_hp_gain":0,"max_hp_loss":0,"event_name":"Shining Light","floor":3,"gold_loss":0,"cards_upgraded":["Strike_R","Strike_R"]},{"damage_healed":18,"gold_gain":0,"player_choice":"Healed","damage_taken":0,"max_hp_gain":0,"max_hp_loss":0,"event_name":"The Cleric","floor":10,"gold_loss":35},{"damage_healed":0,"gold_gain":0,"cards_transformed":["Strike_R"],"player_choice":"Transformed","damage_taken":0,"max_hp_gain":0,"max_hp_loss":0,"event_name":"Transmorgrifier","floor":11,"gold_loss":0,"cards_obtained":["Whirlwind"]},{"damage_healed":0,"gold_gain":0,"player_choice":"Simplicity","damage_taken":0,"max_hp_gain":0,"max_hp_loss":0,"event_name":"Back to Basics","floor":22,"gold_loss":0,"cards_upgraded":["Strike_R","Defend_R","Defend_R","Defend_R","Defend_R"]},{"damage_healed":0,"gold_gain":0,"player_choice":"Shed Blood","damage_taken":18,"max_hp_gain":5,"max_hp_loss":0,"event_name":"Forgotten Altar","floor":29,"gold_loss":0},{"damage_healed":0,"gold_gain":0,"player_choice":"Paid","damage_taken":0,"relics_obtained":["Red Mask"],"max_hp_gain":0,"max_hp_loss":0,"event_name":"Tomb of Lord Red Mask","floor":38,"gold_loss":38},{"cards_removed":["Strike_R"],"damage_healed":0,"gold_gain":0,"player_choice":"Purged","damage_taken":0,"max_hp_gain":0,"max_hp_loss":0,"event_name":"Purifier","floor":41,"gold_loss":0},{"damage_healed":0,"gold_gain":0,"player_choice":"Relic","damage_taken":0,"max_hp_gain":0,"max_hp_loss":0,"event_name":"Wheel of Change","floor":46,"gold_loss":0}],"is_beta":false,"boss_relics":[{"not_picked":["Tiny House","SlaversCollar"],"picked":"Philosopher\u0027s Stone"},{"not_picked":["Runic Dome","Snecko Eye"],"picked":"Runic Cube"}],"items_purged_floors":[4],"is_endless":false,"potions_floor_spawned":[1,2,6,16,19,21,28,31,35,39,47],"killed_by":"Reptomancer","ascension_level":0}}