{"host":"fa35vd3kig5td25x","time":1612289130,"event":{"mods":["BaseMod","Colored Powertips","Minty Spire (QoL Compilation)","Relic Stats","Slay the Relics Exporter"],"gold_per_floor":[109,127,143,143,158,158,192,192,269,284,284,8,37,56,56,135,135,147,167,92,32,51,80,98,133,133,152,152,179,193,204,204,275,325,344,362,16,0,0,0,28,40,40,54,0,0,33,58,70,82,82],"floor_reached":50,"language":"ENG","playtime":3071,"items_purged":["Strike_G","Strike_G"],"score":1327,"play_id":"3a6d03e3-b938-4475-859b-ae4bda96d48c","local_time":"20210202190530","is_ascension_mode":true,"campfire_choices":[{"data":"Neutralize","floor":6,"key":"SMITH"},{"data":"Skewer","floor":8,"key":"SMITH"},{"data":"Deadly Poison","floor":11,"key":"SMITH"},{"data":"Apotheosis","floor":15,"key":"SMITH"},{"floor":28,"key":"REST"},{"floor":32,"key":"REST"},{"floor":40,"key":"RECALL"},{"floor":49,"key":"REST"}],"circlet_count":0,"master_deck":["AscendersBane","Defend_G","Defend_G","Defend_G","Defend_G","Defend_G","Survivor","Neutralize+1","Envenom","Deadly Poison+1","Dagger Throw","Poisoned Stab+1","Bane+1","PiercingWail","Skewer+1","Apotheosis+1","Terror","Adrenaline","Bane+1","Reflex+1","Catalyst+1","Acrobatics","Footwork","Wraith Form v2","Deflect","Dodge and Roll","Backflip","Noxious Fumes+1","Malaise","Backflip","PiercingWail","Backflip+1","Leg Sweep","Catalyst","Tactician","Catalyst","Writhe","PiercingWail","Deadly Poison"],"relics":["Ring of the Snake","Prayer Wheel","Shuriken","Vajra","Fusion Hammer","Nunchaku","Girya","Art of War","Matryoshka","Tiny House","Lantern","Red Mask","Gambling Chip","Boot","FossilizedHelix","MawBank"],"acts_visited":["Exordium","TheCity","TheBeyond"],"potions_floor_usage":[7,18,23,25,33,34,42,47,50],"damage_taken":[{"damage":7,"enemies":"Cultist","floor":1,"turns":5},{"damage":4,"enemies":"Small Slimes","floor":2,"turns":4},{"damage":0,"enemies":"Jaw Worm","floor":3,"turns":4},{"damage":1,"enemies":"2 Fungi Beasts","floor":5,"turns":3},{"damage":2,"enemies":"Gremlin Nob","floor":7,"turns":3},{"damage":9,"enemies":"Lots of Slimes","floor":10,"turns":5},{"damage":5,"enemies":"Lagavulin","floor":13,"turns":7},{"damage":0,"enemies":"Looter","floor":14,"turns":1},{"damage":14,"enemies":"The Guardian","floor":16,"turns":8},{"damage":0,"enemies":"Spheric Guardian","floor":18,"turns":3},{"damage":0,"enemies":"3 Byrds","floor":19,"turns":4},{"damage":1,"enemies":"Centurion and Healer","floor":22,"turns":4},{"damage":0,"enemies":"Gremlin Leader","floor":23,"turns":5},{"damage":7,"enemies":"Snecko","floor":24,"turns":6},{"damage":7,"enemies":"Slavers","floor":25,"turns":6},{"damage":3,"enemies":"3 Cultists","floor":27,"turns":4},{"damage":4,"enemies":"Gremlin Leader","floor":29,"turns":8},{"damage":16,"enemies":"Cultist and Chosen","floor":30,"turns":5},{"damage":0,"enemies":"Centurion and Healer","floor":31,"turns":5},{"damage":34,"enemies":"Champ","floor":33,"turns":13},{"damage":2,"enemies":"Orb Walker","floor":35,"turns":2},{"damage":1,"enemies":"3 Shapes","floor":36,"turns":6},{"damage":7,"enemies":"Giant Head","floor":41,"turns":7},{"damage":24,"enemies":"Transient","floor":42,"turns":6},{"damage":0,"enemies":"3 Darklings","floor":44,"turns":5},{"damage":0,"enemies":"Reptomancer","floor":47,"turns":8},{"damage":14,"enemies":"Spire Growth","floor":48,"turns":6},{"damage":45,"enemies":"Donu and Deca","floor":50,"turns":13}],"seed_played":"4083019535587087512","potions_obtained":[{"floor":1,"key":"DistilledChaos"},{"floor":3,"key":"LiquidBronze"},{"floor":13,"key":"LiquidMemories"},{"floor":18,"key":"LiquidBronze"},{"floor":23,"key":"PowerPotion"},{"floor":27,"key":"Fire Potion"},{"floor":29,"key":"SpeedPotion"},{"floor":34,"key":"Fruit Juice"},{"floor":36,"key":"Weak Potion"},{"floor":48,"key":"BlessingOfTheForge"}],"is_trial":false,"path_per_floor":["M","M","M","?","M","R","E","R","T","M","R","$","E","M","R","B",null,"M","M","$","?","M","E","M","E","T","M","R","E","M","M","R","B",null,"M","M","$","?","?","R","E","M","T","M","$","?","E","M","R","B"],"character_chosen":"THE_SILENT","items_purchased":["Apotheosis","Terror","Swift Potion","Catalyst","Lantern","Swift Potion"],"campfire_rested":3,"item_purchase_floors":[12,12,12,37,37,45],"current_hp_per_floor":[52,48,48,48,47,47,45,45,45,36,36,36,31,31,31,17,49,49,49,49,49,48,48,41,34,34,31,49,45,29,29,47,13,58,56,55,55,55,55,55,48,24,24,24,24,38,38,24,45,0,0],"gold":82,"neow_bonus":"TRANSFORM_TWO_CARDS","is_daily":false,"chose_seed":false,"campfire_upgraded":4,"win_rate":0.0,"timestamp":1612289130,"path_taken":["M","M","M","?","M","R","E","R","T","M","R","$","E","M","R","BOSS","M","M","$","?","M","E","M","E","T","M","R","E","M","M","R","BOSS","M","?","$","?","?","R","E","?","T","M","?","?","E","M","R","BOSS"],"items_purchased_type":["Card","Card","Potion","Card","Relic","Potion"],"build_version":"2020-12-22","purchased_purges":2,"victory":false,"max_hp_per_floor":[60,60,60,60,60,60,60,60,60,60,60,60,60,60,60,60,60,60,60,60,60,60,60,60,60,60,60,60,60,60,60,60,60,70,70,70,70,70,70,70,70,70,70,70,70,70,70,70,70,70,70],"relic_stats":{"Nunchaku":[14],"counters":[28,156],"Shuriken":[23],"Gambling Chip":[26],"Prayer Wheel":14,"Art of War":[23],"Boot":[3],"MawBank":36,"obtain_stats":[{"Girya":23,"Lantern":37,"Tiny House":34,"Vajra":13,"Boot":43,"MawBank":47,"Nunchaku":21,"Matryoshka":29,"Shuriken":9,"Gambling Chip":41,"Prayer Wheel":7,"Fusion Hammer":17,"Art of War":25,"Red Mask":38,"FossilizedHelix":43,"Ring of the Snake":0},{"Girya":13,"Lantern":22,"Tiny House":20,"Vajra":7,"Boot":24,"MawBank":26,"Nunchaku":11,"Matryoshka":17,"Shuriken":5,"Gambling Chip":23,"Prayer Wheel":5,"Fusion Hammer":9,"Art of War":15,"Red Mask":22,"FossilizedHelix":24,"Ring of the Snake":0},{"Girya":56,"Lantern":111,"Tiny House":103,"Vajra":31,"Boot":124,"MawBank":137,"Nunchaku":47,"Matryoshka":80,"Shuriken":19,"Gambling Chip":118,"Prayer Wheel":19,"Fusion Hammer":40,"Art of War":68,"Red Mask":111,"FossilizedHelix":124,"Ring of the Snake":0}],"Ring of the Snake":[56]},"card_choices":[{"not_picked":["Sucker Punch","Choke"],"picked":"Dagger Throw","floor":1},{"not_picked":["Cloak And Dagger","Sucker Punch"],"picked":"Poisoned Stab","floor":2},{"not_picked":["Endless Agony","Tactician"],"picked":"Bane","floor":3},{"not_picked":["Blade Dance","Backstab"],"picked":"PiercingWail","floor":5},{"not_picked":["Bane","Predator"],"picked":"Skewer","floor":7},{"not_picked":["Concentrate","All Out Attack","Calculated Gamble"],"picked":"SKIP","floor":10},{"not_picked":["Escape Plan","Blur","Backstab"],"picked":"SKIP","floor":10},{"not_picked":["Prepared","Sucker Punch"],"picked":"Adrenaline","floor":13},{"not_picked":["Outmaneuver","Quick Slash","Dagger Throw"],"picked":"SKIP","floor":14},{"not_picked":["Deadly Poison","Blade Dance","Poisoned Stab"],"picked":"SKIP","floor":14},{"not_picked":["Blur","Deadly Poison"],"picked":"Bane+1","floor":18},{"not_picked":["Deflect","Flying Knee"],"picked":"Reflex+1","floor":18},{"not_picked":["Dagger Spray","Cloak And Dagger"],"picked":"Catalyst+1","floor":19},{"not_picked":["Outmaneuver","Bane"],"picked":"Acrobatics","floor":19},{"not_picked":["Acrobatics","Prepared"],"picked":"Footwork","floor":22},{"not_picked":["Backstab","Caltrops","Blade Dance+1"],"picked":"SKIP","floor":22},{"not_picked":["Acrobatics","Flechettes"],"picked":"Wraith Form v2","floor":23},{"not_picked":["Prepared","Poisoned Stab"],"picked":"Deflect","floor":24},{"not_picked":["Cloak And Dagger+1","Outmaneuver","Deadly Poison"],"picked":"SKIP","floor":24},{"not_picked":["Cloak And Dagger+1","Outmaneuver","Deadly Poison"],"picked":"SKIP","floor":24},{"not_picked":["Predator","Underhanded Strike"],"picked":"Dodge and Roll","floor":25},{"not_picked":["Setup","Escape Plan"],"picked":"Backflip","floor":27},{"not_picked":["Flechettes","Predator","Underhanded Strike"],"picked":"SKIP","floor":27},{"not_picked":["Heel Hook","Dagger Spray","Cloak And Dagger"],"picked":"SKIP","floor":29},{"not_picked":["Heel Hook","Dagger Spray","Cloak And Dagger"],"picked":"SKIP","floor":29},{"not_picked":["Skewer","Bane","Eviscerate"],"picked":"SKIP","floor":30},{"not_picked":["Finisher","PiercingWail","Predator"],"picked":"SKIP","floor":30},{"not_picked":["Reflex","Setup"],"picked":"Noxious Fumes+1","floor":31},{"not_picked":["Reflex","Underhanded Strike","Bullet Time"],"picked":"SKIP","floor":31},{"not_picked":["Envenom","Tools of the Trade"],"picked":"Malaise","floor":33},{"not_picked":["Dagger Spray","All Out Attack"],"picked":"Backflip","floor":34},{"not_picked":["Bouncing Flask","Dagger Throw"],"picked":"PiercingWail","floor":35},{"not_picked":["Deadly Poison","Setup+1","Predator"],"picked":"SKIP","floor":35},{"not_picked":["Sucker Punch","Bane"],"picked":"Backflip+1","floor":36},{"not_picked":["Outmaneuver","Acrobatics"],"picked":"Leg Sweep","floor":36},{"not_picked":["Bane","Finisher"],"picked":"Tactician","floor":41},{"not_picked":["All Out Attack","Envenom","PiercingWail"],"picked":"SKIP","floor":42},{"not_picked":["Reflex","Outmaneuver","Slice"],"picked":"SKIP","floor":42},{"not_picked":["Reflex","Doppelganger"],"picked":"Catalyst","floor":44},{"not_picked":["Slice","Bane","Reflex"],"picked":"SKIP","floor":44},{"not_picked":["Deadly Poison+1","Bane+1"],"picked":"PiercingWail","floor":47},{"not_picked":["Slice","Expertise"],"picked":"Deadly Poison","floor":48},{"not_picked":["Outmaneuver","Slice","Blade Dance"],"picked":"SKIP","floor":48}],"player_experience":3052132,"relics_obtained":[{"floor":7,"key":"Prayer Wheel"},{"floor":9,"key":"Shuriken"},{"floor":13,"key":"Vajra"},{"floor":23,"key":"Girya"},{"floor":25,"key":"Art of War"},{"floor":29,"key":"Matryoshka"},{"floor":41,"key":"Gambling Chip"},{"floor":43,"key":"Boot"},{"floor":43,"key":"FossilizedHelix"},{"floor":47,"key":"MawBank"}],"event_choices":[{"damage_healed":0,"gold_gain":0,"player_choice":"Grow","damage_taken":0,"max_hp_gain":0,"max_hp_loss":0,"event_name":"Living Wall","floor":4,"gold_loss":0,"cards_upgraded":["Bane"]},{"damage_healed":0,"gold_gain":0,"player_choice":"Paid Gold","damage_taken":0,"relics_obtained":["Nunchaku"],"max_hp_gain":0,"max_hp_loss":0,"event_name":"WeMeetAgain","floor":21,"gold_loss":60},{"damage_healed":0,"gold_gain":0,"player_choice":"Paid","damage_taken":0,"relics_obtained":["Red Mask"],"max_hp_gain":0,"max_hp_loss":0,"event_name":"Tomb of Lord Red Mask","floor":38,"gold_loss":16},{"cards_removed":["Strike_G"],"damage_healed":0,"gold_gain":0,"player_choice":"Offered Basic","damage_taken":0,"max_hp_gain":0,"max_hp_loss":0,"event_name":"Bonfire Elementals","floor":39,"gold_loss":0},{"damage_healed":14,"gold_gain":0,"player_choice":"Writhe","damage_taken":0,"max_hp_gain":0,"max_hp_loss":0,"event_name":"Winding Halls","floor":46,"gold_loss":0,"cards_obtained":["Writhe"]}],"is_beta":false,"boss_relics":[{"not_picked":["Cursed Key","Philosopher\u0027s Stone"],"picked":"Fusion Hammer"},{"not_picked":["WristBlade","Coffee Dripper"],"picked":"Tiny House"}],"items_purged_floors":[20,37],"is_endless":false,"potions_floor_spawned":[1,3,13,14,18,23,24,27,29,36,48],"killed_by":"Donu and Deca","ascension_level":20}}