{"host":"vyjryxuuuxkt43k4","time":1612262343,"event":{"mods":["AchievementEnabler","BaseMod","Colored Map","DeckTracker","Keyboard Shortcuts","Minty Spire (QoL Compilation)","Permanent Neow","Quick Restart","Rare Cards Sparkle","Relic Stats","StSLib","SuperFastMode","everything is the same but u backflip on backflip"],"gold_per_floor":[117,4,22,38,38,38,70,70,144,157,191,266,266,278,278,350,350,384,398,398,398,398,398,475,475,475,488,31,47,47,47,47],"floor_reached":31,"language":"KOR","playtime":7691,"items_purged":["Strike_G"],"score":531,"play_id":"138736ac-7c81-4419-b2c2-46d928c49556","local_time":"20210202193903","is_ascension_mode":true,"campfire_choices":[{"data":"Masterful Stab","floor":6.0,"key":"SMITH"},{"floor":8.0,"key":"REST"},{"floor":13.0,"key":"REST"},{"data":"Terror","floor":15.0,"key":"SMITH"},{"floor":23,"key":"REST"},{"data":"Concentrate","floor":25,"key":"SMITH"}],"circlet_count":0,"master_deck":["AscendersBane","Strike_G","Defend_G","Defend_G","Defend_G","Defend_G","Defend_G","Survivor","Neutralize","Blur","Caltrops","Slice","Masterful Stab+1","Malaise","Terror+1","All Out Attack+1","Well Laid Plans","Grand Finale+1","Concentrate+1","Tactician","Poisoned Stab+1","Expertise","Acrobatics"],"relics":["Ring of the Snake","Ancient Tea Set","Nunchaku","Bottled Flame","Molten Egg 2","Philosopher\u0027s Stone","Frozen Egg 2","Mummified Hand","Tingsha"],"acts_visited":["Exordium","TheCity"],"potions_floor_usage":[22,27,29],"damage_taken":[{"damage":4.0,"enemies":"Cultist","floor":1.0,"turns":6.0},{"damage":7.0,"enemies":"2 Louse","floor":3.0,"turns":3.0},{"damage":1.0,"enemies":"Jaw Worm","floor":4.0,"turns":5.0},{"damage":41.0,"enemies":"Gremlin Nob","floor":7.0,"turns":5.0},{"damage":0.0,"enemies":"2 Fungi Beasts","floor":10.0,"turns":5.0},{"damage":12.0,"enemies":"Lagavulin","floor":11.0,"turns":6.0},{"damage":3.0,"enemies":"Exordium Wildlife","floor":14.0,"turns":4.0},{"damage":0.0,"enemies":"Hexaghost","floor":16.0,"turns":9.0},{"damage":27.0,"enemies":"3 Byrds","floor":18.0,"turns":5.0},{"damage":21.0,"enemies":"Spheric Guardian","floor":19.0,"turns":4.0},{"damage":0,"enemies":"Shelled Parasite and Fungi","floor":22,"turns":1},{"damage":0,"enemies":"Centurion and Healer","floor":27,"turns":6},{"damage":25,"enemies":"Snake Plant","floor":29,"turns":4},{"damage":15,"enemies":"Shelled Parasite and Fungi","floor":31,"turns":2}],"seed_played":"8285877050510958729","potions_obtained":[{"floor":1.0,"key":"Regen Potion"},{"floor":4.0,"key":"SmokeBomb"},{"floor":7.0,"key":"Weak Potion"},{"floor":16.0,"key":"ColorlessPotion"},{"floor":18.0,"key":"Strength Potion"},{"floor":19.0,"key":"EssenceOfSteel"},{"floor":27,"key":"SpeedPotion"}],"is_trial":false,"path_per_floor":["M","$","M","M","?","R","E","R","T","M","E","?","R","M","R","B",null,"M","M","?","?","M","R","T","R","T","M","$","M","$","M"],"character_chosen":"THE_SILENT","items_purchased":["Caltrops","Slice","Tingsha","Acrobatics"],"campfire_rested":3,"item_purchase_floors":[2,2,28,28],"current_hp_per_floor":[55,55,48,47,47,47,15,34,34,34,22,11,30,27,27,27,56,29,8,8,8,8,27,27,27,27,27,27,2,2,0,0],"gold":47,"neow_bonus":"RANDOM_COMMON_RELIC","is_daily":false,"chose_seed":false,"campfire_upgraded":3,"win_rate":0.0,"timestamp":1612262343,"path_taken":["M","$","M","?","?","R","E","R","T","?","E","?","R","M","R","BOSS","M","M","?","?","M","R","?","R","T","M","?","M","?","M"],"items_purchased_type":["Card","Card","Relic","Card"],"build_version":"2020-12-22","purchased_purges":1,"victory":false,"max_hp_per_floor":[66,66,66,66,66,66,66,66,66,66,66,66,66,66,66,66,66,66,66,66,66,66,66,66,66,66,66,66,66,66,66,66],"relic_stats":{"Nunchaku":[8],"counters":[14,65],"Mummified Hand":[5],"Tingsha":[10],"obtain_stats":[{"Nunchaku":7,"Bottled Flame":9,"Mummified Hand":26,"Molten Egg 2":11,"Philosopher\u0027s Stone":17,"Tingsha":28,"Frozen Egg 2":24,"Ancient Tea Set":0,"Ring of the Snake":0},{"Nunchaku":4,"Bottled Flame":4,"Mummified Hand":11,"Molten Egg 2":6,"Philosopher\u0027s Stone":8,"Tingsha":12,"Frozen Egg 2":11,"Ancient Tea Set":0,"Ring of the Snake":0},{"Nunchaku":19,"Bottled Flame":19,"Mummified Hand":53,"Molten Egg 2":30,"Philosopher\u0027s Stone":43,"Tingsha":59,"Frozen Egg 2":53,"Ancient Tea Set":0,"Ring of the Snake":0}],"Ring of the Snake":[28]},"card_choices":[{"not_picked":["Dodge and Roll","Cloak And Dagger"],"picked":"Blur","floor":1.0},{"not_picked":["Dagger Throw","Blade Dance"],"picked":"Masterful Stab","floor":3.0},{"not_picked":["Riddle With Holes","Masterful Stab"],"picked":"Malaise","floor":4.0},{"not_picked":["Quick Slash","Poisoned Stab","Malaise"],"picked":"SKIP","floor":7.0},{"not_picked":["Deadly Poison","Skewer"],"picked":"Terror","floor":10.0},{"not_picked":["Deadly Poison","Calculated Gamble"],"picked":"All Out Attack+1","floor":11.0},{"not_picked":["Concentrate","Heel Hook+1"],"picked":"Well Laid Plans","floor":14.0},{"not_picked":["Glass Knife+1","Bullet Time"],"picked":"Grand Finale+1","floor":16.0},{"not_picked":["Sucker Punch+1","Infinite Blades"],"picked":"Concentrate","floor":18.0},{"not_picked":["Poisoned Stab+1","Flying Knee+1"],"picked":"Tactician","floor":19.0},{"not_picked":["Choke+1","Backstab+1","Bane+1"],"picked":"SKIP","floor":27},{"not_picked":["Dagger Throw+1","Predator+1","Dagger Spray+1"],"picked":"SKIP","floor":29}],"player_experience":617517,"relics_obtained":[{"floor":7.0,"key":"Nunchaku"},{"floor":9.0,"key":"Bottled Flame"},{"floor":11.0,"key":"Molten Egg 2"},{"floor":24,"key":"Frozen Egg 2"},{"floor":26,"key":"Mummified Hand"}],"event_choices":[{"cards_removed":["Strike_G"],"damage_healed":0.0,"max_hp_gain":0.0,"max_hp_loss":0.0,"gold_gain":0.0,"event_name":"Bonfire Elementals","player_choice":"Offered Basic","floor":5.0,"gold_loss":0.0,"damage_taken":0.0},{"damage_healed":0.0,"max_hp_gain":0.0,"max_hp_loss":0.0,"gold_gain":75.0,"event_name":"World of Goop","player_choice":"Gather Gold","floor":12.0,"gold_loss":0.0,"damage_taken":11.0},{"damage_healed":0.0,"max_hp_gain":0.0,"max_hp_loss":0.0,"gold_gain":0.0,"cards_transformed":["Strike_G","Strike_G"],"event_name":"Drug Dealer","player_choice":"Became Test Subject","floor":20.0,"gold_loss":0.0,"damage_taken":0.0,"cards_obtained":["Poisoned Stab","Expertise"]},{"damage_healed":0.0,"max_hp_gain":0.0,"max_hp_loss":0.0,"gold_gain":0.0,"event_name":"Cursed Tome","player_choice":"Ignored","floor":21.0,"gold_loss":0.0,"damage_taken":0.0}],"is_beta":false,"boss_relics":[{"not_picked":["Runic Dome","Calling Bell"],"picked":"Philosopher\u0027s Stone"}],"items_purged_floors":[28],"is_endless":false,"potions_floor_spawned":[1,4,7,10,16,18,19,22,27],"killed_by":"Shelled Parasite and Fungi","ascension_level":16}}