{"host":"dscols65uipasqd2","time":1612246866,"event":{"mods":["2.2 Compatiblity","AchievementEnabler","Aspiration","BaseMod","Colored Powertips","Downfall","Energized Spire","GifTheSpireLib","Hermit","Hubris","Infinite Spire","JesterMod","Jorbs\u0027s Wanderer Trilogy","Magitek Elite","Marisa????????","Minty Spire (QoL Compilation)","Rare Cards Sparkle","Replay The Spire","StSLib","Stuff the Spire","The Cursed","The Disciple","The Hierophant","The Judge","The Jungle","TheFirefly"],"gold_per_floor":[99,99,115,165,187,263,275,356,11,84,72,0,0,0,0],"floor_reached":13,"language":"ENG","playtime":764,"items_purged":["Transpose2","jesterMod:DesperateStrike"],"score":84,"play_id":"52fdde4a-0863-4c24-98e9-ed7e1ae037ed","local_time":"20210202012106","is_ascension_mode":true,"campfire_choices":[{"data":"sneckomod:SnekBite","floor":1,"key":"SMITH"}],"circlet_count":0,"master_deck":["sneckomod:Strike","sneckomod:Strike+1","sneckomod:Strike","sneckomod:Defend","sneckomod:Defend","sneckomod:Defend","sneckomod:TailWhip","sneckomod:SnekBite+1","sneckomod:Unknown","sneckomod:Unknown","sneckomod:UnknownWeak","Languid","sneckomod:SerpentIdol","sneckomod:PureSnecko","hubris:Greed","sneckomod:Unknown3Cost","sneckomod:UnknownCommonAttack","sneckomod:UnendingSupply","sneckomod:DiceBlock","hubris:Gluttony","sneckomod:Unknown2Cost","sneckomod:QuickBite","sneckomod:UnknownStrike"],"relics":["sneckomod:SneckoSoul","Bronze Scales","Ring of Greed","Ring of Fangs","hubris:MobiusCoin","MawBank","Letter Opener","aspiration:StickyExplosives_weak"],"acts_visited":["Exordium"],"potions_floor_usage":[6,11,11,11,13,13,13,13,13],"damage_taken":[{"damage":6,"enemies":"2 Louse","floor":3,"turns":2},{"damage":10,"enemies":"Jaw Worm","floor":5,"turns":4},{"damage":0,"enemies":"Cultist","floor":6,"turns":3},{"damage":0,"enemies":"downfall:FleeingMerchant","floor":9,"turns":4},{"damage":14,"enemies":"Red Slaver","floor":10,"turns":4},{"damage":10,"enemies":"downfall:FleeingMerchant","floor":11,"turns":4},{"damage":0,"enemies":"downfall:FleeingMerchant","floor":12,"turns":4},{"damage":66,"enemies":"Gremlin Nob","floor":13,"turns":4}],"seed_played":"4091759433415910922","potions_obtained":[{"floor":5,"key":"Adrenaline Potion"},{"floor":10,"key":"EntropicBrew"}],"is_trial":false,"path_per_floor":["R","?","M","?","M","M","T","T","$","M","$","$","E"],"character_chosen":"THE_SNECKO","items_purchased":["aspiration:StickyExplosives_weak","sneckomod:UnknownCommonAttack","sneckomod:UnendingSupply","sneckomod:QuickBite"],"campfire_rested":0,"item_purchase_floors":[9,9,9,11],"current_hp_per_floor":[90,90,84,84,74,74,74,74,74,60,50,50,0,0,0],"gold":0,"neow_bonus":"RANDOM_COMMON_RELIC","is_daily":false,"chose_seed":false,"campfire_upgraded":1,"win_rate":0.0,"timestamp":1612246866,"path_taken":["R","?","M","?","M","M","T","?","$","?","?","$","E"],"items_purchased_type":["Relic","Card","Card","Card"],"build_version":"2020-12-22","purchased_purges":2,"victory":false,"max_hp_per_floor":[90,90,90,90,90,90,90,90,90,90,90,90,90,90,90],"card_choices":[{"not_picked":["sneckomod:Nope","sneckomod:DiceBoulder"],"picked":"sneckomod:UnknownWeak","floor":3},{"not_picked":["sneckomod:SoulDraw","sneckomod:UnknownDraw"],"picked":"sneckomod:SerpentIdol","floor":5},{"not_picked":["sneckomod:UnknownCommonAttack","sneckomod:UnknownStrike"],"picked":"sneckomod:PureSnecko","floor":6},{"not_picked":["sneckomod:DiceBoulder","sneckomod:UnknownCommonSkill"],"picked":"sneckomod:Unknown3Cost","floor":9},{"not_picked":["sneckomod:UnknownX","sneckomod:Unknown1Cost"],"picked":"sneckomod:DiceBlock","floor":10},{"not_picked":["sneckomod:DiceCrush","sneckomod:Rotation"],"picked":"sneckomod:Unknown2Cost","floor":11},{"not_picked":["sneckomod:SoulRoll","sneckomod:DiceBoulder"],"picked":"sneckomod:UnknownStrike","floor":12}],"player_experience":547390,"relics_obtained":[{"floor":4,"key":"Ring of Greed"},{"floor":4,"key":"Ring of Fangs"},{"floor":4,"key":"hubris:MobiusCoin"},{"floor":4,"key":"MawBank"},{"floor":8,"key":"Letter Opener"}],"event_choices":[],"is_beta":false,"boss_relics":[],"items_purged_floors":[12,12],"is_endless":false,"potions_floor_spawned":[5,10],"killed_by":"Gremlin Nob","ascension_level":3}}