{"host":"7nm1ow5v9mg4ehcw","time":1612287821,"event":{"mods":["BaseMod","Minty Spire (QoL Compilation)","Relic Stats","StSLib"],"gold_per_floor":[113,132,144,144,69,103,103,103,103,130,147,160,160,35,35,112,112,123,173,190,208,208,208,237,237,284,123,141,167,167,167,167,167,167],"floor_reached":33,"language":"ENG","playtime":1154,"items_purged":["Strike_R"],"score":636,"play_id":"e07ea254-2da2-4e26-9ed7-9905400caf02","local_time":"20210202184341","is_ascension_mode":true,"campfire_choices":[{"floor":8.0,"key":"REST"},{"data":"Rage","floor":13.0,"key":"SMITH"},{"data":"Spot Weakness","floor":15.0,"key":"SMITH"},{"floor":23.0,"key":"REST"},{"floor":25.0,"key":"REST"},{"floor":32.0,"key":"REST"}],"circlet_count":0,"master_deck":["AscendersBane","Strike_R","Strike_R","Strike_R","Defend_R","Defend_R","Defend_R","Defend_R","Bash","Shrug It Off","Battle Trance","Inflame","Rage+1","Heavy Blade","Spot Weakness+1","Shrug It Off","Evolve","Limit Break","Sword Boomerang","Armaments","Clothesline","Shrug It Off","Metallicize","Necronomicurse"],"relics":["Burning Blood","Vajra","Smiling Mask","Pen Nib","Mercury Hourglass","Boot","Mark of Pain","White Beast Statue","Centennial Puzzle","PreservedInsect","Blood Vial","Necronomicon","Magic Flower"],"acts_visited":["Exordium","TheCity"],"potions_floor_usage":[33],"damage_taken":[{"damage":1.0,"enemies":"Cultist","floor":1.0,"turns":3.0},{"damage":3.0,"enemies":"2 Louse","floor":2.0,"turns":3.0},{"damage":1.0,"enemies":"Small Slimes","floor":3.0,"turns":4.0},{"damage":45.0,"enemies":"Lagavulin","floor":6.0,"turns":6.0},{"damage":32.0,"enemies":"Gremlin Nob","floor":10.0,"turns":4.0},{"damage":8.0,"enemies":"3 Louse","floor":11.0,"turns":3.0},{"damage":8.0,"enemies":"Blue Slaver","floor":12.0,"turns":3.0},{"damage":18.0,"enemies":"Hexaghost","floor":16.0,"turns":9.0},{"damage":16.0,"enemies":"Spheric Guardian","floor":18.0,"turns":5.0},{"damage":26.0,"enemies":"2 Thieves","floor":20.0,"turns":3.0},{"damage":5.0,"enemies":"Centurion and Healer","floor":21.0,"turns":5.0},{"damage":29.0,"enemies":"Slavers","floor":24.0,"turns":4.0},{"damage":13.0,"enemies":"3 Cultists","floor":28.0,"turns":5.0},{"damage":14.0,"enemies":"Book of Stabbing","floor":29.0,"turns":5.0},{"damage":69,"enemies":"Collector","floor":33,"turns":9}],"seed_played":"6750708416553936378","potions_obtained":[{"floor":1.0,"key":"Swift Potion"},{"floor":6.0,"key":"PowerPotion"},{"floor":10.0,"key":"EssenceOfSteel"},{"floor":16.0,"key":"Ancient Potion"},{"floor":21.0,"key":"SmokeBomb"},{"floor":24.0,"key":"AttackPotion"},{"floor":28.0,"key":"BlessingOfTheForge"},{"floor":29.0,"key":"Regen Potion"}],"is_trial":false,"path_per_floor":["M","M","M","?","?","E","?","R","T","E","M","M","R","$","R","B",null,"M","?","M","M","?","R","E","R","T","$","M","E","?","T","R","B"],"character_chosen":"IRONCLAD","items_purchased":["Evolve","PreservedInsect"],"campfire_rested":4,"item_purchase_floors":[14,27],"current_hp_per_floor":[73,75,75,75,75,36,36,58,58,32,30,28,28,28,28,16,60,50,50,30,31,31,53,30,52,52,52,45,37,16,16,38,0,0],"gold":167,"neow_bonus":"RANDOM_COMMON_RELIC","is_daily":false,"chose_seed":false,"campfire_upgraded":2,"win_rate":0.0,"timestamp":1612287821,"path_taken":["M","?","M","?","?","E","?","R","T","E","?","M","R","$","R","BOSS","M","?","?","M","?","R","E","R","T","$","M","E","?","?","R","BOSS"],"items_purchased_type":["Card","Relic"],"build_version":"2020-12-22","purchased_purges":1,"victory":false,"max_hp_per_floor":[75,75,75,75,75,75,75,75,75,75,75,75,75,75,75,75,75,75,75,75,75,75,75,75,75,75,75,75,75,75,75,75,75,75],"relic_stats":{"Blood Vial":3,"Centennial Puzzle":[9],"counters":[15,70],"Magic Flower":[10],"Pen Nib":[7],"PreservedInsect":42,"Necronomicon":[6],"Smiling Mask":25,"Boot":[7],"obtain_stats":[{"Vajra":0,"Magic Flower":31,"Pen Nib":6,"PreservedInsect":27,"Smiling Mask":4,"Boot":10,"Burning Blood":0,"White Beast Statue":24,"Mercury Hourglass":9,"Blood Vial":29,"Centennial Puzzle":26,"Mark of Pain":17,"Necronomicon":30},{"Vajra":0,"Magic Flower":14,"Pen Nib":4,"PreservedInsect":12,"Smiling Mask":3,"Boot":5,"Burning Blood":0,"White Beast Statue":12,"Mercury Hourglass":4,"Blood Vial":14,"Centennial Puzzle":12,"Mark of Pain":8,"Necronomicon":14},{"Vajra":0,"Magic Flower":61,"Pen Nib":16,"PreservedInsect":51,"Smiling Mask":10,"Boot":20,"Burning Blood":0,"White Beast Statue":51,"Mercury Hourglass":16,"Blood Vial":61,"Centennial Puzzle":51,"Mark of Pain":34,"Necronomicon":61}],"Burning Blood":78,"Mercury Hourglass":[219]},"card_choices":[{"not_picked":["Burning Pact","Havoc"],"picked":"Shrug It Off","floor":1.0},{"not_picked":["Infernal Blade","Warcry"],"picked":"Battle Trance","floor":2.0},{"not_picked":["Sword Boomerang","Body Slam"],"picked":"Inflame","floor":3.0},{"not_picked":["Dark Embrace","Bludgeon"],"picked":"Rage","floor":6.0},{"not_picked":["Shrug It Off","True Grit"],"picked":"Heavy Blade","floor":10.0},{"not_picked":["Warcry","Infernal Blade"],"picked":"Spot Weakness","floor":11.0},{"not_picked":["Iron Wave","Flex"],"picked":"Shrug It Off","floor":12.0},{"not_picked":["Demon Form","Feed"],"picked":"Limit Break","floor":16.0},{"not_picked":["Havoc","Dual Wield"],"picked":"Sword Boomerang","floor":18.0},{"not_picked":["Dropkick","Wild Strike+1"],"picked":"Armaments","floor":20.0},{"not_picked":["Feel No Pain","Anger"],"picked":"Clothesline","floor":21.0},{"not_picked":["Clash+1","Intimidate"],"picked":"Shrug It Off","floor":24.0},{"not_picked":["Sword Boomerang","Wild Strike"],"picked":"Metallicize","floor":28.0},{"not_picked":["Cleave","Sentinel","Body Slam"],"picked":"SKIP","floor":29.0}],"player_experience":375958,"relics_obtained":[{"floor":6.0,"key":"Pen Nib"},{"floor":9.0,"key":"Mercury Hourglass"},{"floor":10.0,"key":"Boot"},{"floor":24.0,"key":"White Beast Statue"},{"floor":26.0,"key":"Centennial Puzzle"},{"floor":29.0,"key":"Blood Vial"},{"floor":30.0,"key":"Necronomicon"},{"floor":31.0,"key":"Magic Flower"}],"event_choices":[{"damage_healed":0.0,"max_hp_gain":0.0,"max_hp_loss":0.0,"gold_gain":0.0,"event_name":"Big Fish","player_choice":"Box","floor":4.0,"gold_loss":0.0,"damage_taken":0.0,"relics_obtained":["Smiling Mask"],"cards_obtained":["Regret"]},{"cards_removed":["Regret"],"damage_healed":0.0,"max_hp_gain":0.0,"max_hp_loss":0.0,"gold_gain":0.0,"event_name":"The Cleric","player_choice":"Card Removal","floor":5.0,"gold_loss":75.0,"damage_taken":0.0},{"cards_removed":["Strike_R"],"damage_healed":0.0,"max_hp_gain":0.0,"max_hp_loss":0.0,"gold_gain":0.0,"event_name":"Bonfire Elementals","player_choice":"Offered Basic","floor":7.0,"gold_loss":0.0,"damage_taken":0.0},{"damage_healed":0.0,"max_hp_gain":0.0,"max_hp_loss":0.0,"gold_gain":50.0,"event_name":"Golden Shrine","player_choice":"Pray","floor":19.0,"gold_loss":0.0,"damage_taken":0.0},{"damage_healed":0.0,"max_hp_gain":0.0,"max_hp_loss":0.0,"gold_gain":0.0,"event_name":"Vampires","player_choice":"Ignored","floor":22.0,"gold_loss":0.0,"damage_taken":0.0},{"damage_healed":0.0,"max_hp_gain":0.0,"max_hp_loss":0.0,"gold_gain":0.0,"event_name":"Cursed Tome","player_choice":"Obtained Book","floor":30.0,"gold_loss":0.0,"damage_taken":21.0}],"is_beta":false,"boss_relics":[{"not_picked":["Busted Crown","Velvet Choker"],"picked":"Mark of Pain"}],"items_purged_floors":[14],"is_endless":false,"potions_floor_spawned":[1,6,10,16,21,24,28,29],"killed_by":"Collector","ascension_level":20}}