{"host":"l3qq6dhgi17n1wbp","time":1612279667,"event":{"mods":["BaseMod","Colored Map","Minty Spire (QoL Compilation)","SuperFastMode"],"gold_per_floor":[110,110,35,35,35,64,64,80,104,133,9,42,57,71,71,166,166,181,3,20,20,40,68,68,79,79,7,23,23,40,40,40,40,40],"floor_reached":33,"language":"KOR","playtime":917,"items_purged":["Strike_G"],"score":388,"play_id":"f23bc5f0-a9b2-46e8-a350-44f4d032a485","local_time":"20210203002747","is_ascension_mode":true,"campfire_choices":[{"data":"Neutralize","floor":7,"key":"SMITH"},{"data":"Storm of Steel","floor":15,"key":"SMITH"},{"floor":29,"key":"REST"},{"floor":32,"key":"REST"}],"circlet_count":0,"master_deck":["Strike_G","Strike_G","Strike_G","Strike_G","Defend_G","Defend_G","Defend_G","Survivor","Neutralize+1","Deflect","PiercingWail","Storm of Steel+1","Finisher","Riddle With Holes","Terror","Deflect+1","Cloak And Dagger","Accuracy","Decay","Choke+1","Doubt","Flying Knee+1","PiercingWail","Writhe"],"relics":["Ring of the Snake","NeowsBlessing","Meat on the Bone","StoneCalendar","Happy Flower","Toy Ornithopter","Ancient Tea Set","Potion Belt","Cursed Key","Membership Card","Dream Catcher","Eternal Feather","MealTicket","Frozen Egg 2"],"acts_visited":["Exordium","TheCity"],"potions_floor_usage":[12,12,20,22,25,25,28,33,33],"damage_taken":[{"damage":0,"enemies":"Jaw Worm","floor":1,"turns":1},{"damage":0,"enemies":"Gremlin Nob","floor":6,"turns":1},{"damage":0,"enemies":"2 Louse","floor":8,"turns":1},{"damage":18,"enemies":"Lagavulin","floor":10,"turns":7},{"damage":16,"enemies":"3 Sentries","floor":12,"turns":6},{"damage":0,"enemies":"Cultist","floor":13,"turns":3},{"damage":10,"enemies":"Lots of Slimes","floor":14,"turns":5},{"damage":10,"enemies":"Hexaghost","floor":16,"turns":9},{"damage":9,"enemies":"Shell Parasite","floor":18,"turns":4},{"damage":6,"enemies":"2 Thieves","floor":20,"turns":5},{"damage":22,"enemies":"Sentry and Sphere","floor":22,"turns":4},{"damage":42,"enemies":"Book of Stabbing","floor":23,"turns":7},{"damage":11,"enemies":"Snecko","floor":25,"turns":4},{"damage":32,"enemies":"3 Cultists","floor":28,"turns":7},{"damage":21,"enemies":"Snake Plant","floor":30,"turns":5},{"damage":87,"enemies":"Automaton","floor":33,"turns":8}],"seed_played":"4390094782377783210","potions_obtained":[{"floor":8,"key":"SpeedPotion"},{"floor":10,"key":"SkillPotion"},{"floor":12,"key":"Block Potion"},{"floor":18,"key":"SneckoOil"},{"floor":20,"key":"Dexterity Potion"},{"floor":25,"key":"Block Potion"},{"floor":30,"key":"PowerPotion"}],"is_trial":false,"path_per_floor":["M","?","$","?","?","E","R","M","T","E","$","E","M","M","R","B",null,"M","$","M","?","M","E","?","M","T","$","M","R","M","T","R","B"],"character_chosen":"THE_SILENT","items_purchased":["Finisher","AttackPotion","Membership Card","ColorlessPotion","MealTicket"],"campfire_rested":2,"item_purchase_floors":[11,11,19,19,27],"current_hp_per_floor":[70,63,63,56,56,56,56,56,56,38,38,44,44,46,46,36,62,53,53,52,52,47,17,17,28,28,28,13,46,37,37,70,0,0],"gold":40,"neow_bonus":"THREE_ENEMY_KILL","is_daily":false,"chose_seed":false,"campfire_upgraded":2,"win_rate":0.0,"timestamp":1612279667,"path_taken":["M","?","$","?","?","E","R","M","T","E","$","E","M","?","R","BOSS","M","$","?","?","?","E","?","M","T","$","M","R","M","?","R","BOSS"],"items_purchased_type":["Card","Potion","Relic","Potion","Relic"],"build_version":"2020-12-22","purchased_purges":1,"victory":false,"max_hp_per_floor":[70,70,70,70,70,70,70,70,70,70,70,70,70,70,70,70,70,70,70,70,70,70,70,70,70,70,70,70,70,70,70,70,70,70],"card_choices":[{"not_picked":["Deadly Poison","Quick Slash"],"picked":"Flying Knee","floor":1},{"not_picked":["Catalyst","Expertise"],"picked":"Deflect","floor":6},{"not_picked":["Well Laid Plans","Deadly Poison"],"picked":"PiercingWail","floor":8},{"not_picked":["Dagger Spray","Well Laid Plans"],"picked":"Storm of Steel","floor":10},{"not_picked":["Night Terror","Tactician","Well Laid Plans"],"picked":"SKIP","floor":12},{"not_picked":["Outmaneuver","Noxious Fumes"],"picked":"Riddle With Holes","floor":13},{"not_picked":["Quick Slash","Tactician"],"picked":"Terror","floor":14},{"not_picked":["Outmaneuver","Noxious Fumes","Underhanded Strike"],"picked":"SKIP","floor":18},{"not_picked":["Bane","PiercingWail"],"picked":"Deflect+1","floor":20},{"not_picked":["Poisoned Stab+1","Slice"],"picked":"Cloak And Dagger","floor":22},{"not_picked":["Backflip+1","Dagger Throw"],"picked":"Accuracy","floor":23},{"not_picked":["Blur","Masterful Stab"],"picked":"Choke+1","floor":25},{"not_picked":["Acrobatics","Expertise"],"picked":"Flying Knee+1","floor":28},{"not_picked":["Backflip","All Out Attack"],"picked":"PiercingWail","floor":29},{"not_picked":["Catalyst","Storm of Steel","Riddle With Holes"],"picked":"SKIP","floor":30}],"player_experience":230986,"relics_obtained":[{"floor":6,"key":"Happy Flower"},{"floor":9,"key":"Toy Ornithopter"},{"floor":10,"key":"Ancient Tea Set"},{"floor":12,"key":"Potion Belt"},{"floor":23,"key":"Dream Catcher"},{"floor":26,"key":"Eternal Feather"},{"floor":31,"key":"Frozen Egg 2"}],"event_choices":[{"damage_healed":0,"gold_gain":0,"player_choice":"Success","damage_taken":7,"relics_obtained":["Meat on the Bone"],"max_hp_gain":0,"max_hp_loss":0,"event_name":"Scrap Ooze","floor":2,"gold_loss":0},{"cards_removed":["Defend_G"],"damage_healed":0,"gold_gain":0,"player_choice":"Card Removal","damage_taken":7,"max_hp_gain":0,"max_hp_loss":0,"event_name":"Golden Wing","floor":4,"gold_loss":0},{"cards_removed":["Flying Knee"],"damage_healed":0,"gold_gain":0,"player_choice":"Gave Card","damage_taken":0,"relics_obtained":["StoneCalendar"],"max_hp_gain":0,"max_hp_loss":0,"event_name":"WeMeetAgain","floor":5,"gold_loss":0},{"cards_removed":["Defend_G"],"damage_healed":0,"gold_gain":0,"player_choice":"Purged","damage_taken":0,"max_hp_gain":0,"max_hp_loss":0,"event_name":"Purifier","floor":21,"gold_loss":0},{"damage_healed":0,"gold_gain":0,"player_choice":"Smashed Altar","damage_taken":0,"max_hp_gain":0,"max_hp_loss":0,"event_name":"Forgotten Altar","floor":24,"gold_loss":0,"cards_obtained":["Decay"]}],"is_beta":false,"boss_relics":[{"not_picked":["Snecko Eye","Ring of the Serpent"],"picked":"Cursed Key"}],"items_purged_floors":[3],"is_endless":false,"potions_floor_spawned":[8,10,12,18,20,25,30],"killed_by":"Automaton","ascension_level":5}}