{"host":"2q4p6kdcvpgo6z81","time":1612279378,"event":{"mods":["BaseMod","Colored Map","Downfall","Minty Spire (QoL Compilation)","StSLib"],"gold_per_floor":[99,118,132,151,166,166,241,259,259,294,294,327,337,357,376,473,473,473,473,573,589,112,112,112,137,137,147,172,372,372,389,403,501,501,501,517,528,528,528,542,566,582,632,647,647,647,573,606,616,616],"floor_reached":51,"language":"ENG","playtime":5193,"items_purged":["Slimebound:Tackle","downfall:Haunted"],"score":856,"play_id":"39b2cb0a-47e2-4dee-a98f-e75a14f2cef7","local_time":"20210202102258","is_ascension_mode":false,"campfire_choices":[{"data":"Slimebound:Split","floor":1.0,"key":"SMITH"},{"data":"Slimebound:PressTheAttack","floor":6.0,"key":"SMITH"},{"data":"Slimebound:RainOfGoop","floor":11.0,"key":"SMITH"},{"data":"Slimebound:MassRepurpose","floor":18.0,"key":"SMITH"},{"data":"Slimebound:LeechEnergy","floor":26.0,"key":"SMITH"},{"data":"Slimebound:MassFeed","floor":30.0,"key":"SMITH"},{"data":"Slimebound:Prepare","floor":35.0,"key":"SMITH"}],"circlet_count":0,"master_deck":["Slimebound:Defend_Slimebound","Slimebound:Defend_Slimebound","Slimebound:Defend_Slimebound","Slimebound:Split+1","Slimebound:CorrosiveSpit","Slimebound:ComboTackle+1","Slimebound:RainOfGoop+1","Slimebound:LivingWall","Slimebound:PressTheAttack+1","Slimebound:ViciousTackle","Slimebound:RainOfGoop","Slimebound:MassRepurpose+1","Slimebound:SplitLeeching","Slimebound:LeechingTouch+1","Slimebound:Replication","Slimebound:Overexert+1","Slimebound:Schlurp+1","Slimebound:CheckThePlaybook+1","Slimebound:LeechEnergy+1","Slimebound:MegaLick","Slimebound:Split+1","Slimebound:FirmFortitude","Slimebound:SplitLeeching+1","Slimebound:SplitLeeching+1","Slimebound:MassFeed+1","Slimebound:Equalize","Slimebound:Prepare+1","Slimebound:Recycling","Slimebound:LivingWall","Slimebound:Nibble+1","expansioncontent:AwakenDeath","expansioncontent:AwakenDeath","expansioncontent:YouAreMine","Slimebound:LeechEnergy+1","Slimebound:SplitMire+1","Slimebound:LeadByExample+1","Slimebound:Prepare+1","Slimebound:PrepareCrush","Slimebound:SlimeBrawl+1","expansioncontent:AwakenDeath","Slimebound:SelfFormingGoo"],"relics":["Slimebound:AbsorbEndCombat","Eternal Feather","Dream Catcher","PreservedInsect","Astrolabe","CaptainsWheel","Bottled Tornado","DollysMirror","HornCleat","Whetstone","Pen Nib","Juzu Bracelet","Cursed Key","Omamori","Unceasing Top","Lee\u0027s Waffle","Nunchaku"],"acts_visited":["Exordium","TheCity","TheBeyond"],"potions_floor_usage":[44,47,50,50],"damage_taken":[{"damage":1.0,"enemies":"Jaw Worm","floor":2.0,"turns":4.0},{"damage":0.0,"enemies":"2 Louse","floor":3.0,"turns":2.0},{"damage":0.0,"enemies":"Small Slimes","floor":4.0,"turns":3.0},{"damage":10.0,"enemies":"Exordium Thugs","floor":5.0,"turns":5.0},{"damage":14.0,"enemies":"Blue Slaver","floor":8.0,"turns":4.0},{"damage":8.0,"enemies":"Lagavulin","floor":10.0,"turns":6.0},{"damage":10.0,"enemies":"3 Sentries","floor":12.0,"turns":8.0},{"damage":5.0,"enemies":"3 Louse","floor":13.0,"turns":3.0},{"damage":1.0,"enemies":"2 Fungi Beasts","floor":14.0,"turns":3.0},{"damage":13.0,"enemies":"Large Slime","floor":15.0,"turns":5.0},{"damage":1.0,"enemies":"SI_SHIV_ARCHETYPE","floor":16.0,"turns":7.0},{"damage":0.0,"enemies":"Chosen","floor":19.0,"turns":1.0},{"damage":22.0,"enemies":"Colosseum Nobs","floor":20.0,"turns":4.0},{"damage":19.0,"enemies":"Centurion and Healer","floor":21.0,"turns":6.0},{"damage":9.0,"enemies":"downfall:FleeingMerchant","floor":22.0,"turns":4.0},{"damage":9.0,"enemies":"Book of Stabbing","floor":25.0,"turns":3.0},{"damage":0.0,"enemies":"Snake Plant","floor":27.0,"turns":3.0},{"damage":0.0,"enemies":"Gremlin Leader","floor":28.0,"turns":4.0},{"damage":4.0,"enemies":"3 Cultists","floor":31.0,"turns":3.0},{"damage":4.0,"enemies":"Centurion and Healer","floor":32.0,"turns":8.0},{"damage":0.0,"enemies":"WA_ARCHETYPE_CALM","floor":33.0,"turns":8.0},{"damage":6.0,"enemies":"Orb Walker","floor":36.0,"turns":4.0},{"damage":0.0,"enemies":"3 Shapes","floor":37.0,"turns":3.0},{"damage":0.0,"enemies":"Maw","floor":40.0,"turns":4.0},{"damage":26.0,"enemies":"Jaw Worm Horde","floor":42.0,"turns":7.0},{"damage":22,"enemies":"Jaw Worm Horde","floor":43,"turns":5},{"damage":10,"enemies":"3 Darklings","floor":44,"turns":7},{"damage":0,"enemies":"downfall:FleeingMerchant","floor":47,"turns":4},{"damage":16,"enemies":"Giant Head","floor":48,"turns":6},{"damage":0,"enemies":"Writhing Mass","floor":49,"turns":4},{"damage":41,"enemies":"DF_ARCHETYPE_ORBS","floor":50,"turns":9}],"seed_played":"8979634239840395541","potions_obtained":[{"floor":4.0,"key":"BlessingOfTheForge"},{"floor":5.0,"key":"hexamod:SoulburnPotion"},{"floor":10.0,"key":"AttackPotion"},{"floor":12.0,"key":"SkillPotion"},{"floor":16.0,"key":"AttackPotion"},{"floor":20.0,"key":"FearPotion"},{"floor":27.0,"key":"Slimebound:SlimyTonguePotion"},{"floor":32.0,"key":"bronze:BurnAndBuffPotion"},{"floor":36.0,"key":"sneckomod:MuddlingPotion"},{"floor":48,"key":"EssenceOfSteel"}],"is_trial":false,"path_per_floor":["R","M","M","M","M","R","T","M","?","E","R","E","M","M","M","B",null,"R","M","?","M","$","?","T","E","R","M","E","?","R","M","M","B",null,"R","M","M","?","?","M","T","M","?","M","?","?","$","E","M","B",null],"character_chosen":"SLIMEBOUND","items_purchased":["DollysMirror","HornCleat","Lee\u0027s Waffle","PowerPotion","expansioncontent:AwakenDeath"],"campfire_rested":0,"item_purchase_floors":[22,22,47,47,47],"current_hp_per_floor":[71,71,71,71,65,65,65,55,55,55,64,62,59,62,57,64,71,71,71,51,40,39,39,39,36,48,50,58,58,71,83,85,87,87,87,91,99,99,89,93,93,86,84,94,94,94,130,122,130,99],"gold":616,"neow_bonus":"TEN_PERCENT_HP_BONUS","is_daily":false,"chose_seed":false,"campfire_upgraded":7,"win_rate":0.0,"timestamp":1612279378,"path_taken":["R","M","M","M","M","R","T","M","?","E","R","E","M","M","M","BOSS","R","M","?","M","$","?","T","E","R","M","E","?","R","M","M","BOSS","R","M","M","?","?","M","T","M","?","M","?","?","$","E","M","BOSS"],"items_purchased_type":["Relic","Relic","Relic","Potion","Card"],"build_version":"2020-12-22","purchased_purges":2,"victory":true,"max_hp_per_floor":[71,71,71,71,71,71,71,71,71,71,71,71,71,71,71,71,71,71,71,71,71,71,71,71,71,71,71,71,71,71,83,87,87,87,87,91,99,99,99,99,99,107,119,123,123,123,130,130,130,130],"card_choices":[{"not_picked":["Slimebound:Prepare","Slimebound:Gluttony"],"picked":"Slimebound:ComboTackle","floor":2.0},{"not_picked":["Slimebound:SlimeBrawl","Slimebound:RollThrough"],"picked":"Slimebound:RainOfGoop","floor":3.0},{"not_picked":["Slimebound:ServeAndProtect","Slimebound:Schlurp"],"picked":"Slimebound:LivingWall","floor":4.0},{"not_picked":["Slimebound:Equalize","Slimebound:ComboTackle"],"picked":"Slimebound:PressTheAttack","floor":5.0},{"not_picked":["Slimebound:LevelUp","Slimebound:HungryTackle"],"picked":"Slimebound:ViciousTackle","floor":8.0},{"not_picked":["Slimebound:ForwardTackle","Slimebound:SplitLeeching"],"picked":"Slimebound:RainOfGoop","floor":10.0},{"not_picked":["Slimebound:LeechEnergy","Slimebound:SplitMire"],"picked":"Slimebound:MassRepurpose","floor":12.0},{"not_picked":["Slimebound:SlimeBarrage","Slimebound:GoopTackle"],"picked":"Slimebound:SplitLeeching","floor":13.0},{"not_picked":["Slimebound:TongueLash","Slimebound:ItLooksTasty"],"picked":"Slimebound:LeechingTouch","floor":14.0},{"not_picked":["Slimebound:FlameTackle","Slimebound:PressTheAttack"],"picked":"Slimebound:Replication","floor":15.0},{"not_picked":["Slimebound:OozeBath","Slimebound:MassRepurpose"],"picked":"Slimebound:Overexert","floor":16.0},{"not_picked":["Slimebound:LevelUp","Slimebound:Grow"],"picked":"Slimebound:LeechEnergy","floor":19.0},{"not_picked":["Slimebound:FinishingTackle+1","Slimebound:DivideAndConquer"],"picked":"Slimebound:MegaLick","floor":20.0},{"not_picked":["Slimebound:LeechingTouch","Slimebound:ForwardTackle","Slimebound:LivingWall"],"picked":"SKIP","floor":21.0},{"not_picked":["Slimebound:LeechEnergy","Slimebound:Schlurp","Slimebound:ItLooksTasty+1"],"picked":"SKIP","floor":22.0},{"not_picked":["Slimebound:LeechEnergy","Slimebound:DivideAndConquer+1"],"picked":"Slimebound:SplitLeeching+1","floor":25.0},{"not_picked":["Slimebound:FinishingTackle+1","Slimebound:BestDefense"],"picked":"Slimebound:SplitLeeching+1","floor":27.0},{"not_picked":["Slimebound:ComboTackle+1","Slimebound:Schlurp"],"picked":"Slimebound:MassFeed","floor":28.0},{"not_picked":["Slimebound:PressTheAttack","Slimebound:GoopTackle"],"picked":"Slimebound:Equalize","floor":31.0},{"not_picked":["Slimebound:HauntingLick","Slimebound:LevelUp"],"picked":"Slimebound:Prepare","floor":32.0},{"not_picked":["Slimebound:OozeBath","Slimebound:RallyTheTroops"],"picked":"Slimebound:Recycling","floor":33.0},{"not_picked":["Slimebound:BestDefense","Slimebound:GoopTackle+1"],"picked":"Slimebound:LivingWall","floor":36.0},{"not_picked":["Slimebound:PressTheAttack","Slimebound:SplitAcid+1"],"picked":"Slimebound:Nibble+1","floor":37.0},{"not_picked":["expansioncontent:GuardianWhirl","expansioncontent:LastStand"],"picked":"expansioncontent:AwakenDeath","floor":39.0},{"not_picked":["expansioncontent:Chronoboost","expansioncontent:LastStand"],"picked":"expansioncontent:AwakenDeath","floor":39.0},{"not_picked":["expansioncontent:LastStand","expansioncontent:Hexaburn"],"picked":"expansioncontent:YouAreMine","floor":39.0},{"not_picked":["Slimebound:MegaLick+1","Slimebound:LeechingTouch+1"],"picked":"Slimebound:LeechEnergy+1","floor":40.0},{"not_picked":["Slimebound:Grow","Slimebound:SplitAcid"],"picked":"Slimebound:SplitMire+1","floor":42.0},{"not_picked":["Slimebound:DivideAndConquer+1","Slimebound:SplitAcid"],"picked":"Slimebound:LeadByExample+1","floor":43},{"not_picked":["Slimebound:GoopSpray","Slimebound:HungryTackle"],"picked":"Slimebound:Prepare+1","floor":44},{"not_picked":["Slimebound:Grow+1","Slimebound:Chomp"],"picked":"Slimebound:SlimeBrawl+1","floor":47},{"not_picked":["Slimebound:PressTheAttack","Slimebound:SlimeBarrage"],"picked":"Slimebound:SelfFormingGoo","floor":48},{"not_picked":["Slimebound:Grow","Slimebound:SplitAcid","Slimebound:SplitMire+1"],"picked":"SKIP","floor":49}],"player_experience":1582977,"relics_obtained":[{"floor":7.0,"key":"Eternal Feather"},{"floor":10.0,"key":"Dream Catcher"},{"floor":12.0,"key":"PreservedInsect"},{"floor":20.0,"key":"CaptainsWheel"},{"floor":20.0,"key":"Bottled Tornado"},{"floor":24.0,"key":"Whetstone"},{"floor":25.0,"key":"Pen Nib"},{"floor":28.0,"key":"Juzu Bracelet"},{"floor":41.0,"key":"Omamori"},{"floor":43,"key":"Unceasing Top"},{"floor":48,"key":"Nunchaku"}],"event_choices":[{"damage_healed":0.0,"max_hp_gain":0.0,"max_hp_loss":0.0,"gold_gain":200.0,"event_name":"Wheel of Change","player_choice":"Gold","floor":29.0,"gold_loss":0.0,"damage_taken":0.0},{"cards_removed":["Slimebound:Overexert"],"damage_healed":0,"gold_gain":0,"player_choice":"Removed Power","damage_taken":0,"max_hp_gain":0,"max_hp_loss":0,"event_name":"Falling","floor":46,"gold_loss":0}],"is_beta":false,"boss_relics":[{"not_picked":["bronze:MakeshiftBattery","Tiny House"],"picked":"Astrolabe"},{"not_picked":["Slimebound:AbsorbEndCombatUpgraded","Velvet Choker"],"picked":"Cursed Key"}],"items_purged_floors":[22,47],"is_endless":false,"potions_floor_spawned":[4,5,10,12,16,20,27,32,36,37,40,48,49],"ascension_level":0}}