{"host":"1nniobf0g4s2td4e","time":1612291465,"event":{"mods":["2.2 Compatiblity","BaseMod","Minty Spire (QoL Compilation)","StSLib","SuperFastMode"],"gold_per_floor":[119,139,165,179,191,225,225,225,273,301,314,332,89,100,100,100,100],"floor_reached":16,"language":"ENG","playtime":7708,"items_purged":["Strike_G"],"score":164,"play_id":"ef84e71b-82d8-44ed-ba9e-6fc519caf1c0","local_time":"20210202124425","is_ascension_mode":false,"campfire_choices":[{"data":"Neutralize","floor":8.0,"key":"SMITH"},{"data":"After Image","floor":15,"key":"SMITH"}],"circlet_count":0,"master_deck":["Strike_G","Strike_G","Strike_G","Strike_G","Defend_G","Defend_G","Defend_G","Defend_G","Defend_G","Survivor","Neutralize+1","Deflect","Calculated Gamble","After Image+1","Blur","Footwork","Escape Plan"],"relics":["Ring of the Snake","Bronze Scales","Oddly Smooth Stone","Happy Flower","Smiling Mask","Ancient Tea Set","Membership Card"],"acts_visited":["Exordium"],"potions_floor_usage":[],"damage_taken":[{"damage":0.0,"enemies":"Cultist","floor":1.0,"turns":3.0},{"damage":0.0,"enemies":"Small Slimes","floor":2.0,"turns":3.0},{"damage":0.0,"enemies":"Jaw Worm","floor":4.0,"turns":4.0},{"damage":8.0,"enemies":"Large Slime","floor":5.0,"turns":10.0},{"damage":0.0,"enemies":"Gremlin Nob","floor":6.0,"turns":2.0},{"damage":28,"enemies":"3 Sentries","floor":10,"turns":12},{"damage":8,"enemies":"3 Louse","floor":11,"turns":4},{"damage":1,"enemies":"Looter","floor":12,"turns":4},{"damage":0,"enemies":"Large Slime","floor":14,"turns":10},{"damage":31,"enemies":"Hexaghost","floor":16,"turns":17}],"seed_played":"4995965485859010684","potions_obtained":[{"floor":1.0,"key":"EssenceOfSteel"},{"floor":5.0,"key":"Ancient Potion"},{"floor":6.0,"key":"Strength Potion"},{"floor":7.0,"key":"AttackPotion"},{"floor":14,"key":"PowerPotion"}],"is_trial":false,"path_per_floor":["M","M","T","M","M","E","?","R","T","E","M","M","$","M","R","B"],"character_chosen":"THE_SILENT","items_purchased":["Membership Card","Footwork"],"campfire_rested":0,"item_purchase_floors":[13,13],"current_hp_per_floor":[70,70,70,70,62,62,62,62,62,34,26,25,25,25,25,0,0],"gold":100,"neow_bonus":"RANDOM_COMMON_RELIC","is_daily":false,"chose_seed":false,"campfire_upgraded":2,"win_rate":0.0,"timestamp":1612291465,"path_taken":["M","M","?","M","M","E","?","R","T","E","?","M","$","M","R","BOSS"],"items_purchased_type":["Relic","Card"],"build_version":"2020-12-22","purchased_purges":1,"victory":false,"max_hp_per_floor":[70,70,70,70,70,70,70,70,70,70,70,70,70,70,70,70,70],"card_choices":[{"not_picked":["Cloak And Dagger","Poisoned Stab"],"picked":"Deflect","floor":1.0},{"not_picked":["Eviscerate","Deadly Poison"],"picked":"Calculated Gamble","floor":2.0},{"not_picked":["Slice","Bane","Sucker Punch"],"picked":"SKIP","floor":4.0},{"not_picked":["Storm of Steel","Choke","Expertise"],"picked":"SKIP","floor":5.0},{"not_picked":["Dagger Spray","Noxious Fumes","PiercingWail"],"picked":"SKIP","floor":6.0},{"not_picked":["Acrobatics","A Thousand Cuts"],"picked":"After Image","floor":10},{"not_picked":["Blade Dance","Deflect"],"picked":"Blur","floor":11},{"not_picked":["Poisoned Stab","Backstab","Flying Knee"],"picked":"SKIP","floor":12},{"not_picked":["Slice","Malaise"],"picked":"Escape Plan","floor":14}],"player_experience":731619,"relics_obtained":[{"floor":3.0,"key":"Oddly Smooth Stone"},{"floor":6.0,"key":"Happy Flower"},{"floor":9.0,"key":"Smiling Mask"},{"floor":10,"key":"Ancient Tea Set"}],"event_choices":[{"damage_healed":0.0,"max_hp_gain":0.0,"max_hp_loss":0.0,"gold_gain":0.0,"event_name":"Lab","player_choice":"Got Potions","floor":7.0,"gold_loss":0.0,"damage_taken":0.0}],"is_beta":false,"boss_relics":[],"items_purged_floors":[13],"is_endless":false,"potions_floor_spawned":[1,5,6,10,12,14],"killed_by":"Hexaghost","ascension_level":0}}