{"host":"r5cycnjhcbwgkpkf","time":1612287583,"event":{"mods":["2.2 Compatiblity","AchievementEnabler","BaseMod","Bestiary","Better Altar","Better Match","Better Note","Better Skull","Better Third Choice","BetterRewards","Colored Map","Colored Powertips","Infinite Spire","Minty Spire (QoL Compilation)","Reliquary","Replay The Spire","Spicy Shops","StSLib"],"gold_per_floor":[118,118,137,154,39,39,57,82,107,141,155,155,171,171,171,247,247,262,262,262,277,67,67,95,95,95,112,131,131,141,153,153,225,225,243,243,260,260,260,260],"floor_reached":39,"language":"ENG","playtime":1995,"items_purged":["Strike_B","BasicCrystalCard+1","Strike_B"],"score":929,"play_id":"e22bc471-4d22-4245-8be0-7b8434fbc34f","local_time":"20210202093943","is_ascension_mode":true,"campfire_choices":[{"data":"Loop","floor":6.0,"key":"SMITH"},{"floor":12.0,"key":"REST"},{"floor":15.0,"key":"REST"},{"data":"White Noise","floor":23.0,"key":"SMITH"},{"floor":25.0,"key":"REST"},{"floor":32,"key":"REST"}],"circlet_count":0,"master_deck":["AscendersBane","Strike_B","Strike_B+1","Defend_B","Defend_B","Defend_B","Defend_B","Zap+1","Dualcast","Conserve Battery","Sweeping Beam","Auto Shields","Loop+1","Ball Lightning","White Noise+1","Panic Button","Biased Cognition","Defragment+1","Biased Cognition","ReplayTheSpireMod:Calculation Training+1","Ball Lightning","ReplayTheSpireMod:System Scan+1","Melter","Core Surge"],"relics":["Cracked Core","Raider\u0027s Mask","infinitespire:Beetle Shell","infinitespire:Lucky Rock","Regal Pillow","reliquary:RedCape","Happy Flower","infinitespire:BottledMercury","Carrot","Pear","Inserter","Sling"],"acts_visited":["Exordium","TheCity","TheBeyond"],"potions_floor_usage":[39],"damage_taken":[{"damage":0.0,"enemies":"Small Slimes","floor":1.0,"turns":3.0},{"damage":0.0,"enemies":"Cultist","floor":3.0,"turns":3.0},{"damage":2.0,"enemies":"Jaw Worm","floor":4.0,"turns":4.0},{"damage":1.0,"enemies":"Blue Slaver","floor":7.0,"turns":3.0},{"damage":9.0,"enemies":"3 Sentries","floor":8.0,"turns":7.0},{"damage":32.0,"enemies":"Gremlin Nob","floor":10.0,"turns":4.0},{"damage":10.0,"enemies":"3 Louse","floor":11.0,"turns":3.0},{"damage":1.0,"enemies":"2 Fungi Beasts","floor":13.0,"turns":4.0},{"damage":29.0,"enemies":"Fading Forest","floor":16.0,"turns":11.0},{"damage":0.0,"enemies":"Chosen","floor":18.0,"turns":4.0},{"damage":21.0,"enemies":"2 Thieves","floor":21.0,"turns":5.0},{"damage":27.0,"enemies":"Gremlin Leader","floor":24.0,"turns":6.0},{"damage":33,"enemies":"Centurion and Healer","floor":27,"turns":5},{"damage":28,"enemies":"Snecko","floor":28,"turns":4},{"damage":18,"enemies":"Shelled Parasite and Fungi","floor":30,"turns":2},{"damage":27,"enemies":"Centurion and Healer","floor":31,"turns":5},{"damage":52,"enemies":"Champ","floor":33,"turns":8},{"damage":18,"enemies":"3 Shapes","floor":35,"turns":5},{"damage":42,"enemies":"3 Darklings","floor":37,"turns":4},{"damage":6,"enemies":"Jaw Worm Horde","floor":39,"turns":1}],"seed_played":"-8698362620919505087","potions_obtained":[{"floor":7.0,"key":"Energy Potion"},{"floor":11.0,"key":"Weak Potion"},{"floor":27,"key":"Toxic Potion"},{"floor":28,"key":"FairyPotion"},{"floor":35,"key":"Weak Potion"}],"is_trial":false,"path_per_floor":["M","?","M","M","$","R","M","E","T","E","M","R","M","?","R","B",null,"M","AVR","?","M","$","R","E","R","T","M","M","?","M","M","R","B",null,"M","?","M","AVR","M"],"character_chosen":"DEFECT","items_purchased":["Raider\u0027s Mask","Conserve Battery","Sweeping Beam","BasicCrystalCard+1","Biased Cognition","infinitespire:BottledMercury"],"campfire_rested":4,"item_purchase_floors":[0,0,0,5,22,22],"current_hp_per_floor":[61,61,61,59,59,59,58,49,49,17,7,44,43,43,75,60,71,71,71,71,50,50,50,23,60,70,37,9,9,46,19,59,7,66,48,48,6,6,0,0],"gold":260,"neow_bonus":"","is_daily":false,"chose_seed":false,"campfire_upgraded":2,"win_rate":0.0,"timestamp":1612287583,"path_taken":["M","?","M","M","?","R","?","E","T","E","M","R","M","?","R","BOSS","M","AVR","?","M","$","R","E","R","T","M","M","?","M","M","R","BOSS","M","?","M","AVR","M"],"items_purchased_type":["Relic","Card","Card","Card","Card","Relic"],"build_version":"2020-12-22","purchased_purges":3,"victory":false,"max_hp_per_floor":[75,75,75,75,75,75,75,75,75,75,75,75,75,75,75,75,75,75,75,75,75,75,75,75,75,85,85,85,85,85,85,85,85,85,85,85,85,85,85,85],"card_choices":[{"not_picked":["Coolheaded","Steam"],"picked":"Auto Shields","floor":1.0},{"not_picked":["Aggregate","Auto Shields","Barrage"],"picked":"SKIP","floor":3.0},{"not_picked":["Conserve Battery","Sweeping Beam"],"picked":"Loop","floor":4.0},{"not_picked":["Scrape","Stack"],"picked":"Ball Lightning","floor":7.0},{"not_picked":["Sweeping Beam","Gash","Steam"],"picked":"SKIP","floor":8.0},{"not_picked":["Conserve Battery","Coolheaded"],"picked":"White Noise","floor":10.0},{"not_picked":["Scrape","Redo"],"picked":"Panic Button","floor":11.0},{"not_picked":["Go for the Eyes","BasicCrystalCard","Streamline"],"picked":"SKIP","floor":13.0},{"not_picked":["ReplayRNGCard","Mirror Shield"],"picked":"Biased Cognition","floor":16.0},{"not_picked":["Barrage","Hologram","Leap"],"picked":"SKIP","floor":18.0},{"not_picked":["Gash","Stack"],"picked":"Defragment+1","floor":21.0},{"not_picked":["Fusion","Panic Button"],"picked":"ReplayTheSpireMod:Calculation Training+1","floor":24.0},{"not_picked":["Beam Cell","Hyperbeam"],"picked":"Ball Lightning","floor":27},{"not_picked":["Barrage","ReplayTheSpireMod:GoodbyeWorld"],"picked":"ReplayTheSpireMod:System Scan+1","floor":28},{"not_picked":["FIFO Queue+1","Leap"],"picked":"Melter","floor":30},{"not_picked":["Force Field","Gash","Rebound"],"picked":"SKIP","floor":31},{"not_picked":["Buffer","Biased Cognition"],"picked":"Core Surge","floor":33},{"not_picked":["Compile Driver","Sunder","Defragment"],"picked":"SKIP","floor":35},{"not_picked":["BasicCrystalCard","Compile Driver","Redo"],"picked":"SKIP","floor":37}],"player_experience":398685,"relics_obtained":[{"floor":8.0,"key":"infinitespire:Beetle Shell"},{"floor":9.0,"key":"infinitespire:Lucky Rock"},{"floor":10.0,"key":"Regal Pillow"},{"floor":24.0,"key":"Carrot"},{"floor":26.0,"key":"Pear"}],"event_choices":[{"damage_healed":0.0,"max_hp_gain":0.0,"max_hp_loss":0.0,"gold_gain":0.0,"event_name":"Upgrade Shrine","player_choice":"Upgraded","floor":2.0,"gold_loss":0.0,"damage_taken":0.0,"cards_upgraded":["Zap"]},{"damage_healed":0.0,"max_hp_gain":0.0,"max_hp_loss":0.0,"gold_gain":0.0,"event_name":"Cursed Tome","player_choice":"Ignored","floor":20.0,"gold_loss":0.0,"damage_taken":0.0},{"damage_healed":0,"gold_gain":0,"player_choice":"Ignored","damage_taken":0,"max_hp_gain":0,"max_hp_loss":0,"event_name":"Tomb of Lord Red Mask","floor":36,"gold_loss":0}],"is_beta":false,"boss_relics":[{"not_picked":["Replay:Grab Bag","reliquary:RedPaperclip"],"picked":"reliquary:RedCape"},{"not_picked":["ReplayTheSpireMod:DimensionalGlitch","Runic Pyramid"],"picked":"Inserter"}],"items_purged_floors":[5,19,38],"is_endless":false,"potions_floor_spawned":[7,11,18,27,28,35,37],"killed_by":"Jaw Worm Horde","ascension_level":13}}