{"host":"uc8wz0q199a7d901","time":1612249773,"event":{"mods":["2.2 Compatiblity","BaseMod","Colored Map","DeckTracker","Highlight Path","Minty Spire (QoL Compilation)","Permanent Neow","Quick Restart","SuperFastMode"],"gold_per_floor":[113,132,112,126,136,169,185,185,185,185,211,49,49,64,64,136,136,155,155,155,155],"floor_reached":20,"language":"KOR","playtime":467,"items_purged":["Parasite"],"score":368,"play_id":"d20c8d77-3344-4b9e-b39d-66405a57b066","local_time":"20210202160933","is_ascension_mode":true,"campfire_choices":[{"floor":8.0,"key":"REST"},{"data":"Perfected Strike","floor":13.0,"key":"SMITH"},{"floor":15.0,"key":"REST"}],"circlet_count":0,"master_deck":["AscendersBane","Strike_R","Strike_R","Strike_R","Strike_R","Strike_R","Defend_R","Defend_R","Bash","Trip","Flex","Twin Strike","Body Slam","Sword Boomerang","Perfected Strike+1","Second Wind","Dropkick","Pommel Strike","Berserk","Juggernaut","Rage+1","Brutality+1","Clothesline+1","Wild Strike"],"relics":["Burning Blood","Dream Catcher","Mummified Hand","Potion Belt","Astrolabe"],"acts_visited":["Exordium","TheCity"],"potions_floor_usage":[],"damage_taken":[{"damage":7.0,"enemies":"Small Slimes","floor":1.0,"turns":4.0},{"damage":6.0,"enemies":"Cultist","floor":2.0,"turns":3.0},{"damage":7.0,"enemies":"Jaw Worm","floor":4.0,"turns":2.0},{"damage":6.0,"enemies":"2 Fungi Beasts","floor":5.0,"turns":3.0},{"damage":40.0,"enemies":"3 Sentries","floor":6.0,"turns":9.0},{"damage":34.0,"enemies":"Exordium Thugs","floor":7.0,"turns":5.0},{"damage":8.0,"enemies":"Gremlin Nob","floor":11.0,"turns":3.0},{"damage":11.0,"enemies":"Blue Slaver","floor":14.0,"turns":3.0},{"damage":61.0,"enemies":"Hexaghost","floor":16.0,"turns":9.0},{"damage":49,"enemies":"3 Byrds","floor":18,"turns":6},{"damage":29,"enemies":"Chosen","floor":20,"turns":3}],"seed_played":"-250499606843188390","potions_obtained":[{"floor":1.0,"key":"BloodPotion"},{"floor":3.0,"key":"Explosive Potion"},{"floor":4.0,"key":"CultistPotion"},{"floor":14.0,"key":"Block Potion"},{"floor":18,"key":"SteroidPotion"}],"is_trial":false,"path_per_floor":["M","M","?","M","M","E","M","R","T","?","E","$","R","M","R","B",null,"M","?","M"],"character_chosen":"IRONCLAD","items_purchased":["Dropkick"],"campfire_rested":2,"item_purchase_floors":[12],"current_hp_per_floor":[67,67,67,75,75,41,13,35,35,53,51,51,51,46,67,12,57,14,28,0,0],"gold":155,"neow_bonus":"RANDOM_COLORLESS","is_daily":false,"chose_seed":false,"campfire_upgraded":1,"win_rate":0.0,"timestamp":1612249773,"path_taken":["M","M","?","M","M","E","?","R","T","?","E","$","R","M","R","BOSS","M","?","M"],"items_purchased_type":["Card"],"build_version":"2020-12-22","purchased_purges":1,"victory":false,"max_hp_per_floor":[75,75,75,75,75,75,75,75,75,75,75,72,72,72,72,72,72,72,72,72,72],"card_choices":[{"not_picked":["Dramatic Entrance","Finesse"],"picked":"Trip","floor":0.0},{"not_picked":["Sever Soul","Armaments"],"picked":"Cleave","floor":1.0},{"not_picked":["Iron Wave","Rupture"],"picked":"Flex","floor":2.0},{"not_picked":["Iron Wave","Hemokinesis"],"picked":"Twin Strike","floor":4.0},{"not_picked":["Limit Break","Havoc"],"picked":"Body Slam","floor":5.0},{"not_picked":["Warcry","Flex"],"picked":"Sword Boomerang","floor":6.0},{"not_picked":["Rampage","Sever Soul","Body Slam"],"picked":"SKIP","floor":7.0},{"not_picked":["Iron Wave","Anger"],"picked":"Perfected Strike","floor":8.0},{"not_picked":["Clothesline","Body Slam"],"picked":"Second Wind","floor":11.0},{"not_picked":["Heavy Blade","Iron Wave"],"picked":"Pommel Strike","floor":14.0},{"not_picked":["Searing Blow","Iron Wave"],"picked":"Berserk","floor":15.0},{"not_picked":["Limit Break","Berserk"],"picked":"Juggernaut","floor":16.0},{"not_picked":["True Grit+1","Cleave"],"picked":"Wild Strike","floor":18}],"player_experience":716174,"relics_obtained":[{"floor":6.0,"key":"Dream Catcher"},{"floor":9.0,"key":"Mummified Hand"},{"floor":11.0,"key":"Potion Belt"}],"event_choices":[{"damage_healed":0.0,"max_hp_gain":0.0,"max_hp_loss":0.0,"gold_gain":0.0,"event_name":"The Woman in Blue","player_choice":"Bought 1 Potion","floor":3.0,"gold_loss":0.0,"damage_taken":0.0},{"damage_healed":18.0,"max_hp_gain":0.0,"max_hp_loss":0.0,"gold_gain":0.0,"event_name":"Mushrooms","player_choice":"Healed and dodged fight","floor":10.0,"gold_loss":0.0,"damage_taken":0.0,"cards_obtained":["Parasite"]},{"damage_healed":14,"gold_gain":0,"player_choice":"Heal","damage_taken":0,"max_hp_gain":0,"max_hp_loss":0,"event_name":"The Library","floor":19,"gold_loss":0}],"is_beta":false,"boss_relics":[{"not_picked":["Calling Bell","Sozu"],"picked":"Astrolabe"}],"items_purged_floors":[12],"is_endless":false,"potions_floor_spawned":[1,4,5,14,18],"killed_by":"Chosen","ascension_level":20}}