{"host":"106a9i1yxyuuvaq3","time":1612279706,"event":{"mods":["2.2 Compatiblity","A Magickal Journey","AchievementEnabler","Act Like it!","AlwaysNeverKeys","Astrologer","BaseMod","Better Altar","Better Match","Better Note","Better Sensory Stone","Better Skull","Better Third Choice","BetterRewards","Colored Map","Colored Powertips","Defuse TimeMaze Blight","Friendly Minions","Gensokyo","Highlight Path","Hubris","Infinite Spire","KinomotoSakuraMod(????)","LagranYue(???·?)","Lobotomy","Minty Spire (QoL Compilation)","Prisma Mod","Quick Restart","Random Character Button","Relic Filter","Relic Sorter","Replay The Spire","Spicy Shops","StSLib","SuperFastMode","Unceasing Turn Reminder","Waifu the Spire"],"gold_per_floor":[118,138,153,153,173,200,200,229,252,252,252,280,297,332,332,427,427,437,437,457,475,475,501,501,501,501],"floor_reached":25,"language":"ENG","playtime":1940,"items_purged":[],"score":264,"play_id":"ef8b865d-97b8-4eff-8aa7-9766f172c31e","local_time":"20210202162826","is_ascension_mode":true,"campfire_choices":[{"data":"astrologer:CosmicExpanse","floor":7.0,"key":"SMITH"},{"floor":10.0,"key":"REST"},{"data":"astrologer:Prestidigitation","floor":15.0,"key":"SMITH"}],"circlet_count":0,"master_deck":["astrologer:Strike","astrologer:Strike","astrologer:Strike","astrologer:Strike","astrologer:Defend","astrologer:Defend","astrologer:Defend","astrologer:Defend","astrologer:NorthStar","astrologer:TheFool","astrologer:CosmicExpanse+1","astrologer:Fireball+1","astrologer:TheStar","astrologer:Prestidigitation+1","astrologer:Prismatic","astrologer:Eclipse","astrologer:Moonlight","astrologer:Radiance","astrologer:SolarFlare","astrologer:Trine","astrologer:Judgement"],"relics":["LagranYue:RandomDrawCardRelic","Happy Flower","Toy Ornithopter","hubris:SlimyHat","hubris:ToyBattleship","PreservedInsect","hubris:TerracottaHorce","Nloth\u0027s Gift","Incense Burner"],"acts_visited":["Exordium","TheCity"],"potions_floor_usage":[],"damage_taken":[{"damage":0.0,"enemies":"2 Louse","floor":1.0,"turns":3.0},{"damage":0.0,"enemies":"Cultist","floor":2.0,"turns":4.0},{"damage":0.0,"enemies":"Small Slimes","floor":3.0,"turns":3.0},{"damage":10.0,"enemies":"Looter","floor":5.0,"turns":3.0},{"damage":14.0,"enemies":"Replay:BlueRogue","floor":6.0,"turns":5.0},{"damage":20.0,"enemies":"3 Sentries","floor":8.0,"turns":8.0},{"damage":18.0,"enemies":"Gremlin Nob","floor":12.0,"turns":4.0},{"damage":9.0,"enemies":"Blue Slaver","floor":13.0,"turns":3.0},{"damage":15.0,"enemies":"3 Sentries","floor":14.0,"turns":6.0},{"damage":18.0,"enemies":"The Guardian","floor":16.0,"turns":9.0},{"damage":19.0,"enemies":"3 Byrds","floor":18.0,"turns":5.0},{"damage":1.0,"enemies":"Spheric Guardian","floor":20.0,"turns":3.0},{"damage":12.0,"enemies":"Snecko","floor":21.0,"turns":4.0},{"damage":31.0,"enemies":"Nightmare","floor":23.0,"turns":7.0},{"damage":0,"enemies":"Replay:Snechameleon","floor":25,"turns":2}],"seed_played":"597219469326307063","potions_obtained":[{"floor":2.0,"key":"Energy Potion"},{"floor":3.0,"key":"Weak Potion"},{"floor":6.0,"key":"Elixir"},{"floor":14.0,"key":"FearPotion"},{"floor":20.0,"key":"AttackPotion"},{"floor":21.0,"key":"Fire Potion"}],"is_trial":false,"path_per_floor":["M","M","M","?","M","E","R","E","T","R","$","E","M","E","R","B",null,"M","?","M","M","?","NM","?","E"],"character_chosen":"ASTROLOGER","items_purchased":["astrologer:CosmicExpanse","astrologer:Fireball+1","astrologer:TheStar","astrologer:Prestidigitation","astrologer:Prismatic","astrologer:Eclipse","astrologer:Moonlight","astrologer:Fate"],"campfire_rested":1,"item_purchase_floors":[0,0,0,0,0,0,0,0],"current_hp_per_floor":[70,70,70,80,70,56,56,36,36,60,60,47,38,23,23,15,64,45,49,48,36,36,5,5,5,5],"gold":501,"neow_bonus":"","is_daily":false,"chose_seed":false,"campfire_upgraded":2,"win_rate":0.0,"timestamp":1612279706,"path_taken":["M","M","M","?","M","E","R","E","T","R","?","E","M","E","R","BOSS","M","?","M","M","?","NM","?","E"],"items_purchased_type":["Card","Card","Card","Card","Card","Card","Card","Card"],"build_version":"2020-12-22","purchased_purges":0,"victory":false,"max_hp_per_floor":[70,70,70,80,80,80,80,80,80,80,80,80,80,80,80,80,80,80,80,80,80,80,80,80,80,80],"card_choices":[{"not_picked":["astrologer:Conjunction","astrologer:ReadTheStars","astrologer:Eclipse"],"picked":"SKIP","floor":1.0},{"not_picked":["astrologer:Moonlight","astrologer:Cataclysm"],"picked":"astrologer:Radiance","floor":2.0},{"not_picked":["astrologer:LonelyStar","astrologer:TheLovers"],"picked":"astrologer:SolarFlare","floor":3.0},{"not_picked":["astrologer:Opposition","astrologer:Fate","astrologer:Moonlight"],"picked":"SKIP","floor":5.0},{"not_picked":["astrologer:Conjunction","astrologer:Moonlight","astrologer:WheelofFortune"],"picked":"SKIP","floor":6.0},{"not_picked":["astrologer:SpaceDust","astrologer:MeteorShower","astrologer:SolarFlare"],"picked":"SKIP","floor":8.0},{"not_picked":["astrologer:ReadTheStars","astrologer:Divination","astrologer:CosmicExpanse"],"picked":"SKIP","floor":12.0},{"not_picked":["astrologer:Stardust","astrologer:Fireball","astrologer:Eclipse"],"picked":"SKIP","floor":13.0},{"not_picked":["astrologer:Alignment","astrologer:CometStrike","astrologer:SpaceDust"],"picked":"SKIP","floor":14.0},{"not_picked":["astrologer:TheSun","astrologer:WheelofFortune"],"picked":"astrologer:Trine","floor":16.0},{"not_picked":["astrologer:MeteorShower","astrologer:ReadTheStars+1","astrologer:Eclipse"],"picked":"SKIP","floor":18.0},{"not_picked":["astrologer:TheStar","astrologer:Moonlight","astrologer:CometStrike"],"picked":"SKIP","floor":20.0},{"not_picked":["astrologer:LonelyStar","astrologer:Eclipse"],"picked":"astrologer:Judgement","floor":21.0},{"not_picked":["astrologer:Cataclysm","astrologer:TheHermit","astrologer:Still"],"picked":"SKIP","floor":23.0}],"player_experience":173681,"relics_obtained":[{"floor":6.0,"key":"Happy Flower"},{"floor":8.0,"key":"Toy Ornithopter"},{"floor":9.0,"key":"hubris:SlimyHat"},{"floor":12.0,"key":"hubris:ToyBattleship"},{"floor":14.0,"key":"PreservedInsect"},{"floor":23.0,"key":"Incense Burner"}],"event_choices":[{"cards_removed":["astrologer:Fate"],"damage_healed":0.0,"max_hp_gain":10.0,"max_hp_loss":0.0,"gold_gain":0.0,"event_name":"Bonfire Elementals","player_choice":"Offered Rare","floor":4.0,"gold_loss":0.0,"damage_taken":0.0},{"damage_healed":4.0,"max_hp_gain":0.0,"max_hp_loss":0.0,"gold_gain":0.0,"event_name":"betterSkull:BetterSkull","player_choice":"LEAVE ","floor":19.0,"gold_loss":0.0,"damage_taken":0.0,"cards_upgraded":[],"relics_obtained":[]},{"damage_healed":0.0,"max_hp_gain":0.0,"max_hp_loss":0.0,"gold_gain":0.0,"event_name":"N\u0027loth","player_choice":"Traded Relic","floor":22.0,"relics_lost":["astrologer:SkyMirror"],"gold_loss":0.0,"damage_taken":0.0,"relics_obtained":["Nloth\u0027s Gift"]},{"damage_healed":0.0,"max_hp_gain":0.0,"max_hp_loss":0.0,"gold_gain":0.0,"event_name":"Transmorgrifier","player_choice":"Ignored","floor":24.0,"gold_loss":0.0,"damage_taken":0.0}],"is_beta":false,"boss_relics":[{"not_picked":["LagranYue:SoulBurningRelic","SacredBark"],"picked":"hubris:TerracottaHorce"}],"items_purged_floors":[],"is_endless":false,"potions_floor_spawned":[2,3,6,14,20,21,23],"killed_by":"Replay:Snechameleon","ascension_level":1}}