{"host":"xsuxkwaivmtd234a","time":1614178928,"event":{"mods":["BaseMod","Bestiary","Colored Map","Minty Spire (QoL Compilation)","Relic Stats","StSLib"],"gold_per_floor":[114,129,129,140,154,182,182,217,217,217,247,247,247,257,257,353,353,364,382,397,34,34,34,34,34],"floor_reached":24,"language":"ENG","playtime":1055,"items_purged":[],"score":324,"play_id":"ead901f0-0100-4777-bf5c-ebacd5bd47f9","local_time":"20210224100208","is_ascension_mode":true,"campfire_choices":[{"data":"Bash","floor":7,"key":"SMITH"},{"data":"Armaments","floor":10,"key":"SMITH"},{"data":"Sword Boomerang","floor":12,"key":"SMITH"},{"data":"Clothesline","floor":15,"key":"SMITH"},{"data":"Barricade","floor":23,"key":"SMITH"}],"circlet_count":0,"master_deck":["AscendersBane","Strike_R","Strike_R","Strike_R+1","Strike_R","Defend_R","Defend_R+1","Defend_R","Defend_R","Bash+1","Fire Breathing","Iron Wave","Clothesline+1","Sword Boomerang+1","Armaments+1","Anger","Flex","Feed","Second Wind+1","Barricade+1","Feel No Pain","Demon Form","Carnage"],"relics":["Burning Blood","FossilizedHelix","The Courier","StrikeDummy","InkBottle","Sozu","PrismaticShard"],"acts_visited":["Exordium","TheCity"],"potions_floor_usage":[6,8,16],"damage_taken":[{"damage":0,"enemies":"Cultist","floor":1,"turns":3},{"damage":16,"enemies":"Small Slimes","floor":2,"turns":5},{"damage":0,"enemies":"2 Louse","floor":4,"turns":3},{"damage":0,"enemies":"Exordium Thugs","floor":5,"turns":4},{"damage":15,"enemies":"3 Sentries","floor":6,"turns":5},{"damage":6,"enemies":"Gremlin Nob","floor":8,"turns":4},{"damage":10,"enemies":"3 Sentries","floor":11,"turns":6},{"damage":6,"enemies":"Gremlin Gang","floor":14,"turns":5},{"damage":41,"enemies":"The Guardian","floor":16,"turns":13},{"damage":9,"enemies":"Shell Parasite","floor":18,"turns":4},{"damage":12,"enemies":"2 Thieves","floor":19,"turns":3},{"damage":9,"enemies":"Centurion and Healer","floor":20,"turns":7},{"damage":58,"enemies":"Slavers","floor":24,"turns":4}],"seed_played":"3090158986624657084","potions_obtained":[{"floor":1,"key":"PowerPotion"},{"floor":6,"key":"BlessingOfTheForge"},{"floor":8,"key":"DuplicationPotion"}],"is_trial":false,"path_per_floor":["M","M","?","M","M","E","R","E","T","R","E","R","?","M","R","B",null,"M","M","M","$","?","R","E"],"character_chosen":"IRONCLAD","items_purchased":["Barricade","Feel No Pain","Demon Form","PrismaticShard"],"campfire_rested":0,"item_purchase_floors":[21,21,21,21],"current_hp_per_floor":[72,62,48,54,60,51,51,51,51,51,47,47,47,47,47,12,57,54,51,51,51,51,51,0,0],"gold":34,"neow_bonus":"ONE_RARE_RELIC","is_daily":false,"chose_seed":false,"campfire_upgraded":5,"win_rate":0.0,"timestamp":1614178928,"path_taken":["M","M","?","M","M","E","R","E","T","R","E","R","?","M","R","BOSS","M","M","?","$","?","R","E"],"items_purchased_type":["Card","Card","Card","Relic"],"build_version":"2020-12-22","purchased_purges":0,"victory":false,"max_hp_per_floor":[72,72,72,72,72,72,72,72,72,72,72,72,72,72,72,72,72,72,75,78,78,78,78,78,78],"relic_stats":{"Sozu":1,"counters":[13,66],"obtain_stats":[{"Sozu":17,"The Courier":6,"StrikeDummy":8,"PrismaticShard":21,"Burning Blood":0,"FossilizedHelix":0,"InkBottle":11},{"Sozu":9,"The Courier":5,"StrikeDummy":6,"PrismaticShard":12,"Burning Blood":0,"FossilizedHelix":0,"InkBottle":7},{"Sozu":48,"The Courier":20,"StrikeDummy":24,"PrismaticShard":62,"Burning Blood":0,"FossilizedHelix":0,"InkBottle":30}],"Burning Blood":66,"InkBottle":[11]},"card_choices":[{"not_picked":["Pummel","Body Slam"],"picked":"Fire Breathing","floor":1},{"not_picked":["Havoc","Perfected Strike"],"picked":"Iron Wave","floor":2},{"not_picked":["Heavy Blade","Iron Wave"],"picked":"Clothesline","floor":4},{"not_picked":["Exhume","True Grit"],"picked":"Sword Boomerang","floor":5},{"not_picked":["Iron Wave","Clash","Heavy Blade"],"picked":"SKIP","floor":6},{"not_picked":["Intimidate","Perfected Strike"],"picked":"Armaments","floor":8},{"not_picked":["Hemokinesis","Warcry"],"picked":"Anger","floor":11},{"not_picked":["Dual Wield","Armaments"],"picked":"Flex","floor":14},{"not_picked":["Exhume","Impervious"],"picked":"Feed","floor":16},{"not_picked":["Cleave","Body Slam"],"picked":"Second Wind+1","floor":18},{"not_picked":["Armaments","Hemokinesis","Warcry+1"],"picked":"SKIP","floor":19},{"not_picked":["Warcry+1","Sentinel","Pommel Strike"],"picked":"SKIP","floor":20}],"player_experience":1364788,"relics_obtained":[{"floor":6,"key":"The Courier"},{"floor":8,"key":"StrikeDummy"},{"floor":11,"key":"InkBottle"}],"event_choices":[{"damage_healed":0,"gold_gain":0,"player_choice":"Entered Light","damage_taken":14,"max_hp_gain":0,"max_hp_loss":0,"event_name":"Shining Light","floor":3,"gold_loss":0,"cards_upgraded":["Strike_R","Defend_R"]},{"damage_healed":0,"gold_gain":0,"player_choice":"Ignored","damage_taken":0,"max_hp_gain":0,"max_hp_loss":0,"event_name":"NoteForYourself","floor":13,"gold_loss":0},{"damage_healed":0,"gold_gain":0,"cards_transformed":["Strike_R"],"player_choice":"Transformed","damage_taken":0,"max_hp_gain":0,"max_hp_loss":0,"event_name":"Transmorgrifier","floor":22,"gold_loss":0,"cards_obtained":["Carnage"]}],"is_beta":false,"boss_relics":[{"not_picked":["Mark of Pain","Coffee Dripper"],"picked":"Sozu"}],"items_purged_floors":[],"is_endless":false,"potions_floor_spawned":[1,6,8,20],"killed_by":"Slavers","ascension_level":10}}