{"host":"dlqyscxstsnu98l1","time":1614207967,"event":{"mods":["AchievementEnabler","BaseMod","Colored Map","Colored Powertips","GifTheSpireLib","Highlight Path","Minty Spire (QoL Compilation)","Random Character Button","SacredBarkPlus","StSLib","everything is the same but u backflip on backflip"],"gold_per_floor":[219,231,306,326,326,326,326,326,326],"floor_reached":8,"language":"ENG","playtime":268,"items_purged":[],"score":60,"play_id":"69e3d7ee-52fa-4fd0-9d3f-adc2bdc21006","local_time":"20210224170607","is_ascension_mode":true,"campfire_choices":[{"floor":6,"key":"REST"},{"data":"Eruption","floor":7,"key":"SMITH"}],"circlet_count":0,"master_deck":["Strike_P","Strike_P","Strike_P","Strike_P","Defend_P","Defend_P","Defend_P","Defend_P","Eruption+1","Vigilance","LikeWater","Consecrate"],"relics":["PureWater","WingedGreaves"],"acts_visited":["Exordium"],"potions_floor_usage":[8],"damage_taken":[{"damage":8,"enemies":"Jaw Worm","floor":1,"turns":4},{"damage":8,"enemies":"Small Slimes","floor":2,"turns":6},{"damage":0,"enemies":"Cultist","floor":4,"turns":2},{"damage":62,"enemies":"Lagavulin","floor":8,"turns":6}],"seed_played":"-2398625048149663988","potions_obtained":[{"floor":1,"key":"Weak Potion"}],"is_trial":false,"path_per_floor":["M","M","?","M","?","R","R","E"],"character_chosen":"WATCHER","items_purchased":[],"campfire_rested":1,"item_purchase_floors":[],"current_hp_per_floor":[57,49,38,38,31,52,52,0,0],"gold":326,"neow_bonus":"HUNDRED_GOLD","is_daily":false,"chose_seed":false,"campfire_upgraded":1,"win_rate":0.0,"timestamp":1614207967,"path_taken":["M","M","?","M","?","R","R","E"],"items_purchased_type":[],"build_version":"2020-12-22","purchased_purges":0,"victory":false,"max_hp_per_floor":[72,72,72,72,72,72,72,72,72],"card_choices":[{"not_picked":["Collect","FlurryOfBlows"],"picked":"LikeWater","floor":1},{"not_picked":["Crescendo","CarveReality"],"picked":"Consecrate","floor":2},{"not_picked":["Evaluate","TalkToTheHand","JustLucky"],"picked":"SKIP","floor":4}],"player_experience":277746,"relics_obtained":[],"event_choices":[{"damage_healed":0,"gold_gain":75,"player_choice":"Gather Gold","damage_taken":11,"max_hp_gain":0,"max_hp_loss":0,"event_name":"World of Goop","floor":3,"gold_loss":0},{"damage_healed":0,"gold_gain":0,"player_choice":"Success","damage_taken":7,"relics_obtained":["WingedGreaves"],"max_hp_gain":0,"max_hp_loss":0,"event_name":"Scrap Ooze","floor":5,"gold_loss":0}],"is_beta":false,"boss_relics":[],"items_purged_floors":[],"is_endless":false,"potions_floor_spawned":[1],"killed_by":"Lagavulin","ascension_level":6}}