{"host":"eydwxg59205c3vtl","time":1614147296,"event":{"mods":["2.2 Compatiblity","BaseMod","Colored Map","Colored Powertips","Hubris","Minty Spire (QoL Compilation)","StSLib","The Jungle","The Necromancer"],"gold_per_floor":[112,131,56,56,68,97,110,110,185,185,185,2,30,48,48,122,122,141,141,16,36,36,36,54,54,54,66,66,66],"floor_reached":28,"language":"ENG","playtime":877,"items_purged":["Strike_W","Pain","Shame"],"score":445,"play_id":"a5513f15-acab-4abe-905e-a97aa69b8720","local_time":"20210224011456","is_ascension_mode":true,"campfire_choices":[{"data":"Plague_Bolt","floor":8.0,"key":"SMITH"},{"data":"Acid_Javelin","floor":10.0,"key":"SMITH"},{"data":"Negative_Energy_Mist","floor":15,"key":"SMITH"},{"data":"Negative_Energy_Burst","floor":23,"key":"SMITH"},{"floor":25,"key":"REST"}],"circlet_count":0,"master_deck":["AscendersBane","Strike_W","Strike_W","Strike_W","Defend_W","Defend_W","Defend_W","Defend_W","Negative_Energy_Arrows+1","Bone_Wall","Negative_Energy_Javelin","Plague_Bolt+1","Acid_Javelin+1","Negative_Energy_Bomb","Negative_Energy_Mist+1","Exploit","CurseOfTheBell","Negative_Energy_Burst","Negative_Energy_Burst+1","Writhe"],"relics":["Vampire_Amulet","WarpedTongs","Blue Candle","InkBottle","HornCleat","Calling Bell","hubris:TenFootPole","Darkstone Periapt","hubris:CuriousFeather","Question Card","Vajra","Mummified Hand"],"acts_visited":["Exordium","TheCity"],"potions_floor_usage":[16],"damage_taken":[{"damage":1.0,"enemies":"Cultist","floor":1.0,"turns":3.0},{"damage":5.0,"enemies":"2 Louse","floor":2.0,"turns":4.0},{"damage":3.0,"enemies":"Jaw Worm","floor":5.0,"turns":3.0},{"damage":31.0,"enemies":"Gremlin Nob","floor":6.0,"turns":4.0},{"damage":11.0,"enemies":"Looter","floor":7.0,"turns":3.0},{"damage":14,"enemies":"3 Sentries","floor":13,"turns":7},{"damage":0,"enemies":"3 Louse","floor":14,"turns":5},{"damage":18,"enemies":"The Guardian","floor":16,"turns":12},{"damage":24,"enemies":"Shell Parasite","floor":18,"turns":8},{"damage":8,"enemies":"Chosen","floor":21,"turns":5},{"damage":30,"enemies":"Snake Plant","floor":24,"turns":5},{"damage":23,"enemies":"Centurion and Healer","floor":27,"turns":6},{"damage":23,"enemies":"Snecko","floor":28,"turns":6}],"seed_played":"-1586697377171748769","potions_obtained":[{"floor":5.0,"key":"Fruit Juice"},{"floor":6.0,"key":"FearPotion"},{"floor":14,"key":"Strength Potion"},{"floor":21,"key":"SteroidPotion"}],"is_trial":false,"path_per_floor":["M","M","$","?","M","E","M","R","T","R","?","$","E","M","R","B",null,"M","?","$","M","?","R","M","R","T","M","M"],"character_chosen":"NECROMANCER","items_purchased":["Negative_Energy_Bomb"],"campfire_rested":1,"item_purchase_floors":[12],"current_hp_per_floor":[65,64,64,64,68,39,30,30,30,30,30,30,22,28,28,12,60,38,44,44,38,44,44,16,42,42,23,0,0],"gold":66,"neow_bonus":"UPGRADE_CARD","is_daily":false,"chose_seed":false,"campfire_upgraded":4,"win_rate":0.0,"timestamp":1614147296,"path_taken":["M","?","$","?","?","E","?","R","T","R","?","$","E","M","R","BOSS","M","?","$","M","?","R","M","R","T","M","M"],"items_purchased_type":["Card"],"build_version":"2020-12-22","purchased_purges":3,"victory":false,"max_hp_per_floor":[71,71,71,71,76,76,76,76,76,76,76,76,76,76,76,76,76,76,82,82,82,88,88,88,88,88,88,88,88],"card_choices":[{"not_picked":["Finger_Of_Death","Consume_Illness"],"picked":"Negative_Energy_Javelin","floor":1.0},{"not_picked":["Slay_Living","Bone_Armor"],"picked":"Plague_Bolt","floor":2.0},{"not_picked":["Blood_Whip","Bone_Bullets","Stop_Heart"],"picked":"SKIP","floor":5.0},{"not_picked":["Bone_Armor","Bone_Spikes","Death_Coil"],"picked":"SKIP","floor":6.0},{"not_picked":["Flesh_Made_Foul","Bones_to_Steel"],"picked":"Acid_Javelin","floor":7.0},{"not_picked":["Blood_Curse","Summon_Undead"],"picked":"Negative_Energy_Mist","floor":13},{"not_picked":["Death_March_Dance","Detonate_Bones"],"picked":"Exploit","floor":14},{"not_picked":["Summon_Lich","Bone_Armor"],"picked":"Negative_Energy_Burst","floor":18},{"not_picked":["Flesh_Made_Foul","Blood_Whip","Acid_Javelin"],"picked":"Negative_Energy_Burst","floor":21},{"not_picked":["Exploit","Thousand_Bone_Knives+1","Bones_to_Steel","Consume_Illness"],"picked":"SKIP","floor":24},{"not_picked":["Toxic_Smoke_Screen+1","Death_March_Dance","Consume_Illness","Necromantic_Selection"],"picked":"SKIP","floor":27}],"player_experience":636356,"relics_obtained":[{"floor":6.0,"key":"Blue Candle"},{"floor":9.0,"key":"InkBottle"},{"floor":13,"key":"HornCleat"},{"floor":17,"key":"hubris:TenFootPole"},{"floor":17,"key":"Darkstone Periapt"},{"floor":17,"key":"hubris:CuriousFeather"},{"floor":26,"key":"Mummified Hand"}],"event_choices":[{"damage_healed":0.0,"max_hp_gain":0.0,"max_hp_loss":0.0,"gold_gain":0.0,"event_name":"Accursed Blacksmith","player_choice":"Rummage","floor":4.0,"gold_loss":0.0,"damage_taken":0.0,"relics_obtained":["WarpedTongs"],"cards_obtained":["Pain"]},{"damage_healed":0.0,"max_hp_gain":0.0,"max_hp_loss":0.0,"gold_gain":0.0,"event_name":"Liars Game","player_choice":"Ignored","floor":11.0,"gold_loss":0.0,"damage_taken":0.0},{"damage_healed":0,"gold_gain":0,"player_choice":"Stole Relic","damage_taken":0,"relics_obtained":["Question Card"],"max_hp_gain":0,"max_hp_loss":0,"event_name":"Addict","floor":19,"gold_loss":0,"cards_obtained":["Shame"]},{"damage_healed":0,"gold_gain":0,"player_choice":"Opened","damage_taken":0,"relics_obtained":["Vajra"],"max_hp_gain":0,"max_hp_loss":0,"event_name":"The Mausoleum","floor":22,"gold_loss":0,"cards_obtained":["Writhe"]}],"is_beta":false,"boss_relics":[{"not_picked":["Black Star","hubris:GrandSneckoEye"],"picked":"Calling Bell"}],"items_purged_floors":[3,12,20],"is_endless":false,"potions_floor_spawned":[5,6,14,21,24],"killed_by":"Snecko","ascension_level":19}}