{"host":"bg8va46pgqgvtzim","time":1614133569,"event":{"mods":["BaseMod","Minty Spire (QoL Compilation)","Quick Restart","StSLib","SuperFastMode"],"gold_per_floor":[13,24,24,36,36,46,60,76,107,107,119,149,149,149,219,229,229,239,253,23,35,35,35,137,137,152,152,166,91,115,126,126,145,145,175,32,42,42,65,82,82,94,94,104,133,151,151,151,254,254,272,285,305,205,217,269,284,284,332,343,343,343,343,373,373,406,417,442,143,189,208,208,208,208,208,208,9,38,38],"floor_reached":80,"language":"ZHS","playtime":6057,"items_purged":["Strike_R","Twin Strike","Bash","Pommel Strike+1"],"score":1900,"play_id":"a44598d8-b739-408c-a8d6-de87e487dbfc","local_time":"20210224102609","is_ascension_mode":true,"campfire_choices":[{"data":"Armaments","floor":10.0,"key":"SMITH"},{"data":"True Grit","floor":22.0,"key":"SMITH"},{"data":"Pommel Strike","floor":23.0,"key":"SMITH"},{"data":"Burning Pact","floor":34.0,"key":"SMITH"},{"data":"Offering","floor":41.0,"key":"SMITH"},{"data":"Sword Boomerang","floor":47.0,"key":"SMITH"},{"floor":48.0,"key":"RECALL"},{"data":"Impervious","floor":58,"key":"SMITH"},{"data":"Shrug It Off","floor":61,"key":"SMITH"},{"data":"Flame Barrier","floor":72,"key":"SMITH"},{"floor":73,"key":"REST"},{"floor":76,"key":"REST"}],"circlet_count":0,"master_deck":["Offering+1","Armaments+1","Carnage+1","Sword Boomerang+1","Flame Barrier+1","Shrug It Off+1","Dark Embrace+1","True Grit+1","Demon Form+1","Impervious+1","Burning Pact+1","Body Slam+1","Battle Trance+1","Evolve+1","Seeing Red+1","Power Through+1","Shrug It Off+1","Sentinel+1","Burning Pact+1","Shockwave+1","Berserk+1","Ghostly Armor+1","Dual Wield+1","Reaper+1","Juggernaut+1","Rage+1","Corruption+1","Sentinel+1","Seeing Red+1","Intimidate+1","Burning Pact+1","Warcry+1","Apotheosis+1","Warcry+1","Warcry+1","Warcry+1"],"relics":["Burning Blood","Red Skull","Frozen Egg 2","Tiny Chest","Paper Frog","Medical Kit","Black Star","Art of War","Toxic Egg 2","Vajra","Orrery","White Beast Statue","Anchor","Mango","Singing Bowl","Torii","Pandora\u0027s Box","Boot","Dead Branch","StoneCalendar","Akabeko","Whetstone","Bag of Marbles","Centennial Puzzle","Unceasing Top","Pear","Orichalcum","Blood Vial","War Paint"],"acts_visited":["Exordium","TheCity","TheBeyond","TheEnding"],"potions_floor_usage":[79,79],"damage_taken":[{"damage":3.0,"enemies":"2 Louse","floor":1.0,"turns":4.0},{"damage":7.0,"enemies":"Jaw Worm","floor":2.0,"turns":2.0},{"damage":1.0,"enemies":"Cultist","floor":4.0,"turns":3.0},{"damage":13.0,"enemies":"Large Slime","floor":6.0,"turns":8.0},{"damage":9.0,"enemies":"Exordium Wildlife","floor":7.0,"turns":4.0},{"damage":8.0,"enemies":"Blue Slaver","floor":8.0,"turns":3.0},{"damage":42.0,"enemies":"Lagavulin","floor":9.0,"turns":6.0},{"damage":0.0,"enemies":"2 Fungi Beasts","floor":11.0,"turns":2.0},{"damage":19.0,"enemies":"3 Sentries","floor":12.0,"turns":5.0},{"damage":8.0,"enemies":"Gremlin Gang","floor":16.0,"turns":5.0},{"damage":3.0,"enemies":"Red Slaver","floor":18.0,"turns":5.0},{"damage":2.0,"enemies":"3 Louse","floor":19.0,"turns":5.0},{"damage":0.0,"enemies":"Large Slime","floor":21.0,"turns":4.0},{"damage":6.0,"enemies":"The Guardian","floor":24.0,"turns":8.0},{"damage":27.0,"enemies":"Chosen","floor":26.0,"turns":10.0},{"damage":12.0,"enemies":"Shell Parasite","floor":28.0,"turns":14.0},{"damage":11.0,"enemies":"Centurion and Healer","floor":31.0,"turns":6.0},{"damage":8.0,"enemies":"Chosen and Byrds","floor":33.0,"turns":6.0},{"damage":37.0,"enemies":"Gremlin Leader","floor":35.0,"turns":8.0},{"damage":6.0,"enemies":"Snake Plant","floor":37.0,"turns":5.0},{"damage":6.0,"enemies":"Sentry and Sphere","floor":40.0,"turns":4.0},{"damage":0.0,"enemies":"Sentry and Sphere","floor":42.0,"turns":3.0},{"damage":6.0,"enemies":"Centurion and Healer","floor":44.0,"turns":7.0},{"damage":6.0,"enemies":"Book of Stabbing","floor":45.0,"turns":3.0},{"damage":6.0,"enemies":"Cultist and Chosen","floor":46.0,"turns":4.0},{"damage":33.0,"enemies":"Automaton","floor":49.0,"turns":9.0},{"damage":0,"enemies":"3 Shapes","floor":51,"turns":3},{"damage":13,"enemies":"3 Darklings","floor":52,"turns":3},{"damage":13,"enemies":"Spire Growth","floor":53,"turns":4},{"damage":6,"enemies":"Transient","floor":55,"turns":5},{"damage":6,"enemies":"Sphere and 2 Shapes","floor":57,"turns":3},{"damage":6,"enemies":"2 Orb Walkers","floor":59,"turns":3},{"damage":0,"enemies":"Spire Growth","floor":60,"turns":2},{"damage":6,"enemies":"Reptomancer","floor":64,"turns":1},{"damage":6,"enemies":"Giant Head","floor":66,"turns":1},{"damage":15,"enemies":"Maw","floor":67,"turns":1},{"damage":6,"enemies":"Nemesis","floor":68,"turns":3},{"damage":1,"enemies":"3 Darklings","floor":71,"turns":2},{"damage":13,"enemies":"Donu and Deca","floor":74,"turns":3},{"damage":0,"enemies":"Shield and Spear","floor":78,"turns":3},{"damage":9,"enemies":"The Heart","floor":79,"turns":4}],"seed_played":"8141398387686788049","potions_obtained":[{"floor":2.0,"key":"Fruit Juice"},{"floor":4.0,"key":"LiquidMemories"},{"floor":8.0,"key":"ColorlessPotion"},{"floor":12.0,"key":"GamblersBrew"},{"floor":19.0,"key":"Fire Potion"},{"floor":24.0,"key":"DuplicationPotion"},{"floor":33.0,"key":"Regen Potion"},{"floor":40.0,"key":"AttackPotion"},{"floor":44.0,"key":"Block Potion"},{"floor":49,"key":"BloodPotion"},{"floor":64,"key":"PowerPotion"}],"is_trial":false,"path_per_floor":["M","M","?","M","?","M","M","M","E","R","M","E","?","T","T","M","?","M","M","$","M","R","R","B",null,"M","?","M","$","T","M","?","M","R","E","$","M","T","T","M","R","M","?","M","E","M","R","R","B",null,"M","M","M","$","M","T","M","R","?","M","R","T","?","E","?","E","M","E","$","T","M","R","R","B",null,"R","$","E","B",null],"character_chosen":"IRONCLAD","items_purchased":["Dark Embrace+1","Medical Kit","True Grit","Orrery","Apotheosis+1","Warcry+1"],"campfire_rested":2,"item_purchase_floors":[20,20,20,36,69,77],"current_hp_per_floor":[80,79,79,80,80,73,70,68,32,32,38,25,25,25,25,23,49,52,56,56,62,62,62,67,85,64,64,58,58,58,53,53,51,51,35,35,35,35,35,49,49,55,55,55,55,57,57,57,30,101,103,98,101,101,107,107,107,107,109,109,109,109,109,109,99,101,92,104,104,104,123,123,123,116,123,123,123,123,123],"gold":38,"neow_bonus":"THREE_RARE_CARDS","is_daily":false,"chose_seed":false,"campfire_upgraded":9,"win_rate":0.0,"timestamp":1614133569,"path_taken":["M","M","?","M","?","M","M","?","E","R","M","E","?","T","T","?","?","M","M","$","M","R","R","BOSS","M","?","M","$","?","M","?","M","R","E","?","M","T","T","?","R","M","?","M","E","M","R","R","BOSS","BOSS","M","M","?","?","M","?","M","R","?","M","R","T","?","E","?","E","M","E","$","?","M","R","R","BOSS","R","$","E","BOSS"],"items_purchased_type":["Card","Relic","Card","Relic","Card","Card"],"build_version":"2020-12-22","purchased_purges":4,"victory":true,"max_hp_per_floor":[80,80,80,80,80,80,80,80,80,80,80,80,80,80,80,80,80,80,80,80,80,80,80,85,85,85,85,85,85,85,85,85,85,85,85,85,85,85,85,99,99,99,99,99,99,101,101,101,101,101,103,105,107,107,107,107,107,107,109,109,109,109,109,109,109,111,111,123,123,123,123,123,123,123,123,123,123,123,123],"card_choices":[{"not_picked":["Reaper","Limit Break"],"picked":"Offering","floor":0.0},{"not_picked":["Heavy Blade","Havoc"],"picked":"Pommel Strike","floor":1.0},{"not_picked":["Body Slam","Blood for Blood"],"picked":"Armaments","floor":2.0},{"not_picked":["Cleave","Clash","Havoc"],"picked":"SKIP","floor":4.0},{"not_picked":["Iron Wave","Bloodletting"],"picked":"Inflame","floor":6.0},{"not_picked":["Pummel","Inflame","Clothesline"],"picked":"SKIP","floor":7.0},{"not_picked":["Twin Strike","Perfected Strike","Pommel Strike"],"picked":"SKIP","floor":8.0},{"not_picked":["Sentinel","Anger"],"picked":"Carnage","floor":9.0},{"not_picked":["Heavy Blade","Headbutt"],"picked":"Sword Boomerang","floor":11.0},{"not_picked":["Exhume","Clash","Sword Boomerang"],"picked":"SKIP","floor":12.0},{"not_picked":["Sever Soul","Perfected Strike"],"picked":"Flame Barrier","floor":16.0},{"not_picked":["Anger","Flex"],"picked":"Shrug It Off","floor":18.0},{"not_picked":["Cleave","Thunderclap","Infernal Blade"],"picked":"SKIP","floor":19.0},{"not_picked":["Heavy Blade","Warcry"],"picked":"Demon Form+1","floor":21.0},{"not_picked":["Fiend Fire","Double Tap"],"picked":"Impervious","floor":24.0},{"not_picked":["Entrench","Wild Strike","Perfected Strike"],"picked":"SKIP","floor":26.0},{"not_picked":["Headbutt+1","Anger"],"picked":"Body Slam+1","floor":28.0},{"not_picked":["Uppercut","Intimidate"],"picked":"Battle Trance+1","floor":31.0},{"not_picked":["Pommel Strike","Cleave"],"picked":"Evolve+1","floor":33.0},{"not_picked":["Clothesline","Rampage+1","Searing Blow"],"picked":"SKIP","floor":35.0},{"not_picked":["Dropkick","Body Slam"],"picked":"Seeing Red+1","floor":36.0},{"not_picked":["Bludgeon","Perfected Strike+1"],"picked":"Power Through+1","floor":36.0},{"not_picked":["Wild Strike","True Grit+1"],"picked":"Shrug It Off+1","floor":36.0},{"not_picked":["Flame Barrier+1","Inflame+1","True Grit+1"],"picked":"SKIP","floor":37.0},{"not_picked":["Shrug It Off+1","Dark Embrace+1"],"picked":"Sentinel+1","floor":42.0},{"not_picked":["Heavy Blade+1","Clothesline+1","Clash+1"],"picked":"SKIP","floor":44.0},{"not_picked":["Fiend Fire","Dropkick+1"],"picked":"Shockwave+1","floor":45.0},{"not_picked":["True Grit+1","Whirlwind","Anger+1"],"picked":"Singing Bowl","floor":46.0},{"not_picked":["Offering+1","Double Tap+1"],"picked":"Berserk+1","floor":49},{"not_picked":["Battle Trance+1","Clash+1","Infernal Blade+1"],"picked":"Singing Bowl","floor":51},{"not_picked":["Cleave","Perfected Strike","Flame Barrier+1"],"picked":"Singing Bowl","floor":52},{"not_picked":["Battle Trance+1","Entrench+1","Thunderclap+1"],"picked":"Singing Bowl","floor":53},{"not_picked":["Pommel Strike+1","Dark Embrace+1"],"picked":"Sentinel+1","floor":55},{"not_picked":["Whirlwind+1","Shrug It Off+1"],"picked":"Seeing Red+1","floor":57},{"not_picked":["Wild Strike","Fire Breathing+1","Ghostly Armor+1"],"picked":"Singing Bowl","floor":59},{"not_picked":["Inflame+1","Dropkick"],"picked":"Intimidate+1","floor":60},{"not_picked":["Immolate","Power Through+1"],"picked":"Burning Pact+1","floor":64},{"not_picked":["Twin Strike","Metallicize+1","Cleave+1"],"picked":"Singing Bowl","floor":66},{"not_picked":["Inflame+1","Uppercut"],"picked":"Warcry+1","floor":67},{"not_picked":["Thunderclap","Brutality+1","Clothesline+1"],"picked":"Singing Bowl","floor":68},{"not_picked":["Headbutt","Cleave+1"],"picked":"Warcry+1","floor":71},{"not_picked":["Spot Weakness+1","Wild Strike+1"],"picked":"Warcry+1","floor":78}],"player_experience":2536376,"relics_obtained":[{"floor":9.0,"key":"Red Skull"},{"floor":12.0,"key":"Frozen Egg 2"},{"floor":15.0,"key":"Paper Frog"},{"floor":30.0,"key":"Art of War"},{"floor":35.0,"key":"Toxic Egg 2"},{"floor":35.0,"key":"Vajra"},{"floor":38.0,"key":"White Beast Statue"},{"floor":39.0,"key":"Anchor"},{"floor":40.0,"key":"Mango"},{"floor":45.0,"key":"Singing Bowl"},{"floor":45.0,"key":"Torii"},{"floor":56,"key":"Boot"},{"floor":59,"key":"Dead Branch"},{"floor":62,"key":"StoneCalendar"},{"floor":64,"key":"Akabeko"},{"floor":64,"key":"Whetstone"},{"floor":66,"key":"Bag of Marbles"},{"floor":66,"key":"Centennial Puzzle"},{"floor":68,"key":"Unceasing Top"},{"floor":68,"key":"Pear"},{"floor":70,"key":"Orichalcum"},{"floor":78,"key":"Blood Vial"},{"floor":78,"key":"War Paint"}],"event_choices":[{"cards_removed":["Strike_R"],"damage_healed":0.0,"max_hp_gain":0.0,"max_hp_loss":0.0,"gold_gain":0.0,"event_name":"Living Wall","player_choice":"Forget","floor":3.0,"gold_loss":0.0,"damage_taken":0.0},{"damage_healed":0.0,"max_hp_gain":0.0,"max_hp_loss":0.0,"gold_gain":0.0,"event_name":"The Cleric","player_choice":"Leave","floor":5.0,"gold_loss":0.0,"damage_taken":0.0},{"damage_healed":0.0,"max_hp_gain":0.0,"max_hp_loss":0.0,"gold_gain":0.0,"event_name":"WeMeetAgain","player_choice":"Gave Potion","floor":13.0,"gold_loss":0.0,"damage_taken":0.0,"relics_obtained":["Tiny Chest"]},{"damage_healed":26.0,"max_hp_gain":0.0,"max_hp_loss":0.0,"gold_gain":0.0,"event_name":"Big Fish","player_choice":"Banana","floor":17.0,"gold_loss":0.0,"damage_taken":0.0},{"damage_healed":0.0,"max_hp_gain":0.0,"max_hp_loss":0.0,"gold_gain":0.0,"event_name":"The Library","player_choice":"Read","floor":27.0,"gold_loss":0.0,"damage_taken":0.0,"cards_obtained":["Burning Pact"]},{"damage_healed":0.0,"max_hp_gain":0.0,"max_hp_loss":0.0,"gold_gain":0.0,"event_name":"Ghosts","player_choice":"Ignored","floor":32.0,"gold_loss":0.0,"damage_taken":0.0},{"damage_healed":0.0,"max_hp_gain":0.0,"max_hp_loss":0.0,"gold_gain":0.0,"event_name":"Duplicator","player_choice":"Copied","floor":43.0,"gold_loss":0.0,"damage_taken":0.0,"cards_obtained":["Burning Pact"]},{"damage_healed":0,"gold_gain":0,"player_choice":"Fight","damage_taken":0,"max_hp_gain":0,"max_hp_loss":0,"event_name":"Mysterious Sphere","floor":59,"gold_loss":0},{"cards_removed":["Inflame"],"damage_healed":0,"gold_gain":0,"player_choice":"Removed Power","damage_taken":0,"max_hp_gain":0,"max_hp_loss":0,"event_name":"Falling","floor":63,"gold_loss":0},{"damage_healed":0,"gold_gain":0,"player_choice":"Damaged","damage_taken":10,"max_hp_gain":0,"max_hp_loss":0,"event_name":"Wheel of Change","floor":65,"gold_loss":0}],"is_beta":false,"boss_relics":[{"not_picked":["Ectoplasm","Snecko Eye"],"picked":"Black Star"},{"not_picked":["Philosopher\u0027s Stone","Calling Bell"],"picked":"Pandora\u0027s Box"}],"items_purged_floors":[29,54,69,77],"is_endless":false,"potions_floor_spawned":[2,4,8,12,19,24,28,33,40,44,45,46,49,51,52,53,55,57,59,60,64,66,67,68,71,78],"ascension_level":1}}