{"host":"ujyomg7d1f18u2we","time":1614132261,"event":{"mods":["AchievementEnabler","AlwaysNeverKeys","Aspiration","BaseMod","Colored Map","DeckTracker","Gremlin Skip","Highlight Path","Hubris","Minty Spire (QoL Compilation)","Quick Restart","Random Character Button","StSLib"],"gold_per_floor":[114,114,64,84,101,101,131,149,149,162,162,179,209,209,209,313,313,329,244,254,308,390,390,141,184,209,242,271,304,316,336,336,445,445,456,456,79,79,96,125,143,193,218,235,235,266,266,266,275,275,275],"floor_reached":50,"language":"ENG","playtime":1423,"items_purged":["Parasite"],"score":718,"play_id":"ae37af4d-61f6-42b3-8cc5-9ac09617209d","local_time":"20210223230421","is_ascension_mode":false,"campfire_choices":[{"data":"Dualcast","floor":6,"key":"SMITH"},{"floor":15,"key":"REST"},{"data":"Zap","floor":23,"key":"SMITH"},{"data":"Conserve Battery","floor":32,"key":"SMITH"},{"data":"Core Surge","floor":45,"key":"SMITH"},{"data":"Rebound","floor":47,"key":"SMITH"},{"floor":49,"key":"REST"}],"circlet_count":0,"master_deck":["Strike_B","Strike_B","Strike_B","Strike_B","Defend_B","Defend_B","Defend_B","Zap+1","Dualcast+1","Barrage","Rebound+1","Defragment+1","Conserve Battery+1","Electrodynamics+1","Self Repair+1","Lockon+1","Conserve Battery+1","Echo Form+1","Core Surge+1","Panacea+1","Metamorphosis+1","Stack+1"],"relics":["Cracked Core","PreservedInsect","Frozen Egg 2","hubris:SlimyHat","aspiration:FrozenJewel","aspiration:HummingbirdHeart","hubris:64BitClover","hubris:HollowSoul","Strawberry","CeramicFish","Meat on the Bone","Mummified Hand","Toxic Egg 2","Pen Nib","hubris:MysteriousPyramids","Omamori","Black Star","Sling","Regal Pillow","aspiration:FaultyCoupler","Dream Catcher","Calipers","Boot","hubris:BallOfYels","hubris:Reverence"],"acts_visited":["Exordium","TheCity","TheBeyond"],"potions_floor_usage":[13,16,16,20,27,29,40,40,50,50,50],"damage_taken":[{"damage":0,"enemies":"Small Slimes","floor":1,"turns":2},{"damage":4,"enemies":"2 Louse","floor":4,"turns":2},{"damage":6,"enemies":"Jaw Worm","floor":5,"turns":2},{"damage":13,"enemies":"3 Sentries","floor":7,"turns":6},{"damage":7,"enemies":"Blue Slaver","floor":8,"turns":3},{"damage":6,"enemies":"Large Slime","floor":10,"turns":6},{"damage":0,"enemies":"Looter","floor":12,"turns":2},{"damage":9,"enemies":"Lagavulin","floor":13,"turns":4},{"damage":12,"enemies":"Hexaghost","floor":16,"turns":9},{"damage":6,"enemies":"Shell Parasite","floor":18,"turns":6},{"damage":0,"enemies":"2 Thieves","floor":20,"turns":3},{"damage":19,"enemies":"Book of Stabbing","floor":25,"turns":4},{"damage":0,"enemies":"Slavers","floor":27,"turns":2},{"damage":10,"enemies":"Shelled Parasite and Fungi","floor":28,"turns":4},{"damage":0,"enemies":"Gremlin Leader","floor":29,"turns":4},{"damage":1,"enemies":"Centurion and Healer","floor":30,"turns":2},{"damage":7,"enemies":"Snake Plant","floor":31,"turns":3},{"damage":37,"enemies":"Collector","floor":33,"turns":11},{"damage":0,"enemies":"Orb Walker","floor":35,"turns":3},{"damage":2,"enemies":"3 Shapes","floor":39,"turns":3},{"damage":0,"enemies":"Reptomancer","floor":40,"turns":5},{"damage":0,"enemies":"Mind Bloom Boss Battle","floor":42,"turns":4},{"damage":14,"enemies":"Writhing Mass","floor":44,"turns":4},{"damage":4,"enemies":"Giant Head","floor":46,"turns":4},{"damage":21,"enemies":"Awakened One","floor":50,"turns":3}],"seed_played":"6112431005154452580","potions_obtained":[{"floor":1,"key":"SteroidPotion"},{"floor":7,"key":"Energy Potion"},{"floor":8,"key":"GamblersBrew"},{"floor":12,"key":"Strength Potion"},{"floor":13,"key":"Weak Potion"},{"floor":18,"key":"GamblersBrew"},{"floor":28,"key":"Explosive Potion"},{"floor":33,"key":"LiquidMemories"},{"floor":36,"key":"BlessingOfTheForge"},{"floor":36,"key":"CultistPotion"},{"floor":40,"key":"SteroidPotion"},{"floor":42,"key":"DuplicationPotion"}],"is_trial":false,"path_per_floor":["M","?","?","M","M","R","E","M","T","M","T","M","E","?","R","B",null,"M","?","M","T","T","R","$","E","T","E","M","E","M","M","R","B",null,"M","?","$","?","M","E","?","?","T","M","R","E","R","?","R","B"],"character_chosen":"DEFECT","items_purchased":["Mummified Hand","Sling","Regal Pillow"],"campfire_rested":2,"item_purchase_floors":[24,37,37],"current_hp_per_floor":[75,75,75,71,65,65,52,45,45,39,39,39,30,48,70,58,75,69,76,82,82,82,82,82,73,73,73,73,82,81,82,82,55,82,82,82,79,79,79,79,69,79,79,75,75,71,71,71,79,0,0],"gold":275,"neow_bonus":"RANDOM_COMMON_RELIC","is_daily":false,"chose_seed":false,"campfire_upgraded":5,"win_rate":0.0,"timestamp":1614132261,"path_taken":["M","?","?","M","M","R","E","M","T","M","?","?","E","?","R","BOSS","M","?","M","?","?","R","$","E","T","E","?","E","M","M","R","BOSS","M","?","?","?","?","E","?","?","T","M","R","E","R","?","R","BOSS"],"items_purchased_type":["Relic","Relic","Relic"],"build_version":"2020-12-22","purchased_purges":1,"victory":false,"max_hp_per_floor":[75,75,75,75,75,75,75,75,75,75,75,75,75,75,75,75,75,75,82,82,82,82,82,82,82,82,82,82,82,82,82,82,82,82,82,82,79,79,79,79,79,79,79,79,79,79,79,79,79,79,79],"card_choices":[{"not_picked":["Static Discharge","Rebound"],"picked":"Barrage","floor":1},{"not_picked":["Hologram","Beam Cell"],"picked":"Rebound","floor":4},{"not_picked":["Melter","FTL"],"picked":"Defragment+1","floor":5},{"not_picked":["Barrage","Beam Cell","Rainbow"],"picked":"SKIP","floor":7},{"not_picked":["Cold Snap","Darkness"],"picked":"Conserve Battery","floor":8},{"not_picked":["Gash","Leap","Rebound"],"picked":"SKIP","floor":10},{"not_picked":["Hologram","Coolheaded"],"picked":"Electrodynamics+1","floor":12},{"not_picked":["Cold Snap","Multi-Cast","Redo"],"picked":"SKIP","floor":13},{"not_picked":["Stack","Barrage"],"picked":"Self Repair+1","floor":18},{"not_picked":["Gash+1","Sweeping Beam"],"picked":"Lockon+1","floor":20},{"not_picked":["White Noise+1","Chaos+1"],"picked":"Conserve Battery+1","floor":25},{"not_picked":["Hologram+1","Heatsinks+1","Genetic Algorithm+1"],"picked":"SKIP","floor":27},{"not_picked":["Tempest+1","Go for the Eyes"],"picked":"Echo Form+1","floor":28},{"not_picked":["Gash","Beam Cell+1","Ball Lightning"],"picked":"SKIP","floor":29},{"not_picked":["Barrage","Static Discharge+1","Hologram+1"],"picked":"SKIP","floor":30},{"not_picked":["Stack+1","Leap+1","Barrage+1"],"picked":"SKIP","floor":31},{"not_picked":["All For One","Meteor Strike"],"picked":"Core Surge","floor":33},{"not_picked":["Go for the Eyes+1","Beam Cell+1","Hologram+1"],"picked":"SKIP","floor":35},{"not_picked":["Rebound+1","Turbo+1","Aggregate+1"],"picked":"SKIP","floor":39},{"not_picked":["Fusion+1","Redo+1","Rebound+1"],"picked":"SKIP","floor":40},{"not_picked":["Swift Strike","Purity+1"],"picked":"Panacea+1","floor":41},{"not_picked":["Chrysalis+1","Magnetism+1"],"picked":"Metamorphosis+1","floor":41},{"not_picked":["Ball Lightning","Go for the Eyes","Stack+1"],"picked":"SKIP","floor":44},{"not_picked":["Melter+1","Self Repair+1","Sweeping Beam+1"],"picked":"SKIP","floor":46},{"not_picked":["Gash","Double Energy+1"],"picked":"Stack+1","floor":49}],"player_experience":1591501,"relics_obtained":[{"floor":7,"key":"hubris:SlimyHat"},{"floor":9,"key":"aspiration:FrozenJewel"},{"floor":11,"key":"aspiration:HummingbirdHeart"},{"floor":13,"key":"hubris:64BitClover"},{"floor":21,"key":"CeramicFish"},{"floor":22,"key":"Meat on the Bone"},{"floor":25,"key":"Toxic Egg 2"},{"floor":26,"key":"Pen Nib"},{"floor":27,"key":"hubris:MysteriousPyramids"},{"floor":29,"key":"Omamori"},{"floor":40,"key":"aspiration:FaultyCoupler"},{"floor":40,"key":"Dream Catcher"},{"floor":42,"key":"Calipers"},{"floor":43,"key":"Boot"},{"floor":46,"key":"hubris:BallOfYels"},{"floor":46,"key":"hubris:Reverence"}],"event_choices":[{"cards_removed":["Injury"],"damage_healed":0,"gold_gain":0,"player_choice":"Card Removal","damage_taken":0,"max_hp_gain":0,"max_hp_loss":0,"event_name":"The Cleric","floor":3,"gold_loss":50},{"damage_healed":18,"gold_gain":0,"player_choice":"Healed and dodged fight","damage_taken":0,"max_hp_gain":0,"max_hp_loss":0,"event_name":"Mushrooms","floor":14,"gold_loss":0,"cards_obtained":["Parasite"]},{"damage_healed":0,"gold_gain":0,"player_choice":"Obtained Relic","damage_taken":0,"relics_obtained":["Strawberry"],"max_hp_gain":0,"max_hp_loss":0,"event_name":"Addict","floor":19,"gold_loss":85},{"damage_healed":0,"gold_gain":0,"player_choice":"Got Potions","damage_taken":0,"max_hp_gain":0,"max_hp_loss":0,"event_name":"Lab","floor":36,"gold_loss":0},{"cards_removed":["Defend_B"],"damage_healed":0,"gold_gain":0,"player_choice":"Purged","damage_taken":0,"max_hp_gain":0,"max_hp_loss":0,"event_name":"Purifier","floor":38,"gold_loss":0},{"damage_healed":0,"gold_gain":0,"player_choice":"Memory 3","damage_taken":10,"max_hp_gain":0,"max_hp_loss":0,"event_name":"SensoryStone","floor":41,"gold_loss":0},{"damage_healed":0,"gold_gain":0,"player_choice":"Fight","damage_taken":0,"max_hp_gain":0,"max_hp_loss":0,"event_name":"MindBloom","floor":42,"gold_loss":0}],"is_beta":false,"boss_relics":[{"not_picked":["Runic Pyramid","aspiration:SecretTechniqueScroll"],"picked":"hubris:HollowSoul"},{"not_picked":["Runic Dome","SlaversCollar"],"picked":"Black Star"}],"items_purged_floors":[37],"is_endless":false,"potions_floor_spawned":[1,7,8,12,13,18,28,33,40,42],"killed_by":"Awakened One","ascension_level":0}}