{"host":"zcytydgb505ghzux","time":1614202059,"event":{"mods":["Act Like it!","BaseMod","Colored Powertips","Downfall","Halation","Highlight Path","Hubris","Infinite Spire","Jorbs\u0027s Wanderer Trilogy","Marisa????????","Minty Spire (QoL Compilation)","Replay The Spire","StSLib","The Construct","The Mystic","The Wild Card"],"gold_per_floor":[109,109,55,55,66,66,99,28,28,28,54,54,78,160,160,255,255,275,151,151,161,179,179,179,179],"floor_reached":24,"language":"ENG","playtime":1344,"items_purged":[],"score":210,"play_id":"2148f43a-57c8-475a-8f66-6844321e2a09","local_time":"20210224162739","is_ascension_mode":true,"campfire_choices":[{"data":"ReplayTheSpireMod:Calculation Training","floor":6,"key":"SMITH"},{"floor":10,"key":"REST"},{"floor":12,"key":"REST"},{"floor":15,"key":"REST"},{"floor":23,"key":"REST"}],"circlet_count":0,"master_deck":["Strike_B","Strike_B","Strike_B","Strike_B","Defend_B","Defend_B","Defend_B+1","Defend_B","Zap+1","Dualcast","Sweeping Beam","Blizzard","Blizzard","ReplayTheSpireMod:Calculation Training+1","FTL+1","Capacitor","Gash+1","Go for the Eyes+1","Gash+1","Panic Button","Amplify","ReplayTheSpireMod:System Scan","Coolheaded","Darkness","Spreading Infection","Stack+1"],"relics":["Cracked Core","infinitespire:Freezer","Molten Egg 2","infinitespire:WardingShard","halation:VictoryRuler","infinitespire:EmpoweringShard","War Paint","halation:Prosthetics","Anchor"],"acts_visited":["Exordium","TheCity"],"potions_floor_usage":[16,22],"damage_taken":[{"damage":0,"enemies":"2 Louse","floor":1,"turns":2},{"damage":0,"enemies":"Jaw Worm","floor":5,"turns":3},{"damage":31,"enemies":"Gremlin Nob","floor":7,"turns":5},{"damage":34,"enemies":"Lagavulin","floor":11,"turns":7},{"damage":4,"enemies":"Hexaghost","floor":16,"turns":8},{"damage":0,"enemies":"Spheric Guardian","floor":18,"turns":3},{"damage":1,"enemies":"Chosen","floor":21,"turns":4},{"damage":37,"enemies":"3 Cultists","floor":22,"turns":7},{"damage":10,"enemies":"Gremlin Leader","floor":24,"turns":3}],"seed_played":"3550099594133018919","potions_obtained":[{"floor":7,"key":"Explosive Potion"},{"floor":11,"key":"Block Potion"},{"floor":18,"key":"Weak Potion"}],"is_trial":false,"path_per_floor":["M","?","$","?","M","R","E","$","T","R","E","R","T","?","R","B",null,"M","$","?","M","M","R","E"],"character_chosen":"DEFECT","items_purchased":["Blizzard","Capacitor","Coolheaded","Darkness"],"campfire_rested":4,"item_purchase_floors":[3,8,19,19],"current_hp_per_floor":[75,75,75,75,75,75,44,44,44,66,32,54,54,36,58,54,40,40,40,40,39,2,14,4,4],"gold":179,"neow_bonus":"RANDOM_COMMON_RELIC","is_daily":false,"chose_seed":false,"campfire_upgraded":1,"win_rate":0.0,"timestamp":1614202059,"path_taken":["M","?","$","?","M","R","E","?","T","R","E","R","?","?","R","BOSS","M","$","?","M","?","R","E"],"items_purchased_type":["Card","Card","Card","Card"],"build_version":"2020-12-22","purchased_purges":0,"victory":false,"max_hp_per_floor":[75,75,75,75,75,75,75,75,75,75,75,75,75,75,75,75,40,40,40,40,40,40,40,40,40],"card_choices":[{"not_picked":["Go for the Eyes","Steam"],"picked":"Sweeping Beam","floor":1},{"not_picked":["ReplaySort","Turbo"],"picked":"ReplayTheSpireMod:Calculation Training","floor":5},{"not_picked":["White Noise","Rebound+1"],"picked":"FTL+1","floor":7},{"not_picked":["Leap","Go for the Eyes+1"],"picked":"Gash+1","floor":11},{"not_picked":["Steam","Barrage+1"],"picked":"Go for the Eyes+1","floor":14},{"not_picked":["Steam","hubris:Ukulele+1"],"picked":"Gash+1","floor":14},{"not_picked":["Hologram","Gash+1"],"picked":"Panic Button","floor":14},{"not_picked":["Creative AI","Buffer"],"picked":"Amplify","floor":16},{"not_picked":["Double Energy","Turbo+1"],"picked":"ReplayTheSpireMod:System Scan","floor":18},{"not_picked":["BasicCrystalCard","Hologram","Panic Button+1"],"picked":"SKIP","floor":21},{"not_picked":["Undo","Leap"],"picked":"Stack+1","floor":22}],"player_experience":89617,"relics_obtained":[{"floor":4,"key":"Molten Egg 2"},{"floor":7,"key":"infinitespire:WardingShard"},{"floor":9,"key":"halation:VictoryRuler"},{"floor":11,"key":"infinitespire:EmpoweringShard"},{"floor":13,"key":"War Paint"}],"event_choices":[{"damage_healed":0,"gold_gain":0,"player_choice":"Ignored","damage_taken":0,"max_hp_gain":0,"max_hp_loss":0,"event_name":"Shining Light","floor":2,"gold_loss":0}],"is_beta":false,"boss_relics":[{"not_picked":["halation:Risk","halation:PlatinumPhoenix"],"picked":"halation:Prosthetics"}],"items_purged_floors":[],"is_endless":false,"potions_floor_spawned":[7,11,18],"killed_by":"Gremlin Leader","ascension_level":1}}