{"host":"o3b7ow6d1xe49css","time":1614140808,"event":{"mods":["Aspiration","BaseMod","Better Altar","Better Match","Better Note","Better Sensory Stone","Better Skull","Better Third Choice","Colored Powertips","Conspire","Energized Spire","Force Act Four","GifTheSpireLib","Halation","Hubris","Lobotomy","Minty Spire (QoL Compilation)","Relic Filter Mod","Reliquary","Replay The Spire","Spicy Shops","Spikes Relics","StSLib","Stuff the Spire","The Blue Laboratory","Together in Spire"],"gold_per_floor":[110,129,149,169,169,194,194,258,258,258,260,289,301,336,361,373,373],"floor_reached":16,"language":"ENG","playtime":630,"items_purged":[],"score":147,"play_id":"caa1ba7e-b9cd-4e42-8b21-6a974341497c","local_time":"20210223192648","is_ascension_mode":false,"campfire_choices":[{"data":"Eruption","floor":7,"key":"SMITH"},{"data":"hubris:DuctTapeCard","floor":10,"key":"SMITH"},{"data":"BattleHymn","floor":15,"key":"SMITH"}],"circlet_count":0,"master_deck":["Strike_P","Strike_P","Strike_P","Strike_P","Defend_P","Defend_P","Eruption+1","Vigilance","Consecrate","Replay:Anticipation","Acrobatics","CutThroughFate","Wireheading","hubris:DuctTapeCard+2","Pot Of Greed","Pot Of Greed","Wish","BattleHymn+1"],"relics":["PureWater","aspiration:Nostalgia","Replay:M_StaffOfTheSnake","WingedGreaves","Replay:Baseball","hubris:DuctTape","Grinning Jar","Replay:Bandana"],"acts_visited":["Exordium"],"potions_floor_usage":[11,16],"damage_taken":[{"damage":0,"enemies":"Cultist","floor":1,"turns":2},{"damage":0,"enemies":"conspire:RoseBush","floor":2,"turns":3},{"damage":0,"enemies":"2 Louse","floor":3,"turns":2},{"damage":0,"enemies":"conspire:2 RoseBushes","floor":4,"turns":2},{"damage":19,"enemies":"3 Sentries","floor":6,"turns":4},{"damage":31,"enemies":"3 Sentries","floor":8,"turns":6},{"damage":0,"enemies":"Looter","floor":11,"turns":2},{"damage":0,"enemies":"Gremlin Nob","floor":12,"turns":2},{"damage":0,"enemies":"2 Fungi Beasts","floor":13,"turns":1},{"damage":1,"enemies":"Replay:BlueRogue","floor":14,"turns":2},{"damage":30,"enemies":"Hexaghost","floor":16,"turns":2}],"seed_played":"6205370447042004303","potions_obtained":[{"floor":3,"key":"blueLaboratory:EpiphanyPotion"},{"floor":8,"key":"Fruit Juice"},{"floor":12,"key":"Flashbang"},{"floor":13,"key":"blueLaboratory:BottledHope"}],"is_trial":false,"path_per_floor":["M","M","M","M","?","E","R","?","T","R","M","E","M","E","R","B"],"character_chosen":"WATCHER","items_purchased":[],"campfire_rested":0,"item_purchase_floors":[],"current_hp_per_floor":[72,72,72,72,72,53,53,26,26,26,31,31,31,30,30,0,0],"gold":373,"neow_bonus":"NOSTALGIA","is_daily":false,"chose_seed":false,"campfire_upgraded":3,"win_rate":0.0,"timestamp":1614140808,"path_taken":["M","M","M","M","?","E","R","?","T","R","M","E","M","E","R","BOSS"],"items_purchased_type":[],"build_version":"2020-12-22","purchased_purges":0,"victory":false,"max_hp_per_floor":[72,72,72,72,72,72,72,72,72,72,77,77,77,77,77,77,77],"card_choices":[{"not_picked":["WaveOfTheHand","CutThroughFate"],"picked":"Consecrate","floor":1},{"not_picked":["Prostrate","Replay:BluntJabs"],"picked":"Replay:Anticipation","floor":2},{"not_picked":["Flying Knee","Crescendo"],"picked":"Acrobatics","floor":3},{"not_picked":["ThirdEye","FlyingSleeves"],"picked":"CutThroughFate","floor":4},{"not_picked":["SashWhip","Devotion"],"picked":"Wireheading","floor":6},{"not_picked":["CrushJoints","Replay:ManipulateFuture","Prostrate"],"picked":"SKIP","floor":11},{"not_picked":["TalkToTheHand","WreathOfFlame"],"picked":"Wish","floor":12},{"not_picked":["ThirdEye","Halt"],"picked":"BattleHymn","floor":13},{"not_picked":["Indignation","FollowUp","PathToVictory"],"picked":"SKIP","floor":14},{"not_picked":["Indignation","FollowUp","PathToVictory"],"picked":"SKIP","floor":14},{"not_picked":["Indignation","FollowUp","PathToVictory"],"picked":"SKIP","floor":14}],"player_experience":1412557,"relics_obtained":[{"floor":6,"key":"WingedGreaves"},{"floor":8,"key":"Replay:Baseball"},{"floor":9,"key":"hubris:DuctTape"},{"floor":12,"key":"Grinning Jar"},{"floor":14,"key":"Replay:Bandana"}],"event_choices":[{"damage_healed":0,"gold_gain":0,"player_choice":"Searched \u00272\u0027 times","damage_taken":0,"max_hp_gain":0,"max_hp_loss":0,"event_name":"Dead Adventurer","floor":8,"gold_loss":0}],"is_beta":false,"boss_relics":[],"items_purged_floors":[],"is_endless":false,"potions_floor_spawned":[3,8,12,13,14],"killed_by":"Hexaghost","ascension_level":0}}