{"host":"prxrhpgaxnj4om9r","time":1614157257,"event":{"mods":["AchievementEnabler","BaseMod","Colored Map","DeckTracker","Minty Spire (QoL Compilation)"],"gold_per_floor":[111,111,111,111,126,458,458,458,530,541,541,561,561,580,580,682,732,751,751,751,74,93,93,109,109,109,74,74,105,116,128,128,223,223,239,239,314,332,332,358,358,406,406,161,161,175,175,175],"floor_reached":47,"language":"KOR","playtime":1920,"items_purged":[],"score":727,"play_id":"ee755b29-ea73-4b26-8766-43d07b291632","local_time":"20210224180057","is_ascension_mode":true,"campfire_choices":[{"data":"Adaptation","floor":8,"key":"SMITH"},{"data":"ForeignInfluence","floor":13,"key":"SMITH"},{"data":"Eruption","floor":15,"key":"SMITH"},{"data":"LessonLearned","floor":23,"key":"SMITH"},{"floor":25,"key":"REST"},{"floor":32,"key":"REST"},{"floor":41,"key":"REST"},{"floor":45,"key":"REST"}],"circlet_count":0,"master_deck":["Strike_P+1","Strike_P+1","Strike_P+1","Strike_P+1","Defend_P+1","Defend_P+1","Eruption+1","Vigilance","Bandage Up+1","Halt","DeceiveReality","Adaptation+1","Prostrate","ForeignInfluence+1","Sanctity+1","Crescendo","Wish","SandsOfTime+1","ThirdEye","LessonLearned+1","Metamorphosis+1","Consecrate+1","CutThroughFate+1","FearNoEvil","Tantrum","FollowUp+1","Evaluate+1","DeusExMachina+1","FlurryOfBlows+1","Protect+1","PathToVictory+1","The Bomb+1","Prostrate+1","Halt+1"],"relics":["PureWater","Matryoshka","Old Coin","Shuriken","Meat on the Bone","Tiny House","Toxic Egg 2","Lee\u0027s Waffle","Whetstone","Omamori","Nunchaku","Busted Crown","FossilizedHelix","Ice Cream","Du-Vu Doll","Letter Opener","Bottled Lightning"],"acts_visited":["Exordium","TheCity","TheBeyond"],"potions_floor_usage":[12,16,18,18,29,37,38,42,47],"damage_taken":[{"damage":0,"enemies":"Small Slimes","floor":1,"turns":3},{"damage":0,"enemies":"2 Louse","floor":5,"turns":2},{"damage":28,"enemies":"Gremlin Nob","floor":6,"turns":4},{"damage":4,"enemies":"Jaw Worm","floor":10,"turns":4},{"damage":0,"enemies":"3 Louse","floor":12,"turns":1},{"damage":3,"enemies":"Large Slime","floor":14,"turns":5},{"damage":0,"enemies":"Slime Boss","floor":16,"turns":6},{"damage":0,"enemies":"3 Byrds","floor":18,"turns":3},{"damage":44,"enemies":"2 Thieves","floor":22,"turns":4},{"damage":32,"enemies":"Snake Plant","floor":24,"turns":4},{"damage":34,"enemies":"Book of Stabbing","floor":29,"turns":5},{"damage":4,"enemies":"3 Cultists","floor":30,"turns":3},{"damage":22,"enemies":"Centurion and Healer","floor":31,"turns":3},{"damage":18,"enemies":"Collector","floor":33,"turns":5},{"damage":23,"enemies":"3 Shapes","floor":35,"turns":3},{"damage":25,"enemies":"Mind Bloom Boss Battle","floor":37,"turns":4},{"damage":26,"enemies":"3 Darklings","floor":38,"turns":3},{"damage":28,"enemies":"Reptomancer","floor":40,"turns":6},{"damage":28,"enemies":"2 Orb Walkers","floor":42,"turns":4},{"damage":24,"enemies":"4 Shapes","floor":46,"turns":3},{"damage":80,"enemies":"Giant Head","floor":47,"turns":6}],"seed_played":"-6800364480387813486","potions_obtained":[{"floor":6,"key":"LiquidMemories"},{"floor":10,"key":"AttackPotion"},{"floor":16,"key":"Energy Potion"},{"floor":17,"key":"DistilledChaos"},{"floor":24,"key":"Block Potion"},{"floor":33,"key":"BlessingOfTheForge"},{"floor":35,"key":"Explosive Potion"},{"floor":37,"key":"SpeedPotion"},{"floor":46,"key":"AttackPotion"}],"is_trial":false,"path_per_floor":["M","?","?","T","M","E","?","R","T","M","?","M","R","M","R","B",null,"M","?","?","$","M","R","M","R","T","$","$","E","M","M","R","B",null,"M","?","?","M","?","E","R","?","T","$","R","M","E"],"character_chosen":"WATCHER","items_purchased":["Toxic Egg 2","LessonLearned","Lee\u0027s Waffle","Metamorphosis+1","FearNoEvil","Bottled Lightning"],"campfire_rested":4,"item_purchase_floors":[21,21,21,21,27,44],"current_hp_per_floor":[69,62,62,62,66,42,42,42,42,42,47,47,47,48,48,52,76,80,80,80,89,49,49,33,59,59,59,59,41,53,47,73,59,82,59,81,62,54,54,44,70,48,48,48,74,50,0,0],"gold":175,"neow_bonus":"RANDOM_COLORLESS","is_daily":false,"chose_seed":false,"campfire_upgraded":4,"win_rate":0.0,"timestamp":1614157257,"path_taken":["M","?","?","?","M","E","?","R","T","M","?","M","R","M","R","BOSS","M","?","?","$","M","R","M","R","T","?","$","E","M","M","R","BOSS","M","?","?","M","?","E","R","?","T","$","R","?","E"],"items_purchased_type":["Relic","Card","Relic","Card","Card","Relic"],"build_version":"2020-12-22","purchased_purges":0,"victory":false,"max_hp_per_floor":[72,72,72,72,72,72,72,72,72,72,77,77,77,77,77,77,82,82,82,82,89,89,89,89,89,89,89,89,89,89,89,89,89,89,89,89,89,89,89,89,89,89,89,89,89,89,89,89],"card_choices":[{"not_picked":["Purity","PanicButton"],"picked":"Bandage Up","floor":0},{"not_picked":["EmptyFist","EmptyBody"],"picked":"Halt","floor":1},{"not_picked":["MentalFortress","Crescendo"],"picked":"Adaptation","floor":5},{"not_picked":["ThirdEye","Weave"],"picked":"Prostrate","floor":6},{"not_picked":["BowlingBash","EmptyBody"],"picked":"ForeignInfluence","floor":10},{"not_picked":["WindmillStrike","Crescendo"],"picked":"Sanctity","floor":12},{"not_picked":["EmptyBody","BowlingBash"],"picked":"Crescendo","floor":14},{"not_picked":["Devotion","Blasphemy"],"picked":"Wish","floor":16},{"not_picked":["FlurryOfBlows","ThirdEye"],"picked":"SandsOfTime","floor":17},{"not_picked":["Wallop+1","EmptyFist"],"picked":"ThirdEye","floor":18},{"not_picked":["WindmillStrike","Prostrate+1"],"picked":"Consecrate","floor":22},{"not_picked":["EmptyFist","Prostrate+1"],"picked":"CutThroughFate+1","floor":24},{"not_picked":["WreathOfFlame+1","EmptyFist+1"],"picked":"Tantrum","floor":29},{"not_picked":["Wireheading","WaveOfTheHand+1"],"picked":"FollowUp+1","floor":30},{"not_picked":["EmptyMind+1","FlurryOfBlows"],"picked":"Evaluate+1","floor":31},{"not_picked":["MasterReality","SpiritShield+1"],"picked":"DeusExMachina+1","floor":33},{"not_picked":[],"picked":"FlurryOfBlows+1","floor":35},{"not_picked":[],"picked":"Protect+1","floor":37},{"not_picked":[],"picked":"PathToVictory+1","floor":38},{"not_picked":[],"picked":"The Bomb+1","floor":39},{"not_picked":["Adaptation"],"picked":"SKIP","floor":40},{"not_picked":[],"picked":"Prostrate+1","floor":42},{"not_picked":[],"picked":"Halt+1","floor":46}],"player_experience":628001,"relics_obtained":[{"floor":4,"key":"Matryoshka"},{"floor":6,"key":"Old Coin"},{"floor":9,"key":"Shuriken"},{"floor":9,"key":"Meat on the Bone"},{"floor":26,"key":"Whetstone"},{"floor":26,"key":"Omamori"},{"floor":29,"key":"Nunchaku"},{"floor":37,"key":"FossilizedHelix"},{"floor":40,"key":"Ice Cream"},{"floor":42,"key":"Du-Vu Doll"},{"floor":43,"key":"Letter Opener"}],"event_choices":[{"cards_removed":["Defend_P"],"damage_healed":0,"gold_gain":0,"player_choice":"Card Removal","damage_taken":7,"max_hp_gain":0,"max_hp_loss":0,"event_name":"Golden Wing","floor":2,"gold_loss":0},{"damage_healed":0,"gold_gain":0,"cards_transformed":["Defend_P"],"player_choice":"Change","damage_taken":0,"max_hp_gain":0,"max_hp_loss":0,"event_name":"Living Wall","floor":3,"gold_loss":0,"cards_obtained":["DeceiveReality"]},{"damage_healed":0,"gold_gain":0,"player_choice":"Ignored","damage_taken":0,"max_hp_gain":0,"max_hp_loss":0,"event_name":"Liars Game","floor":7,"gold_loss":0},{"damage_healed":0,"gold_gain":0,"player_choice":"Donut","damage_taken":0,"max_hp_gain":5,"max_hp_loss":0,"event_name":"Big Fish","floor":11,"gold_loss":0},{"damage_healed":0,"gold_gain":0,"player_choice":"Ignored","damage_taken":0,"max_hp_gain":0,"max_hp_loss":0,"event_name":"Ghosts","floor":19,"gold_loss":0},{"damage_healed":0,"gold_gain":0,"player_choice":"Simplicity","damage_taken":0,"max_hp_gain":0,"max_hp_loss":0,"event_name":"Back to Basics","floor":20,"gold_loss":0,"cards_upgraded":["Strike_P","Strike_P","Strike_P","Strike_P","Defend_P"]},{"damage_healed":22,"gold_gain":0,"player_choice":"Writhe","damage_taken":0,"max_hp_gain":0,"max_hp_loss":0,"event_name":"Winding Halls","floor":36,"gold_loss":0,"cards_obtained":["Writhe"]},{"damage_healed":0,"gold_gain":0,"player_choice":"Fight","damage_taken":0,"max_hp_gain":0,"max_hp_loss":0,"event_name":"MindBloom","floor":37,"gold_loss":0},{"damage_healed":0,"gold_gain":0,"player_choice":"Memory 1","damage_taken":0,"max_hp_gain":0,"max_hp_loss":0,"event_name":"SensoryStone","floor":39,"gold_loss":0},{"damage_healed":0,"gold_gain":0,"player_choice":"Fight","damage_taken":0,"max_hp_gain":0,"max_hp_loss":0,"event_name":"Mysterious Sphere","floor":42,"gold_loss":0}],"is_beta":false,"boss_relics":[{"not_picked":["SlaversCollar","Sozu"],"picked":"Tiny House"},{"not_picked":["Astrolabe","Cursed Key"],"picked":"Busted Crown"}],"items_purged_floors":[],"is_endless":false,"potions_floor_spawned":[6,10,16,24,33,35,37,46],"killed_by":"Giant Head","ascension_level":6}}