{"host":"mo4d2vii2wc3uyp7","time":1614161876,"event":{"mods":["AchievementEnabler","BaseMod","Colored Map","Highlight Path","Keyboard Shortcuts","Minty Spire (QoL Compilation)","Permanent Neow","Quick Restart","Shop Mod","StSLib","SuperFastMode","everything is the same but u backflip on backflip"],"gold_per_floor":[111,128,144,158,158,191,191,209,209,245,259,259,214,227,227,348,348,362,362,410,335,348,348,348,348],"floor_reached":24,"language":"KOR","playtime":656,"items_purged":["Strike_P"],"score":235,"play_id":"55181160-291f-453a-9344-c36f759300e5","local_time":"20210224191756","is_ascension_mode":false,"campfire_choices":[{"data":"SpiritShield","floor":7.0,"key":"SMITH"},{"data":"Wallop","floor":12.0,"key":"SMITH"},{"floor":15.0,"key":"REST"},{"floor":23,"key":"REST"}],"circlet_count":0,"master_deck":["Strike_P","Strike_P","Strike_P","Defend_P","Defend_P","Defend_P","Defend_P","Eruption+1","Vigilance","Consecrate","FearNoEvil","SpiritShield+1","Wallop+1","SashWhip","ClearTheMind","FlyingSleeves","FollowUp","Halt","Wish","InnerPeace","MentalFortress","Conclude"],"relics":["PureWater","Golden Idol","Gremlin Horn","Happy Flower","Blood Vial","VioletLotus"],"acts_visited":["Exordium","TheCity"],"potions_floor_usage":[24],"damage_taken":[{"damage":3.0,"enemies":"Jaw Worm","floor":1.0,"turns":3.0},{"damage":0.0,"enemies":"Small Slimes","floor":2.0,"turns":2.0},{"damage":2.0,"enemies":"Cultist","floor":3.0,"turns":3.0},{"damage":3.0,"enemies":"Red Slaver","floor":4.0,"turns":2.0},{"damage":0.0,"enemies":"Gremlin Nob","floor":6.0,"turns":2.0},{"damage":6.0,"enemies":"Large Slime","floor":8.0,"turns":5.0},{"damage":10.0,"enemies":"Lagavulin","floor":10.0,"turns":5.0},{"damage":5.0,"enemies":"Blue Slaver","floor":11.0,"turns":3.0},{"damage":18.0,"enemies":"3 Louse","floor":14.0,"turns":3.0},{"damage":9.0,"enemies":"Hexaghost","floor":16.0,"turns":9.0},{"damage":4.0,"enemies":"2 Thieves","floor":18.0,"turns":3.0},{"damage":27.0,"enemies":"Chosen","floor":20.0,"turns":7.0},{"damage":29,"enemies":"3 Cultists","floor":22,"turns":6},{"damage":41,"enemies":"Slavers","floor":24,"turns":4}],"seed_played":"8820502528829849714","potions_obtained":[{"floor":2.0,"key":"AttackPotion"},{"floor":4.0,"key":"LiquidMemories"},{"floor":6.0,"key":"AttackPotion"},{"floor":11.0,"key":"SkillPotion"},{"floor":14.0,"key":"Dexterity Potion"},{"floor":20.0,"key":"Ancient Potion"}],"is_trial":false,"path_per_floor":["M","M","M","M","?","E","R","M","T","E","M","R","?","M","R","B",null,"M","?","M","$","M","R","E"],"character_chosen":"WATCHER","items_purchased":[],"campfire_rested":2,"item_purchase_floors":[],"current_hp_per_floor":[69,69,67,64,46,46,46,40,40,30,27,27,27,11,32,25,72,68,68,43,43,16,37,0,0],"gold":348,"neow_bonus":"UPGRADE_CARD","is_daily":false,"chose_seed":false,"campfire_upgraded":2,"win_rate":0.0,"timestamp":1614161876,"path_taken":["M","M","M","M","?","E","R","M","T","E","M","R","?","M","R","BOSS","M","?","M","$","M","R","E"],"items_purchased_type":[],"build_version":"2020-12-22","purchased_purges":1,"victory":false,"max_hp_per_floor":[72,72,72,72,72,72,72,72,72,72,72,72,72,72,72,72,72,72,72,72,72,72,72,72,72],"card_choices":[{"not_picked":["Protect","FlyingSleeves"],"picked":"Consecrate","floor":1.0},{"not_picked":["JustLucky","FlurryOfBlows"],"picked":"FearNoEvil","floor":2.0},{"not_picked":["Protect","ThirdEye"],"picked":"SpiritShield","floor":3.0},{"not_picked":["Sanctity","JustLucky"],"picked":"Wallop","floor":4.0},{"not_picked":["Alpha","PathToVictory"],"picked":"SashWhip","floor":6.0},{"not_picked":["DeceiveReality","Consecrate"],"picked":"ClearTheMind","floor":8.0},{"not_picked":["SpiritShield","FearNoEvil"],"picked":"FlyingSleeves","floor":10.0},{"not_picked":["PathToVictory","Prostrate"],"picked":"FollowUp","floor":11.0},{"not_picked":["EmptyMind","ReachHeaven"],"picked":"Halt","floor":14.0},{"not_picked":["Devotion","MasterReality"],"picked":"Wish","floor":16.0},{"not_picked":["CrushJoints","SashWhip+1","WaveOfTheHand"],"picked":"SKIP","floor":18.0},{"not_picked":["WindmillStrike","EmptyBody"],"picked":"MentalFortress","floor":20.0},{"not_picked":["CutThroughFate+1","CarveReality+1"],"picked":"Conclude","floor":22}],"player_experience":645222,"relics_obtained":[{"floor":6.0,"key":"Gremlin Horn"},{"floor":9.0,"key":"Happy Flower"},{"floor":10.0,"key":"Blood Vial"}],"event_choices":[{"damage_healed":0.0,"max_hp_gain":0.0,"max_hp_loss":0.0,"gold_gain":0.0,"event_name":"Golden Idol","player_choice":"Take Damage","floor":5.0,"gold_loss":0.0,"damage_taken":18.0,"relics_obtained":["Golden Idol"]},{"damage_healed":0.0,"max_hp_gain":0.0,"max_hp_loss":0.0,"gold_gain":0.0,"event_name":"World of Goop","player_choice":"Left Gold","floor":13.0,"gold_loss":45.0,"damage_taken":0.0},{"damage_healed":0.0,"max_hp_gain":0.0,"max_hp_loss":0.0,"gold_gain":0.0,"event_name":"The Library","player_choice":"Read","floor":19.0,"gold_loss":0.0,"damage_taken":0.0,"cards_obtained":["InnerPeace"]}],"is_beta":false,"boss_relics":[{"not_picked":["Pandora\u0027s Box","Astrolabe"],"picked":"VioletLotus"}],"items_purged_floors":[21],"is_endless":false,"potions_floor_spawned":[2,4,6,11,14,20],"killed_by":"Slavers","ascension_level":0}}