{"host":"ju1b3c4x8n2jtjm7","time":1614163065,"event":{"mods":["AchievementEnabler","BaseMod","Colored Map","Colored Powertips","Highlight Path","Minty Spire (QoL Compilation)","Quick Restart","Rare Cards Sparkle","Relic Stats","StSLib"],"gold_per_floor":[110,130,80,80,80,80,92,118,118,147,147,147,210,222,222,320,320,337,351,551,569,569,569],"floor_reached":22,"language":"ENG","playtime":839,"items_purged":[],"score":310,"play_id":"f59420ac-a569-42e2-9783-a0155c3c154a","local_time":"20210224113745","is_ascension_mode":true,"campfire_choices":[{"data":"Ball Lightning","floor":6.0,"key":"SMITH"},{"floor":11.0,"key":"REST"},{"data":"Tempest","floor":15.0,"key":"SMITH"}],"circlet_count":0,"master_deck":["AscendersBane","Strike_B","Strike_B","Strike_B","Strike_B","Defend_B","Defend_B","Defend_B+1","Defend_B","Dualcast+1","Tempest+1","Ball Lightning+1","Static Discharge+1","Thunder Strike","White Noise","Double Energy","Auto Shields","Multi-Cast","Go for the Eyes","Lockon"],"relics":["Runic Dome","Pantograph","War Paint","Ancient Tea Set","Bag of Preparation","Ornamental Fan","Philosopher\u0027s Stone"],"acts_visited":["Exordium","TheCity"],"potions_floor_usage":[21],"damage_taken":[{"damage":3.0,"enemies":"Small Slimes","floor":1.0,"turns":3.0},{"damage":7.0,"enemies":"Jaw Worm","floor":2.0,"turns":3.0},{"damage":2.0,"enemies":"2 Louse","floor":7.0,"turns":2.0},{"damage":20.0,"enemies":"Lagavulin","floor":8.0,"turns":7.0},{"damage":20.0,"enemies":"3 Sentries","floor":10.0,"turns":5.0},{"damage":2.0,"enemies":"Gremlin Nob","floor":13.0,"turns":3.0},{"damage":0.0,"enemies":"Large Slime","floor":14.0,"turns":4.0},{"damage":18.0,"enemies":"Hexaghost","floor":16.0,"turns":7.0},{"damage":12.0,"enemies":"3 Byrds","floor":18.0,"turns":1.0},{"damage":12.0,"enemies":"2 Thieves","floor":19.0,"turns":3.0},{"damage":26,"enemies":"Snake Plant","floor":21,"turns":3},{"damage":18,"enemies":"Centurion and Healer","floor":22,"turns":3}],"seed_played":"-1452610557649446590","potions_obtained":[{"floor":2.0,"key":"AttackPotion"},{"floor":7.0,"key":"Dexterity Potion"},{"floor":13.0,"key":"SpeedPotion"},{"floor":14.0,"key":"Block Potion"},{"floor":16.0,"key":"Explosive Potion"},{"floor":18.0,"key":"EssenceOfDarkness"}],"is_trial":false,"path_per_floor":["M","M","?","?","?","R","M","E","T","E","R","?","?","M","R","B",null,"M","M","?","M","M"],"character_chosen":"DEFECT","items_purchased":[],"campfire_rested":1,"item_purchase_floors":[],"current_hp_per_floor":[65,58,58,40,45,45,43,23,23,3,27,27,25,25,25,32,68,56,44,44,18,0,0],"gold":569,"neow_bonus":"BOSS_RELIC","is_daily":false,"chose_seed":false,"campfire_upgraded":2,"win_rate":0.0,"timestamp":1614163065,"path_taken":["M","M","?","?","?","R","?","E","T","E","R","?","?","M","R","BOSS","M","M","?","?","M"],"items_purchased_type":[],"build_version":"2020-12-22","purchased_purges":0,"victory":false,"max_hp_per_floor":[75,75,75,75,80,80,80,80,80,80,80,80,80,80,80,80,80,80,80,80,80,80,80],"relic_stats":{"counters":[12,44],"Ornamental Fan":[8],"Pantograph":25,"Bag of Preparation":[14],"War Paint":["Defend_B","Dualcast"],"obtain_stats":[{"Runic Dome":0,"Ornamental Fan":13,"Pantograph":4,"Philosopher\u0027s Stone":17,"Bag of Preparation":10,"War Paint":8,"Cracked Core":0,"Ancient Tea Set":9},{"Runic Dome":0,"Ornamental Fan":6,"Pantograph":2,"Philosopher\u0027s Stone":8,"Bag of Preparation":5,"War Paint":4,"Cracked Core":0,"Ancient Tea Set":4},{"Runic Dome":0,"Ornamental Fan":23,"Pantograph":6,"Philosopher\u0027s Stone":34,"Bag of Preparation":20,"War Paint":15,"Cracked Core":0,"Ancient Tea Set":15}]},"card_choices":[{"not_picked":["Redo","Undo"],"picked":"Tempest","floor":1.0},{"not_picked":["Turbo","Rebound"],"picked":"Ball Lightning","floor":2.0},{"not_picked":["Go for the Eyes","Barrage"],"picked":"Static Discharge","floor":7.0},{"not_picked":["Gash","Glacier"],"picked":"Thunder Strike","floor":8.0},{"not_picked":["Steam Power","Fusion"],"picked":"White Noise","floor":10.0},{"not_picked":["Steam","Gash"],"picked":"Double Energy","floor":13.0},{"not_picked":["Cold Snap","Streamline"],"picked":"Auto Shields","floor":14.0},{"not_picked":["Machine Learning","Seek"],"picked":"Multi-Cast","floor":16.0},{"not_picked":["Conserve Battery","Capacitor"],"picked":"Go for the Eyes","floor":18.0},{"not_picked":["Melter","Streamline+1"],"picked":"Lockon","floor":19.0},{"not_picked":["Reprogram","Chaos+1","Loop"],"picked":"SKIP","floor":21}],"player_experience":512705,"relics_obtained":[{"floor":8.0,"key":"War Paint"},{"floor":9.0,"key":"Ancient Tea Set"},{"floor":10.0,"key":"Bag of Preparation"},{"floor":13.0,"key":"Ornamental Fan"}],"event_choices":[{"cards_removed":["Zap"],"damage_healed":0.0,"max_hp_gain":0.0,"max_hp_loss":0.0,"gold_gain":0.0,"event_name":"The Cleric","player_choice":"Card Removal","floor":3.0,"gold_loss":50.0,"damage_taken":0.0},{"damage_healed":0.0,"max_hp_gain":0.0,"max_hp_loss":0.0,"gold_gain":0.0,"event_name":"Scrap Ooze","player_choice":"Success","floor":4.0,"gold_loss":0.0,"damage_taken":18.0,"relics_obtained":["Pantograph"]},{"damage_healed":0.0,"max_hp_gain":5.0,"max_hp_loss":0.0,"gold_gain":0.0,"event_name":"Big Fish","player_choice":"Donut","floor":5.0,"gold_loss":0.0,"damage_taken":0.0},{"damage_healed":0.0,"max_hp_gain":0.0,"max_hp_loss":0.0,"gold_gain":0.0,"event_name":"Living Wall","player_choice":"Grow","floor":12.0,"gold_loss":0.0,"damage_taken":0.0,"cards_upgraded":["Static Discharge"]},{"damage_healed":0.0,"max_hp_gain":0.0,"max_hp_loss":0.0,"gold_gain":0.0,"event_name":"Dead Adventurer","player_choice":"Searched \u00271\u0027 times","floor":13.0,"gold_loss":0.0,"damage_taken":0.0},{"damage_healed":0.0,"max_hp_gain":0.0,"max_hp_loss":0.0,"gold_gain":200.0,"event_name":"Wheel of Change","player_choice":"Gold","floor":20.0,"gold_loss":0.0,"damage_taken":0.0}],"is_beta":false,"boss_relics":[{"not_picked":["Calling Bell","Ectoplasm"],"picked":"Philosopher\u0027s Stone"}],"items_purged_floors":[],"is_endless":false,"potions_floor_spawned":[2,7,13,14,16,18],"killed_by":"Centurion and Healer","ascension_level":12}}