{"host":"k7udt7atmcuzf6l0","time":1614127791,"event":{"mods":["Act Like it!","BaseMod","Colored Map","Colored Powertips","Highlight Path","Minty Spire (QoL Compilation)","Quick Restart","Rare Cards Sparkle","Relic Stats","StSLib","UnlockEverythingMod"],"gold_per_floor":[118,68,68,84,94,94,120,120,120,120,132,157,172,172,172,172,172],"floor_reached":16,"language":"ZHS","playtime":237,"items_purged":[],"score":125,"play_id":"25361a7e-e4ac-46b1-90d3-e21be9117550","local_time":"20210224084951","is_ascension_mode":false,"campfire_choices":[{"data":"Rupture","floor":6,"key":"SMITH"},{"data":"Cleave","floor":8,"key":"SMITH"},{"data":"Bash","floor":10,"key":"SMITH"},{"data":"Sword Boomerang","floor":15,"key":"SMITH"}],"circlet_count":0,"master_deck":["Strike_R","Strike_R","Strike_R","Strike_R","Defend_R","Defend_R","Defend_R","Defend_R","Bash+1","Bloodletting+1","Cleave+1","Rupture+1","Exhume+1","Bloodletting+1","Sword Boomerang+1"],"relics":["Burning Blood","NeowsBlessing","Toxic Egg 2","Akabeko","Juzu Bracelet","Golden Idol"],"acts_visited":["Exordium"],"potions_floor_usage":[7,7],"damage_taken":[{"damage":0,"enemies":"2 Louse","floor":1,"turns":1},{"damage":0,"enemies":"Small Slimes","floor":4,"turns":2},{"damage":0,"enemies":"Jaw Worm","floor":5,"turns":1},{"damage":3,"enemies":"Gremlin Nob","floor":7,"turns":2},{"damage":11,"enemies":"3 Louse","floor":11,"turns":3},{"damage":0,"enemies":"2 Fungi Beasts","floor":13,"turns":1},{"damage":60,"enemies":"The Guardian","floor":16,"turns":8}],"seed_played":"-1227242560346732067","potions_obtained":[{"floor":1,"key":"GamblersBrew"},{"floor":4,"key":"Swift Potion"}],"is_trial":false,"path_per_floor":["M","?","?","M","M","R","E","R","T","R","M","T","M","?","R","B"],"character_chosen":"IRONCLAD","items_purchased":[],"campfire_rested":0,"item_purchase_floors":[],"current_hp_per_floor":[80,80,80,80,80,80,80,80,80,80,75,75,80,60,60,0,0],"gold":172,"neow_bonus":"THREE_ENEMY_KILL","is_daily":false,"chose_seed":false,"campfire_upgraded":4,"win_rate":0.0,"timestamp":1614127791,"path_taken":["M","?","?","M","M","R","E","R","T","R","M","?","M","?","R","BOSS"],"items_purchased_type":[],"build_version":"2020-12-22","purchased_purges":0,"victory":false,"max_hp_per_floor":[80,80,80,80,80,80,80,80,80,80,80,80,80,80,80,80,80],"relic_stats":{"counters":[7,18],"Golden Idol":0,"Juzu Bracelet":0,"obtain_stats":[{"NeowsBlessing":0,"Golden Idol":14,"Juzu Bracelet":12,"Toxic Egg 2":7,"Burning Blood":0,"Akabeko":9},{"NeowsBlessing":0,"Golden Idol":6,"Juzu Bracelet":5,"Toxic Egg 2":4,"Burning Blood":0,"Akabeko":4},{"NeowsBlessing":0,"Golden Idol":10,"Juzu Bracelet":9,"Toxic Egg 2":6,"Burning Blood":0,"Akabeko":6}],"Burning Blood":14},"card_choices":[{"not_picked":["Inflame","Battle Trance"],"picked":"Bloodletting","floor":1},{"not_picked":["Flame Barrier","Havoc"],"picked":"Cleave","floor":4},{"not_picked":["Body Slam","Combust"],"picked":"Rupture","floor":5},{"not_picked":["Pommel Strike","Rupture"],"picked":"Exhume+1","floor":7},{"not_picked":["Clothesline","Headbutt"],"picked":"Bloodletting+1","floor":11},{"not_picked":["Wild Strike","Body Slam"],"picked":"Sword Boomerang","floor":13}],"player_experience":158995,"relics_obtained":[{"floor":7,"key":"Toxic Egg 2"},{"floor":9,"key":"Akabeko"},{"floor":12,"key":"Juzu Bracelet"}],"event_choices":[{"cards_removed":["Strike_R"],"damage_healed":0,"gold_gain":0,"player_choice":"Card Removal","damage_taken":0,"max_hp_gain":0,"max_hp_loss":0,"event_name":"The Cleric","floor":2,"gold_loss":50},{"damage_healed":0,"gold_gain":0,"player_choice":"Grow","damage_taken":0,"max_hp_gain":0,"max_hp_loss":0,"event_name":"Living Wall","floor":3,"gold_loss":0,"cards_upgraded":["Bloodletting"]},{"damage_healed":0,"gold_gain":0,"player_choice":"Take Damage","damage_taken":20,"relics_obtained":["Golden Idol"],"max_hp_gain":0,"max_hp_loss":0,"event_name":"Golden Idol","floor":14,"gold_loss":0}],"is_beta":false,"boss_relics":[],"items_purged_floors":[],"is_endless":false,"potions_floor_spawned":[1,4],"killed_by":"The Guardian","ascension_level":0}}