{"host":"mo4d2vii2wc3uyp7","time":1614163472,"event":{"mods":["AchievementEnabler","BaseMod","Colored Map","Highlight Path","Keyboard Shortcuts","Minty Spire (QoL Compilation)","Permanent Neow","Quick Restart","Shop Mod","StSLib","SuperFastMode","everything is the same but u backflip on backflip"],"gold_per_floor":[110,128,142,161,236,236,266,284,284,203,203,235,235,245,245,346,396,407,407,180,280,298,325,325,353,422,437,437,472,66,86,86,186,186,203,203,55,69,83,117,117,145,171,171,171,221,19,19,19,19,19],"floor_reached":50,"language":"KOR","playtime":1454,"items_purged":["Strike_P","Defend_P"],"score":641,"play_id":"bfc91f1a-b37c-452e-8823-1e6da286fb41","local_time":"20210224194432","is_ascension_mode":false,"campfire_choices":[{"data":"Conclude","floor":6.0,"key":"SMITH"},{"data":"ReachHeaven","floor":11.0,"key":"SMITH"},{"floor":15.0,"key":"REST"},{"data":"LikeWater","floor":24.0,"key":"SMITH"},{"floor":28.0,"key":"REST"},{"floor":32.0,"key":"REST"},{"floor":41.0,"key":"REST"},{"floor":44.0,"key":"REST"},{"floor":49.0,"key":"REST"}],"circlet_count":0,"master_deck":["Strike_P+1","Strike_P","Strike_P","Defend_P","Defend_P","Defend_P","Eruption+1","Vigilance","CrushJoints","Halt","Conclude+1","FearNoEvil","ReachHeaven+1","ClearTheMind","LikeWater+1","FollowUp","Evaluate","Halt","DeusExMachina","EmptyFist","Tantrum","EmptyBody+1","SashWhip+1","Consecrate","Swivel+1","Scrawl","BowlingBash+1","Vault","SandsOfTime+1","Madness","Madness","ForeignInfluence+1"],"relics":["PureWater","StoneCalendar","Akabeko","Bronze Scales","Ornamental Fan","Tiny House","Boot","WingedGreaves","Bottled Lightning","Gremlin Horn","Frozen Egg 2","Membership Card","Damaru","Matryoshka","VioletLotus","Regal Pillow","Bag of Marbles","Pear","Peace Pipe","Centennial Puzzle","Toy Ornithopter","GoldenEye","Oddly Smooth Stone","Meat on the Bone"],"acts_visited":["Exordium","TheCity","TheBeyond"],"potions_floor_usage":[],"damage_taken":[{"damage":2.0,"enemies":"Cultist","floor":1.0,"turns":3.0},{"damage":0.0,"enemies":"Jaw Worm","floor":2.0,"turns":4.0},{"damage":0.0,"enemies":"Small Slimes","floor":3.0,"turns":3.0},{"damage":0.0,"enemies":"Looter","floor":4.0,"turns":3.0},{"damage":20.0,"enemies":"Gremlin Nob","floor":7.0,"turns":4.0},{"damage":0.0,"enemies":"Exordium Thugs","floor":8.0,"turns":1.0},{"damage":10.0,"enemies":"3 Sentries","floor":12.0,"turns":6.0},{"damage":2.0,"enemies":"Blue Slaver","floor":14.0,"turns":2.0},{"damage":31.0,"enemies":"Hexaghost","floor":16.0,"turns":6.0},{"damage":7.0,"enemies":"Chosen","floor":18.0,"turns":4.0},{"damage":15.0,"enemies":"2 Thieves","floor":22.0,"turns":3.0},{"damage":21.0,"enemies":"Book of Stabbing","floor":23.0,"turns":5.0},{"damage":0.0,"enemies":"Gremlin Leader","floor":25.0,"turns":5.0},{"damage":16.0,"enemies":"Sentry and Sphere","floor":27.0,"turns":4.0},{"damage":18.0,"enemies":"Book of Stabbing","floor":29.0,"turns":5.0},{"damage":0.0,"enemies":"3 Cultists","floor":31.0,"turns":4.0},{"damage":41.0,"enemies":"Automaton","floor":33.0,"turns":9.0},{"damage":0.0,"enemies":"3 Shapes","floor":35.0,"turns":3.0},{"damage":0.0,"enemies":"Orb Walker","floor":38.0,"turns":2.0},{"damage":14.0,"enemies":"Spire Growth","floor":39.0,"turns":5.0},{"damage":21.0,"enemies":"Nemesis","floor":40.0,"turns":7.0},{"damage":57.0,"enemies":"Reptomancer","floor":42.0,"turns":5.0},{"damage":30.0,"enemies":"Mind Bloom Boss Battle","floor":46.0,"turns":7.0},{"damage":74,"enemies":"Donu and Deca","floor":50,"turns":5}],"seed_played":"-4020007811375357519","potions_obtained":[{"floor":1.0,"key":"Dexterity Potion"},{"floor":2.0,"key":"Strength Potion"},{"floor":3.0,"key":"StancePotion"},{"floor":12.0,"key":"ColorlessPotion"},{"floor":17.0,"key":"PowerPotion"},{"floor":18.0,"key":"FearPotion"},{"floor":23.0,"key":"GamblersBrew"},{"floor":29.0,"key":"AttackPotion"},{"floor":35.0,"key":"SpeedPotion"},{"floor":42.0,"key":"Ambrosia"}],"is_trial":false,"path_per_floor":["M","M","M","M","?","R","E","M","T","$","R","E","?","M","R","B",null,"M","?","$","?","M","E","R","E","T","M","R","E","$","M","R","B",null,"M","?","$","M","M","E","R","E","T","R","?","?","$","?","R","B"],"character_chosen":"WATCHER","items_purchased":["LikeWater","FollowUp","Boot","Membership Card","Damaru","Matryoshka","Regal Pillow","Bag of Marbles","Oddly Smooth Stone","Meat on the Bone"],"campfire_rested":6,"item_purchase_floors":[10,10,20,30,30,30,37,37,47,47],"current_hp_per_floor":[70,70,70,70,59,59,39,39,39,39,39,29,26,24,45,14,77,70,70,70,70,55,34,34,34,34,18,41,23,23,23,46,5,77,77,77,77,77,63,52,87,30,30,71,60,30,30,30,71,0,0],"gold":19,"neow_bonus":"UPGRADE_CARD","is_daily":false,"chose_seed":false,"campfire_upgraded":3,"win_rate":0.0,"timestamp":1614163472,"path_taken":["M","M","M","M","?","R","E","M","T","$","R","E","?","M","R","BOSS","M","?","$","?","?","E","R","E","T","M","R","E","$","M","R","BOSS","M","?","$","M","M","E","R","E","T","R","?","?","$","?","R","BOSS"],"items_purchased_type":["Card","Card","Relic","Relic","Relic","Relic","Relic","Relic","Relic","Relic"],"build_version":"2020-12-22","purchased_purges":2,"victory":false,"max_hp_per_floor":[72,72,72,72,72,72,72,72,72,72,72,72,72,72,72,72,77,77,77,77,77,77,77,77,77,77,77,77,77,77,77,77,77,77,77,77,77,77,77,87,87,87,87,87,87,87,87,87,87,87,87],"card_choices":[{"not_picked":["PathToVictory","Indignation"],"picked":"CrushJoints","floor":1.0},{"not_picked":["Prostrate","EmptyBody"],"picked":"Halt","floor":2.0},{"not_picked":["DeceiveReality","JustLucky"],"picked":"Conclude","floor":3.0},{"not_picked":["SpiritShield","ForeignInfluence"],"picked":"FearNoEvil","floor":4.0},{"not_picked":["Wallop","SignatureMove"],"picked":"ReachHeaven","floor":7.0},{"not_picked":["JustLucky","ForeignInfluence"],"picked":"ClearTheMind","floor":8.0},{"not_picked":["Crescendo","ForeignInfluence"],"picked":"Evaluate","floor":12.0},{"not_picked":["BattleHymn","Sanctity"],"picked":"Halt","floor":14.0},{"not_picked":["DevaForm","ConjureBlade"],"picked":"DeusExMachina","floor":16.0},{"not_picked":["FlyingSleeves","WreathOfFlame"],"picked":"EmptyFist","floor":17.0},{"not_picked":["Wireheading","Evaluate"],"picked":"Tantrum","floor":18.0},{"not_picked":["WheelKick+1","SignatureMove"],"picked":"EmptyBody+1","floor":22.0},{"not_picked":["SignatureMove","Collect","Nirvana"],"picked":"SKIP","floor":23.0},{"not_picked":["Crescendo","DeceiveReality","WreathOfFlame"],"picked":"SKIP","floor":25.0},{"not_picked":["CrushJoints","LessonLearned"],"picked":"SashWhip+1","floor":27.0},{"not_picked":["BowlingBash","CarveReality"],"picked":"Consecrate","floor":29.0},{"not_picked":["Halt","Crescendo"],"picked":"Swivel+1","floor":31.0},{"not_picked":["DeusExMachina","Wish"],"picked":"Scrawl","floor":33.0},{"not_picked":["Prostrate","SashWhip+1","ThirdEye+1"],"picked":"SKIP","floor":35.0},{"not_picked":["CutThroughFate+1","JustLucky+1"],"picked":"BowlingBash+1","floor":38.0},{"not_picked":["EmptyBody","ReachHeaven+1","FollowUp"],"picked":"SKIP","floor":39.0},{"not_picked":["Halt","Collect+1"],"picked":"Vault","floor":40.0},{"not_picked":["Nirvana+1","Consecrate+1"],"picked":"SandsOfTime+1","floor":42.0},{"not_picked":["Worship+1","CutThroughFate+1"],"picked":"ForeignInfluence+1","floor":46.0}],"player_experience":645222,"relics_obtained":[{"floor":7.0,"key":"StoneCalendar"},{"floor":9.0,"key":"Akabeko"},{"floor":12.0,"key":"Bronze Scales"},{"floor":23.0,"key":"WingedGreaves"},{"floor":25.0,"key":"Bottled Lightning"},{"floor":26.0,"key":"Gremlin Horn"},{"floor":29.0,"key":"Frozen Egg 2"},{"floor":40.0,"key":"Pear"},{"floor":42.0,"key":"Peace Pipe"},{"floor":43.0,"key":"Centennial Puzzle"},{"floor":43.0,"key":"Toy Ornithopter"},{"floor":46.0,"key":"GoldenEye"}],"event_choices":[{"damage_healed":0.0,"max_hp_gain":0.0,"max_hp_loss":0.0,"gold_gain":75.0,"event_name":"World of Goop","player_choice":"Gather Gold","floor":5.0,"gold_loss":0.0,"damage_taken":11.0},{"damage_healed":0.0,"max_hp_gain":0.0,"max_hp_loss":0.0,"gold_gain":0.0,"event_name":"Scrap Ooze","player_choice":"Success","floor":13.0,"gold_loss":0.0,"damage_taken":3.0,"relics_obtained":["Ornamental Fan"]},{"damage_healed":0.0,"max_hp_gain":0.0,"max_hp_loss":0.0,"gold_gain":0.0,"event_name":"Ghosts","player_choice":"Ignored","floor":19.0,"gold_loss":0.0,"damage_taken":0.0},{"damage_healed":0.0,"max_hp_gain":0.0,"max_hp_loss":0.0,"gold_gain":100.0,"event_name":"Golden Shrine","player_choice":"Pray","floor":21.0,"gold_loss":0.0,"damage_taken":0.0},{"damage_healed":0.0,"max_hp_gain":0.0,"max_hp_loss":0.0,"gold_gain":0.0,"event_name":"Tomb of Lord Red Mask","player_choice":"Ignored","floor":36.0,"gold_loss":0.0,"damage_taken":0.0},{"damage_healed":0.0,"max_hp_gain":0.0,"max_hp_loss":0.0,"gold_gain":0.0,"event_name":"Winding Halls","player_choice":"Embrace Madness","floor":45.0,"gold_loss":0.0,"damage_taken":11.0,"cards_obtained":["Madness","Madness"]},{"damage_healed":0.0,"max_hp_gain":0.0,"max_hp_loss":0.0,"gold_gain":0.0,"event_name":"MindBloom","player_choice":"Fight","floor":46.0,"gold_loss":0.0,"damage_taken":0.0},{"damage_healed":0.0,"max_hp_gain":0.0,"max_hp_loss":0.0,"gold_gain":0.0,"event_name":"The Moai Head","player_choice":"Ignored","floor":48.0,"gold_loss":0.0,"damage_taken":0.0}],"is_beta":false,"boss_relics":[{"not_picked":["Fusion Hammer","Coffee Dripper"],"picked":"Tiny House"},{"not_picked":["Empty Cage","Runic Dome"],"picked":"VioletLotus"}],"items_purged_floors":[20,30],"is_endless":false,"potions_floor_spawned":[1,2,3,12,18,23,29,35,42],"killed_by":"Donu and Deca","ascension_level":0}}