{"host":"1mv6gj0zv8k9e9tz","time":1614140300,"event":{"mods":["AchievementEnabler","BaseMod","Better Third Choice","Colored Map","DeckTracker","Highlight Path","KOR Keyword Fix","Keyboard Shortcuts","Minty Spire (QoL Compilation)","Permanent Neow","Quick Restart","Rare Cards Sparkle","StSLib","SuperFastMode","everything is the same but u backflip on backflip"],"gold_per_floor":[109,127,137,152,24,24,53,53,108,137,78,106,106,106,106,202,202,226,246,161,195,195,195,226,246,246,246,288,320,320,353,353,458,458,491,713,713,745,138,138,167,167,167,202,202,242,26,45,45,45,45,45,45,93,93],"floor_reached":56,"language":"KOR","playtime":1850,"items_purged":["Strike_B","Go for the Eyes","Sweeping Beam"],"score":2296,"play_id":"e6d2e3cb-03ec-48a2-a897-cafaadbe105f","local_time":"20210224131820","is_ascension_mode":true,"campfire_choices":[{"data":"Dualcast","floor":6.0,"key":"SMITH"},{"data":"Defragment","floor":8.0,"key":"SMITH"},{"data":"Zap","floor":15.0,"key":"SMITH"},{"data":"Fission","floor":23.0,"key":"SMITH"},{"data":"Defragment","floor":27.0,"key":"SMITH"},{"data":"Defragment","floor":30.0,"key":"SMITH"},{"data":"Capacitor","floor":32.0,"key":"SMITH"},{"data":"Coolheaded","floor":40.0,"key":"SMITH"},{"data":"Coolheaded","floor":42.0,"key":"SMITH"},{"data":"Biased Cognition","floor":45.0,"key":"SMITH"},{"floor":49.0,"key":"RECALL"},{"data":"Biased Cognition","floor":52,"key":"SMITH"}],"circlet_count":0,"master_deck":["AscendersBane","Zap+1","Dualcast+1","Ball Lightning","Cold Snap","Defragment+1","Echo Form","Ball Lightning","Reboot","Double Energy","Stack","Leap","Hologram","Fission+1","Defragment+1","Biased Cognition+1","Capacitor+1","Defragment+1","Coolheaded+1","Electrodynamics","Coolheaded+1","White Noise+1","Biased Cognition+1","Skim+1","Lockon","BootSequence"],"relics":["Cracked Core","Emotion Chip","Eternal Feather","Omamori","DataDisk","Incense Burner","Golden Idol","Pandora\u0027s Box","Ancient Tea Set","Red Mask","Smiling Mask","Blood Vial","CeramicFish","Philosopher\u0027s Stone","OrangePellets","Bronze Scales","Bag of Preparation","Du-Vu Doll","Anchor","Medical Kit","Bottled Tornado"],"acts_visited":["Exordium","TheCity","TheBeyond","TheEnding"],"potions_floor_usage":[50,55,55],"damage_taken":[{"damage":14.0,"enemies":"Jaw Worm","floor":1.0,"turns":4.0},{"damage":4.0,"enemies":"Small Slimes","floor":2.0,"turns":3.0},{"damage":0.0,"enemies":"Cultist","floor":3.0,"turns":2.0},{"damage":23.0,"enemies":"Red Slaver","floor":4.0,"turns":4.0},{"damage":8.0,"enemies":"Lagavulin","floor":7.0,"turns":6.0},{"damage":30.0,"enemies":"3 Sentries","floor":10.0,"turns":4.0},{"damage":3.0,"enemies":"Gremlin Nob","floor":12.0,"turns":3.0},{"damage":0.0,"enemies":"Slime Boss","floor":16.0,"turns":8.0},{"damage":5.0,"enemies":"Spheric Guardian","floor":18.0,"turns":4.0},{"damage":7.0,"enemies":"3 Byrds","floor":19.0,"turns":4.0},{"damage":21.0,"enemies":"Masked Bandits","floor":21.0,"turns":4.0},{"damage":11.0,"enemies":"Slavers","floor":24.0,"turns":4.0},{"damage":13.0,"enemies":"Snecko","floor":25.0,"turns":4.0},{"damage":5.0,"enemies":"Book of Stabbing","floor":28.0,"turns":3.0},{"damage":3.0,"enemies":"Centurion and Healer","floor":29.0,"turns":3.0},{"damage":14.0,"enemies":"Snake Plant","floor":31.0,"turns":2.0},{"damage":6.0,"enemies":"Automaton","floor":33.0,"turns":9.0},{"damage":19.0,"enemies":"3 Darklings","floor":35.0,"turns":3.0},{"damage":0.0,"enemies":"Orb Walker","floor":38.0,"turns":4.0},{"damage":0.0,"enemies":"4 Shapes","floor":41.0,"turns":1.0},{"damage":0.0,"enemies":"Reptomancer","floor":44.0,"turns":4.0},{"damage":5.0,"enemies":"Nemesis","floor":46.0,"turns":5.0},{"damage":0.0,"enemies":"Spire Growth","floor":48.0,"turns":3.0},{"damage":9,"enemies":"Awakened One","floor":50,"turns":7},{"damage":42,"enemies":"Shield and Spear","floor":54,"turns":3},{"damage":28,"enemies":"The Heart","floor":55,"turns":7}],"seed_played":"-2965550739724407854","potions_obtained":[{"floor":2.0,"key":"Energy Potion"},{"floor":7.0,"key":"FairyPotion"},{"floor":10.0,"key":"Strength Potion"},{"floor":16.0,"key":"Block Potion"},{"floor":18.0,"key":"LiquidBronze"},{"floor":31.0,"key":"ColorlessPotion"},{"floor":33.0,"key":"FearPotion"},{"floor":41.0,"key":"SkillPotion"},{"floor":48.0,"key":"CultistPotion"},{"floor":54,"key":"Block Potion"}],"is_trial":false,"path_per_floor":["M","M","M","M","$","R","E","R","T","E","$","E","?","?","R","B",null,"M","M","?","?","?","R","E","M","T","R","E","M","R","M","R","B",null,"M","?","?","M","$","R","M","R","T","E","R","E","$","M","R","B",null,"R","$","E","B",null],"character_chosen":"DEFECT","items_purchased":["Block Potion","Go for the Eyes","OrangePellets","Biased Cognition","Bronze Scales","Bag of Preparation","Medical Kit"],"campfire_rested":0,"item_purchase_floors":[5,11,39,39,39,39,47],"current_hp_per_floor":[50,46,46,23,23,23,15,21,21,19,19,16,21,21,30,30,59,54,47,47,26,26,35,24,11,11,20,17,16,28,16,28,24,58,41,41,41,43,43,55,57,69,69,69,69,64,64,66,69,60,67,69,69,27,1],"gold":93,"neow_bonus":"ONE_RARE_RELIC","is_daily":false,"chose_seed":false,"campfire_upgraded":11,"win_rate":0.0,"timestamp":1614140300,"path_taken":["M","M","M","M","$","R","E","R","T","E","$","E","?","?","R","BOSS","M","M","?","?","?","R","E","M","T","R","E","M","R","?","R","BOSS","M","?","?","M","$","R","?","R","T","E","R","E","$","M","R","BOSS","R","$","E","BOSS"],"items_purchased_type":["Potion","Card","Relic","Card","Relic","Relic","Relic"],"build_version":"2020-12-22","purchased_purges":3,"victory":true,"max_hp_per_floor":[64,64,64,64,64,64,64,64,64,64,64,64,69,69,69,69,69,69,69,69,69,69,69,69,69,69,69,69,69,69,69,69,69,69,69,69,69,69,69,69,69,69,69,69,69,69,69,69,69,69,69,69,69,69,69],"card_choices":[{"not_picked":["Stack","Streamline"],"picked":"Ball Lightning","floor":1.0},{"not_picked":["Heatsinks","Stack"],"picked":"Cold Snap","floor":2.0},{"not_picked":["Stack","Steam"],"picked":"Defragment","floor":3.0},{"not_picked":["Beam Cell","Streamline","Redo"],"picked":"SKIP","floor":4.0},{"not_picked":["Redo","Turbo"],"picked":"Echo Form","floor":7.0},{"not_picked":["Beam Cell","Streamline"],"picked":"Ball Lightning","floor":10.0},{"not_picked":["Stack","Hyperbeam","Streamline"],"picked":"SKIP","floor":12.0},{"not_picked":["Echo Form","All For One"],"picked":"Reboot","floor":16.0},{"not_picked":["Ball Lightning","Steam"],"picked":"Defragment","floor":18.0},{"not_picked":["Steam","Leap","Beam Cell"],"picked":"SKIP","floor":19.0},{"not_picked":["Defragment","Scrape"],"picked":"Biased Cognition","floor":24.0},{"not_picked":["Sweeping Beam","Turbo","Barrage"],"picked":"SKIP","floor":25.0},{"not_picked":["Recycle","Static Discharge"],"picked":"Capacitor","floor":28.0},{"not_picked":["Gash","Stack+1"],"picked":"Defragment","floor":29.0},{"not_picked":["Hologram","Rebound"],"picked":"Coolheaded","floor":31.0},{"not_picked":["Amplify","Fission"],"picked":"Electrodynamics","floor":33.0},{"not_picked":["Compile Driver","Leap"],"picked":"Coolheaded","floor":35.0},{"not_picked":["Go for the Eyes+1","FTL"],"picked":"White Noise+1","floor":38.0},{"not_picked":["Conserve Battery+1","Lockon"],"picked":"Skim+1","floor":41.0},{"not_picked":["Stack","Hello World","Rebound"],"picked":"SKIP","floor":44.0},{"not_picked":["Electrodynamics","Loop"],"picked":"Lockon","floor":46.0},{"not_picked":["Ball Lightning+1","Gash","Genetic Algorithm"],"picked":"SKIP","floor":48.0},{"not_picked":["Aggregate","Static Discharge+1"],"picked":"BootSequence","floor":54}],"player_experience":660493,"relics_obtained":[{"floor":7.0,"key":"Eternal Feather"},{"floor":9.0,"key":"Omamori"},{"floor":10.0,"key":"DataDisk"},{"floor":12.0,"key":"Incense Burner"},{"floor":21.0,"key":"Red Mask"},{"floor":24.0,"key":"Smiling Mask"},{"floor":26.0,"key":"Blood Vial"},{"floor":28.0,"key":"CeramicFish"},{"floor":44.0,"key":"Du-Vu Doll"},{"floor":46.0,"key":"Anchor"},{"floor":54,"key":"Bottled Tornado"}],"event_choices":[{"damage_healed":0.0,"max_hp_gain":5.0,"max_hp_loss":0.0,"gold_gain":0.0,"event_name":"Big Fish","player_choice":"Donut","floor":13.0,"gold_loss":0.0,"damage_taken":0.0},{"damage_healed":0.0,"max_hp_gain":0.0,"max_hp_loss":0.0,"gold_gain":0.0,"event_name":"Golden Idol","player_choice":"Take Wound","floor":14.0,"gold_loss":0.0,"damage_taken":0.0,"relics_obtained":["Golden Idol"],"cards_obtained":["Injury"]},{"damage_healed":0.0,"max_hp_gain":0.0,"max_hp_loss":0.0,"gold_gain":0.0,"event_name":"Addict","player_choice":"Obtained Relic","floor":20.0,"gold_loss":85.0,"damage_taken":0.0,"relics_obtained":["Ancient Tea Set"]},{"damage_healed":0.0,"max_hp_gain":0.0,"max_hp_loss":0.0,"gold_gain":0.0,"event_name":"Masked Bandits","player_choice":"Fought Bandits","floor":21.0,"gold_loss":0.0,"damage_taken":0.0},{"cards_removed":["Steam"],"damage_healed":0.0,"max_hp_gain":0.0,"max_hp_loss":0.0,"gold_gain":0.0,"event_name":"Purifier","player_choice":"Purged","floor":22.0,"gold_loss":0.0,"damage_taken":0.0},{"damage_healed":0.0,"max_hp_gain":0.0,"max_hp_loss":0.0,"gold_gain":222.0,"event_name":"Tomb of Lord Red Mask","player_choice":"Wore Mask","floor":36.0,"gold_loss":0.0,"damage_taken":0.0},{"damage_healed":0.0,"max_hp_gain":0.0,"max_hp_loss":0.0,"gold_gain":0.0,"event_name":"Match and Keep!","player_choice":"0 cards matched","floor":37.0,"gold_loss":0.0,"damage_taken":0.0,"cards_obtained":[]}],"is_beta":false,"boss_relics":[{"not_picked":["Nuclear Battery","Fusion Hammer"],"picked":"Pandora\u0027s Box"},{"not_picked":["Empty Cage","Tiny House"],"picked":"Philosopher\u0027s Stone"}],"items_purged_floors":[5,39,47],"is_endless":false,"potions_floor_spawned":[2,7,10,16,18,19,31,33,41,48,54],"ascension_level":19}}