{"host":"1mv6gj0zv8k9e9tz","time":1614180630,"event":{"mods":["AchievementEnabler","BaseMod","Better Third Choice","Colored Map","DeckTracker","Highlight Path","KOR Keyword Fix","Keyboard Shortcuts","Minty Spire (QoL Compilation)","Permanent Neow","Quick Restart","Rare Cards Sparkle","StSLib","SuperFastMode","everything is the same but u backflip on backflip"],"gold_per_floor":[115,85,98,116,116,116,143,143,189,223,65,65,74,102,102,185,185,196,196,196,218,231,231,257,295,345,357,369,414,426,477,489,587,599,630,642,682,263,263,294,294,294,317,333,333,633,633,376,376,376,376,376,376,5,46,46,46],"floor_reached":56,"language":"KOR","playtime":1549,"items_purged":["Defend_B","Defend_B"],"score":1999,"play_id":"bfac4d22-cc8a-4e7d-b5b7-ae959ed9404c","local_time":"20210225003030","is_ascension_mode":true,"campfire_choices":[{"data":"Dualcast","floor":6.0,"key":"SMITH"},{"data":"Zap","floor":8.0,"key":"SMITH"},{"data":"Biased Cognition","floor":12.0,"key":"SMITH"},{"data":"Glacier","floor":15.0,"key":"SMITH"},{"data":"Hologram","floor":23.0,"key":"SMITH"},{"data":"Coolheaded","floor":27.0,"key":"SMITH"},{"data":"Defend_B","floor":30.0,"key":"SMITH"},{"floor":32.0,"key":"REST"},{"floor":42.0,"key":"REST"},{"data":"Defragment","floor":45.0,"key":"SMITH"},{"data":"Coolheaded","floor":47.0,"key":"SMITH"},{"floor":49.0,"key":"RECALL"},{"data":"Defragment","floor":53.0,"key":"SMITH"}],"circlet_count":0,"master_deck":["AscendersBane","Zap+1","Dualcast+1","Darkness","Machine Learning","Ball Lightning+1","Glacier+1","Rip and Tear+1","Biased Cognition+1","BootSequence","Ball Lightning","Electrodynamics+1","Hologram+1","Stack+1","Coolheaded+1","Conserve Battery","Biased Cognition","Defragment+1","Coolheaded+1","Defragment+1","Conserve Battery+1","Consume+1","Skim+1"],"relics":["Cracked Core","Strawberry","CeramicFish","ClockworkSouvenir","Philosopher\u0027s Stone","Potion Belt","MawBank","Whetstone","Singing Bowl","Inserter","Turnip","Toxic Egg 2","Bag of Preparation","Membership Card","DataDisk","Akabeko"],"acts_visited":["Exordium","TheCity","TheBeyond","TheEnding"],"potions_floor_usage":[],"damage_taken":[{"damage":2.0,"enemies":"Cultist","floor":1.0,"turns":4.0},{"damage":7.0,"enemies":"Small Slimes","floor":3.0,"turns":3.0},{"damage":0.0,"enemies":"Jaw Worm","floor":4.0,"turns":2.0},{"damage":30.0,"enemies":"Lagavulin","floor":7.0,"turns":6.0},{"damage":6.0,"enemies":"Gremlin Nob","floor":10.0,"turns":3.0},{"damage":0.0,"enemies":"Red Slaver","floor":14.0,"turns":3.0},{"damage":0.0,"enemies":"Slime Boss","floor":16.0,"turns":7.0},{"damage":2.0,"enemies":"2 Thieves","floor":18.0,"turns":2.0},{"damage":0.0,"enemies":"Spheric Guardian","floor":21.0,"turns":2.0},{"damage":0.0,"enemies":"Centurion and Healer","floor":22.0,"turns":4.0},{"damage":27.0,"enemies":"Snake Plant","floor":24.0,"turns":3.0},{"damage":6.0,"enemies":"Book of Stabbing","floor":25.0,"turns":4.0},{"damage":0.0,"enemies":"Gremlin Leader","floor":29.0,"turns":4.0},{"damage":10.0,"enemies":"Slavers","floor":31.0,"turns":3.0},{"damage":16.0,"enemies":"Champ","floor":33.0,"turns":11.0},{"damage":1.0,"enemies":"Orb Walker","floor":35.0,"turns":3.0},{"damage":0.0,"enemies":"3 Darklings","floor":37.0,"turns":3.0},{"damage":55.0,"enemies":"Nemesis","floor":40.0,"turns":5.0},{"damage":0.0,"enemies":"Maw","floor":44.0,"turns":5.0},{"damage":3.0,"enemies":"Awakened One","floor":50.0,"turns":11.0},{"damage":14.0,"enemies":"Donu and Deca","floor":51.0,"turns":7.0},{"damage":28.0,"enemies":"Shield and Spear","floor":55.0,"turns":7.0},{"damage":40,"enemies":"The Heart","floor":56,"turns":5}],"seed_played":"7652975893803959882","potions_obtained":[{"floor":2.0,"key":"Block Potion"},{"floor":2.0,"key":"Strength Potion"},{"floor":7.0,"key":"Dexterity Potion"},{"floor":16.0,"key":"Dexterity Potion"},{"floor":25.0,"key":"Energy Potion"},{"floor":29.0,"key":"Block Potion"},{"floor":33.0,"key":"Block Potion"},{"floor":40.0,"key":"DistilledChaos"},{"floor":44.0,"key":"GamblersBrew"},{"floor":55.0,"key":"SteroidPotion"}],"is_trial":false,"path_per_floor":["M","?","M","M","?","R","E","R","T","E","$","R","?","M","R","B",null,"M","?","?","M","M","R","M","E","T","R","?","E","R","E","R","B",null,"M","?","M","$","?","E","?","R","T","M","R","?","R","$","R","B","B",null,"R","$","E","B"],"character_chosen":"DEFECT","items_purchased":["ClockworkSouvenir","Defragment","Turnip","FocusPotion","BlessingOfTheForge","Conserve Battery+1","Membership Card","Consume+1","DuplicationPotion","DataDisk","AttackPotion","Explosive Potion"],"campfire_rested":2,"item_purchase_floors":[11,38,38,48,48,48,54,54,54,54,54,54],"current_hp_per_floor":[44,44,37,37,37,37,14,14,14,8,8,8,8,8,8,8,61,59,59,59,59,59,59,32,26,26,26,26,26,26,16,39,23,64,63,63,63,63,63,10,10,34,34,36,36,36,36,36,36,33,19,66,66,66,38,0,0],"gold":46,"neow_bonus":"TRANSFORM_TWO_CARDS","is_daily":false,"chose_seed":false,"campfire_upgraded":10,"win_rate":0.0,"timestamp":1614180630,"path_taken":["M","?","M","M","?","R","E","R","T","E","?","R","?","M","R","BOSS","M","?","?","M","M","R","?","E","T","R","?","E","R","E","R","BOSS","M","?","M","$","?","E","?","R","T","M","R","?","R","$","R","BOSS","BOSS","R","$","E","BOSS"],"items_purchased_type":["Relic","Card","Relic","Potion","Potion","Card","Relic","Card","Potion","Relic","Potion","Potion"],"build_version":"2020-12-22","purchased_purges":2,"victory":false,"max_hp_per_floor":[71,71,71,71,71,71,78,78,78,78,78,78,78,78,78,78,78,78,78,78,78,78,78,78,78,78,78,78,78,78,78,78,78,78,78,78,78,78,78,80,80,80,80,82,82,82,82,82,82,82,82,82,82,82,82,82,82],"card_choices":[{"not_picked":["Stack","Streamline","Ball Lightning"],"picked":"SKIP","floor":1.0},{"not_picked":["Stack","Streamline"],"picked":"Ball Lightning","floor":1.0},{"not_picked":["Stack","Heatsinks","Go for the Eyes"],"picked":"SKIP","floor":3.0},{"not_picked":["Hologram","Rebound"],"picked":"Glacier","floor":4.0},{"not_picked":["Leap","Barrage","Scrape"],"picked":"SKIP","floor":7.0},{"not_picked":["Go for the Eyes","Streamline"],"picked":"Biased Cognition","floor":10.0},{"not_picked":["Barrage","Beam Cell"],"picked":"Ball Lightning","floor":14.0},{"not_picked":["Rainbow","Meteor Strike"],"picked":"Electrodynamics","floor":16.0},{"not_picked":["Auto Shields","BootSequence","Barrage"],"picked":"SKIP","floor":18.0},{"not_picked":["Conserve Battery","Gash"],"picked":"Hologram","floor":21.0},{"not_picked":["Leap","Turbo","Hologram"],"picked":"SKIP","floor":22.0},{"not_picked":["FTL","Conserve Battery"],"picked":"Stack+1","floor":24.0},{"not_picked":["Meteor Strike","Compile Driver"],"picked":"Coolheaded","floor":25.0},{"not_picked":["Compile Driver","Steam","Cold Snap"],"picked":"SKIP","floor":29.0},{"not_picked":["Stack","Hologram"],"picked":"Conserve Battery","floor":31.0},{"not_picked":["Creative AI","Electrodynamics"],"picked":"Biased Cognition","floor":33.0},{"not_picked":["Gash","Stack"],"picked":"Defragment","floor":35.0},{"not_picked":["Turbo","Redo"],"picked":"Coolheaded","floor":37.0},{"not_picked":["Force Field+1","Turbo+1","Compile Driver"],"picked":"Singing Bowl","floor":40.0},{"not_picked":["Sweeping Beam","Force Field+1","Steam+1"],"picked":"Singing Bowl","floor":44.0},{"not_picked":["Storm","Creative AI"],"picked":"Skim+1","floor":55.0}],"player_experience":662350,"relics_obtained":[{"floor":7.0,"key":"Strawberry"},{"floor":10.0,"key":"CeramicFish"},{"floor":25.0,"key":"Potion Belt"},{"floor":26.0,"key":"MawBank"},{"floor":29.0,"key":"Whetstone"},{"floor":31.0,"key":"Singing Bowl"},{"floor":40.0,"key":"Toxic Egg 2"},{"floor":43.0,"key":"Bag of Preparation"},{"floor":55.0,"key":"Akabeko"}],"event_choices":[{"damage_healed":0.0,"max_hp_gain":0.0,"max_hp_loss":0.0,"gold_gain":0.0,"event_name":"The Woman in Blue","player_choice":"Bought 2 Potions","floor":2.0,"gold_loss":0.0,"damage_taken":0.0},{"damage_healed":0.0,"max_hp_gain":0.0,"max_hp_loss":0.0,"gold_gain":0.0,"cards_transformed":["Strike_B"],"event_name":"Transmorgrifier","player_choice":"Transformed","floor":5.0,"gold_loss":0.0,"damage_taken":0.0,"cards_obtained":["Rip and Tear"]},{"damage_healed":0.0,"max_hp_gain":0.0,"max_hp_loss":0.0,"gold_gain":0.0,"cards_transformed":["Strike_B"],"event_name":"Transmorgrifier","player_choice":"Transformed","floor":13.0,"gold_loss":0.0,"damage_taken":0.0,"cards_obtained":["BootSequence"]},{"damage_healed":0.0,"max_hp_gain":0.0,"max_hp_loss":0.0,"gold_gain":0.0,"event_name":"Vampires","player_choice":"Ignored","floor":19.0,"gold_loss":0.0,"damage_taken":0.0},{"damage_healed":0.0,"max_hp_gain":0.0,"max_hp_loss":0.0,"gold_gain":0.0,"event_name":"Accursed Blacksmith","player_choice":"Forge","floor":20.0,"gold_loss":0.0,"damage_taken":0.0,"cards_upgraded":["Electrodynamics"]},{"cards_removed":["Strike_B"],"damage_healed":0.0,"max_hp_gain":0.0,"max_hp_loss":0.0,"gold_gain":0.0,"event_name":"Purifier","player_choice":"Purged","floor":28.0,"gold_loss":0.0,"damage_taken":0.0},{"cards_removed":["Defend_B"],"damage_healed":0.0,"max_hp_gain":0.0,"max_hp_loss":0.0,"gold_gain":0.0,"event_name":"Falling","player_choice":"Removed Skill","floor":36.0,"gold_loss":0.0,"damage_taken":0.0},{"damage_healed":0.0,"max_hp_gain":0.0,"max_hp_loss":0.0,"gold_gain":0.0,"event_name":"Tomb of Lord Red Mask","player_choice":"Ignored","floor":39.0,"gold_loss":0.0,"damage_taken":0.0},{"damage_healed":0.0,"max_hp_gain":0.0,"max_hp_loss":0.0,"gold_gain":0.0,"event_name":"Mysterious Sphere","player_choice":"Ignored","floor":41.0,"gold_loss":0.0,"damage_taken":0.0},{"damage_healed":0.0,"max_hp_gain":0.0,"max_hp_loss":0.0,"gold_gain":300.0,"event_name":"Wheel of Change","player_choice":"Gold","floor":46.0,"gold_loss":0.0,"damage_taken":0.0}],"is_beta":false,"boss_relics":[{"not_picked":["SacredBark","Ectoplasm"],"picked":"Philosopher\u0027s Stone"},{"not_picked":["Astrolabe","Cursed Key"],"picked":"Inserter"}],"items_purged_floors":[38,48],"is_endless":false,"potions_floor_spawned":[3,7,16,25,29,33,40,44,55],"killed_by":"The Heart","ascension_level":20}}