{"host":"jfbo3eu2ui08ej1u","time":1614160796,"event":{"mods":["2.2 Compatiblity","AchievementEnabler","Act Like it!","Aspiration","BaseMod","Better Altar","Better Match","Better Note","Better Sensory Stone","Better Skull","Better Third Choice","Block Reminder","Colored Map","Colored Powertips","Conspire","DeckTracker","Displayed Cursed Tome","Energized Spire","Fox Events","GifTheSpireLib","Hermit","Hubris","Infinite Spire","Marked Mod","Minty Spire (QoL Compilation)","Monster B Gone","Pale of the Ancients","Poor People Problems","Quick Restart","Relic Filter","Reliquary","Reorder Act Four","Replay The Spire","Shop Mod","Spicy Shops","Spire Arcade","StSLib","Stuff the Spire","The Blue Laboratory","The Disciple","The Forsaken","The Hierophant","The Marked","Uncapped","Unceasing Turn Reminder","Wandering Minibosses"],"gold_per_floor":[113,129,129,152,173,173,213,213,213,213,227,22,55,55,55,146,146,170,170,220,236,236,236,280,280,580,580,580,613,538,538,556,575,575,668,668,688,701,851,343,358,402,417,59,83,83,122,122,163,163,163,163,163,181,194,469,31,31,44,44,91,91,91],"floor_reached":64,"language":"ENG","playtime":4005,"items_purged":["Injury","Strike_G","Strike_G","Regret","Looming Evil"],"score":3149,"play_id":"ba106de1-0378-4715-bc02-2544bdec97d2","local_time":"20210224045956","is_ascension_mode":true,"campfire_choices":[{"floor":6.0,"key":"REST"},{"floor":10.0,"key":"REST"},{"data":"Concentrate","floor":15.0,"key":"SMITH"},{"data":"Blade Dance","floor":23.0,"key":"SMITH"},{"floor":25.0,"key":"REST"},{"floor":34.0,"key":"REST"},{"data":"Adrenaline","floor":48.0,"key":"SMITH"},{"floor":51.0,"key":"REST"},{"data":"Wraith Form v2","floor":58,"key":"SMITH"},{"data":"StuffTheSpire:Incantation","floor":60,"key":"SMITH"}],"circlet_count":0,"master_deck":["AscendersBane","Strike_G","Defend_G","Defend_G","Defend_G","Defend_G","Survivor","Neutralize","Wraith Form v2+1","Eviscerate","Terror","Cloak And Dagger","StuffTheSpire:Shiver","Choke","Fluid Movement","Concentrate+1","After Image","Blade Dance+1","Underhanded Strike","Prepared","Calculated Gamble","Leg Sweep","Bullet Time","Underhanded Strike","Distraction+1","Adrenaline+1","Deflect+1","wanderingMiniBosses:FinaleOfPromise","Accuracy","Accuracy+1","Deflect","StuffTheSpire:Incantation+1"],"relics":["Ring of the Snake","Golden Idol","Torii","reliquary:Pushpin","StuffTheSpire:Gunfinga","hubris:ToyBattleship","hubris:Icosahedron","Snecko Scales","Akabeko","Philosopher\u0027s Stone","hubris:Towel","reliquary:IridiumChain","Old Coin","infinitespire:EmpoweringShard","Gremlin Horn","Empty Cage","StuffTheSpire:OldFever","StuffTheSpire:Tea","reliquary:Spinner","wanderingMiniBosses:Blackblade","OrangePellets","reliquary:Buckler","ReplayTheSpireMod:Lightbulb","Toy Ornithopter","ReplayTheSpireMod:Ring of Collecting","Ring of Peace","paleoftheancients:Timepiece","paleoftheancients:KeyRelic","Letter Opener","CultistMask","paleoftheancients:SoulOfTheIroncluck","reliquary:CitrusReamer","Ring of Fangs","hubris:TenFootPole"],"acts_visited":["Exordium","TheCity","TheBeyond","paleoftheancients:PaleOfTheAncients"],"potions_floor_usage":[],"damage_taken":[{"damage":4.0,"enemies":"2 Louse","floor":1.0,"turns":5.0},{"damage":9.0,"enemies":"Jaw Worm","floor":2.0,"turns":8.0},{"damage":2.0,"enemies":"Small Slimes","floor":4.0,"turns":5.0},{"damage":32.0,"enemies":"Exordium Wildlife","floor":5.0,"turns":8.0},{"damage":15.0,"enemies":"Lagavulin","floor":7.0,"turns":8.0},{"damage":1.0,"enemies":"Looter","floor":11.0,"turns":4.0},{"damage":25.0,"enemies":"Gremlin Nob","floor":13.0,"turns":5.0},{"damage":60.0,"enemies":"Slime Boss","floor":16.0,"turns":14.0},{"damage":2.0,"enemies":"conspire:FuzzyDice","floor":18.0,"turns":6.0},{"damage":0.0,"enemies":"Spheric Guardian","floor":21.0,"turns":5.0},{"damage":24.0,"enemies":"Slavers","floor":24.0,"turns":5.0},{"damage":20.0,"enemies":"Gremlin Leader","floor":29.0,"turns":4.0},{"damage":0.0,"enemies":"Snecko","floor":32.0,"turns":4.0},{"damage":7.0,"enemies":"Snake Plant","floor":33.0,"turns":2.0},{"damage":13.0,"enemies":"conspire:MysteriousRune","floor":35.0,"turns":6.0},{"damage":0.0,"enemies":"3 Shapes","floor":37.0,"turns":5.0},{"damage":10.0,"enemies":"3 Darklings","floor":38.0,"turns":7.0},{"damage":0.0,"enemies":"4 Shapes","floor":41.0,"turns":5.0},{"damage":2.0,"enemies":"Reptomancer","floor":42.0,"turns":5.0},{"damage":0.0,"enemies":"Writhing Mass","floor":43.0,"turns":8.0},{"damage":9.0,"enemies":"Nemesis","floor":47.0,"turns":3.0},{"damage":0.0,"enemies":"Reptomancer","floor":49.0,"turns":2.0},{"damage":8.0,"enemies":"hubris:GrandSnecko","floor":52.0,"turns":3.0},{"damage":9.0,"enemies":"infinitespire:MassOfShapes","floor":53.0,"turns":8.0},{"damage":1,"enemies":"infinitespire:MassOfShapes","floor":54,"turns":6},{"damage":0,"enemies":"infinitespire:MassOfShapes","floor":55,"turns":3},{"damage":0,"enemies":"infinitespire:MassOfShapes","floor":59,"turns":2},{"damage":0,"enemies":"paleoftheancients:N","floor":63,"turns":3}],"seed_played":"1715355210385856408","potions_obtained":[{"floor":4.0,"key":"Elixir"},{"floor":11.0,"key":"Swift Potion"},{"floor":21.0,"key":"blueLaboratory:StoneskinPotion"},{"floor":24.0,"key":"LiquidMemories"},{"floor":29.0,"key":"ColorlessPotion"},{"floor":32.0,"key":"blueLaboratory:NinjaPotion"},{"floor":37.0,"key":"PowerPotion"},{"floor":54,"key":"Fire Potion"},{"floor":59,"key":"SteroidPotion"}],"is_trial":false,"path_per_floor":["M","M","?","M","M","R","E","?","T","R","M","$","E","?","R","B",null,"M","AVR","?","M","?","R","E","R","T","PTL","PTL","E","?","T","M","M","R","B",null,"M","M","?","$","M","E","M","$","T","?","E","R","E","?","R","B","B","M","M","?","$","R","M","R","T","?","B",null],"character_chosen":"THE_SILENT","items_purchased":["StuffTheSpire:Gunfinga","Fluid Movement","StuffTheSpire:OldFever","StuffTheSpire:Tea","Accuracy","OrangePellets","reliquary:CitrusReamer"],"campfire_rested":5,"item_purchase_floors":[12,12,40,40,44,44,57],"current_hp_per_floor":[55,46,46,44,12,31,16,16,16,35,34,34,9,9,9,6,51,49,49,49,49,49,49,25,44,44,44,44,24,24,24,24,17,36,23,55,55,45,45,45,45,43,43,43,43,39,30,30,30,30,49,41,59,58,58,58,58,58,58,58,58,58,58],"gold":91,"neow_bonus":"ONE_RANDOM_RARE_CARD","is_daily":false,"chose_seed":false,"campfire_upgraded":5,"win_rate":0.0,"timestamp":1614160796,"path_taken":["M","M","?","M","M","R","E","?","T","R","M","$","E","?","R","BOSS","M","AVR","?","?","?","R","E","R","T","PTL","PTL","E","?","?","M","M","R","BOSS","M","M","?","$","M","E","?","$","T","?","E","R","E","?","R","BOSS","BOSS","M","M","?","$","R","M","R","T","?","BOSS"],"items_purchased_type":["Relic","Card","Relic","Relic","Card","Relic","Relic"],"build_version":"2020-12-22","purchased_purges":5,"victory":true,"max_hp_per_floor":[66,66,66,66,66,66,66,66,66,66,66,66,66,66,66,66,66,66,66,66,66,66,66,66,66,66,66,66,66,66,66,66,66,66,66,66,66,66,66,66,66,66,66,66,66,66,66,66,66,66,66,66,66,66,66,66,66,66,66,66,66,66,66],"card_choices":[{"not_picked":["Noxious Fumes","Backstab"],"picked":"Eviscerate","floor":1.0},{"not_picked":["Skewer","Dagger Throw"],"picked":"Terror","floor":2.0},{"not_picked":["ReplayTheSpireMod:The Works","Bane"],"picked":"Cloak And Dagger","floor":4.0},{"not_picked":["Blur","Poisoned Stab"],"picked":"StuffTheSpire:Shiver","floor":5.0},{"not_picked":["StuffTheSpire:ClusterCrunch","Dodge and Roll","Toxin Wave"],"picked":"SKIP","floor":7.0},{"not_picked":["Caltrops","Outmaneuver"],"picked":"Choke","floor":11.0},{"not_picked":["Slice","Prepared"],"picked":"Concentrate","floor":13.0},{"not_picked":["Adrenaline","Night Terror"],"picked":"After Image","floor":16.0},{"not_picked":["Bane","Expertise","Finisher"],"picked":"SKIP","floor":18.0},{"not_picked":["Sneak Up","Dagger Spray"],"picked":"Blade Dance","floor":21.0},{"not_picked":["Flechettes","Terror"],"picked":"Underhanded Strike","floor":24.0},{"not_picked":["Poisoned Stab","Footwork"],"picked":"Prepared","floor":29.0},{"not_picked":["Cloak And Dagger","ReplayTheSpireMod:Speed Training"],"picked":"Calculated Gamble","floor":32.0},{"not_picked":["Dagger Throw+1","Outmaneuver"],"picked":"Leg Sweep","floor":33.0},{"not_picked":["Venomology","StuffTheSpire:FinalStruggle"],"picked":"Bullet Time","floor":35.0},{"not_picked":["Hidden Blade","Flechettes"],"picked":"Underhanded Strike","floor":37.0},{"not_picked":["Flying Knee","Quick Slash"],"picked":"Distraction+1","floor":38.0},{"not_picked":["Underhanded Strike+1","Sucker Punch"],"picked":"Adrenaline","floor":41.0},{"not_picked":["PiercingWail","StuffTheSpire:BumpUp"],"picked":"Deflect","floor":42.0},{"not_picked":[],"picked":"wanderingMiniBosses:FinaleOfPromise","floor":43.0},{"not_picked":["Dagger Spray+1","conspire:PoisonWeapons","Dagger Throw+1"],"picked":"SKIP","floor":43.0},{"not_picked":["Dagger Throw+1","Sucker Punch+1","Dagger Spray+1"],"picked":"SKIP","floor":47.0},{"not_picked":["Hidden Blade","Bane"],"picked":"Deflect","floor":49.0},{"not_picked":["Predator","Outmaneuver","StuffTheSpire:Sprint"],"picked":"SKIP","floor":54},{"not_picked":["Underhanded Strike+1","Sneak Up+1","Predator"],"picked":"SKIP","floor":55},{"not_picked":["Outmaneuver+1","Prepared"],"picked":"StuffTheSpire:Incantation","floor":59}],"player_experience":1373320,"relics_obtained":[{"floor":7.0,"key":"Torii"},{"floor":9.0,"key":"reliquary:Pushpin"},{"floor":13.0,"key":"hubris:ToyBattleship"},{"floor":24.0,"key":"reliquary:IridiumChain"},{"floor":26.0,"key":"Old Coin"},{"floor":29.0,"key":"infinitespire:EmpoweringShard"},{"floor":31.0,"key":"Gremlin Horn"},{"floor":42.0,"key":"reliquary:Spinner"},{"floor":43.0,"key":"wanderingMiniBosses:Blackblade"},{"floor":45.0,"key":"reliquary:Buckler"},{"floor":47.0,"key":"ReplayTheSpireMod:Lightbulb"},{"floor":49.0,"key":"Toy Ornithopter"},{"floor":50.0,"key":"ReplayTheSpireMod:Ring of Collecting"},{"floor":50.0,"key":"Ring of Peace"},{"floor":54,"key":"paleoftheancients:SoulOfTheIroncluck"},{"floor":61,"key":"Ring of Fangs"},{"floor":61,"key":"hubris:TenFootPole"}],"event_choices":[{"damage_healed":0.0,"max_hp_gain":0.0,"max_hp_loss":0.0,"gold_gain":0.0,"event_name":"Golden Idol","player_choice":"Take Wound","floor":3.0,"gold_loss":0.0,"damage_taken":0.0,"relics_obtained":["Golden Idol"],"cards_obtained":["Injury"]},{"damage_healed":0.0,"max_hp_gain":0.0,"max_hp_loss":0.0,"gold_gain":100.0,"event_name":"The Joust","player_choice":"Bet on Murderer","floor":20.0,"gold_loss":50.0,"damage_taken":0.0},{"cards_removed":["Strike_G"],"damage_healed":0.0,"max_hp_gain":0.0,"max_hp_loss":0.0,"gold_gain":0.0,"event_name":"Beggar","player_choice":"Gave Gold","floor":30.0,"gold_loss":75.0,"damage_taken":0.0},{"damage_healed":0.0,"max_hp_gain":0.0,"max_hp_loss":0.0,"gold_gain":0.0,"event_name":"conspire:Investor","player_choice":"Leave","floor":46.0,"gold_loss":0.0,"damage_taken":0.0},{"damage_healed":0,"gold_gain":275,"player_choice":"Desecrate","damage_taken":0,"max_hp_gain":0,"max_hp_loss":0,"event_name":"Golden Shrine","floor":56,"gold_loss":0,"cards_obtained":["Regret"]}],"is_beta":false,"boss_relics":[{"not_picked":["aspiration:WatcherSkillbook","ReplayTheSpireMod:SealedPack"],"picked":"Snecko Scales"},{"not_picked":["StuffTheSpire:Kangaroo","Replay:Ancient Bell"],"picked":"Empty Cage"}],"items_purged_floors":[19,40,44,57,57],"is_endless":false,"potions_floor_spawned":[4,11,21,24,29,32,37,38,54,59],"ascension_level":20}}