{"host":"7jag2woc339g1nhm","time":1614164750,"event":{"mods":["AchievementEnabler","BaseMod","Bestiary","DeckTracker","Minty Spire (QoL Compilation)"],"gold_per_floor":[119,119,119,51,51,51,77,77,77,95,195,209,243,253,253,355,355,372,385,385,411,333,333,360,360,384,415,415,415,433,133,133,231,231,243,168,218,73,83,83,83],"floor_reached":40,"language":"ENG","playtime":3550,"items_purged":["Regret"],"score":546,"play_id":"b9cb9dcc-7d38-4ec1-be53-16b5d491a39a","local_time":"20210224213550","is_ascension_mode":true,"campfire_choices":[{"data":"Dualcast","floor":6,"key":"SMITH"},{"floor":15,"key":"REST"},{"floor":23,"key":"REST"},{"data":"Storm","floor":29,"key":"SMITH"},{"data":"Redo","floor":32,"key":"SMITH"}],"circlet_count":0,"master_deck":["Strike_B+1","Strike_B+1","Strike_B+1","Strike_B+1","Defend_B+1","Defend_B+1","Defend_B+1","Zap+1","Dualcast+1","Conserve Battery","Storm+1","Beam Cell","Coolheaded","Capacitor","Cold Snap","Conserve Battery","Echo Form","Static Discharge","Redo+1","Ghostly","Ghostly","Ghostly","Ghostly","Ghostly","Melter","Cold Snap+1","Redo+1","Steam","Capacitor","Seek","Steam","Defragment","Lockon+1","Stack"],"relics":["Cracked Core","NeowsBlessing","Question Card","Boot","Matryoshka","Bottled Lightning","Velvet Choker","Omamori","Lantern","Toy Ornithopter","MealTicket","Vajra","PreservedInsect","Lee\u0027s Waffle","Busted Crown","Peace Pipe","Orichalcum"],"acts_visited":["Exordium","TheCity","TheBeyond"],"potions_floor_usage":[16,16,16,16,19,27,27,35],"damage_taken":[{"damage":0,"enemies":"2 Louse","floor":1,"turns":2},{"damage":0,"enemies":"Gremlin Nob","floor":7,"turns":1},{"damage":0,"enemies":"Small Slimes","floor":10,"turns":1},{"damage":8,"enemies":"Cultist","floor":12,"turns":4},{"damage":30,"enemies":"Lagavulin","floor":13,"turns":7},{"damage":2,"enemies":"2 Fungi Beasts","floor":14,"turns":3},{"damage":10,"enemies":"Slime Boss","floor":16,"turns":12},{"damage":34,"enemies":"Spheric Guardian","floor":18,"turns":6},{"damage":12,"enemies":"Shell Parasite","floor":19,"turns":5},{"damage":2,"enemies":"Book of Stabbing","floor":24,"turns":7},{"damage":2,"enemies":"Gremlin Leader","floor":27,"turns":7},{"damage":12,"enemies":"Snecko","floor":30,"turns":6},{"damage":16,"enemies":"Collector","floor":33,"turns":11},{"damage":34,"enemies":"3 Darklings","floor":35,"turns":7},{"damage":0,"enemies":"Mind Bloom Boss Battle","floor":37,"turns":8},{"damage":2,"enemies":"Orb Walker","floor":39,"turns":3},{"damage":46,"enemies":"Reptomancer","floor":40,"turns":3}],"seed_played":"-4627511950091811499","potions_obtained":[{"floor":7,"key":"Energy Potion"},{"floor":13,"key":"SkillPotion"},{"floor":14,"key":"EntropicBrew"},{"floor":16,"key":"Explosive Potion"},{"floor":30,"key":"EssenceOfSteel"},{"floor":33,"key":"BlessingOfTheForge"},{"floor":39,"key":"PowerPotion"}],"is_trial":false,"path_per_floor":["M","?","?","$","?","R","E","T","T","M","?","M","E","M","R","B",null,"M","M","?","T","$","R","E","?","T","E","?","R","M","$","R","B",null,"M","$","?","$","M","E"],"character_chosen":"DEFECT","items_purchased":["Storm","Melter","Lee\u0027s Waffle","Capacitor","Defragment","Orichalcum"],"campfire_rested":2,"item_purchase_floors":[4,22,31,31,36,38],"current_hp_per_floor":[75,68,68,68,68,68,68,68,68,68,68,60,30,28,50,40,75,41,29,29,29,29,37,35,35,35,35,31,31,19,49,49,33,49,16,31,31,46,44,0,0],"gold":83,"neow_bonus":"THREE_ENEMY_KILL","is_daily":false,"chose_seed":false,"campfire_upgraded":3,"win_rate":0.0,"timestamp":1614164750,"path_taken":["M","?","?","$","?","R","E","?","T","?","?","M","E","M","R","BOSS","M","?","?","?","?","R","E","?","T","E","?","R","M","$","R","BOSS","M","$","?","$","M","E"],"items_purchased_type":["Card","Card","Relic","Card","Card","Relic"],"build_version":"2020-12-22","purchased_purges":1,"victory":false,"max_hp_per_floor":[75,75,75,75,75,75,75,75,75,75,75,75,75,75,75,75,75,75,75,37,37,37,37,37,37,37,37,42,42,42,49,49,49,49,49,49,49,49,49,49,49],"card_choices":[{"not_picked":["Redo","Stack"],"picked":"Conserve Battery","floor":1},{"not_picked":["Ball Lightning","Sweeping Beam","Conserve Battery"],"picked":"Beam Cell","floor":7},{"not_picked":["Turbo","Core Surge","Leap"],"picked":"Coolheaded","floor":10},{"not_picked":["Double Energy","Conserve Battery","Rebound"],"picked":"Capacitor","floor":12},{"not_picked":["Ball Lightning","Rebound","Sweeping Beam"],"picked":"Cold Snap","floor":13},{"not_picked":["Hologram","Go for the Eyes","Leap"],"picked":"Conserve Battery","floor":14},{"not_picked":["Hyperbeam","Amplify","Creative AI"],"picked":"Echo Form","floor":16},{"not_picked":["Gash","Turbo","Redo"],"picked":"Static Discharge","floor":18},{"not_picked":["Gash","Skim+1","Chaos"],"picked":"Redo+1","floor":19},{"not_picked":["Fusion","Sweeping Beam","Force Field"],"picked":"Cold Snap+1","floor":24},{"not_picked":["Thunder Strike","Gash","Sweeping Beam"],"picked":"Redo","floor":27},{"not_picked":["Stack","Ball Lightning","Fission"],"picked":"Steam","floor":30},{"not_picked":["Thunder Strike","Reboot","Amplify"],"picked":"Seek","floor":33},{"not_picked":["Stack+1"],"picked":"Steam","floor":35},{"not_picked":["Stack"],"picked":"Lockon+1","floor":37},{"not_picked":["Sunder"],"picked":"Stack","floor":39}],"player_experience":123962,"relics_obtained":[{"floor":7,"key":"Boot"},{"floor":9,"key":"Matryoshka"},{"floor":13,"key":"Bottled Lightning"},{"floor":21,"key":"Omamori"},{"floor":21,"key":"Lantern"},{"floor":24,"key":"Toy Ornithopter"},{"floor":26,"key":"MealTicket"},{"floor":26,"key":"Vajra"},{"floor":27,"key":"PreservedInsect"},{"floor":37,"key":"Peace Pipe"}],"event_choices":[{"cards_removed":["Defend_B"],"damage_healed":0,"gold_gain":0,"player_choice":"Card Removal","damage_taken":7,"max_hp_gain":0,"max_hp_loss":0,"event_name":"Golden Wing","floor":2,"gold_loss":0},{"damage_healed":0,"gold_gain":0,"player_choice":"Box","damage_taken":0,"relics_obtained":["Question Card"],"max_hp_gain":0,"max_hp_loss":0,"event_name":"Big Fish","floor":3,"gold_loss":0,"cards_obtained":["Regret"]},{"damage_healed":0,"gold_gain":0,"player_choice":"Grow","damage_taken":0,"max_hp_gain":0,"max_hp_loss":0,"event_name":"Living Wall","floor":5,"gold_loss":0,"cards_upgraded":["Zap"]},{"damage_healed":0,"gold_gain":100,"player_choice":"Pray","damage_taken":0,"max_hp_gain":0,"max_hp_loss":0,"event_name":"Golden Shrine","floor":11,"gold_loss":0},{"damage_healed":0,"gold_gain":0,"player_choice":"Became a Ghost","damage_taken":0,"max_hp_gain":0,"max_hp_loss":38,"event_name":"Ghosts","floor":20,"gold_loss":0,"cards_obtained":["Ghostly","Ghostly","Ghostly","Ghostly","Ghostly"]},{"damage_healed":0,"gold_gain":0,"player_choice":"Simplicity","damage_taken":0,"max_hp_gain":0,"max_hp_loss":0,"event_name":"Back to Basics","floor":25,"gold_loss":0,"cards_upgraded":["Strike_B","Strike_B","Strike_B","Strike_B","Defend_B","Defend_B","Defend_B"]},{"damage_healed":0,"gold_gain":0,"player_choice":"Shed Blood","damage_taken":9,"max_hp_gain":5,"max_hp_loss":0,"event_name":"Forgotten Altar","floor":28,"gold_loss":0},{"damage_healed":0,"gold_gain":0,"player_choice":"Fight","damage_taken":0,"max_hp_gain":0,"max_hp_loss":0,"event_name":"MindBloom","floor":37,"gold_loss":0}],"is_beta":false,"boss_relics":[{"not_picked":["Tiny House","Fusion Hammer"],"picked":"Velvet Choker"},{"not_picked":["SlaversCollar","Black Star"],"picked":"Busted Crown"}],"items_purged_floors":[31],"is_endless":false,"potions_floor_spawned":[7,13,14,16,30,33,39],"killed_by":"Reptomancer","ascension_level":3}}