{"host":"w2kjv12xyhtt0cv2","time":1614144687,"event":{"mods":["10 clothes from DAL","100% Spire Juice","Act Like it!","BaseMod","Colored Map","Friendly Minions","Gensokyo","GifTheSpireLib","Highlight Path","Hubris","Library of Ruina","Minty Spire (QoL Compilation)","Quick Restart","Relic Stats","Reliquary","Replay The Spire","Ring Of Destiny","Robot Space Explorer","Shop Mod","Spicy Shops","StSLib","The Dragon Tamer","UnlockEverythingMod","Waifu the Spire","[IsaacMod]以撒尖塔","[功能]功能增强和修复MOD","【功能Mod】Neow奖励","【功能Mod】聪明的最终Boss","【遗物卡牌】REMEMod","没有小屋子和绿帽子啦"],"gold_per_floor":[117,135,67,17,92,123,134,162,217,224,224],"floor_reached":10,"language":"ZHS","playtime":663,"items_purged":["RingOfDestiny:Strike_SU"],"score":84,"play_id":"25809ea8-da9a-4f3d-8e52-a2e21a693ae2","local_time":"20210224133127","is_ascension_mode":true,"campfire_choices":[],"circlet_count":0,"master_deck":["RingOfDestiny:Defend_SU","RingOfDestiny:Defend_SU","RingOfDestiny:Defend_SU","RingOfDestiny:Strike_SU","RingOfDestiny:MaliciousBarrier","RingOfDestiny:DoomsdayStrike","RingOfDestiny:PowerOfGreed","RingOfDestiny:PowerOfEnvy","SuicideKing","SuicideKing","RingOfDestiny:SongOfDoomsday","RingOfDestiny:SongOfDoomsday"],"relics":["REME_ComplimentaryCards","HushsDoor","D6","Snecko Eye","reliquary:Sideboard","Garlic","SalivaCoin"],"acts_visited":["Exordium"],"potions_floor_usage":[8],"damage_taken":[{"damage":3.0,"enemies":"Small Slimes","floor":1.0,"turns":3.0},{"damage":0.0,"enemies":"2 Louse","floor":2.0,"turns":2.0},{"damage":15,"enemies":"3 Sentries","floor":6,"turns":7},{"damage":2,"enemies":"Jaw Worm","floor":7,"turns":2},{"damage":10,"enemies":"Gremlin Nob","floor":8,"turns":2},{"damage":16,"enemies":"Lagavulin","floor":10,"turns":2}],"seed_played":"-7324305055088803226","potions_obtained":[{"floor":7,"key":"AttackPotion"},{"floor":8,"key":"PowerPotion"}],"is_trial":false,"path_per_floor":["M","M","$","?","?","E","M","E","T","E"],"character_chosen":"Summoner","items_purchased":[],"campfire_rested":0,"item_purchase_floors":[],"current_hp_per_floor":[85,85,85,85,74,59,57,47,47,31,31],"gold":224,"neow_bonus":"BOSS_RELIC","is_daily":false,"chose_seed":false,"campfire_upgraded":0,"win_rate":0.0,"timestamp":1614144687,"path_taken":["M","M","$","?","?","E","M","E","T","E"],"items_purchased_type":[],"build_version":"2020-12-22","purchased_purges":1,"victory":false,"max_hp_per_floor":[88,88,88,88,88,88,88,88,88,88,88],"relic_stats":{"counters":[6,18],"Snecko Eye":[42,44,27,39],"obtain_stats":[{"KeepersGift":0,"D6":0,"reliquary:Sideboard":6,"Snecko Eye":0,"Garlic":8,"SalivaCoin":9,"RingOfDestiny:DemonicContract":0,"HushsDoor":0,"REME_ComplimentaryCards":0},{"KeepersGift":0,"D6":0,"reliquary:Sideboard":3,"Snecko Eye":0,"Garlic":5,"SalivaCoin":5,"RingOfDestiny:DemonicContract":0,"HushsDoor":0,"REME_ComplimentaryCards":0},{"KeepersGift":0,"D6":0,"reliquary:Sideboard":12,"Snecko Eye":0,"Garlic":16,"SalivaCoin":16,"RingOfDestiny:DemonicContract":0,"HushsDoor":0,"REME_ComplimentaryCards":0}]},"card_choices":[{"not_picked":[],"picked":"SuicideKing","floor":0.0},{"not_picked":["RingOfDestiny:CupOfDesire","RingOfDestiny:RingOfGreed"],"picked":"RingOfDestiny:SongOfDoomsday","floor":1.0},{"not_picked":["RingOfDestiny:DoomsdayMeteorite","RingOfDestiny:ChainBlade"],"picked":"RingOfDestiny:SongOfDoomsday","floor":2.0},{"not_picked":["RingOfDestiny:DemonVanguard","RingOfDestiny:MaliciousSword"],"picked":"RingOfDestiny:AbyssOfDesire","floor":6},{"not_picked":["RingOfDestiny:MemoryBlade","RingOfDestiny:MaskOfSuffering"],"picked":"RingOfDestiny:DemonGovernor","floor":7},{"not_picked":["RingOfDestiny:RingOfGreed","RingOfDestiny:FeastOfDoomsday"],"picked":"RingOfDestiny:MaliciousBarrier","floor":8}],"player_experience":34040,"relics_obtained":[{"floor":6,"key":"reliquary:Sideboard"},{"floor":8,"key":"Garlic"},{"floor":9,"key":"SalivaCoin"}],"event_choices":[{"cards_removed":["RingOfDestiny:Strike_SU"],"damage_healed":0.0,"max_hp_gain":0.0,"max_hp_loss":0.0,"gold_gain":0.0,"event_name":"The Cleric","player_choice":"Card Removal","floor":4.0,"gold_loss":50.0,"damage_taken":0.0},{"damage_healed":0.0,"max_hp_gain":0.0,"max_hp_loss":0.0,"gold_gain":75.0,"event_name":"World of Goop","player_choice":"Gather Gold","floor":5.0,"gold_loss":0.0,"damage_taken":11.0}],"is_beta":false,"boss_relics":[],"items_purged_floors":[3],"is_endless":false,"potions_floor_spawned":[7,8],"killed_by":"Lagavulin","ascension_level":2}}