{"host":"5tnmlfm2arf82kze","time":1614173911,"event":{"mods":["Act Like it!","Arknights","BaseMod","CapriCore","Colored Powertips","Gensokyo","Minty Spire (QoL Compilation)","Replay The Spire","RumiaBox-露米娅的神秘盒子","Shop Mod","Spicy Shops","StSLib","Waifu the Spire","Yakumo Yukari mod","Youmu（魂魄妖梦）","Yuyuko","【功能Mod】聪明的最终Boss","【遗物卡牌】REMEMod"],"gold_per_floor":[136,136,152,164,164,164,164,4,4,4,4],"floor_reached":10,"language":"ZHS","playtime":777,"items_purged":[],"score":74,"play_id":"56c48fb7-7de0-4171-b24b-7996ec5ef040","local_time":"20210224213831","is_ascension_mode":true,"campfire_choices":[{"data":"REME_EmptyShield","floor":7,"key":"SMITH"}],"circlet_count":0,"master_deck":["AT_purpleEX","AT_purpleEX","AT_purpleEX","Defend_purpleEX","Defend_purpleEX","Defend_purpleEX","Observe_purple_1","Observe_purple_2","REME_EmptyShield+1","Mirror_WaveAndshot_purple","Pain","PositiveMatter_Antimatter_Universe_purple","Gensokyo:LockedMedkit","Gensokyo:BlemishedSteel"],"relics":["Boundary_crack","Memoryfragments_purpleEX","REME_ComplimentaryCards","Gensokyo:LunaticRedEyes","Gensokyo:PortableGap","GodSword4"],"acts_visited":["Gensokyo:Gensokyo"],"potions_floor_usage":[6],"damage_taken":[{"damage":0,"enemies":"Gensokyo:3_Fairies","floor":1,"turns":5},{"damage":9,"enemies":"Gensokyo:Gryphon","floor":3,"turns":4},{"damage":2,"enemies":"Gensokyo:2_Kodama","floor":4,"turns":3},{"damage":23,"enemies":"Gensokyo:Aya","floor":6,"turns":6},{"damage":26,"enemies":"Gensokyo:Mamizou","floor":10,"turns":8}],"seed_played":"-1518350759635509630","potions_obtained":[{"floor":1,"key":"SmokeBomb"}],"is_trial":false,"path_per_floor":["M","?","M","M","?","E","R","COS","T","E"],"character_chosen":"Youkari","items_purchased":[],"campfire_rested":0,"item_purchase_floors":[],"current_hp_per_floor":[51,51,44,43,43,22,22,22,22,0,0],"gold":4,"neow_bonus":"REMOVE_TWO","is_daily":false,"chose_seed":false,"campfire_upgraded":1,"win_rate":0.0,"timestamp":1614173911,"path_taken":["M","?","?","M","?","E","R","COS","T","E"],"items_purchased_type":[],"build_version":"2020-12-22","purchased_purges":0,"victory":false,"max_hp_per_floor":[70,70,70,70,63,63,63,63,63,63,63],"card_choices":[{"not_picked":["Charmbait_purple","StateErode_purple"],"picked":"Mirror_WaveAndshot_purple","floor":1},{"not_picked":["Worldmountain_purple","MeetDecomposer_purple"],"picked":"PositiveMatter_Antimatter_Universe_purple","floor":3},{"not_picked":["Bait_Toxicbait_purple","ExistenceContinue_purple","Nest_LightFlightworm_purple"],"picked":"SKIP","floor":4}],"player_experience":255541,"relics_obtained":[{"floor":9,"key":"GodSword4"}],"event_choices":[],"is_beta":false,"boss_relics":[],"items_purged_floors":[],"is_endless":false,"potions_floor_spawned":[1,6],"killed_by":"Gensokyo:Mamizou","ascension_level":3}}