{"host":"a9gsz7kv8aebwp1f","time":1614150037,"event":{"mods":["AchievementEnabler","BaseMod","Minty Spire (QoL Compilation)"],"gold_per_floor":[119,119,119,133,148,148,160,160,160,170,180,195,195,195,195,295,345,329,329,244,244,244],"floor_reached":21,"language":"KOR","playtime":750,"items_purged":[],"score":274,"play_id":"bc957927-3060-47dd-8bc5-1bd2fb9c4664","local_time":"20210224160037","is_ascension_mode":true,"campfire_choices":[{"data":"Perfected Strike","floor":6,"key":"SMITH"},{"data":"Pummel","floor":8,"key":"SMITH"},{"floor":13,"key":"REST"},{"data":"Metallicize","floor":15,"key":"SMITH"}],"circlet_count":0,"master_deck":["AscendersBane","Strike_R","Strike_R","Strike_R","Strike_R","Strike_R","Defend_R","Defend_R","Defend_R","Defend_R","Bash","Armaments+1","Perfected Strike+1","Headbutt+1","Pummel+1","Inflame","Metallicize+1","Ghostly Armor","Regret","Berserk","Whirlwind","Headbutt"],"relics":["Burning Blood","Strawberry","Eternal Feather","Charon\u0027s Ashes","Tiny House","Bag of Preparation"],"acts_visited":["Exordium","TheCity"],"potions_floor_usage":[16],"damage_taken":[{"damage":8,"enemies":"Small Slimes","floor":1,"turns":3},{"damage":28,"enemies":"Jaw Worm","floor":4,"turns":4},{"damage":6,"enemies":"2 Louse","floor":5,"turns":2},{"damage":12,"enemies":"Looter","floor":7,"turns":3},{"damage":1,"enemies":"3 Louse","floor":10,"turns":3},{"damage":9,"enemies":"2 Fungi Beasts","floor":11,"turns":2},{"damage":18,"enemies":"Red Slaver","floor":12,"turns":3},{"damage":55,"enemies":"Hexaghost","floor":16,"turns":13},{"damage":52,"enemies":"2 Thieves","floor":18,"turns":4},{"damage":36,"enemies":"Spheric Guardian","floor":21,"turns":3}],"seed_played":"7306780032433560634","potions_obtained":[{"floor":1,"key":"SteroidPotion"},{"floor":5,"key":"EntropicBrew"},{"floor":10,"key":"HeartOfIron"},{"floor":17,"key":"AttackPotion"}],"is_trial":false,"path_per_floor":["M","?","?","M","M","R","M","R","T","M","M","M","R","?","R","B",null,"M","?","?","M"],"character_chosen":"IRONCLAD","items_purchased":[],"campfire_rested":1,"item_purchase_floors":[],"current_hp_per_floor":[77,77,77,55,55,55,49,49,49,54,51,39,74,74,83,34,79,33,33,33,0,0],"gold":244,"neow_bonus":"RANDOM_COMMON_RELIC","is_daily":false,"chose_seed":false,"campfire_upgraded":3,"win_rate":0.0,"timestamp":1614150037,"path_taken":["M","?","?","?","M","R","M","R","T","M","M","M","R","?","R","BOSS","M","?","?","M"],"items_purchased_type":[],"build_version":"2020-12-22","purchased_purges":0,"victory":false,"max_hp_per_floor":[87,87,87,87,87,87,87,87,87,87,87,87,87,87,87,87,92,92,92,92,92,92],"card_choices":[{"not_picked":["Carnage","Flame Barrier"],"picked":"Armaments","floor":1},{"not_picked":["Combust","Headbutt"],"picked":"Perfected Strike","floor":4},{"not_picked":["Feel No Pain","Iron Wave"],"picked":"Headbutt","floor":5},{"not_picked":["Blood for Blood","Sword Boomerang"],"picked":"Pummel","floor":7},{"not_picked":["Iron Wave","Anger"],"picked":"Inflame","floor":10},{"not_picked":["Second Wind","Body Slam"],"picked":"Metallicize","floor":11},{"not_picked":["Pommel Strike","Combust"],"picked":"Ghostly Armor","floor":12},{"not_picked":["Corruption","Exhume"],"picked":"Berserk","floor":16},{"not_picked":["Flex","Pommel Strike"],"picked":"Whirlwind","floor":17},{"not_picked":["Thunderclap","Clash"],"picked":"Headbutt","floor":18}],"player_experience":479180,"relics_obtained":[{"floor":9,"key":"Eternal Feather"}],"event_choices":[{"damage_healed":0,"gold_gain":0,"player_choice":"Leave","damage_taken":0,"max_hp_gain":0,"max_hp_loss":0,"event_name":"The Cleric","floor":2,"gold_loss":0},{"damage_healed":0,"gold_gain":0,"player_choice":"Grow","damage_taken":0,"max_hp_gain":0,"max_hp_loss":0,"event_name":"Living Wall","floor":3,"gold_loss":0,"cards_upgraded":["Armaments"]},{"damage_healed":0,"gold_gain":0,"player_choice":"Box","damage_taken":0,"relics_obtained":["Charon\u0027s Ashes"],"max_hp_gain":0,"max_hp_loss":0,"event_name":"Big Fish","floor":14,"gold_loss":0,"cards_obtained":["Regret"]},{"damage_healed":0,"gold_gain":0,"player_choice":"Ignored","damage_taken":0,"max_hp_gain":0,"max_hp_loss":0,"event_name":"Ghosts","floor":19,"gold_loss":0},{"damage_healed":0,"gold_gain":0,"player_choice":"Obtained Relic","damage_taken":0,"relics_obtained":["Bag of Preparation"],"max_hp_gain":0,"max_hp_loss":0,"event_name":"Addict","floor":20,"gold_loss":85}],"is_beta":false,"boss_relics":[{"not_picked":["Busted Crown","Pandora\u0027s Box"],"picked":"Tiny House"}],"items_purged_floors":[],"is_endless":false,"potions_floor_spawned":[1,5,10,11],"killed_by":"Spheric Guardian","ascension_level":12}}