{"host":"clf2hd4adhiiw0zf","time":1614158016,"event":{"mods":["AchievementEnabler","BaseMod","Beaked The Cultist","Bestiary","Dark Map","Downfall","Gremlin Mod","Hermit","Jorbs\u0027s Wanderer Trilogy","Marisa????????","Minty Spire (QoL Compilation)","Quick Restart","Replay The Spire","Shop Mod","Spire Arcade","StSLib","The Construct","The Cursed","Wide Potions"],"gold_per_floor":[99,99,99,99,99,99,126,156,168,136,171,156,156,221,276,377,377,277,319,355,369,395,395,395,395,395,430,705,721,826,826,881,983,983,1081,1110,1110,1110,1120,687,687,752,832,732,781,681,681,706,726,726,726,757,192,192,192,192],"floor_reached":57,"language":"ENG","playtime":3005,"items_purged":["Regret","Doubt","Delirium"],"score":1889,"play_id":"e4a77af7-9f06-44f8-a6fe-01ce93224fe2","local_time":"20210224021336","is_ascension_mode":true,"campfire_choices":[{"floor":6.0,"key":"RECALL"},{"data":"Guardian:MultiBeam","floor":26.0,"key":"SMITH"},{"floor":44.0,"key":"REST"},{"floor":46.0,"key":"REST"},{"floor":54.0,"key":"REST"}],"circlet_count":0,"master_deck":["Guardian:Strike_Guardian","Guardian:Strike_Guardian","Guardian:Strike_Guardian+1","Guardian:Defend_Guardian","Guardian:Defend_Guardian","Guardian:Defend_Guardian","Guardian:CurlUp","Guardian:TwinSlam","Guardian:RefractedBeam+2","Guardian:MultiBeam+1","Guardian:Reroute","Guardian:ChargeUp","Guardian:SphericShield+1","Guardian:WalkerClaw","Guardian:DonusPower","Guardian:CompilePackage+1","RitualDagger+1","Guardian:ChargeUp","Guardian:VentSteam","Guardian:MultiBeam+1","Guardian:WalkerClaw+1","Guardian:ConstructionForm","Guardian:ShieldCharger+1","Guardian:ConstructionForm","Apotheosis","Apotheosis","Replay:SS_forest_2"],"relics":["Guardian:ModeShifter","downfall:HeartsMalice","Blue Doll","Counterbalance","ReplayTheSpireMod:Ring of Challenge","Ring of Panic","construct:WeddingRing","downfall:HeartBlessingRed","Dead Branch","Blood Vial","downfall:RedIOU","Replay:Bottled Eggs","Guide Book","Smiling Mask","bronze:MakeshiftBattery","Guardian:BottledStasis","Slimebound:PreparedRelic","Letter Opener","downfall:HeartBlessingBlue","Juzu Bracelet","ReplayTheSpireMod:TigerMarble","downfall:HeartBlessingGreen","Regal Pillow","Oddly Smooth Stone","ReplayTheSpireMod:CursedCoin","Gremlin Horn","Blue Candle"],"acts_visited":["Exordium","TheCity","TheBeyond","TheEnding"],"potions_floor_usage":[56,56],"damage_taken":[{"damage":0.0,"enemies":"Small Slimes","floor":2.0,"turns":1.0},{"damage":0.0,"enemies":"Jaw Worm","floor":3.0,"turns":1.0},{"damage":0.0,"enemies":"2 Louse","floor":4.0,"turns":1.0},{"damage":16.0,"enemies":"Gremlin Nob","floor":8.0,"turns":4.0},{"damage":7.0,"enemies":"Exordium Wildlife","floor":9.0,"turns":3.0},{"damage":2.0,"enemies":"downfall:FleeingMerchant","floor":10.0,"turns":4.0},{"damage":10.0,"enemies":"3 Sentries","floor":11.0,"turns":2.0},{"damage":15.0,"enemies":"downfall:FleeingMerchant","floor":12.0,"turns":4.0},{"damage":0.0,"enemies":"downfall:LooterAlt","floor":14.0,"turns":2.0},{"damage":11.0,"enemies":"Gremlin Gang","floor":15.0,"turns":3.0},{"damage":0.0,"enemies":"WA_ARCHETYPE_RETAIN","floor":16.0,"turns":5.0},{"damage":12.0,"enemies":"Chosen","floor":19.0,"turns":3.0},{"damage":0.0,"enemies":"downfall:LooterAlt2","floor":21.0,"turns":4.0},{"damage":8.0,"enemies":"Snake Plant","floor":27.0,"turns":2.0},{"damage":4.0,"enemies":"Centurion and Healer","floor":29.0,"turns":3.0},{"damage":5.0,"enemies":"downfall:FleeingMerchant","floor":30.0,"turns":3.0},{"damage":0.0,"enemies":"3 Cultists","floor":32.0,"turns":4.0},{"damage":18.0,"enemies":"SI_MIRROR_ARCHETYPE","floor":33.0,"turns":9.0},{"damage":26.0,"enemies":"3 Darklings","floor":36.0,"turns":2.0},{"damage":0.0,"enemies":"Orb Walker","floor":39.0,"turns":2.0},{"damage":30.0,"enemies":"Maw","floor":42.0,"turns":6.0},{"damage":0.0,"enemies":"Giant Head","floor":43.0,"turns":6.0},{"damage":26.0,"enemies":"Reptomancer","floor":45.0,"turns":5.0},{"damage":0.0,"enemies":"Giant Head","floor":48.0,"turns":8.0},{"damage":0.0,"enemies":"Transient","floor":49.0,"turns":5.0},{"damage":15.0,"enemies":"DF_ARCHETYPE_ORBS","floor":50.0,"turns":6.0},{"damage":19.0,"enemies":"downfall:CharBossMerchant","floor":52.0,"turns":8.0},{"damage":57.0,"enemies":"downfall:NeowBoss","floor":55.0,"turns":16.0},{"damage":32,"enemies":"downfall:NeowBossFinal","floor":56,"turns":7}],"seed_played":"-2775434715775971756","potions_obtained":[{"floor":8.0,"key":"Swift Potion"},{"floor":9.0,"key":"Strength Potion"},{"floor":14.0,"key":"PowerPotion"},{"floor":15.0,"key":"Weak Potion"},{"floor":18.0,"key":"CultistPotion"},{"floor":19.0,"key":"sneckomod:MuddlingPotion"},{"floor":25.0,"key":"downfall:CursedFountainPotion"},{"floor":33.0,"key":"LiquidMemories"},{"floor":36.0,"key":"BlessingOfTheForge"},{"floor":38.0,"key":"CultistPotion"}],"is_trial":false,"path_per_floor":["R","M","M","M","?","R","T","E","M","$","E","$","?","M","M","B",null,"R","M","?","M","T","?","T","?","R","M","?","M","$","?","M","B",null,"R","M","?","?","M","$","T","M","E","R","E","R","?","E","M","B",null,"E","$","R","B","B",null],"character_chosen":"GUARDIAN","items_purchased":["Guardian:Recover","Guide Book","Guardian:BottledStasis","Slimebound:PreparedRelic","ReplayTheSpireMod:CursedCoin","Gremlin Horn","Blue Candle","Apotheosis","Replay:SS_forest_2"],"campfire_rested":3,"item_purchase_floors":[10,30,40,40,53,53,53,53,53],"current_hp_per_floor":[72,72,72,72,72,72,72,56,49,47,37,22,22,22,11,11,63,63,51,51,51,51,51,51,51,51,45,45,43,40,40,42,26,67,67,43,43,43,45,45,45,17,19,56,32,59,59,61,63,50,80,63,63,90,33,3],"gold":192,"neow_bonus":"THREE_ENEMY_KILL","is_daily":false,"chose_seed":false,"campfire_upgraded":1,"win_rate":0.0,"timestamp":1614158016,"path_taken":["R","M","M","M","?","R","T","E","M","?","E","$","?","M","M","BOSS","R","M","?","?","?","?","T","?","R","?","?","?","$","?","M","BOSS","R","M","?","?","M","$","T","M","E","R","E","R","?","E","M","BOSS","E","$","R","BOSS","BOSS"],"items_purchased_type":["Card","Relic","Relic","Relic","Relic","Relic","Relic","Card","Card"],"build_version":"2020-12-22","purchased_purges":3,"victory":true,"max_hp_per_floor":[80,80,80,80,80,80,80,80,80,80,80,80,80,80,80,80,80,80,80,80,80,80,80,80,80,80,80,80,80,80,80,80,80,80,80,80,80,80,80,80,80,80,80,90,90,90,90,90,90,90,90,90,90,90,90,90],"card_choices":[{"not_picked":["Guardian:Gem_Fragmented","Guardian:FuturePlans"],"picked":"Guardian:Gem_Crimson","floor":2.0},{"not_picked":["Guardian:PrismaticBarrier","Guardian:PrismaticBeam"],"picked":"Guardian:MultiBeam","floor":3.0},{"not_picked":["Guardian:PiercingHide","Guardian:Incinerate"],"picked":"Guardian:Gem_Crimson","floor":4.0},{"not_picked":["Guardian:Reroute","Guardian:Gem_Cyan","Guardian:Gem_Green"],"picked":"SKIP","floor":8.0},{"not_picked":["Guardian:Gem_Cyan","Guardian:Gem_Green"],"picked":"Guardian:Reroute","floor":8.0},{"not_picked":["Guardian:Gem_Red","Guardian:Planning"],"picked":"Guardian:ChargeUp","floor":9.0},{"not_picked":["Guardian:Incinerate","Guardian:EvasiveProtocol","Guardian:Planning"],"picked":"SKIP","floor":10.0},{"not_picked":["Guardian:Preprogram","Guardian:Reroute"],"picked":"Guardian:Gem_White","floor":11.0},{"not_picked":["Guardian:VentSteam","Guardian:ShieldSpikes"],"picked":"Guardian:SphericShield","floor":12.0},{"not_picked":["Guardian:RollAttack","Guardian:Gem_Lightblue"],"picked":"Guardian:WalkerClaw","floor":14.0},{"not_picked":["Guardian:Incinerate","Guardian:PrimingBeam"],"picked":"Guardian:DonusPower","floor":15.0},{"not_picked":["Guardian:SphericShield","Guardian:StasisEngine"],"picked":"Guardian:CompilePackage","floor":16.0},{"not_picked":["Guardian:DecasProtection","Guardian:Incinerate+1","Guardian:Gem_Lightblue"],"picked":"SKIP","floor":19.0},{"not_picked":["Guardian:ShieldCharger","Guardian:TimeBomb"],"picked":"Guardian:ChargeUp","floor":20.0},{"not_picked":["Guardian:ShieldCharger","Guardian:RollAttack"],"picked":"Guardian:VentSteam","floor":21.0},{"not_picked":["Guardian:Reroute","Guardian:VentSteam"],"picked":"Guardian:MultiBeam+1","floor":27.0},{"not_picked":["Guardian:Reroute","Guardian:PrimingBeam","Guardian:RollAttack+1"],"picked":"SKIP","floor":29.0},{"not_picked":["Guardian:Suspension","Guardian:PrismaticBeam+1"],"picked":"Guardian:Gem_Yellow","floor":30.0},{"not_picked":["Guardian:Gem_Fragmented","Guardian:StasisStrike"],"picked":"Guardian:WalkerClaw+1","floor":32.0},{"not_picked":["Guardian:BaubleBeam","Guardian:RevengeProtocol"],"picked":"Guardian:ConstructionForm","floor":33.0},{"not_picked":["Guardian:Harden","Guardian:Planning","Guardian:GuardianWhirl+1"],"picked":"SKIP","floor":36.0},{"not_picked":["Guardian:RollAttack","Guardian:Reroute","Guardian:Gem_Green"],"picked":"SKIP","floor":39.0},{"not_picked":["Guardian:Gem_Lightblue","Guardian:Harden","Guardian:ArmoredProtocol+1"],"picked":"SKIP","floor":42.0},{"not_picked":["Guardian:VentSteam","Guardian:PrimingBeam"],"picked":"Guardian:ShieldCharger+1","floor":43.0},{"not_picked":["Guardian:ShieldCharger","Guardian:TimeBomb+1","Guardian:ChargeCore"],"picked":"SKIP","floor":45.0},{"not_picked":["Guardian:GatlingBeam","Guardian:PrismaticBarrier+1"],"picked":"Guardian:ConstructionForm","floor":48.0},{"not_picked":["Guardian:DonusPower","Guardian:CrystalBeam+1","Guardian:Reroute"],"picked":"SKIP","floor":49.0},{"not_picked":["Guardian:Gem_Fragmented","Guardian:Incinerate","Guardian:RollAttack+1"],"picked":"SKIP","floor":52.0}],"player_experience":401328,"relics_obtained":[{"floor":7.0,"key":"Whetstone"},{"floor":8.0,"key":"Blue Doll"},{"floor":11.0,"key":"Counterbalance"},{"floor":13.0,"key":"ReplayTheSpireMod:Ring of Challenge"},{"floor":13.0,"key":"Ring of Panic"},{"floor":20.0,"key":"Dead Branch"},{"floor":22.0,"key":"Blood Vial"},{"floor":24.0,"key":"Replay:Bottled Eggs"},{"floor":32.0,"key":"Smiling Mask"},{"floor":43.0,"key":"Letter Opener"},{"floor":45.0,"key":"Juzu Bracelet"},{"floor":45.0,"key":"ReplayTheSpireMod:TigerMarble"},{"floor":48.0,"key":"Regal Pillow"},{"floor":52.0,"key":"Oddly Smooth Stone"}],"event_choices":[{"cards_removed":["Guardian:Recover"],"damage_healed":0.0,"max_hp_gain":0.0,"max_hp_loss":0.0,"gold_gain":0.0,"event_name":"Falling","player_choice":"Removed Skill","floor":37.0,"gold_loss":0.0,"damage_taken":0.0},{"damage_healed":0.0,"max_hp_gain":0.0,"max_hp_loss":0.0,"gold_gain":0.0,"event_name":"Lab","player_choice":"Got Potions","floor":38.0,"gold_loss":0.0,"damage_taken":0.0}],"is_beta":false,"boss_relics":[{"not_picked":["Busted Crown","Velvet Choker"],"picked":"construct:WeddingRing"},{"not_picked":["Sozu","Replay:Wanted Poster"],"picked":"bronze:MakeshiftBattery"}],"items_purged_floors":[30,40,53],"is_endless":false,"potions_floor_spawned":[8,9,14,15,19,27,33,36,39,43],"ascension_level":9}}