{"host":"b9sas8jv6tsy9swm","time":1614173057,"event":{"mods":["AchievementEnabler","BaseMod","Minty Spire (QoL Compilation)","Permanent Neow","Quick Restart","StSLib"],"gold_per_floor":[109,109,109,34,34,67,91,127,150,164,87,125,125,139,139,139,139],"floor_reached":16,"language":"ZHS","playtime":427,"items_purged":["Defend_P"],"score":157,"play_id":"5b1b55be-f332-4a2b-8785-121fe02ee70a","local_time":"20210224212417","is_ascension_mode":true,"campfire_choices":[{"floor":13.0,"key":"REST"},{"data":"Fasting2","floor":15.0,"key":"SMITH"}],"circlet_count":0,"master_deck":["Strike_P","Strike_P","Strike_P","Strike_P","Defend_P","Defend_P+1","Eruption+1","Vigilance","Crescendo","CrushJoints","FearNoEvil","Crescendo","TalkToTheHand","SandsOfTime","EmptyFist","Fasting2+1"],"relics":["PureWater","NeowsBlessing","Golden Idol","Tiny Chest","Regal Pillow","HornCleat"],"acts_visited":["Exordium"],"potions_floor_usage":[],"damage_taken":[{"damage":0.0,"enemies":"2 Louse","floor":1.0,"turns":1.0},{"damage":0.0,"enemies":"Gremlin Nob","floor":6.0,"turns":1.0},{"damage":0.0,"enemies":"Small Slimes","floor":7.0,"turns":1.0},{"damage":23.0,"enemies":"Lagavulin","floor":8.0,"turns":5.0},{"damage":0.0,"enemies":"Jaw Worm","floor":10.0,"turns":2.0},{"damage":26.0,"enemies":"Gremlin Nob","floor":12.0,"turns":3.0},{"damage":0.0,"enemies":"Blue Slaver","floor":14.0,"turns":1.0},{"damage":35,"enemies":"The Guardian","floor":16,"turns":10}],"seed_played":"2856802097673276074","potions_obtained":[{"floor":6.0,"key":"Ancient Potion"},{"floor":8.0,"key":"LiquidMemories"},{"floor":10.0,"key":"LiquidBronze"}],"is_trial":false,"path_per_floor":["M","?","?","$","?","E","M","E","T","M","$","E","R","M","R","B"],"character_chosen":"WATCHER","items_purchased":["SandsOfTime"],"campfire_rested":1,"item_purchase_floors":[11],"current_hp_per_floor":[72,58,51,51,51,51,51,28,28,28,28,2,37,37,37,2,2],"gold":139,"neow_bonus":"THREE_ENEMY_KILL","is_daily":false,"chose_seed":false,"campfire_upgraded":1,"win_rate":0.0,"timestamp":1614173057,"path_taken":["M","?","?","$","?","E","M","E","T","M","?","E","R","M","R","BOSS"],"items_purchased_type":["Card"],"build_version":"2020-12-22","purchased_purges":1,"victory":false,"max_hp_per_floor":[72,72,72,72,67,67,67,67,67,67,67,67,67,67,67,67,67],"card_choices":[{"not_picked":["PathToVictory","FollowUp"],"picked":"Crescendo","floor":1.0},{"not_picked":["Worship","Pray"],"picked":"CrushJoints","floor":6.0},{"not_picked":["Study","Pray"],"picked":"FearNoEvil","floor":7.0},{"not_picked":["Conclude","Evaluate"],"picked":"Crescendo","floor":8.0},{"not_picked":["ThirdEye","EmptyBody"],"picked":"TalkToTheHand","floor":10.0},{"not_picked":["SashWhip","Crescendo"],"picked":"EmptyFist","floor":12.0},{"not_picked":["Perseverance","PathToVictory"],"picked":"Fasting2","floor":14.0}],"player_experience":401716,"relics_obtained":[{"floor":6.0,"key":"Tiny Chest"},{"floor":8.0,"key":"Regal Pillow"},{"floor":12.0,"key":"HornCleat"}],"event_choices":[{"damage_healed":0.0,"max_hp_gain":0.0,"max_hp_loss":0.0,"gold_gain":0.0,"event_name":"Shining Light","player_choice":"Entered Light","floor":2.0,"gold_loss":0.0,"damage_taken":14.0,"cards_upgraded":["Eruption","Defend_P"]},{"cards_removed":["Defend_P"],"damage_healed":0.0,"max_hp_gain":0.0,"max_hp_loss":0.0,"gold_gain":0.0,"event_name":"Golden Wing","player_choice":"Card Removal","floor":3.0,"gold_loss":0.0,"damage_taken":7.0},{"damage_healed":0.0,"max_hp_gain":0.0,"max_hp_loss":5.0,"gold_gain":0.0,"event_name":"Golden Idol","player_choice":"Lose Max HP","floor":5.0,"gold_loss":0.0,"damage_taken":0.0,"relics_obtained":["Golden Idol"]}],"is_beta":false,"boss_relics":[],"items_purged_floors":[4],"is_endless":false,"potions_floor_spawned":[6,8,10],"killed_by":"The Guardian","ascension_level":2}}