{"host":"pletss163z7s8pvv","time":1614140452,"event":{"mods":["AchievementEnabler","Act Like it!","AlwaysNeverKeys","BaseMod","Better Altar","Better Match","Better Note","Better Sensory Stone","Better Skull","Better Third Choice","BetterRewards","Bossed Relics","CapriCore","ChefMod","Colored Map","Colored Powertips","Conspire","Dio Mod","Displayed Cursed Tome","Energized Spire","Evolution","Gensokyo","GifTheSpireLib","Hallownest","Hermit","Ironclad Rager","Jedi Mod","Marisa????????","Marked Mod","Minty Spire (QoL Compilation)","Reliquary","Replay The Spire","Retaliation","Ruina","Somnambulant","Spicy Shops","StS++","StSLib","The Administrix","The Alterego","The Animator","The Blue Laboratory","The Bug Knight","The Construct","The Cursed","The Disciple","The Forsaken","The Hierophant","The Necromancer","The Saiyan","The Vixen","The Wild Card","TheVacant","Transform Curses"],"gold_per_floor":[109,109,120,136,162,192,192,223,304,304,24,39,39,51,51,149,149,149,149],"floor_reached":18,"language":"ENG","playtime":686,"items_purged":[],"score":195,"play_id":"3764b27f-c15a-4757-9120-fe9da6b0f8c0","local_time":"20210223222052","is_ascension_mode":false,"campfire_choices":[{"floor":7,"key":"REST"},{"floor":13,"key":"REST"},{"floor":15,"key":"REST"}],"circlet_count":0,"master_deck":["theVacant:VacantStarterStrike","theVacant:VacantStarterStrike","theVacant:VacantStarterStrike","theVacant:VacantStarterStrike","theVacant:VacantStarterDefend","theVacant:VacantStarterDefend","theVacant:VacantStarterDefend","theVacant:VacantStarterDefend","theVacant:Release","theVacant:Crunch","theVacant:GraveDigger","theVacant:Sneeze","theVacant:Yeet","theVacant:Acceptance","theVacant:TheAnvil","theVacant:Hex","theVacant:Carve","theVacant:Husk","theVacant:DeathSpiral"],"relics":["theVacant:BrassGoblet","EVO:Axolotl","Replay:Baseball","Pocketwatch","Singing Bowl","Replay:Mystery Machine","Replay:Ringing Soul","reliquary:Ember"],"acts_visited":["Exordium","Exordium"],"potions_floor_usage":[16,16],"damage_taken":[{"damage":13,"enemies":"2 Louse","floor":1,"turns":2},{"damage":0,"enemies":"Jaw Worm","floor":3,"turns":4},{"damage":2,"enemies":"Small Slimes","floor":4,"turns":3},{"damage":42,"enemies":"Gremlin Nob","floor":6,"turns":5},{"damage":26,"enemies":"3 Sentries","floor":8,"turns":6},{"damage":10,"enemies":"Looter","floor":12,"turns":3},{"damage":12,"enemies":"Blue Slaver","floor":14,"turns":3},{"damage":52,"enemies":"Hexaghost","floor":16,"turns":8},{"damage":58,"enemies":"ruina:3_Bats","floor":18,"turns":5}],"seed_played":"-7768086168856039212","potions_obtained":[{"floor":3,"key":"AttackPotion"},{"floor":4,"key":"blueLaboratory:CorrosionFlask"},{"floor":12,"key":"blueLaboratory:AbyssPotion"},{"floor":16,"key":"blueLaboratory:PyrophylliteBrew"}],"is_trial":false,"path_per_floor":["M","?","M","M","T","E","R","E","T","?","$","M","R","M","R","B",null,"M"],"character_chosen":"THE_VACANT","items_purchased":["Replay:Ringing Soul","theVacant:Hex"],"campfire_rested":3,"item_purchase_floors":[11,11],"current_hp_per_floor":[75,75,75,73,73,31,57,31,31,31,34,27,55,46,75,26,100,42,42],"gold":149,"neow_bonus":"TEN_PERCENT_HP_BONUS","is_daily":false,"chose_seed":false,"campfire_upgraded":0,"win_rate":0.0,"timestamp":1614140452,"path_taken":["M","?","M","M","?","E","R","E","T","?","?","M","R","M","R","BOSS","M"],"items_purchased_type":["Relic","Card"],"build_version":"2020-12-22","purchased_purges":0,"victory":false,"max_hp_per_floor":[88,88,88,88,88,88,88,88,88,88,91,94,94,97,97,100,100,100,100],"card_choices":[{"not_picked":["theVacant:ShriekingBlast","theVacant:Necromancy"],"picked":"theVacant:GraveDigger","floor":1},{"not_picked":["theVacant:Dig","theVacant:OnSecondThought"],"picked":"theVacant:Sneeze","floor":3},{"not_picked":["theVacant:FranticBlow","theVacant:Soothe"],"picked":"theVacant:Yeet","floor":4},{"not_picked":["theVacant:OnSecondThought","theVacant:Fling"],"picked":"theVacant:Acceptance","floor":6},{"not_picked":["theVacant:Return","theVacant:Dig"],"picked":"theVacant:TheAnvil","floor":8},{"not_picked":["theVacant:Enrage","theVacant:GraveWave"],"picked":"theVacant:Carve","floor":12},{"not_picked":["theVacant:EyePoke","theVacant:Jab"],"picked":"theVacant:Husk","floor":14},{"not_picked":["theVacant:ForgeSoul","theVacant:Exorcise"],"picked":"theVacant:DeathSpiral","floor":16}],"player_experience":552802,"relics_obtained":[{"floor":5,"key":"Replay:Baseball"},{"floor":6,"key":"Pocketwatch"},{"floor":8,"key":"Singing Bowl"}],"event_choices":[],"is_beta":false,"boss_relics":[{"not_picked":["Replay:Drink Me","Empty Cage"],"picked":"reliquary:Ember"}],"items_purged_floors":[],"is_endless":false,"potions_floor_spawned":[3,4,12,16],"killed_by":"ruina:3_Bats","ascension_level":0}}