{"host":"0fupymmp6wdjyqoi","time":1614168951,"event":{"mods":["BaseMod","Bestiary","Clockwork Mod","Conspire","Downfall","GifTheSpireLib","Hubris","Infinite Spire","Minty Spire (QoL Compilation)","Replay The Spire","StSLib","The Construct","The Senshi"],"gold_per_floor":[117,117,129,129,129,163,163,173,173,173,192,208,219,236,236,339,339,357,357,41,56,56,91,91,120,173,173,173],"floor_reached":27,"language":"ENG","playtime":3116,"items_purged":["Strike_R"],"score":292,"play_id":"24fe36c8-113c-4d3b-9070-85bfc316e9a6","local_time":"20210224131551","is_ascension_mode":true,"campfire_choices":[{"data":"Replay:Undeath\u0027s Touch","floor":7,"key":"SMITH"},{"data":"Armaments","floor":10,"key":"SMITH"},{"floor":15,"key":"REST"},{"floor":24,"key":"REST"}],"circlet_count":0,"master_deck":["Strike_R","Defend_R","Defend_R","Defend_R","Defend_R","Bash","Armaments+1","Fire Breathing","Replay:Undeath\u0027s Touch+1","Inflame","Replay:Many Hands","Infernal Blade","Warcry","Infernal Blade","Limit Break","Carnage","Flex","Dark Embrace","Dual Wield+1"],"relics":["Burning Blood","NeowsBlessing","hubris:Reverence","SacredBark","conspire:BottledYoYo","InkBottle","Smiling Mask","hubris:Metronome","Juzu Bracelet"],"acts_visited":["Exordium","TheCity"],"potions_floor_usage":[8,13,16,25,27,27],"damage_taken":[{"damage":0,"enemies":"2 Louse","floor":1,"turns":1},{"damage":0,"enemies":"Small Slimes","floor":3,"turns":1},{"damage":0,"enemies":"Gremlin Nob","floor":6,"turns":1},{"damage":12,"enemies":"Cultist","floor":8,"turns":10},{"damage":12,"enemies":"3 Louse","floor":11,"turns":5},{"damage":60,"enemies":"Gremlin Gang","floor":12,"turns":9},{"damage":0,"enemies":"Looter","floor":13,"turns":3},{"damage":0,"enemies":"Large Slime","floor":14,"turns":5},{"damage":33,"enemies":"The Guardian","floor":16,"turns":12},{"damage":16,"enemies":"Chosen","floor":18,"turns":6},{"damage":24,"enemies":"Shell Parasite","floor":21,"turns":10},{"damage":34,"enemies":"Gremlin Leader","floor":23,"turns":7},{"damage":44,"enemies":"Book of Stabbing","floor":25,"turns":5},{"damage":16,"enemies":"conspire:MimicChest","floor":27,"turns":3}],"seed_played":"7720972084243389962","potions_obtained":[{"floor":1,"key":"AttackPotion"},{"floor":3,"key":"Adrenaline Potion"},{"floor":11,"key":"Swift Potion"},{"floor":14,"key":"hexamod:SoulburnPotion"},{"floor":16,"key":"Dexterity Potion"},{"floor":21,"key":"Explosive Potion"},{"floor":25,"key":"champ:CounterPotion"}],"is_trial":false,"path_per_floor":["M","?","M","?","?","E","R","M","T","R","M","M","M","M","R","B",null,"M","?","$","M","?","E","R","E","T","?"],"character_chosen":"IRONCLAD","items_purchased":["InkBottle"],"campfire_rested":2,"item_purchase_floors":[20],"current_hp_per_floor":[80,73,79,84,84,85,85,79,79,79,73,19,25,31,56,29,85,75,75,75,57,57,29,54,16,16,0,0],"gold":173,"neow_bonus":"THREE_ENEMY_KILL","is_daily":false,"chose_seed":false,"campfire_upgraded":2,"win_rate":0.0,"timestamp":1614168951,"path_taken":["M","?","M","?","?","E","R","M","T","R","M","?","M","M","R","BOSS","M","?","$","?","?","E","R","E","T","?"],"items_purchased_type":["Relic"],"build_version":"2020-12-22","purchased_purges":1,"victory":false,"max_hp_per_floor":[80,80,80,85,85,85,85,85,85,85,85,85,85,85,85,85,85,85,85,85,85,85,85,85,85,85,85,85],"card_choices":[{"not_picked":["Cleave","Wild Strike"],"picked":"Armaments","floor":1},{"not_picked":["Wild Strike","Pummel"],"picked":"Fire Breathing","floor":3},{"not_picked":["Infernal Blade","Pommel Strike"],"picked":"Replay:Undeath\u0027s Touch","floor":6},{"not_picked":["Heavy Blade","Clothesline"],"picked":"Inflame","floor":8},{"not_picked":["ReplayReversal","Body Slam"],"picked":"Replay:Many Hands","floor":11},{"not_picked":["Warcry","Whirlwind"],"picked":"Infernal Blade","floor":12},{"not_picked":["Entrench","Perfected Strike"],"picked":"Warcry","floor":13},{"not_picked":["hubris:ReadiedAction","ReplayReversal"],"picked":"Infernal Blade","floor":14},{"not_picked":["Replay:Many Hands","Bludgeon"],"picked":"Limit Break","floor":16},{"not_picked":["Uppercut","Bloodletting"],"picked":"Carnage","floor":18},{"not_picked":["Body Slam","Twin Strike+1"],"picked":"Flex","floor":21},{"not_picked":["Pommel Strike","Uppercut"],"picked":"Dark Embrace","floor":23},{"not_picked":["Shrug It Off","Replay:Undeath\u0027s Touch"],"picked":"Dual Wield+1","floor":25}],"player_experience":99201,"relics_obtained":[{"floor":6,"key":"hubris:Reverence"},{"floor":23,"key":"Smiling Mask"},{"floor":25,"key":"hubris:Metronome"},{"floor":26,"key":"Juzu Bracelet"}],"event_choices":[{"cards_removed":["Strike_R"],"damage_healed":0,"gold_gain":0,"player_choice":"Card Removal","damage_taken":7,"max_hp_gain":0,"max_hp_loss":0,"event_name":"Golden Wing","floor":2,"gold_loss":0},{"damage_healed":0,"gold_gain":0,"player_choice":"Donut","damage_taken":0,"max_hp_gain":5,"max_hp_loss":0,"event_name":"Big Fish","floor":4,"gold_loss":0},{"cards_removed":["Strike_R"],"damage_healed":0,"gold_gain":0,"player_choice":"Purged","damage_taken":0,"max_hp_gain":0,"max_hp_loss":0,"event_name":"Purifier","floor":5,"gold_loss":0},{"damage_healed":0,"gold_gain":0,"player_choice":"Gave Potion","damage_taken":0,"relics_obtained":["conspire:BottledYoYo"],"max_hp_gain":0,"max_hp_loss":0,"event_name":"WeMeetAgain","floor":19,"gold_loss":0},{"cards_removed":["Strike_R"],"damage_healed":0,"gold_gain":0,"player_choice":"Elegance","damage_taken":0,"max_hp_gain":0,"max_hp_loss":0,"event_name":"Back to Basics","floor":22,"gold_loss":0}],"is_beta":false,"boss_relics":[{"not_picked":["conspire:RunicOctahedron","Honey Jar"],"picked":"SacredBark"}],"items_purged_floors":[20],"is_endless":false,"potions_floor_spawned":[1,3,11,14,16,21,25],"killed_by":"conspire:MimicChest","ascension_level":1}}