{"host":"l15sdf2mmi0nobpi","time":1614172203,"event":{"mods":["BaseMod","Highlight Path","Minty Spire (QoL Compilation)","Quick Restart","StSLib","TestMod","【功能Mod】Neow奖励"],"gold_per_floor":[112,37,53,53,453,480,501,501,501,535,550,588,604,625,625,712,712,735,735,735,290,308,354,804,837,837,837,859,572,572,597,597,705,705,735,755,50,0,53,93,93,18,45,63,63,110,110,138,138,177,198,198,198,9,56,115],"floor_reached":57,"language":"ZHS","playtime":2523,"items_purged":["Strike_R","Strike_R","Strike_R","Strike_R","Defend_R"],"score":3215,"play_id":"69f523cd-fcbe-4405-b69e-e70493395007","local_time":"20210224211003","is_ascension_mode":true,"campfire_choices":[{"data":"Body Slam","floor":15.0,"key":"SMITH"},{"data":"Feed","floor":27.0,"key":"SMITH"},{"data":"Bloodletting","floor":30.0,"key":"SMITH"},{"data":"Immolate","floor":32.0,"key":"SMITH"},{"data":"Feel No Pain","floor":47.0,"key":"SMITH"},{"floor":49.0,"key":"RECALL"},{"data":"Evolve","floor":53.0,"key":"SMITH"}],"circlet_count":0,"master_deck":["AscendersBane","Defend_R","Defend_R","Defend_R","Bash","Flex","Second Wind","Evolve+1","Bloodletting+1","Feed+1","Body Slam+1","Shockwave","Immolate+1","Shockwave","Bloodletting","Impervious","Shrug It Off","Feel No Pain+1","Dark Embrace","testmod-Dream","Apotheosis","Rupture+1"],"relics":["Burning Blood","testmod-DeterminationOfClimber","NeowsBlessing","The Courier","HornCleat","Singing Bowl","Sundial","testmod-SaigiyounoYou","testmod-IndustrialRevolution","Art of War","PreservedInsect","Blood Vial","Tiny Chest","TungstenRod","Omamori","Snecko Eye","Membership Card","Centennial Puzzle","Mango","Torii","Potion Belt","Red Mask","Frozen Egg 2","Mercury Hourglass","Paper Frog","Akabeko"],"acts_visited":["Exordium","TheCity","TheBeyond","TheEnding"],"potions_floor_usage":[56,56,56,56],"damage_taken":[{"damage":0.0,"enemies":"Cultist","floor":1.0,"turns":1.0},{"damage":0.0,"enemies":"Small Slimes","floor":3.0,"turns":1.0},{"damage":0.0,"enemies":"3 Sentries","floor":6.0,"turns":2.0},{"damage":0.0,"enemies":"2 Louse","floor":7.0,"turns":2.0},{"damage":0.0,"enemies":"Lagavulin","floor":10.0,"turns":3.0},{"damage":26.0,"enemies":"Red Slaver","floor":11.0,"turns":5.0},{"damage":33.0,"enemies":"Gremlin Nob","floor":12.0,"turns":4.0},{"damage":9.0,"enemies":"Looter","floor":13.0,"turns":4.0},{"damage":3.0,"enemies":"Exordium Wildlife","floor":14.0,"turns":3.0},{"damage":31.0,"enemies":"Hexaghost","floor":16.0,"turns":9.0},{"damage":35.0,"enemies":"Spheric Guardian","floor":18.0,"turns":5.0},{"damage":16.0,"enemies":"Chosen","floor":22.0,"turns":4.0},{"damage":69.0,"enemies":"Gremlin Leader","floor":23.0,"turns":6.0},{"damage":27.0,"enemies":"Book of Stabbing","floor":25.0,"turns":4.0},{"damage":30.0,"enemies":"Snake Plant","floor":28.0,"turns":5.0},{"damage":11.0,"enemies":"Centurion and Healer","floor":31.0,"turns":3.0},{"damage":102.0,"enemies":"Champ","floor":33.0,"turns":7.0},{"damage":4.0,"enemies":"3 Shapes","floor":35.0,"turns":1.0},{"damage":2.0,"enemies":"Orb Walker","floor":36.0,"turns":3.0},{"damage":4.0,"enemies":"Transient","floor":39.0,"turns":1.0},{"damage":14.0,"enemies":"Reptomancer","floor":40.0,"turns":2.0},{"damage":8.0,"enemies":"Sphere and 2 Shapes","floor":44.0,"turns":1.0},{"damage":2.0,"enemies":"Giant Head","floor":46.0,"turns":2.0},{"damage":8.0,"enemies":"Spire Growth","floor":48.0,"turns":1.0},{"damage":42.0,"enemies":"Awakened One","floor":50.0,"turns":7.0},{"damage":2.0,"enemies":"Time Eater","floor":51.0,"turns":3.0},{"damage":6,"enemies":"Shield and Spear","floor":55,"turns":2},{"damage":12,"enemies":"The Heart","floor":56,"turns":5}],"seed_played":"-7864416864666315912","potions_obtained":[{"floor":1.0,"key":"AttackPotion"},{"floor":8.0,"key":"CultistPotion"},{"floor":11.0,"key":"AttackPotion"},{"floor":18.0,"key":"testmod-SpacePotion"},{"floor":31.0,"key":"Ancient Potion"},{"floor":33.0,"key":"ColorlessPotion"},{"floor":40.0,"key":"AttackPotion"},{"floor":46.0,"key":"BloodPotion"},{"floor":55,"key":"Weak Potion"}],"is_trial":false,"path_per_floor":["M","?","M","$","?","E","M","?","T","E","M","E","M","M","R","B",null,"M","?","?","$","M","E","?","E","T","R","M","$","R","M","R","B",null,"M","M","$","?","M","E","?","$","T","M","T","E","R","M","R","B","B",null,"R","$","E","B",null],"character_chosen":"IRONCLAD","items_purchased":["testmod-IndustrialRevolution","Art of War","PreservedInsect","Omamori","Bloodletting","Membership Card","Feel No Pain","Dark Embrace","testmod-Dream","Centennial Puzzle","Mango","Torii","Potion Belt","Apotheosis","Rupture+1"],"campfire_rested":0,"item_purchase_floors":[21,21,21,29,29,37,37,37,37,37,37,37,37,54,54],"current_hp_per_floor":[74,74,75,75,75,75,75,75,75,75,63,42,46,55,55,44,77,64,64,64,64,77,68,22,26,26,26,34,34,34,72,72,62,105,123,129,143,143,149,151,143,143,143,149,149,155,155,157,157,145,165,165,165,165,171,175],"gold":115,"neow_bonus":"THREE_ENEMY_KILL","is_daily":false,"chose_seed":false,"campfire_upgraded":6,"win_rate":0.0,"timestamp":1614172203,"path_taken":["M","?","M","$","?","E","M","?","T","E","?","E","M","M","R","BOSS","M","?","?","$","M","E","?","E","T","R","?","$","R","M","R","BOSS","M","M","$","?","M","E","?","$","T","M","?","E","R","M","R","BOSS","BOSS","R","$","E","BOSS"],"items_purchased_type":["Relic","Relic","Relic","Relic","Card","Relic","Card","Card","Card","Relic","Relic","Relic","Relic","Card","Card"],"build_version":"2020-12-22","purchased_purges":5,"victory":true,"max_hp_per_floor":[75,75,75,75,75,75,75,75,75,75,80,80,85,88,88,88,88,93,93,93,93,98,103,103,103,103,103,109,109,109,115,115,119,119,123,129,143,143,149,151,143,143,143,149,149,155,155,157,157,161,165,165,165,165,171,175],"card_choices":[{"not_picked":["Clothesline","Iron Wave"],"picked":"Flex","floor":1.0},{"not_picked":["Twin Strike","Clothesline"],"picked":"Second Wind","floor":3.0},{"not_picked":["Wild Strike","Body Slam"],"picked":"Evolve","floor":6.0},{"not_picked":["Heavy Blade","Sword Boomerang"],"picked":"Bloodletting","floor":7.0},{"not_picked":["Combust","Fiend Fire"],"picked":"Feed","floor":10.0},{"not_picked":["Flex","True Grit","Heavy Blade"],"picked":"Singing Bowl","floor":11.0},{"not_picked":["Pummel","Sentinel"],"picked":"Body Slam","floor":12.0},{"not_picked":["Reckless Charge","Clash","True Grit"],"picked":"Singing Bowl","floor":13.0},{"not_picked":["Iron Wave","Seeing Red"],"picked":"Shockwave","floor":14.0},{"not_picked":["Juggernaut","Impervious"],"picked":"Immolate","floor":16.0},{"not_picked":["Wild Strike+1","Thunderclap","Infernal Blade"],"picked":"Singing Bowl","floor":18.0},{"not_picked":["Flex","Iron Wave+1","True Grit"],"picked":"Singing Bowl","floor":22.0},{"not_picked":["Clothesline","Entrench","Inflame"],"picked":"Singing Bowl","floor":23.0},{"not_picked":["Brutality","Disarm"],"picked":"Shockwave","floor":25.0},{"not_picked":["Sword Boomerang","Pommel Strike","Hemokinesis"],"picked":"Singing Bowl","floor":28.0},{"not_picked":["Perfected Strike","Headbutt","Clash"],"picked":"Singing Bowl","floor":31.0},{"not_picked":["Limit Break","Reaper"],"picked":"Impervious","floor":33.0},{"not_picked":["Dual Wield","Seeing Red"],"picked":"Shrug It Off","floor":35.0},{"not_picked":["Anger","True Grit","Sentinel"],"picked":"Singing Bowl","floor":36.0},{"not_picked":["Headbutt+1","Shockwave","Iron Wave"],"picked":"Singing Bowl","floor":39.0},{"not_picked":["Combust+1","Warcry+1","Bloodletting"],"picked":"Singing Bowl","floor":40.0},{"not_picked":["Pommel Strike","True Grit","Perfected Strike"],"picked":"Singing Bowl","floor":44.0},{"not_picked":["Seeing Red","Whirlwind","Rampage+1"],"picked":"Singing Bowl","floor":46.0},{"not_picked":["Thunderclap","Heavy Blade+1","Uppercut+1"],"picked":"Singing Bowl","floor":48.0},{"not_picked":["Evolve+1","Seeing Red","Blood for Blood"],"picked":"Singing Bowl","floor":55}],"player_experience":599619,"relics_obtained":[{"floor":6.0,"key":"The Courier"},{"floor":9.0,"key":"HornCleat"},{"floor":10.0,"key":"Singing Bowl"},{"floor":12.0,"key":"Sundial"},{"floor":23.0,"key":"Blood Vial"},{"floor":25.0,"key":"Tiny Chest"},{"floor":26.0,"key":"TungstenRod"},{"floor":40.0,"key":"Frozen Egg 2"},{"floor":45.0,"key":"Mercury Hourglass"},{"floor":46.0,"key":"Paper Frog"},{"floor":55,"key":"Akabeko"}],"event_choices":[{"cards_removed":["Strike_R"],"damage_healed":0.0,"max_hp_gain":0.0,"max_hp_loss":0.0,"gold_gain":0.0,"event_name":"The Cleric","player_choice":"Card Removal","floor":2.0,"gold_loss":75.0,"damage_taken":0.0},{"damage_healed":0.0,"max_hp_gain":0.0,"max_hp_loss":0.0,"gold_gain":400.0,"event_name":"恩洛斯的盘子","player_choice":"Sell","floor":5.0,"relics_lost":["testmod-TestBox"],"gold_loss":0.0,"damage_taken":0.0},{"damage_healed":0.0,"max_hp_gain":0.0,"max_hp_loss":0.0,"gold_gain":0.0,"event_name":"Lab","player_choice":"Got Potions","floor":8.0,"gold_loss":0.0,"damage_taken":0.0},{"damage_healed":0.0,"max_hp_gain":0.0,"max_hp_loss":0.0,"gold_gain":0.0,"event_name":"The Mausoleum","player_choice":"Ignored","floor":19.0,"gold_loss":0.0,"damage_taken":0.0},{"damage_healed":0.0,"max_hp_gain":0.0,"max_hp_loss":0.0,"gold_gain":0.0,"event_name":"Ghosts","player_choice":"Ignored","floor":20.0,"gold_loss":0.0,"damage_taken":0.0},{"damage_healed":0.0,"max_hp_gain":0.0,"max_hp_loss":0.0,"gold_gain":450.0,"event_name":"Knowing Skull","player_choice":"GOLD GOLD GOLD GOLD GOLD ","floor":24.0,"potions_obtained":[],"gold_loss":0.0,"damage_taken":46.0,"cards_obtained":[]},{"damage_healed":0.0,"max_hp_gain":0.0,"max_hp_loss":0.0,"gold_gain":0.0,"event_name":"Tomb of Lord Red Mask","player_choice":"Paid","floor":38.0,"gold_loss":50.0,"damage_taken":0.0,"relics_obtained":["Red Mask"]},{"damage_healed":0.0,"max_hp_gain":0.0,"max_hp_loss":8.0,"gold_gain":0.0,"event_name":"Winding Halls","player_choice":"Max HP","floor":41.0,"gold_loss":0.0,"damage_taken":0.0}],"is_beta":false,"boss_relics":[{"not_picked":["testmod-KeyOfTheVoid","testmod-Recursion"],"picked":"testmod-SaigiyounoYou"},{"not_picked":["Sozu","Coffee Dripper"],"picked":"Snecko Eye"}],"items_purged_floors":[21,29,37,42,54],"is_endless":false,"potions_floor_spawned":[1,11,12,14,16,18,31,33,36,40,46,55],"ascension_level":20}}