{"host":"qwp6882a7gaon7u5","time":1614178188,"event":{"mods":["ATMod(阿瑾Mod)","Act Like it!","BaseMod","BetterRewards","CapriCore","Library of Ruina","Library of Ruina Extra","Minty Spire (QoL Compilation)","Red Circlet Mod","Relic Filter Mod","Replay The Spire","RumiaBox-露米娅的神秘盒子","Spicy Shops","StSLib","【功能Mod】混沌之环修复补丁","【遗物卡牌】REMEMod","篝火指南"],"gold_per_floor":[117,292,292,310,310,66,66,66],"floor_reached":7,"language":"ZHS","playtime":455,"items_purged":[],"score":66,"play_id":"7788b026-6493-4124-ab9a-aeb35af15371","local_time":"20210224224948","is_ascension_mode":true,"campfire_choices":[],"circlet_count":0,"master_deck":["Dodge+1","LightDefense","LightAttack","LightAttack","LightAttack","LightDefense+1","LightDefense","LightDefense","ChargeAndCover","FocusedStrikes","AT_RealColorLess","Faith","Doubt","GrazeTheGrass","Doubt"],"relics":["PageOfLibrarian","REME_ComplimentaryCards","AT_ATBox","Kunai","AT_ChloranthyRing","PageOfMercenary"],"acts_visited":["Exordium"],"potions_floor_usage":[1],"damage_taken":[{"damage":0,"enemies":"2 Louse","floor":1,"turns":4},{"damage":5,"enemies":"Small Slimes","floor":4,"turns":5},{"damage":14,"enemies":"Gremlin Nob","floor":7,"turns":3}],"seed_played":"6416855841206598604","potions_obtained":[],"is_trial":false,"path_per_floor":["M","?","?","M","?","R","E"],"character_chosen":"Librarian","items_purchased":["Kunai","AT_ChloranthyRing","Block Potion","PageOfMercenary"],"campfire_rested":0,"item_purchase_floors":[0,0,0,6],"current_hp_per_floor":[60,60,44,39,32,32,18,18],"gold":66,"neow_bonus":"","is_daily":false,"chose_seed":false,"campfire_upgraded":0,"win_rate":0.0,"timestamp":1614178188,"path_taken":["M","?","?","M","?","R","E"],"items_purchased_type":["Relic","Relic","Potion","Relic"],"build_version":"2020-12-22","purchased_purges":0,"victory":false,"max_hp_per_floor":[81,81,81,70,70,81,81,81],"card_choices":[{"not_picked":["HiddenBlade","BindingChains","EndlessBattle","NightInTheBackstreets","AsThePrescriptOrders","StrikeDown","GuidanceOfTheGears","SerpentineBarrier"],"picked":"Faith","floor":1},{"not_picked":["DarkCloud","EnergyShield","MultiHit","StrongStrike","GuidanceOfTheGears","AlloutWar","FendThisOffIfYouCan","Endure"],"picked":"GrazeTheGrass","floor":4}],"player_experience":188437,"relics_obtained":[],"event_choices":[{"damage_healed":0,"gold_gain":175,"player_choice":"AGREE","damage_taken":0,"max_hp_gain":0,"max_hp_loss":0,"event_name":"Liars Game","floor":2,"gold_loss":0,"cards_obtained":["Doubt"]},{"damage_healed":0,"gold_gain":0,"player_choice":"Entered Light","damage_taken":16,"max_hp_gain":0,"max_hp_loss":0,"event_name":"Shining Light","floor":3,"gold_loss":0,"cards_upgraded":["LightDefense","Dodge"]}],"is_beta":false,"boss_relics":[],"items_purged_floors":[],"is_endless":false,"potions_floor_spawned":[],"killed_by":"Gremlin Nob","ascension_level":1}}