{"host":"4i5my69dv6e41930","time":1614149342,"event":{"mods":["AchievementEnabler","BaseMod","Minty Spire (QoL Compilation)","Relic Stats"],"gold_per_floor":[112,130,55,73,84,84,115,115,142,171,198,210,222,245,257,347,359,381,403,415,415],"floor_reached":20,"language":"ENG","playtime":1188,"items_purged":[],"score":335,"play_id":"a91b0c08-a98d-4a16-a320-d78bca45322b","local_time":"20210224014902","is_ascension_mode":true,"campfire_choices":[{"data":"Bash","floor":6,"key":"SMITH"},{"data":"Immolate","floor":8,"key":"SMITH"},{"data":"Cleave","floor":13,"key":"SMITH"},{"data":"Hemokinesis","floor":15,"key":"SMITH"}],"circlet_count":0,"master_deck":["AscendersBane","Strike_R","Strike_R","Strike_R","Strike_R","Defend_R+1","Defend_R+1","Defend_R","Defend_R","Bash+1","Pommel Strike","Clothesline","Hemokinesis+1","Cleave+1","Immolate+1","Feed","Decay","Corruption","Iron Wave"],"relics":["Burning Blood","War Paint","MawBank","SlaversCollar"],"acts_visited":["TheCity"],"potions_floor_usage":[7,16,18,20,20],"damage_taken":[{"damage":16,"enemies":"Small Slimes","floor":1,"turns":4},{"damage":3,"enemies":"2 Louse","floor":2,"turns":2},{"damage":0,"enemies":"Cultist","floor":4,"turns":4},{"damage":2,"enemies":"Exordium Wildlife","floor":5,"turns":2},{"damage":18,"enemies":"Lagavulin","floor":7,"turns":7},{"damage":18,"enemies":"Gremlin Nob","floor":10,"turns":3},{"damage":9,"enemies":"3 Louse","floor":11,"turns":6},{"damage":0,"enemies":"2 Fungi Beasts","floor":14,"turns":1},{"damage":42,"enemies":"Slime Boss","floor":16,"turns":10},{"damage":53,"enemies":"Shell Parasite","floor":18,"turns":7},{"damage":4,"enemies":"Chosen","floor":19,"turns":4},{"damage":33,"enemies":"Snake Plant","floor":20,"turns":2}],"seed_played":"-7992586554723359808","potions_obtained":[{"floor":2,"key":"SpeedPotion"},{"floor":4,"key":"ColorlessPotion"},{"floor":5,"key":"FearPotion"},{"floor":10,"key":"SkillPotion"},{"floor":16,"key":"ColorlessPotion"},{"floor":18,"key":"Fruit Juice"}],"is_trial":false,"path_per_floor":["M","M","?","M","M","R","E","R","T","E","M","?","R","M","R","B",null,"M","M","M"],"character_chosen":"IRONCLAD","items_purchased":[],"campfire_rested":0,"item_purchase_floors":[],"current_hp_per_floor":[65,68,68,74,78,78,66,66,66,54,54,54,54,60,60,24,70,23,28,0,0],"gold":415,"neow_bonus":"TEN_PERCENT_HP_BONUS","is_daily":false,"chose_seed":false,"campfire_upgraded":4,"win_rate":0.0,"timestamp":1614149342,"path_taken":["M","M","?","M","M","R","E","R","T","E","M","?","R","M","R","BOSS","M","M","M"],"items_purchased_type":[],"build_version":"2020-12-22","purchased_purges":0,"victory":false,"max_hp_per_floor":[82,82,82,82,82,82,82,82,82,82,85,85,85,85,85,85,85,85,88,93,93],"relic_stats":{"counters":[12,52],"War Paint":["Defend_R","Defend_R"],"MawBank":120,"obtain_stats":[{"SlaversCollar":17,"War Paint":7,"MawBank":10,"Burning Blood":0},{"SlaversCollar":9,"War Paint":5,"MawBank":6,"Burning Blood":0},{"SlaversCollar":39,"War Paint":19,"MawBank":22,"Burning Blood":0}],"Burning Blood":66},"card_choices":[{"not_picked":["Armaments","Flex"],"picked":"Pommel Strike","floor":1},{"not_picked":["Bloodletting","Second Wind"],"picked":"Clothesline","floor":2},{"not_picked":["Blood for Blood","Flex"],"picked":"Hemokinesis","floor":4},{"not_picked":["Anger","Carnage"],"picked":"Cleave","floor":5},{"not_picked":["Thunderclap","Twin Strike"],"picked":"Immolate","floor":7},{"not_picked":["Entrench","Uppercut"],"picked":"Feed","floor":10},{"not_picked":["Body Slam","Dark Embrace","Armaments"],"picked":"SKIP","floor":11},{"not_picked":["Sentinel","Hemokinesis","Clothesline"],"picked":"SKIP","floor":14},{"not_picked":["Limit Break","Reaper"],"picked":"Corruption","floor":16},{"not_picked":["Dark Embrace","Fire Breathing","Feel No Pain"],"picked":"SKIP","floor":18},{"not_picked":["Carnage","Feel No Pain"],"picked":"Iron Wave","floor":19}],"player_experience":141898,"relics_obtained":[{"floor":7,"key":"War Paint"},{"floor":10,"key":"MawBank"}],"event_choices":[{"cards_removed":["Strike_R"],"damage_healed":0,"gold_gain":0,"player_choice":"Card Removal","damage_taken":0,"max_hp_gain":0,"max_hp_loss":0,"event_name":"The Cleric","floor":3,"gold_loss":75},{"damage_healed":0,"gold_gain":0,"player_choice":"Cursed","damage_taken":0,"max_hp_gain":0,"max_hp_loss":0,"event_name":"Wheel of Change","floor":12,"gold_loss":0,"cards_obtained":["Decay"]}],"is_beta":false,"boss_relics":[{"not_picked":["SacredBark","Tiny House"],"picked":"SlaversCollar"}],"items_purged_floors":[],"is_endless":false,"potions_floor_spawned":[2,4,5,10,16,18],"killed_by":"Snake Plant","ascension_level":16}}