{"host":"szp1d6dso4pv7ddl","time":1614141845,"event":{"mods":["AchievementEnabler","Alarm Clock","BaseMod","Bestiary","Block Reminder","Colored Map","Colored Powertips","Curses Come First","Dark Map","Displayed Cursed Tome","Highlight Path","Minty Spire (QoL Compilation)","Permanent Neow","Quick Restart","Relic Sorter","Relic Stats","StSLib","Synergy Search"],"gold_per_floor":[114,114,29,29,42,42,65,65,88,23,44,44,44,60,60,60,60],"floor_reached":16,"language":"ENG","playtime":917,"items_purged":[],"score":180,"play_id":"e8806d15-1e41-4550-ab1e-14379edb2524","local_time":"20210223204405","is_ascension_mode":true,"campfire_choices":[{"floor":6.0,"key":"REST"},{"data":"Bullet Time","floor":12.0,"key":"SMITH"},{"floor":15,"key":"REST"}],"circlet_count":0,"master_deck":["AscendersBane","Strike_G","Strike_G","Strike_G","Strike_G","Strike_G","Defend_G","Defend_G","Defend_G","Defend_G","Defend_G","Survivor","Neutralize","Bullet Time+1","Setup","PiercingWail","Sucker Punch","Blade Dance","Caltrops","Eviscerate","Acrobatics","Tools of the Trade"],"relics":["Ring of the Snake","Golden Idol","MawBank","Centennial Puzzle"],"acts_visited":["Exordium"],"potions_floor_usage":[16],"damage_taken":[{"damage":8.0,"enemies":"2 Louse","floor":1.0,"turns":5.0},{"damage":1.0,"enemies":"Small Slimes","floor":5.0,"turns":4.0},{"damage":8.0,"enemies":"Jaw Worm","floor":7.0,"turns":5.0},{"damage":8.0,"enemies":"Looter","floor":11.0,"turns":3.0},{"damage":21,"enemies":"Red Slaver","floor":14,"turns":4},{"damage":23,"enemies":"Hexaghost","floor":16,"turns":14}],"seed_played":"-5777601637398719548","potions_obtained":[{"floor":1.0,"key":"Strength Potion"},{"floor":7.0,"key":"Weak Potion"}],"is_trial":false,"path_per_floor":["M","?","$","?","M","R","M","$","T","$","M","R","?","M","R","B"],"character_chosen":"THE_SILENT","items_purchased":["PiercingWail","Sucker Punch","Eviscerate"],"campfire_rested":2,"item_purchase_floors":[3,3,10],"current_hp_per_floor":[51,44,44,21,20,39,31,31,31,31,23,23,23,2,21,0,0],"gold":60,"neow_bonus":"THREE_RARE_CARDS","is_daily":false,"chose_seed":false,"campfire_upgraded":1,"win_rate":0.0,"timestamp":1614141845,"path_taken":["M","?","$","?","M","R","M","$","T","?","M","R","?","?","R","BOSS"],"items_purchased_type":["Card","Card","Card"],"build_version":"2020-12-22","purchased_purges":0,"victory":false,"max_hp_per_floor":[66,66,66,66,66,66,66,66,66,66,66,66,66,66,66,66,66],"relic_stats":{"Centennial Puzzle":[6],"counters":[6,35],"Golden Idol":15,"MawBank":12,"obtain_stats":[{"Centennial Puzzle":13,"Golden Idol":4,"MawBank":9,"Ring of the Snake":0},{"Centennial Puzzle":4,"Golden Idol":1,"MawBank":3,"Ring of the Snake":0},{"Centennial Puzzle":17,"Golden Idol":5,"MawBank":14,"Ring of the Snake":0}],"Ring of the Snake":[12]},"card_choices":[{"not_picked":["Malaise","Storm of Steel"],"picked":"Bullet Time","floor":0.0},{"not_picked":["Deflect","Sucker Punch"],"picked":"Setup","floor":1.0},{"not_picked":["Bane","Masterful Stab"],"picked":"Blade Dance","floor":5.0},{"not_picked":["Sucker Punch","Outmaneuver"],"picked":"Caltrops","floor":7.0},{"not_picked":["Poisoned Stab","Dagger Spray"],"picked":"Acrobatics","floor":11.0},{"not_picked":["Sucker Punch","Backstab"],"picked":"Tools of the Trade","floor":14}],"player_experience":1655741,"relics_obtained":[{"floor":9.0,"key":"MawBank"}],"event_choices":[{"cards_removed":["Regret"],"damage_healed":0.0,"max_hp_gain":0.0,"max_hp_loss":0.0,"gold_gain":0.0,"event_name":"Golden Wing","player_choice":"Card Removal","floor":2.0,"gold_loss":0.0,"damage_taken":7.0},{"damage_healed":0.0,"max_hp_gain":0.0,"max_hp_loss":0.0,"gold_gain":0.0,"event_name":"Golden Idol","player_choice":"Take Damage","floor":4.0,"gold_loss":0.0,"damage_taken":23.0,"relics_obtained":["Golden Idol"]},{"damage_healed":0.0,"max_hp_gain":0.0,"max_hp_loss":0.0,"gold_gain":0.0,"event_name":"WeMeetAgain","player_choice":"Gave Potion","floor":13.0,"gold_loss":0.0,"damage_taken":0.0,"relics_obtained":["Centennial Puzzle"]}],"is_beta":false,"boss_relics":[],"items_purged_floors":[],"is_endless":false,"potions_floor_spawned":[1,7],"killed_by":"Hexaghost","ascension_level":20}}