{"host":"rolltorest","time":1614139081,"event":{"mods":["BaseMod","Minty Spire (QoL Compilation)","Relic Stats","Slay the Relics Exporter","StSLib"],"gold_per_floor":[117,131,131,142,154,154,154,154],"floor_reached":7,"language":"ENG","playtime":391,"items_purged":[],"score":86,"play_id":"a777b490-d2fb-439e-9ed3-df8756192c34","local_time":"20210223195801","is_ascension_mode":true,"campfire_choices":[{"data":"Barrage","floor":6,"key":"SMITH"}],"circlet_count":0,"master_deck":["AscendersBane","Defend_B","Defend_B","Defend_B","Defend_B","Zap","Dualcast","Consume+1","Skim+1","Multi-Cast+1","Glacier","Melter","Barrage+1","Conserve Battery"],"relics":["Astrolabe"],"acts_visited":["Exordium"],"potions_floor_usage":[7],"damage_taken":[{"damage":14,"enemies":"Small Slimes","floor":1,"turns":4},{"damage":0,"enemies":"Cultist","floor":2,"turns":6},{"damage":1,"enemies":"2 Louse","floor":4,"turns":5},{"damage":0,"enemies":"2 Fungi Beasts","floor":5,"turns":5},{"damage":55,"enemies":"Gremlin Nob","floor":7,"turns":6}],"seed_played":"168838465634571386","potions_obtained":[{"floor":4,"key":"GamblersBrew"}],"is_trial":false,"path_per_floor":["M","M","?","M","M","R","E"],"character_chosen":"DEFECT","items_purchased":[],"campfire_rested":0,"item_purchase_floors":[],"current_hp_per_floor":[50,50,50,49,49,49,0,0],"gold":154,"neow_bonus":"BOSS_RELIC","is_daily":false,"chose_seed":false,"campfire_upgraded":1,"win_rate":0.0,"timestamp":1614139081,"path_taken":["M","M","?","M","?","R","E"],"items_purchased_type":[],"build_version":"2020-12-18","purchased_purges":0,"victory":false,"max_hp_per_floor":[71,71,71,71,71,71,71,71],"relic_stats":{"counters":[5,26],"Astrolabe":["Consume","Skim","Multi-Cast"],"obtain_stats":[{"Astrolabe":0,"Cracked Core":0},{"Astrolabe":0,"Cracked Core":0},{"Astrolabe":0,"Cracked Core":0}]},"card_choices":[{"not_picked":["Beam Cell","Barrage"],"picked":"Glacier","floor":1},{"not_picked":["Redo","Conserve Battery"],"picked":"Melter","floor":2},{"not_picked":["Skim","Stack"],"picked":"Barrage","floor":4},{"not_picked":["Beam Cell","Gash"],"picked":"Conserve Battery","floor":5}],"player_experience":2029217,"relics_obtained":[],"event_choices":[{"cards_removed":["Strike_B"],"damage_healed":0,"gold_gain":0,"player_choice":"Purged","damage_taken":0,"max_hp_gain":0,"max_hp_loss":0,"event_name":"Purifier","floor":3,"gold_loss":0}],"is_beta":true,"boss_relics":[],"items_purged_floors":[],"is_endless":false,"potions_floor_spawned":[4],"killed_by":"Gremlin Nob","ascension_level":20}}