{"host":"lwys0gbp6t40j7jh","time":1614209288,"event":{"mods":["Act Like it!","BaseMod","CapriCore","Friendly Minions","GifTheSpireLib","Minty Spire (QoL Compilation)","StSLib","SuperFastMode","The Servant 0.9.4"],"gold_per_floor":[116,136,11,29,43,43,72,72,72,72,42,42,42,117,117,220,220,236,16,16,32,32,32,66,66,66,66,66],"floor_reached":27,"language":"ENG","playtime":636,"items_purged":["Strike_S"],"score":275,"play_id":"57bc7b06-d854-4250-b2fa-3072626be042","local_time":"20210225002808","is_ascension_mode":true,"campfire_choices":[{"floor":6,"key":"REST"},{"floor":10,"key":"REST"},{"floor":15,"key":"REST"},{"floor":23,"key":"REST"},{"floor":25,"key":"REST"}],"circlet_count":0,"master_deck":["Strike_S","Strike_S","Defend_S","Defend_S","Defend_S","Defend_S","KidneyShot","Exchange","Rearm","Ricochet","TimeWarp","ShiftingGears","Potential","Alleviate","FastForward","Potential","Deny","Revamp+1"],"relics":["Uniform","Centennial Puzzle","Potion Belt","SacredBark","Lee\u0027s Waffle","White Beast Statue","Singing Bowl"],"acts_visited":["Exordium","TheCity"],"potions_floor_usage":[16,18],"damage_taken":[{"damage":0,"enemies":"Cultist","floor":1,"turns":4},{"damage":7,"enemies":"Small Slimes","floor":2,"turns":4},{"damage":8,"enemies":"Jaw Worm","floor":4,"turns":5},{"damage":12,"enemies":"Exordium Wildlife","floor":5,"turns":5},{"damage":16,"enemies":"3 Sentries","floor":7,"turns":9},{"damage":5,"enemies":"Looter","floor":11,"turns":4},{"damage":2,"enemies":"Slime Boss","floor":16,"turns":11},{"damage":40,"enemies":"Spheric Guardian","floor":18,"turns":9},{"damage":31,"enemies":"3 Byrds","floor":21,"turns":9},{"damage":47,"enemies":"Slavers","floor":24,"turns":8},{"damage":43,"enemies":"Book of Stabbing","floor":27,"turns":5}],"seed_played":"6351961804965961155","potions_obtained":[{"floor":2,"key":"Block Potion"},{"floor":7,"key":"LiquidBronze"},{"floor":16,"key":"SkillPotion"}],"is_trial":false,"path_per_floor":["M","M","$","M","M","R","E","$","T","R","M","$","?","?","R","B",null,"M","$","?","M","?","R","E","R","T","E"],"character_chosen":"THE_SERVANT","items_purchased":["TimeWarp","ShiftingGears","Lee\u0027s Waffle"],"campfire_rested":5,"item_purchase_floors":[3,3,19],"current_hp_per_floor":[59,52,52,44,32,55,39,39,39,62,57,57,50,39,62,60,77,37,84,84,53,37,63,16,42,42,0,0],"gold":66,"neow_bonus":"TWENTY_PERCENT_HP_BONUS","is_daily":false,"chose_seed":false,"campfire_upgraded":0,"win_rate":0.0,"timestamp":1614209288,"path_taken":["M","M","?","?","M","R","E","$","T","R","M","$","?","?","R","BOSS","M","$","?","M","?","R","E","R","T","E"],"items_purchased_type":["Card","Card","Relic"],"build_version":"2020-12-22","purchased_purges":1,"victory":false,"max_hp_per_floor":[77,77,77,77,77,77,77,77,77,77,77,77,77,77,77,77,77,77,84,84,84,89,89,89,89,89,89,89],"card_choices":[{"not_picked":["Unruled","Alleviate"],"picked":"Rearm","floor":1},{"not_picked":["DancingSilver","Alleviate"],"picked":"Ricochet","floor":2},{"not_picked":["Defy","TimeWarp"],"picked":"Potential","floor":4},{"not_picked":["Barrier","Defy"],"picked":"Alleviate","floor":5},{"not_picked":["Alleviate","Unruled"],"picked":"FastForward","floor":7},{"not_picked":["Snipe","Reset"],"picked":"Potential","floor":11},{"not_picked":["FlawlessForm","Solidify"],"picked":"Deny","floor":16},{"not_picked":["Ricochet","DancingSilver","Unruled"],"picked":"SKIP","floor":18},{"not_picked":["Defy","Rearm","Revamp"],"picked":"SKIP","floor":21},{"not_picked":["Manipulate","Shuttle"],"picked":"Revamp+1","floor":24}],"player_experience":1254175,"relics_obtained":[{"floor":7,"key":"Centennial Puzzle"},{"floor":9,"key":"Potion Belt"},{"floor":24,"key":"White Beast Statue"},{"floor":26,"key":"Singing Bowl"}],"event_choices":[{"cards_removed":["Strike_S"],"damage_healed":0,"gold_gain":0,"player_choice":"Card Removal","damage_taken":7,"max_hp_gain":0,"max_hp_loss":0,"event_name":"Golden Wing","floor":13,"gold_loss":0},{"damage_healed":0,"gold_gain":75,"player_choice":"Gather Gold","damage_taken":11,"max_hp_gain":0,"max_hp_loss":0,"event_name":"World of Goop","floor":14,"gold_loss":0},{"damage_healed":28,"gold_gain":0,"player_choice":"Heal","damage_taken":0,"max_hp_gain":0,"max_hp_loss":0,"event_name":"The Library","floor":20,"gold_loss":0},{"damage_healed":0,"gold_gain":0,"player_choice":"Shed Blood","damage_taken":21,"max_hp_gain":5,"max_hp_loss":0,"event_name":"Forgotten Altar","floor":22,"gold_loss":0}],"is_beta":false,"boss_relics":[{"not_picked":["Astrolabe","Cursed Key"],"picked":"SacredBark"}],"items_purged_floors":[19],"is_endless":false,"potions_floor_spawned":[2,7,16],"killed_by":"Book of Stabbing","ascension_level":2}}