{"host":"eaiphzh066bwqdh7","time":1614198281,"event":{"mods":["AchievementEnabler","Aspiration","BaseMod","Bestiary","Better Note","Better Third Choice","Colored Powertips","Curses Come First","GifTheSpireLib","Halation","Highlight Path","Hubris","Infinite Spire","Minty Spire (QoL Compilation)","Quick Restart","Reliquary","Replay The Spire","StSLib","Stuff the Spire"],"gold_per_floor":[117,192,48,48,48,48,48,61,84,117,117,144,156,190,190,290,290,310,310,250,250,250,250],"floor_reached":22,"language":"ENG","playtime":577,"items_purged":[],"score":279,"play_id":"f4c70504-7018-43f0-972e-4c1245d17e57","local_time":"20210224152441","is_ascension_mode":true,"campfire_choices":[{"data":"Bash","floor":6,"key":"SMITH"},{"data":"Defend_R","floor":11,"key":"SMITH"},{"floor":15,"key":"REST"}],"circlet_count":0,"master_deck":["Strike_R","Strike_R","Strike_R","Strike_R","Strike_R","Defend_R","Defend_R","Defend_R","Defend_R+1","Bash+1","Battle Trance+1","Demon Form","Spot Weakness+1","Berserk","hubris:NaturalOne"],"relics":["Burning Blood","NeowsBlessing","HandDrill","Toxic Egg 2","StuffTheSpire:HeavyRock","reliquary:SharkskinSheath","Toy Ornithopter","Replay:Towering Pillar of Hats","Runic Cube","hubris:Icosahedron"],"acts_visited":["Exordium","TheCity"],"potions_floor_usage":[14,16,22],"damage_taken":[{"damage":0,"enemies":"2 Louse","floor":1,"turns":1},{"damage":0,"enemies":"Small Slimes","floor":8,"turns":1},{"damage":0,"enemies":"Gremlin Nob","floor":10,"turns":1},{"damage":49,"enemies":"3 Sentries","floor":12,"turns":10},{"damage":6,"enemies":"Cultist","floor":13,"turns":3},{"damage":39,"enemies":"Gremlin Nob","floor":14,"turns":5},{"damage":45,"enemies":"Fading Forest","floor":16,"turns":11},{"damage":39,"enemies":"Shell Parasite","floor":18,"turns":4},{"damage":34,"enemies":"3 Byrds","floor":22,"turns":3}],"seed_played":"-1246602475402353351","potions_obtained":[{"floor":13,"key":"FearPotion"},{"floor":14,"key":"Adrenaline Potion"},{"floor":18,"key":"LifebloodPotion"}],"is_trial":false,"path_per_floor":["M","?","$","?","?","R","?","M","T","E","R","E","M","E","R","B",null,"M","?","?","$","M"],"character_chosen":"IRONCLAD","items_purchased":["HandDrill"],"campfire_rested":1,"item_purchase_floors":[3],"current_hp_per_floor":[80,69,69,69,69,69,69,75,75,80,80,37,37,9,33,7,62,29,29,29,29,0,0],"gold":250,"neow_bonus":"THREE_ENEMY_KILL","is_daily":false,"chose_seed":false,"campfire_upgraded":2,"win_rate":0.0,"timestamp":1614198281,"path_taken":["M","?","$","?","?","R","?","?","T","E","R","E","M","E","R","BOSS","M","?","?","?","M"],"items_purchased_type":["Relic"],"build_version":"2020-12-22","purchased_purges":0,"victory":false,"max_hp_per_floor":[80,80,80,80,80,80,80,80,80,80,80,80,80,80,80,80,80,80,80,80,80,80,80],"card_choices":[{"not_picked":["ReplayTheSpireMod:LeadingStrike","Whirlwind","StuffTheSpire:Pyroclast"],"picked":"SKIP","floor":1},{"not_picked":["hubris:ReadiedAction+1","Havoc+1","Iron Wave"],"picked":"SKIP","floor":8},{"not_picked":["Body Slam","Clash"],"picked":"Battle Trance+1","floor":10},{"not_picked":["Massacre","Flex+1"],"picked":"Demon Form","floor":12},{"not_picked":["Cleave","StuffTheSpire:Slingshot"],"picked":"Spot Weakness+1","floor":13},{"not_picked":["Dropkick","Intimidate+1","Replay:Undeath\u0027s Touch"],"picked":"SKIP","floor":14},{"not_picked":["Feed","Eclipse+1"],"picked":"Berserk","floor":16},{"not_picked":["Abandon+1","Havoc+1","Searing Blow"],"picked":"SKIP","floor":18}],"player_experience":349029,"relics_obtained":[{"floor":9,"key":"StuffTheSpire:HeavyRock"},{"floor":10,"key":"reliquary:SharkskinSheath"},{"floor":12,"key":"Toy Ornithopter"},{"floor":14,"key":"Replay:Towering Pillar of Hats"}],"event_choices":[{"damage_healed":0,"gold_gain":75,"player_choice":"Gold","damage_taken":11,"max_hp_gain":0,"max_hp_loss":0,"event_name":"betterThird:BetterGoop","floor":2,"gold_loss":0},{"cards_removed":["Injury"],"damage_healed":0,"gold_gain":0,"player_choice":"Removed Curses","damage_taken":0,"max_hp_gain":0,"max_hp_loss":0,"event_name":"Fountain of Cleansing","floor":7,"gold_loss":0}],"is_beta":false,"boss_relics":[{"not_picked":["aspiration:RitualDagger","reliquary:RustamsPendant"],"picked":"Runic Cube"}],"items_purged_floors":[],"is_endless":false,"potions_floor_spawned":[13,14,18],"killed_by":"3 Byrds","ascension_level":5}}