{"host":"watt8gvwfmxuscaf","time":1614204185,"event":{"mods":["100% Spire Juice","Act Like it!","Arknights","BaseMod","Bestiary","CatGirl Mod","Colored Map","Colored Powertips","Conspire","Downfall","GifTheSpireLib","Hermit","Hubris","Infinite Spire","Marisa????????","Minty Spire (QoL Compilation)","Quick Restart","Rare Cards Sparkle","Relic Stats","Replay The Spire","Shop Mod","StSLib","Stuff the Spire","SuperFastMode","The Alterego","The Animator","The Cursed","The Hierophant","The Marked","The Mystic","The Necromancer","The Poker Player","The Runesmith","The Servant 0.9.4","The Wild Card"],"gold_per_floor":[119,130,130,130,150,150,188,188,188,188,207,132,132,146,146,272,272,296,296,39,62,85,85,125,138,138,138,156,156,156,176,176,316,316,362,362,399,438,348,348,348,348],"floor_reached":41,"language":"ENG","playtime":1685,"items_purged":["theMarked:Strike","theMarked:Strike","theMarked:Strike"],"score":563,"play_id":"9ff6c10f-2011-446f-9bde-7428dba82152","local_time":"20210224170305","is_ascension_mode":false,"campfire_choices":[{"data":"theMarked:SoldierOfQuellstein","floor":6,"key":"SMITH"},{"floor":8,"key":"REST"},{"data":"theMarked:Improvise","floor":15,"key":"SMITH"},{"floor":23,"key":"REST"},{"floor":27,"key":"REST"},{"data":"theMarked:StartUp","floor":29,"key":"SMITH"},{"floor":32,"key":"REST"},{"floor":40,"key":"REST"}],"circlet_count":0,"master_deck":["theMarked:Strike","theMarked:Strike","theMarked:Defend","theMarked:Defend","theMarked:Defend","theMarked:SoldierOfQuellstein+1","theMarked:ElectricStrings","theMarked:SwordAndMagic","theMarked:AttractMetal","theMarked:Improvise+1","theMarked:WardOff","theMarked:BiggerThanFate","theMarked:Pokerface","theMarked:Memento","theMarked:BanishingStrike+1","theMarked:Aftermath","theMarked:StartUp+1","StuffTheSpire:CuriosityCurse","theMarked:BiggerThanFate","theMarked:ResourceFulStrike","infinitespire:Menacing+1","theMarked:Memento+1"],"relics":["theMarked:ArtifactOfAir","StuffTheSpire:Wildfire","Golden Idol","StoneCalendar","Runesmith:Nanobots","Blue Candle","hubris:ScarierMask","Happy Flower","Pen Nib","Replay:Wax Seal","infinitespire:EvilPickle","conspire:RoyalGoblet","hubris:FunFungus"],"acts_visited":["Exordium","TheCity","TheBeyond"],"potions_floor_usage":[7,7,16,33,33,33],"damage_taken":[{"damage":0,"enemies":"2 Louse","floor":1,"turns":3},{"damage":1,"enemies":"Jaw Worm","floor":2,"turns":3},{"damage":0,"enemies":"Cultist","floor":5,"turns":2},{"damage":2,"enemies":"Gremlin Nob","floor":7,"turns":3},{"damage":2,"enemies":"Large Slime","floor":11,"turns":4},{"damage":0,"enemies":"3 Louse","floor":14,"turns":2},{"damage":34,"enemies":"Hexaghost","floor":16,"turns":9},{"damage":11,"enemies":"Shell Parasite","floor":18,"turns":6},{"damage":2,"enemies":"2 Thieves","floor":21,"turns":3},{"damage":22,"enemies":"Snake Plant","floor":22,"turns":5},{"damage":6,"enemies":"conspire:SneckoGhost","floor":24,"turns":7},{"damage":0,"enemies":"Centurion and Healer","floor":25,"turns":5},{"damage":7,"enemies":"Shelled Parasite and Fungi","floor":28,"turns":4},{"damage":0,"enemies":"Cultist and Chosen","floor":31,"turns":3},{"damage":69,"enemies":"Pondfish","floor":33,"turns":15},{"damage":14,"enemies":"3 Shapes","floor":35,"turns":5},{"damage":41,"enemies":"Orb Walker","floor":37,"turns":6},{"damage":14,"enemies":"3 Darklings","floor":38,"turns":6},{"damage":44,"enemies":"4 Shapes","floor":41,"turns":6}],"seed_played":"-4365893797883895379","potions_obtained":[{"floor":2,"key":"Block Potion"},{"floor":5,"key":"Adrenaline Potion"},{"floor":11,"key":"theMarked:ChargePotion"},{"floor":14,"key":"Death Potion"},{"floor":18,"key":"Weak Potion"},{"floor":24,"key":"Elixir"},{"floor":31,"key":"Regen Potion"},{"floor":35,"key":"Block Potion"}],"is_trial":false,"path_per_floor":["M","M","?","?","M","R","E","R","T","?","M","$","?","M","R","B",null,"M","?","$","M","M","R","E","M","T","R","M","R","?","M","R","B",null,"M","AVR","M","M","?","R","M"],"character_chosen":"THE_DEFAULT","items_purchased":["Happy Flower"],"campfire_rested":5,"item_purchase_floors":[20],"current_hp_per_floor":[51,50,50,50,50,50,48,69,69,64,62,62,62,62,62,28,72,61,61,61,59,37,58,52,52,52,72,65,65,65,65,72,18,72,58,58,24,13,13,34,0,0],"gold":348,"neow_bonus":"ONE_RARE_RELIC","is_daily":false,"chose_seed":false,"campfire_upgraded":3,"win_rate":0.0,"timestamp":1614204185,"path_taken":["M","M","?","?","?","R","E","R","T","?","M","$","?","M","R","BOSS","M","?","$","M","M","R","E","M","T","R","M","R","?","M","R","BOSS","M","AVR","M","M","?","R","M"],"items_purchased_type":["Relic"],"build_version":"2020-12-22","purchased_purges":3,"victory":false,"max_hp_per_floor":[72,72,72,72,72,72,72,72,72,72,72,72,72,72,72,72,72,72,72,72,72,72,72,72,72,72,72,72,72,72,72,72,72,72,72,72,72,72,72,72,72,72],"relic_stats":{"Happy Flower":[21],"counters":[19,97],"Golden Idol":115,"Blue Candle":[6],"StoneCalendar":[145],"Pen Nib":[8],"obtain_stats":[{"Runesmith:Nanobots":9,"Happy Flower":20,"conspire:RoyalGoblet":34,"Golden Idol":3,"Blue Candle":10,"StuffTheSpire:Wildfire":0,"StoneCalendar":7,"Pen Nib":24,"infinitespire:EvilPickle":33,"theMarked:ArtifactOfAir":0,"hubris:ScarierMask":17,"hubris:FunFungus":36,"Replay:Wax Seal":30},{"Runesmith:Nanobots":4,"Happy Flower":8,"conspire:RoyalGoblet":15,"Golden Idol":2,"Blue Candle":4,"StuffTheSpire:Wildfire":0,"StoneCalendar":4,"Pen Nib":11,"infinitespire:EvilPickle":15,"theMarked:ArtifactOfAir":0,"hubris:ScarierMask":7,"hubris:FunFungus":16,"Replay:Wax Seal":13},{"Runesmith:Nanobots":11,"Happy Flower":32,"conspire:RoyalGoblet":74,"Golden Idol":6,"Blue Candle":11,"StuffTheSpire:Wildfire":0,"StoneCalendar":11,"Pen Nib":47,"infinitespire:EvilPickle":74,"theMarked:ArtifactOfAir":0,"hubris:ScarierMask":26,"hubris:FunFungus":79,"Replay:Wax Seal":56}]},"card_choices":[{"not_picked":["theMarked:WastefulAttack","theMarked:HeightenedSenses"],"picked":"theMarked:ElectricStrings","floor":1},{"not_picked":["theMarked:Reabsorb","theMarked:HeightenedSenses"],"picked":"theMarked:SwordAndMagic","floor":2},{"not_picked":["theMarked:TakeCover","theMarked:Heritage"],"picked":"theMarked:AttractMetal","floor":5},{"not_picked":["theMarked:DispelDoubt","theMarked:TwofoldDefense","theMarked:Static"],"picked":"SKIP","floor":7},{"not_picked":["theMarked:Frustration","theMarked:ResourceFulStrike"],"picked":"theMarked:Improvise","floor":11},{"not_picked":["theMarked:BanishingStrike","theMarked:RepellingDischarge"],"picked":"theMarked:WardOff","floor":14},{"not_picked":["theMarked:Vacuum","theMarked:FavorableWinds"],"picked":"theMarked:BiggerThanFate","floor":16},{"not_picked":["theMarked:Parkour+1","theMarked:Reabsorb","theMarked:TakeCover"],"picked":"SKIP","floor":18},{"not_picked":["theMarked:Parkour+1","theMarked:Reabsorb","theMarked:TakeCover"],"picked":"SKIP","floor":18},{"not_picked":["theMarked:Heritage","theMarked:AttractMetal","theMarked:ElectricStrings"],"picked":"SKIP","floor":21},{"not_picked":["theMarked:Improvise","theMarked:TwofoldDefense"],"picked":"theMarked:Memento","floor":22},{"not_picked":["theMarked:Convert","theMarked:DispelDoubt"],"picked":"theMarked:BanishingStrike+1","floor":24},{"not_picked":["theMarked:ResourceFulStrike","theMarked:RogueSparks"],"picked":"theMarked:Aftermath","floor":25},{"not_picked":["theMarked:Aftermath+1","theMarked:Parkour+1"],"picked":"theMarked:StartUp","floor":28},{"not_picked":["theMarked:WardOff","theMarked:Determination","theMarked:HeightenedSenses"],"picked":"SKIP","floor":31},{"not_picked":["theMarked:Abjuration","theMarked:ThrowWeapon"],"picked":"theMarked:BiggerThanFate","floor":33},{"not_picked":["theMarked:WastefulAttack","theMarked:WardOff"],"picked":"theMarked:ResourceFulStrike","floor":35},{"not_picked":["theMarked:SwordAndMagic","theMarked:WastefulAttack+1","theMarked:LightningStrikesTwice"],"picked":"SKIP","floor":37},{"not_picked":["theMarked:Opportunist+1","theMarked:ResourceFulStrike"],"picked":"theMarked:Memento+1","floor":38}],"player_experience":607638,"relics_obtained":[{"floor":7,"key":"StoneCalendar"},{"floor":9,"key":"Runesmith:Nanobots"},{"floor":24,"key":"Pen Nib"}],"event_choices":[{"damage_healed":0,"gold_gain":0,"player_choice":"Take Wound","damage_taken":0,"relics_obtained":["Golden Idol"],"max_hp_gain":0,"max_hp_loss":0,"event_name":"Golden Idol","floor":3,"gold_loss":0,"cards_obtained":["Injury"]},{"cards_removed":["Injury"],"damage_healed":0,"gold_gain":0,"player_choice":"Removed Curses","damage_taken":0,"max_hp_gain":0,"max_hp_loss":0,"event_name":"Fountain of Cleansing","floor":4,"gold_loss":0},{"damage_healed":0,"gold_gain":0,"player_choice":"Read","damage_taken":0,"max_hp_gain":0,"max_hp_loss":0,"event_name":"The Library","floor":19,"gold_loss":0,"cards_obtained":["theMarked:Pokerface"]},{"cards_removed":["theMarked:Defend"],"damage_healed":0,"gold_gain":0,"player_choice":"Upgrade and Remove","damage_taken":0,"max_hp_gain":0,"max_hp_loss":0,"event_name":"Designer","floor":39,"gold_loss":90,"cards_upgraded":["infinitespire:Menacing"]}],"is_beta":false,"boss_relics":[{"not_picked":["Runic Dome","conspire:RunicOctahedron"],"picked":"hubris:ScarierMask"},{"not_picked":["Replay:Ancient Bell","Replay:Drink Me"],"picked":"conspire:RoyalGoblet"}],"items_purged_floors":[12,20,36],"is_endless":false,"potions_floor_spawned":[2,5,11,14,18,24,31,35],"killed_by":"4 Shapes","ascension_level":0}}