{"host":"61r95uy0hn86b9iu","time":1614210528,"event":{"mods":["AchievementEnabler","BaseMod","Better Vampires","BetterRewards","Colored Powertips","Hubris","Minty Spire (QoL Compilation)","Shop Mod","StSLib"],"gold_per_floor":[116,133,208,208,221,221,238,238,288,304,57,72,372,391,391,469,469,469,469,469,16,16,16],"floor_reached":22,"language":"ENG","playtime":473,"items_purged":["Strike_B","Decay"],"score":542,"play_id":"db41c0e8-8246-4864-8003-3c03f9e3a3ed","local_time":"20210224174848","is_ascension_mode":true,"campfire_choices":[{"floor":6,"key":"REST"},{"floor":8,"key":"DIG"},{"floor":13,"key":"DIG"},{"floor":15,"key":"REST"}],"circlet_count":0,"master_deck":["AscendersBane","Strike_B","Strike_B","Strike_B","Defend_B","Defend_B","Defend_B+1","Defend_B","Zap+1","Dualcast","Flash of Steel","Reinforced Body","Loop","Streamline","Undo","Core Surge","Doom and Gloom","Reboot"],"relics":["Cracked Core","DataDisk","Shovel","hubris:EmptyBottle","hubris:DeckOfHolding","MerchantsRug","hubris:Teleporter"],"acts_visited":["Exordium","TheCity"],"potions_floor_usage":[5,12,16,16,18,20],"damage_taken":[{"damage":1.0,"enemies":"Cultist","floor":1.0,"turns":3.0},{"damage":7.0,"enemies":"Small Slimes","floor":2.0,"turns":3.0},{"damage":0,"enemies":"Jaw Worm","floor":5,"turns":3},{"damage":6,"enemies":"Looter","floor":7,"turns":3},{"damage":1,"enemies":"Red Slaver","floor":10,"turns":3},{"damage":0,"enemies":"3 Louse","floor":12,"turns":3},{"damage":6,"enemies":"Looter","floor":14,"turns":3},{"damage":15,"enemies":"The Guardian","floor":16,"turns":8},{"damage":8,"enemies":"Shell Parasite","floor":18,"turns":3},{"damage":6,"enemies":"3 Byrds","floor":20,"turns":2},{"damage":53,"enemies":"3 Cultists","floor":22,"turns":4}],"seed_played":"-7550809622617259760","potions_obtained":[{"floor":2.0,"key":"Weak Potion"},{"floor":10,"key":"SmokeBomb"},{"floor":12,"key":"PowerPotion"}],"is_trial":false,"path_per_floor":["M","M","?","?","M","R","M","R","T","M","$","M","R","M","R","B",null,"M","?","M","$","M"],"character_chosen":"DEFECT","items_purchased":["DataDisk","hubris:EmptyBottle","Flash of Steel","Core Surge","MerchantsRug","hubris:Teleporter"],"campfire_rested":2,"item_purchase_floors":[0,0,0,11,21,21],"current_hp_per_floor":[49,42,31,31,31,52,46,46,46,45,45,45,45,39,60,45,65,57,57,51,51,0,0],"gold":16,"neow_bonus":"","is_daily":false,"chose_seed":false,"campfire_upgraded":0,"win_rate":0.0,"timestamp":1614210528,"path_taken":["M","?","?","?","M","R","M","R","T","M","$","M","R","M","R","BOSS","M","?","?","$","M"],"items_purchased_type":["Relic","Relic","Card","Card","Relic","Relic"],"build_version":"2020-12-22","purchased_purges":2,"victory":false,"max_hp_per_floor":[71,71,71,71,71,71,71,71,71,71,71,71,71,71,71,71,71,71,71,71,71,71,71],"card_choices":[{"not_picked":["Stack","Rip and Tear"],"picked":"Reinforced Body","floor":1.0},{"not_picked":["Steam","Force Field"],"picked":"Loop","floor":2.0},{"not_picked":["Recycle","Rebound"],"picked":"Streamline","floor":5},{"not_picked":["FTL","Cold Snap"],"picked":"Undo","floor":7},{"not_picked":["Leap","Chill","Darkness"],"picked":"SKIP","floor":10},{"not_picked":["Streamline","Stack","Skim"],"picked":"SKIP","floor":12},{"not_picked":["Meteor Strike","Gash"],"picked":"Doom and Gloom","floor":14},{"not_picked":["Hyperbeam","Amplify"],"picked":"Reboot","floor":16}],"player_experience":3396503,"relics_obtained":[{"floor":8,"key":"hubris:DeckOfHolding"},{"floor":9,"key":"War Paint"},{"floor":13,"key":"Old Coin"}],"event_choices":[{"damage_healed":0.0,"max_hp_gain":0.0,"max_hp_loss":0.0,"gold_gain":75.0,"event_name":"World of Goop","player_choice":"Gather Gold","floor":3.0,"gold_loss":0.0,"damage_taken":11.0},{"damage_healed":0,"gold_gain":0,"player_choice":"Fled","damage_taken":0,"max_hp_gain":0,"max_hp_loss":0,"event_name":"Scrap Ooze","floor":4,"gold_loss":0},{"damage_healed":0,"gold_gain":0,"player_choice":"Cursed","damage_taken":0,"max_hp_gain":0,"max_hp_loss":0,"event_name":"Wheel of Change","floor":19,"gold_loss":0,"cards_obtained":["Decay"]}],"is_beta":false,"boss_relics":[{"not_picked":["hubris:CrackedHourglass","hubris:VirtuousBlindfold"],"picked":"Runic Pyramid"}],"items_purged_floors":[11,21],"is_endless":false,"potions_floor_spawned":[2,10,12,18],"killed_by":"3 Cultists","ascension_level":19}}