{"host":"5dk97cf2ubw2v967","time":1614153282,"event":{"mods":["AlwaysNeverKeys","BaseMod","Better Altar","Better Vampires","Block Reminder","Card Filter","Colored Powertips","Downfall","Googly Eyes","Highlight Path","Minty Spire (QoL Compilation)","Permanent Neow","Potion Indicator Mod","Quick Restart","Relic Filter","Relic Stats","Say the Spire","Spicy Shops","StSLib","Waifu the Spire","everything is the same but u backflip on backflip"],"gold_per_floor":[116,116,135,153,42,42,77,90,90,39,39,53,53,72,72,146,146,166,177,187,201,14,14,56,111,136,180,193,216,243,267,267,267,267],"floor_reached":33,"language":"ENG","playtime":1887,"items_purged":["Strike_G","Strike_G"],"score":622,"play_id":"7417e0c5-3f14-4bd3-a8ee-4aacb6e375b7","local_time":"20210224075442","is_ascension_mode":true,"campfire_choices":[{"data":"Apotheosis","floor":6,"key":"SMITH"},{"floor":11,"key":"REST"},{"floor":13,"key":"REST"},{"data":"Accuracy","floor":15,"key":"SMITH"},{"floor":23,"key":"REST"},{"floor":32,"key":"REST"}],"circlet_count":0,"master_deck":["AscendersBane","Strike_G","Strike_G","Strike_G","Defend_G","Defend_G","Defend_G","Defend_G","Defend_G","Survivor","Neutralize","Apotheosis+1","Accuracy+1","Flechettes","Unload","Blade Dance","Terror","Reflex","Backflip","Underhanded Strike","Die Die Die","Slice","Backflip+1","Slice","Infinite Blades","Blade Dance","Cloak And Dagger","Dodge and Roll","Slice+1"],"relics":["Ring of the Snake","Paper Crane","Ninja Scroll","Boot","WristBlade","CeramicFish","Tiny Chest","Vajra","Meat on the Bone","Molten Egg 2"],"acts_visited":["Exordium","TheCity"],"potions_floor_usage":[8,16,24,24,30,33],"damage_taken":[{"damage":4,"enemies":"Small Slimes","floor":1,"turns":4},{"damage":6,"enemies":"Cultist","floor":3,"turns":3},{"damage":6,"enemies":"Jaw Worm","floor":4,"turns":4},{"damage":9,"enemies":"Lagavulin","floor":7,"turns":5},{"damage":16,"enemies":"Exordium Thugs","floor":8,"turns":4},{"damage":25,"enemies":"Gremlin Gang","floor":12,"turns":3},{"damage":0,"enemies":"Red Slaver","floor":14,"turns":1},{"damage":13,"enemies":"Slime Boss","floor":16,"turns":6},{"damage":16,"enemies":"Shell Parasite","floor":18,"turns":4},{"damage":0,"enemies":"2 Thieves","floor":19,"turns":1},{"damage":0,"enemies":"Centurion and Healer","floor":20,"turns":2},{"damage":0,"enemies":"Sentry and Sphere","floor":21,"turns":2},{"damage":11,"enemies":"Gremlin Leader","floor":24,"turns":4},{"damage":16,"enemies":"Slavers","floor":27,"turns":6},{"damage":0,"enemies":"Snake Plant","floor":28,"turns":1},{"damage":4,"enemies":"Centurion and Healer","floor":29,"turns":3},{"damage":23,"enemies":"Book of Stabbing","floor":30,"turns":4},{"damage":0,"enemies":"Cultist and Chosen","floor":31,"turns":3},{"damage":67,"enemies":"Automaton","floor":33,"turns":6}],"seed_played":"-8017618524328830844","potions_obtained":[{"floor":3,"key":"FearPotion"},{"floor":7,"key":"PowerPotion"},{"floor":14,"key":"LiquidBronze"},{"floor":16,"key":"BlessingOfTheForge"},{"floor":18,"key":"Explosive Potion"},{"floor":20,"key":"Swift Potion"},{"floor":21,"key":"Energy Potion"},{"floor":27,"key":"AttackPotion"},{"floor":31,"key":"SkillPotion"}],"is_trial":false,"path_per_floor":["M","?","M","M","$","R","E","M","T","?","R","M","R","M","R","B",null,"M","M","M","M","$","R","E","T","T","E","M","M","E","M","R","B"],"character_chosen":"THE_SILENT","items_purchased":["Terror","Infinite Blades"],"campfire_rested":4,"item_purchase_floors":[5,22],"current_hp_per_floor":[55,55,49,43,43,43,34,18,18,18,36,11,29,29,29,16,49,33,33,33,33,33,51,40,40,40,24,36,32,21,33,51,0,0],"gold":267,"neow_bonus":"RANDOM_COLORLESS_2","is_daily":false,"chose_seed":false,"campfire_upgraded":2,"win_rate":0.0,"timestamp":1614153282,"path_taken":["M","?","?","?","?","R","E","M","T","?","R","?","R","M","R","BOSS","M","M","?","M","?","R","E","?","T","E","?","M","E","M","R","BOSS"],"items_purchased_type":["Card","Card"],"build_version":"2020-12-22","purchased_purges":2,"victory":false,"max_hp_per_floor":[60,60,60,60,60,60,60,60,60,60,60,60,60,60,60,60,60,60,60,60,60,60,60,60,60,60,60,60,60,60,60,60,60,60],"relic_stats":{"counters":[19,66],"CeramicFish":36,"Tiny Chest":0,"Boot":[24],"obtain_stats":[{"WristBlade":17,"Ninja Scroll":9,"CeramicFish":24,"Vajra":26,"Tiny Chest":25,"Molten Egg 2":30,"Paper Crane":7,"Boot":10,"Ring of the Snake":0,"Meat on the Bone":27},{"WristBlade":8,"Ninja Scroll":5,"CeramicFish":13,"Vajra":13,"Tiny Chest":13,"Molten Egg 2":17,"Paper Crane":4,"Boot":5,"Ring of the Snake":0,"Meat on the Bone":14},{"WristBlade":30,"Ninja Scroll":20,"CeramicFish":43,"Vajra":43,"Tiny Chest":43,"Molten Egg 2":57,"Paper Crane":16,"Boot":20,"Ring of the Snake":0,"Meat on the Bone":49}],"Ring of the Snake":[38],"Meat on the Bone":36},"card_choices":[{"not_picked":["Chrysalis","Sadistic Nature"],"picked":"Apotheosis","floor":0},{"not_picked":["Cloak And Dagger","PiercingWail"],"picked":"Accuracy","floor":1},{"not_picked":["Underhanded Strike","Dagger Spray","Flying Knee"],"picked":"SKIP","floor":3},{"not_picked":["Masterful Stab","Poisoned Stab"],"picked":"Blade Dance","floor":4},{"not_picked":["Dagger Spray","Flying Knee"],"picked":"Reflex","floor":7},{"not_picked":["Riddle With Holes","Acrobatics","Outmaneuver"],"picked":"SKIP","floor":8},{"not_picked":["Choke","Prepared"],"picked":"Backflip","floor":12},{"not_picked":["Distraction","Noxious Fumes"],"picked":"Underhanded Strike","floor":14},{"not_picked":["Grand Finale","Malaise"],"picked":"Die Die Die","floor":16},{"not_picked":["Predator+1","Choke"],"picked":"Slice","floor":18},{"not_picked":["Terror","Riddle With Holes","Outmaneuver+1"],"picked":"SKIP","floor":19},{"not_picked":["Acrobatics","Prepared"],"picked":"Backflip+1","floor":20},{"not_picked":["Expertise","Calculated Gamble"],"picked":"Slice","floor":21},{"not_picked":["Slice","Bane"],"picked":"Blade Dance","floor":24},{"not_picked":["Well Laid Plans","Grand Finale"],"picked":"Cloak And Dagger","floor":27},{"not_picked":["Setup","Heel Hook","Backflip"],"picked":"SKIP","floor":28},{"not_picked":["Underhanded Strike","Bane"],"picked":"Dodge and Roll","floor":29},{"not_picked":["Dagger Spray+1","Bane+1","PiercingWail"],"picked":"SKIP","floor":30},{"not_picked":["Choke+1","Deadly Poison+1"],"picked":"Slice+1","floor":31}],"player_experience":1347620,"relics_obtained":[{"floor":7,"key":"Paper Crane"},{"floor":9,"key":"Ninja Scroll"},{"floor":24,"key":"CeramicFish"},{"floor":25,"key":"Tiny Chest"},{"floor":26,"key":"Vajra"},{"floor":27,"key":"Meat on the Bone"},{"floor":30,"key":"Molten Egg 2"}],"event_choices":[{"damage_healed":0,"gold_gain":0,"player_choice":"2 cards matched","damage_taken":0,"max_hp_gain":0,"max_hp_loss":0,"event_name":"Match and Keep!","floor":2,"gold_loss":0,"cards_obtained":["Flechettes","Unload"]},{"damage_healed":0,"gold_gain":0,"player_choice":"Paid Gold","damage_taken":0,"relics_obtained":["Boot"],"max_hp_gain":0,"max_hp_loss":0,"event_name":"WeMeetAgain","floor":10,"gold_loss":51}],"is_beta":false,"boss_relics":[{"not_picked":["Black Star","Philosopher\u0027s Stone"],"picked":"WristBlade"}],"items_purged_floors":[5,22],"is_endless":false,"potions_floor_spawned":[3,7,14,16,18,20,21,27,31],"killed_by":"Automaton","ascension_level":20}}