{"host":"kux12pw67lc1ca9q","time":1614192817,"event":{"mods":["2.2 Compatiblity","Act Like it!","Ascension Unlocker","Aspiration","BaseMod","Better Altar","Better Match","Better Sensory Stone","Better Skull","Better Third Choice","BetterRewards","Block Reminder","CCEM2","Displayed Cursed Tome","Elementarium","Energized Spire","Gensokyo","GifTheSpireLib","Hallownest","Hermit","Infinite Spire","JesterMod","Jorbs\u0027s Wanderer Trilogy","Marisa????????","Marked Mod","Menagerie","Minty Spire (QoL Compilation)","Permanent Neow","Potionbrewer","Quick Restart","Reimu??????","Replay The Spire","Ruina","SCP261 Mod","Shade Mod","Shop Mod","Spicy Shops","Spikes Relics","StSLib","Stuff the Spire","The Bug Knight","The Cursed","The Death Knight","The Hayseed","The Hierophant","The Judge","The Juggle","The Mystic","The Necromancer","The Runesmith","The Witch","Virulent Crown","thorton"],"gold_per_floor":[115,115,115,40,40,40,65,65,144,144,175,189,214,230,230,301,301,301,301],"floor_reached":18,"language":"ENG","playtime":973,"items_purged":["StuffTheSpire:CuriosityCurse"],"score":372,"play_id":"f86095b5-6cae-4c9c-bfac-cf1253a86be7","local_time":"20210224185337","is_ascension_mode":true,"campfire_choices":[{"data":"Menagerie:SagesJudgement","floor":6.0,"key":"SMITH"},{"floor":15,"key":"REST"}],"circlet_count":0,"master_deck":["AscendersBane","theextravagant:SlyStrike","theextravagant:SlyStrike","theextravagant:Fence","theextravagant:Fence","theextravagant:Fence","theextravagant:Fence","theextravagant:QuickAttack","theextravagant:Triumph","thethorton:Heckle","mysticmod:Strike_Mystic+1","theextravagant:Castle","Menagerie:SagesJudgement+1","theextravagant:Shove","theextravagant:PerfectTheBasics","theextravagant:Outrun","theextravagant:ManifestIllusion"],"relics":["theextravagant:TranslucentFeather","StoneCalendar","HollowMod:StagPassRelic","Menagerie:ExplorersFlag","The Courier","Quantum Egg","Gremlin Food","Pet Ghost","Replay:Drink Me"],"acts_visited":["Menagerie:Menagerie","ruina:Briah"],"potions_floor_usage":[13,13,14,16],"damage_taken":[{"damage":1.0,"enemies":"Menagerie:StygianBoar","floor":1.0,"turns":4.0},{"damage":31.0,"enemies":"Menagerie:VoidReaper","floor":7.0,"turns":7.0},{"damage":14.0,"enemies":"Menagerie:MaskedSummoner","floor":11.0,"turns":7.0},{"damage":8,"enemies":"Menagerie:MonstrousExperiment","floor":12,"turns":7},{"damage":6,"enemies":"Menagerie:VoidReaper","floor":13,"turns":6},{"damage":3,"enemies":"Menagerie:WhisperingWraith","floor":14,"turns":3},{"damage":17,"enemies":"Menagerie:Chimera","floor":16,"turns":11},{"damage":9,"enemies":"ruina:BadWolf","floor":18,"turns":2}],"seed_played":"-3632927228976465356","potions_obtained":[{"floor":7.0,"key":"BlessingOfTheForge"},{"floor":12,"key":"Dexterity Potion"},{"floor":14,"key":"potionbrewer:SplittingPotion"}],"is_trial":false,"path_per_floor":["M","?","?","$","?","R","E","$","T","?","E","M","E","M","R","B",null,"M"],"character_chosen":"THE_EXTRAVAGANT","items_purchased":[],"campfire_rested":1,"item_purchase_floors":[],"current_hp_per_floor":[67,67,67,67,65,65,34,34,34,39,25,17,11,8,30,13,46,37,37],"gold":301,"neow_bonus":"ONE_RARE_RELIC","is_daily":false,"chose_seed":false,"campfire_upgraded":1,"win_rate":0.0,"timestamp":1614192817,"path_taken":["M","?","?","$","?","R","E","$","T","?","E","M","E","M","R","BOSS","M"],"items_purchased_type":[],"build_version":"2020-12-22","purchased_purges":1,"victory":false,"max_hp_per_floor":[75,75,75,75,75,75,75,75,75,75,75,75,75,75,75,75,57,57,57],"card_choices":[{"not_picked":["theextravagant:SharpTalons","theextravagant:GarbageCannon"],"picked":"theextravagant:Castle","floor":1.0},{"not_picked":["theextravagant:Drift","theextravagant:Riot"],"picked":"theextravagant:Shove","floor":7.0},{"not_picked":["theextravagant:StepBack","theextravagant:PuffUp"],"picked":"theextravagant:PerfectTheBasics","floor":11.0},{"not_picked":["theextravagant:Ravage","theextravagant:Masquerade","theextravagant:Outrun"],"picked":"SKIP","floor":12},{"not_picked":["theextravagant:PuffUp","theextravagant:Shove"],"picked":"theextravagant:Outrun","floor":13},{"not_picked":["theextravagant:Aggression","theextravagant:SharpTalons","theextravagant:Twitch"],"picked":"SKIP","floor":14},{"not_picked":["theextravagant:Nihil","theextravagant:Antiquity"],"picked":"theextravagant:ManifestIllusion","floor":16}],"player_experience":1340871,"relics_obtained":[{"floor":7.0,"key":"The Courier"},{"floor":9.0,"key":"Quantum Egg"},{"floor":11.0,"key":"Gremlin Food"},{"floor":13,"key":"Pet Ghost"}],"event_choices":[{"damage_healed":0.0,"max_hp_gain":0.0,"max_hp_loss":0.0,"gold_gain":0.0,"event_name":"Menagerie:AtThePeak","player_choice":"Take","floor":3.0,"gold_loss":0.0,"damage_taken":0.0,"relics_obtained":["Menagerie:ExplorersFlag"],"cards_obtained":["Clumsy"]},{"damage_healed":0.0,"max_hp_gain":0.0,"max_hp_loss":0.0,"gold_gain":0.0,"event_name":"Menagerie:MageAndMonster","player_choice":"Help the mage","floor":5.0,"gold_loss":0.0,"damage_taken":7.0,"cards_obtained":["Menagerie:SagesJudgement"]},{"damage_healed":0.0,"max_hp_gain":0.0,"max_hp_loss":0.0,"gold_gain":0.0,"cards_transformed":["Clumsy"],"event_name":"Menagerie:MagesHand","player_choice":"Grasp","floor":10.0,"gold_loss":0.0,"damage_taken":0.0,"cards_obtained":["Menagerie:BloodySpellbook"]}],"is_beta":false,"boss_relics":[{"not_picked":["Tiny House","Runic Pyramid"],"picked":"Replay:Drink Me"}],"items_purged_floors":[4],"is_endless":false,"potions_floor_spawned":[7,12,14],"killed_by":"ruina:BadWolf","ascension_level":20}}