{"host":"raaimkojny05jekw","time":1614180213,"event":{"mods":["AchievementEnabler","BaseMod","Colored Map","Colored Powertips","DeckTracker","Minty Spire (QoL Compilation)","Quick Restart","Rare Cards Sparkle","everything is the same but u backflip on backflip"],"gold_per_floor":[114,126,32,32,32,57,85,85,111,141,151,151,151,164,164,262,262,281,196,196,41,55,86,86,106,106,106,125,159,159,171,171,171,171],"floor_reached":33,"language":"KOR","playtime":787,"items_purged":[],"score":534,"play_id":"4362f2a5-fbfc-4b8b-a511-b9fa7a83835a","local_time":"20210225002333","is_ascension_mode":true,"campfire_choices":[{"data":"Heavy Blade","floor":8,"key":"SMITH"},{"data":"Inflame","floor":13,"key":"SMITH"},{"data":"Bash","floor":15,"key":"SMITH"},{"data":"Pummel","floor":24,"key":"SMITH"},{"data":"Whirlwind","floor":27,"key":"SMITH"},{"data":"1","floor":32,"key":"LIFT"}],"circlet_count":0,"master_deck":["AscendersBane","Strike_R+1","Strike_R+1","Strike_R+1","Strike_R+1","Strike_R+1","Defend_R+1","Defend_R+1","Defend_R+1","Defend_R+1","Bash+1","Inflame+1","Thunderclap","Trip+1","Heavy Blade+1","Twin Strike","Pummel+1","Power Through","Immolate","Flame Barrier","Whirlwind+1","Evolve+1","Offering","Trip"],"relics":["Burning Blood","NeowsBlessing","Art of War","Odd Mushroom","Red Skull","Oddly Smooth Stone","Coffee Dripper","Bag of Preparation","Blood Vial","Akabeko","Pear","Girya"],"acts_visited":["Exordium","TheCity"],"potions_floor_usage":[7,10,16,23,23,29,33],"damage_taken":[{"damage":0,"enemies":"2 Louse","floor":1,"turns":1},{"damage":0,"enemies":"Small Slimes","floor":2,"turns":1},{"damage":0,"enemies":"Lagavulin","floor":6,"turns":1},{"damage":20,"enemies":"The Mushroom Lair","floor":7,"turns":4},{"damage":16,"enemies":"Gremlin Nob","floor":10,"turns":3},{"damage":11,"enemies":"Jaw Worm","floor":11,"turns":4},{"damage":1,"enemies":"3 Louse","floor":14,"turns":2},{"damage":32,"enemies":"Hexaghost","floor":16,"turns":5},{"damage":20,"enemies":"Shell Parasite","floor":18,"turns":4},{"damage":9,"enemies":"Chosen","floor":22,"turns":5},{"damage":10,"enemies":"Book of Stabbing","floor":23,"turns":3},{"damage":24,"enemies":"Snake Plant","floor":25,"turns":3},{"damage":4,"enemies":"Centurion and Healer","floor":28,"turns":3},{"damage":30,"enemies":"Gremlin Leader","floor":29,"turns":4},{"damage":21,"enemies":"Sentry and Sphere","floor":31,"turns":4},{"damage":22,"enemies":"Collector","floor":33,"turns":3}],"seed_played":"5912728429513625503","potions_obtained":[{"floor":2,"key":"Swift Potion"},{"floor":6,"key":"Fruit Juice"},{"floor":7,"key":"Weak Potion"},{"floor":14,"key":"SpeedPotion"},{"floor":22,"key":"PowerPotion"},{"floor":23,"key":"ElixirPotion"},{"floor":25,"key":"Fire Potion"},{"floor":31,"key":"Swift Potion"}],"is_trial":false,"path_per_floor":["M","M","$","?","$","E","?","R","T","E","M","?","R","M","R","B",null,"M","?","?","$","M","E","R","M","T","R","M","E","?","M","R","B"],"character_chosen":"IRONCLAD","items_purchased":["Trip","Blood Vial"],"campfire_rested":0,"item_purchase_floors":[3,21],"current_hp_per_floor":[78,80,80,80,80,80,71,71,71,61,56,56,56,61,61,35,73,59,59,59,59,58,56,56,40,50,50,54,32,32,19,19,0,0],"gold":171,"neow_bonus":"THREE_ENEMY_KILL","is_daily":false,"chose_seed":false,"campfire_upgraded":5,"win_rate":0.0,"timestamp":1614180213,"path_taken":["M","M","$","?","$","E","?","R","T","E","?","?","R","M","R","BOSS","M","?","?","$","M","E","R","M","T","R","M","E","?","M","R","BOSS"],"items_purchased_type":["Card","Relic"],"build_version":"2020-12-22","purchased_purges":0,"victory":false,"max_hp_per_floor":[80,80,80,80,80,80,85,85,85,85,85,85,85,85,85,85,85,85,85,85,85,85,85,85,85,95,95,95,95,95,95,95,95,95],"card_choices":[{"not_picked":["Clash","Cleave"],"picked":"Inflame","floor":1},{"not_picked":["Feel No Pain","Combust"],"picked":"Thunderclap","floor":2},{"not_picked":["Intimidate","Fiend Fire"],"picked":"Heavy Blade","floor":6},{"not_picked":["Thunderclap","Burning Pact"],"picked":"Twin Strike","floor":7},{"not_picked":["Combust","Blood for Blood"],"picked":"Pummel","floor":10},{"not_picked":["Wild Strike","Dark Embrace"],"picked":"Power Through","floor":11},{"not_picked":["Dark Embrace","Warcry","Uppercut"],"picked":"SKIP","floor":14},{"not_picked":["Double Tap","Bludgeon"],"picked":"Immolate","floor":16},{"not_picked":["Armaments","Flex"],"picked":"Flame Barrier","floor":18},{"not_picked":["Cleave","Body Slam","Searing Blow"],"picked":"SKIP","floor":22},{"not_picked":["Sword Boomerang","Feel No Pain","Armaments"],"picked":"SKIP","floor":23},{"not_picked":["Clothesline","Rupture"],"picked":"Whirlwind","floor":25},{"not_picked":["Infernal Blade","Uppercut"],"picked":"Evolve+1","floor":28},{"not_picked":["Twin Strike","Flex"],"picked":"Offering","floor":29},{"not_picked":["Heavy Blade","Clothesline","Thunderclap"],"picked":"SKIP","floor":31}],"player_experience":785143,"relics_obtained":[{"floor":6,"key":"Art of War"},{"floor":7,"key":"Odd Mushroom"},{"floor":9,"key":"Red Skull"},{"floor":10,"key":"Oddly Smooth Stone"},{"floor":23,"key":"Akabeko"},{"floor":26,"key":"Pear"},{"floor":29,"key":"Girya"}],"event_choices":[{"damage_healed":0,"gold_gain":0,"player_choice":"Grow","damage_taken":0,"max_hp_gain":0,"max_hp_loss":0,"event_name":"Living Wall","floor":4,"gold_loss":0,"cards_upgraded":["Trip"]},{"damage_healed":0,"gold_gain":0,"player_choice":"Fought Mushrooms","damage_taken":0,"max_hp_gain":0,"max_hp_loss":0,"event_name":"Mushrooms","floor":7,"gold_loss":0},{"damage_healed":0,"gold_gain":0,"player_choice":"Ignored","damage_taken":0,"max_hp_gain":0,"max_hp_loss":0,"event_name":"Liars Game","floor":12,"gold_loss":0},{"damage_healed":0,"gold_gain":0,"player_choice":"Obtained Relic","damage_taken":0,"relics_obtained":["Bag of Preparation"],"max_hp_gain":0,"max_hp_loss":0,"event_name":"Addict","floor":19,"gold_loss":85},{"damage_healed":0,"gold_gain":0,"player_choice":"Simplicity","damage_taken":0,"max_hp_gain":0,"max_hp_loss":0,"event_name":"Back to Basics","floor":20,"gold_loss":0,"cards_upgraded":["Strike_R","Strike_R","Strike_R","Strike_R","Strike_R","Defend_R","Defend_R","Defend_R","Defend_R"]},{"damage_healed":0,"gold_gain":0,"player_choice":"1 cards matched","damage_taken":0,"max_hp_gain":0,"max_hp_loss":0,"event_name":"Match and Keep!","floor":30,"gold_loss":0,"cards_obtained":["Trip"]}],"is_beta":false,"boss_relics":[{"not_picked":["Philosopher\u0027s Stone","Busted Crown"],"picked":"Coffee Dripper"}],"items_purged_floors":[],"is_endless":false,"potions_floor_spawned":[2,6,7,14,22,23,25,31],"killed_by":"Collector","ascension_level":12}}