{"host":"5bsc0nab6whpyrbj","time":1614141816,"event":{"mods":["AchievementEnabler","BaseMod","Colored Map","Dark Map","Highlight Path","Minty Spire (QoL Compilation)"],"gold_per_floor":[114,189,364,364,383,383,399,428,428,428,445,445,474,76,76,76,76],"floor_reached":16,"language":"ENG","playtime":404,"items_purged":[],"score":108,"play_id":"8629357f-e400-4e5e-8382-2daef559e081","local_time":"20210223234336","is_ascension_mode":false,"campfire_choices":[{"floor":10,"key":"REST"},{"floor":12,"key":"REST"},{"floor":15,"key":"REST"}],"circlet_count":0,"master_deck":["Strike_B","Strike_B","Strike_B","Strike_B","Defend_B","Defend_B","Defend_B+1","Defend_B","Zap","Dualcast","Regret","Panache+1","FTL","Doubt","Chill","Go for the Eyes","All For One+1"],"relics":["Cracked Core","Bottled Tornado","Strawberry","Molten Egg 2","Eternal Feather"],"acts_visited":["Exordium"],"potions_floor_usage":[13,16],"damage_taken":[{"damage":2,"enemies":"Cultist","floor":1,"turns":3},{"damage":2,"enemies":"Small Slimes","floor":5,"turns":3},{"damage":13,"enemies":"Jaw Worm","floor":7,"turns":3},{"damage":44,"enemies":"Lagavulin","floor":8,"turns":6},{"damage":2,"enemies":"2 Fungi Beasts","floor":11,"turns":2},{"damage":49,"enemies":"Gremlin Nob","floor":13,"turns":5},{"damage":52,"enemies":"Hexaghost","floor":16,"turns":9}],"seed_played":"-2496556099031063468","potions_obtained":[{"floor":11,"key":"ColorlessPotion"},{"floor":13,"key":"Explosive Potion"}],"is_trial":false,"path_per_floor":["M","?","?","?","M","?","M","E","T","R","M","R","E","$","R","B"],"character_chosen":"DEFECT","items_purchased":["All For One+1","Eternal Feather"],"campfire_rested":3,"item_purchase_floors":[14,14],"current_hp_per_floor":[73,62,62,47,45,70,57,13,20,44,42,66,17,17,50,0,0],"gold":76,"neow_bonus":"RANDOM_COLORLESS_2","is_daily":false,"chose_seed":false,"campfire_upgraded":0,"win_rate":0.0,"timestamp":1614141816,"path_taken":["M","?","?","?","M","?","M","E","T","R","M","R","E","$","R","BOSS"],"items_purchased_type":["Card","Relic"],"build_version":"2020-12-22","purchased_purges":0,"victory":false,"max_hp_per_floor":[75,75,75,75,75,75,75,75,82,82,82,82,82,82,82,82,82],"card_choices":[{"not_picked":["Master of Strategy","Metamorphosis"],"picked":"Panache","floor":0},{"not_picked":["Streamline","Glacier"],"picked":"FTL","floor":1},{"not_picked":["Hologram","Coolheaded","Ball Lightning"],"picked":"SKIP","floor":5},{"not_picked":["Cold Snap","Ball Lightning","Conserve Battery"],"picked":"SKIP","floor":7},{"not_picked":["Hologram","Tempest"],"picked":"Chill","floor":8},{"not_picked":["Steam","Barrage"],"picked":"Go for the Eyes","floor":11},{"not_picked":["Sunder+1","Rebound+1","Melter+1"],"picked":"SKIP","floor":13}],"player_experience":115410,"relics_obtained":[{"floor":8,"key":"Bottled Tornado"},{"floor":9,"key":"Strawberry"},{"floor":13,"key":"Molten Egg 2"}],"event_choices":[{"damage_healed":0,"gold_gain":75,"player_choice":"Gather Gold","damage_taken":11,"max_hp_gain":0,"max_hp_loss":0,"event_name":"World of Goop","floor":2,"gold_loss":0},{"damage_healed":0,"gold_gain":175,"player_choice":"AGREE","damage_taken":0,"max_hp_gain":0,"max_hp_loss":0,"event_name":"Liars Game","floor":3,"gold_loss":0,"cards_obtained":["Doubt"]},{"damage_healed":0,"gold_gain":0,"player_choice":"Entered Light","damage_taken":15,"max_hp_gain":0,"max_hp_loss":0,"event_name":"Shining Light","floor":4,"gold_loss":0,"cards_upgraded":["Panache","Defend_B"]},{"damage_healed":25,"gold_gain":0,"player_choice":"Banana","damage_taken":0,"max_hp_gain":0,"max_hp_loss":0,"event_name":"Big Fish","floor":6,"gold_loss":0}],"is_beta":false,"boss_relics":[],"items_purged_floors":[],"is_endless":false,"potions_floor_spawned":[11,13],"killed_by":"Hexaghost","ascension_level":0}}