{"host":"7r2n0tv442aowt09","time":1614174412,"event":{"mods":["BaseMod","Curses Come First","Custom Start","Exacting","Highlight Path","Infinite Spire","Minty Spire (QoL Compilation)","Relic Sorter","StSLib"],"gold_per_floor":[162,312,312,338,389,389,514,514,537,662,716,773,773,860,860,860,860],"floor_reached":16,"language":"JPN","playtime":972,"items_purged":[],"score":236,"play_id":"0d4afc7c-5a60-4da2-84d3-8811c2fe86fc","local_time":"20210224224652","daily_mods":["Midas"],"is_ascension_mode":true,"campfire_choices":[{"data":"Doubt","floor":6,"key":"PURGE"},{"data":"Defend_G","floor":8,"key":"PURGE"},{"data":"Regret","floor":15,"key":"PURGE"}],"circlet_count":0,"master_deck":["AscendersBane","Strike_G","Strike_G","Strike_G","Strike_G","Strike_G","Defend_G","Defend_G","Defend_G","Defend_G","Survivor","Neutralize","Leg Sweep","Blur","Crippling Poison","Infinite Blades","Bane"],"relics":["Ring of the Snake","Darkstone Periapt","Singing Bowl","Nuclear Battery","Peace Pipe","Orichalcum","Juzu Bracelet","PreservedInsect","MealTicket","Blood Vial","Thread and Needle"],"acts_visited":["Exordium"],"potions_floor_usage":[7,10,14],"damage_taken":[{"damage":2,"enemies":"2 Louse","floor":1,"turns":4},{"damage":1,"enemies":"Small Slimes","floor":5,"turns":5},{"damage":23,"enemies":"3 Sentries","floor":7,"turns":15},{"damage":10,"enemies":"Lagavulin","floor":10,"turns":7},{"damage":0,"enemies":"Jaw Worm","floor":11,"turns":6},{"damage":1,"enemies":"Large Slime","floor":12,"turns":7},{"damage":28,"enemies":"Gremlin Nob","floor":14,"turns":4},{"damage":19,"enemies":"The Guardian","floor":16,"turns":11}],"seed_played":"4409526122232874591","potions_obtained":[{"floor":5,"key":"SkillPotion"},{"floor":7,"key":"FearPotion"},{"floor":12,"key":"CunningPotion"}],"is_trial":true,"path_per_floor":["M","?","?","T","M","R","E","R","T","E","M","M","?","E","R","B"],"character_chosen":"THE_SILENT","items_purchased":[],"campfire_rested":0,"item_purchase_floors":[],"current_hp_per_floor":[57,63,63,63,64,64,41,41,41,31,31,32,38,12,12,0,0],"gold":860,"neow_bonus":"","is_daily":false,"chose_seed":false,"campfire_upgraded":0,"win_rate":0.0,"timestamp":1614174412,"path_taken":["M","?","?","?","M","R","E","R","T","E","M","M","?","E","R","BOSS"],"items_purchased_type":[],"build_version":"2020-12-22","purchased_purges":0,"victory":false,"max_hp_per_floor":[66,72,72,72,74,74,74,74,74,74,74,76,82,82,82,82,82],"card_choices":[{"not_picked":["Underhanded Strike","Escape Plan"],"picked":"Leg Sweep","floor":1},{"not_picked":["Prepared","Deflect","Slice"],"picked":"Singing Bowl","floor":5},{"not_picked":["Unload","Acrobatics"],"picked":"Blur","floor":7},{"not_picked":["Deflect","Dagger Throw"],"picked":"Crippling Poison","floor":10},{"not_picked":["Deflect","Predator"],"picked":"Infinite Blades","floor":11},{"not_picked":["Dodge and Roll","Slice","Dagger Throw"],"picked":"Singing Bowl","floor":12},{"not_picked":["Flying Knee","Skewer"],"picked":"Bane","floor":14}],"player_experience":2284662,"relics_obtained":[{"floor":4,"key":"Orichalcum"},{"floor":7,"key":"Juzu Bracelet"},{"floor":9,"key":"PreservedInsect"},{"floor":10,"key":"MealTicket"},{"floor":14,"key":"Thread and Needle"}],"event_choices":[{"damage_healed":0,"gold_gain":150,"player_choice":"AGREE","damage_taken":0,"max_hp_gain":0,"max_hp_loss":0,"event_name":"Liars Game","floor":2,"gold_loss":0,"cards_obtained":["Doubt"]},{"damage_healed":0,"gold_gain":0,"player_choice":"Box","damage_taken":0,"relics_obtained":["Blood Vial"],"max_hp_gain":0,"max_hp_loss":0,"event_name":"Big Fish","floor":13,"gold_loss":0,"cards_obtained":["Regret"]}],"is_beta":false,"boss_relics":[],"items_purged_floors":[],"is_endless":false,"potions_floor_spawned":[5,7,12],"killed_by":"The Guardian","ascension_level":20}}