{"host":"q0qnzbgdx8oqogg9","time":1614188935,"event":{"mods":["BaseMod","Minty Spire (QoL Compilation)","StSLib"],"gold_per_floor":[109,34,44,57,57,57,69,100,100,100,159,192,192,207,207,207,207],"floor_reached":16,"language":"ENG","playtime":418,"items_purged":["Doubt"],"score":198,"play_id":"b8499bae-b901-4aa5-bff5-92591992b9fe","local_time":"20210224124855","is_ascension_mode":true,"campfire_choices":[{"data":"Deadly Poison","floor":6,"key":"SMITH"},{"floor":10,"key":"REST"},{"floor":15,"key":"REST"}],"circlet_count":0,"master_deck":["AscendersBane","Strike_G","Strike_G+1","Strike_G","Strike_G","Strike_G+1","Defend_G","Defend_G","Defend_G","Defend_G","Defend_G","Survivor","Neutralize","Deadly Poison+1","Bane","Poisoned Stab","Regret","Blade Dance","Bouncing Flask","Dash+1","Catalyst","PiercingWail"],"relics":["Ring of the Snake","The Specimen","Blood Vial","Molten Egg 2","Bag of Marbles","Juzu Bracelet","Whetstone"],"acts_visited":["Exordium"],"potions_floor_usage":[8,12,12],"damage_taken":[{"damage":6,"enemies":"2 Louse","floor":1,"turns":3},{"damage":1,"enemies":"Small Slimes","floor":3,"turns":5},{"damage":0,"enemies":"Jaw Worm","floor":4,"turns":5},{"damage":5,"enemies":"2 Fungi Beasts","floor":7,"turns":3},{"damage":32,"enemies":"Lagavulin","floor":8,"turns":6},{"damage":12,"enemies":"Gremlin Nob","floor":11,"turns":3},{"damage":19,"enemies":"3 Sentries","floor":12,"turns":5},{"damage":0,"enemies":"Looter","floor":14,"turns":2},{"damage":44,"enemies":"Slime Boss","floor":16,"turns":6}],"seed_played":"1496726220100139705","potions_obtained":[{"floor":4,"key":"Poison Potion"},{"floor":8,"key":"Weak Potion"},{"floor":11,"key":"ColorlessPotion"}],"is_trial":false,"path_per_floor":["M","$","M","M","?","R","M","E","T","R","?","E","?","M","R","B"],"character_chosen":"THE_SILENT","items_purchased":[],"campfire_rested":2,"item_purchase_floors":[],"current_hp_per_floor":[53,53,52,52,52,52,49,19,19,38,28,11,11,13,32,0,0],"gold":207,"neow_bonus":"ONE_RARE_RELIC","is_daily":false,"chose_seed":false,"campfire_upgraded":1,"win_rate":0.0,"timestamp":1614188935,"path_taken":["M","$","M","M","?","R","M","E","T","R","?","E","?","M","R","BOSS"],"items_purchased_type":[],"build_version":"2020-12-22","purchased_purges":1,"victory":false,"max_hp_per_floor":[66,66,66,66,66,66,66,66,66,66,66,66,66,66,66,66,66],"card_choices":[{"not_picked":["Outmaneuver","Footwork"],"picked":"Deadly Poison","floor":1},{"not_picked":["Flechettes","Footwork"],"picked":"Bane","floor":3},{"not_picked":["Backflip","Flying Knee"],"picked":"Poisoned Stab","floor":4},{"not_picked":["PiercingWail","Dagger Throw"],"picked":"Blade Dance","floor":7},{"not_picked":["Bullet Time","Night Terror"],"picked":"Bouncing Flask","floor":8},{"not_picked":["Sucker Punch+1","PiercingWail"],"picked":"Dash+1","floor":11},{"not_picked":["Dash+1","Eviscerate+1"],"picked":"Catalyst","floor":12},{"not_picked":["Distraction","Finisher+1"],"picked":"PiercingWail","floor":14}],"player_experience":381636,"relics_obtained":[{"floor":8,"key":"Molten Egg 2"},{"floor":9,"key":"Bag of Marbles"},{"floor":11,"key":"Juzu Bracelet"},{"floor":12,"key":"Whetstone"}],"event_choices":[{"damage_healed":0,"gold_gain":0,"player_choice":"Box","damage_taken":0,"relics_obtained":["Blood Vial"],"max_hp_gain":0,"max_hp_loss":0,"event_name":"Big Fish","floor":5,"gold_loss":0,"cards_obtained":["Regret"]},{"damage_healed":0,"gold_gain":0,"player_choice":"Searched \u00272\u0027 times","damage_taken":0,"max_hp_gain":0,"max_hp_loss":0,"event_name":"Dead Adventurer","floor":11,"gold_loss":0},{"damage_healed":0,"gold_gain":0,"player_choice":"Ignored","damage_taken":0,"max_hp_gain":0,"max_hp_loss":0,"event_name":"Liars Game","floor":13,"gold_loss":0}],"is_beta":false,"boss_relics":[],"items_purged_floors":[2],"is_endless":false,"potions_floor_spawned":[4,8,11],"killed_by":"Slime Boss","ascension_level":16}}