{"host":"Tuck","time":1614210503,"event":{"mods":["AchievementEnabler","BaseMod","Minty Spire (QoL Compilation)","StSLib"],"gold_per_floor":[117,135,155,155,170,197,213,248,248,273,273,20,32,44,44,149,149,166,17,17,27,44,72,87,118,164,191,191,210,210,210,210,307,307,327,337,3,16,34,65,79,107,133,133,133,133,163,183,183,183,183,183,68,97,97],"floor_reached":56,"language":"ENG","playtime":4711,"items_purged":[],"score":1531,"play_id":"c7183de5-8b7b-4669-84cf-678738f6e633","local_time":"20210224164823","is_ascension_mode":true,"campfire_choices":[{"data":"Defragment","floor":11,"key":"SMITH"},{"data":"Fission","floor":15,"key":"SMITH"},{"data":"Defragment","floor":28,"key":"SMITH"},{"data":"Fission","floor":30,"key":"SMITH"},{"data":"Loop","floor":32,"key":"SMITH"},{"floor":44,"key":"RECALL"},{"data":"Aggregate","floor":46,"key":"SMITH"},{"data":"Coolheaded","floor":49,"key":"SMITH"},{"data":"Coolheaded","floor":52,"key":"SMITH"}],"circlet_count":0,"master_deck":["Dualcast","Reinforced Body","Electrodynamics","Hologram","Fission+1","Defragment+1","Coolheaded","Go for the Eyes+1","Ball Lightning","Coolheaded+1","Defragment+1","Self Repair","Amplify+1","Heatsinks","Barrage","Fission+1","Cold Snap+1","Aggregate+1","Hologram+1","Conserve Battery+1","Turbo+1","Coolheaded+1","Loop+1","Echo Form","Echo Form","Glacier","FTL","Gash","Go for the Eyes+1","Loop+1","Recycle+1","Recycle+1","Skim+1","Seek+1","Conserve Battery+1","Panacea","Bandage Up","Loop","Darkness"],"relics":["Pandora\u0027s Box","Bottled Lightning","Kunai","Centennial Puzzle","Juzu Bracelet","Shuriken","Runic Pyramid","Membership Card","Meat on the Bone","Bronze Scales","Sundial","SacredBark","Medical Kit","Prayer Wheel","Pen Nib","Anchor","MealTicket","War Paint","TheAbacus","HornCleat"],"acts_visited":["Exordium","TheCity","TheBeyond","TheEnding"],"potions_floor_usage":[10,13,14,23,25,38,55],"damage_taken":[{"damage":0,"enemies":"Cultist","floor":1,"turns":3},{"damage":0,"enemies":"2 Louse","floor":2,"turns":2},{"damage":0,"enemies":"Small Slimes","floor":3,"turns":3},{"damage":0,"enemies":"3 Louse","floor":5,"turns":3},{"damage":2,"enemies":"Gremlin Nob","floor":6,"turns":4},{"damage":5,"enemies":"Large Slime","floor":7,"turns":4},{"damage":0,"enemies":"Lagavulin","floor":8,"turns":7},{"damage":7,"enemies":"Gremlin Nob","floor":10,"turns":4},{"damage":6,"enemies":"2 Fungi Beasts","floor":13,"turns":2},{"damage":2,"enemies":"Gremlin Gang","floor":14,"turns":2},{"damage":0,"enemies":"The Guardian","floor":16,"turns":12},{"damage":2,"enemies":"Shell Parasite","floor":18,"turns":5},{"damage":15,"enemies":"2 Thieves","floor":21,"turns":4},{"damage":1,"enemies":"Snake Plant","floor":22,"turns":6},{"damage":21,"enemies":"Slavers","floor":23,"turns":4},{"damage":3,"enemies":"Shelled Parasite and Fungi","floor":24,"turns":8},{"damage":26,"enemies":"Gremlin Leader","floor":25,"turns":6},{"damage":0,"enemies":"Book of Stabbing","floor":27,"turns":5},{"damage":2,"enemies":"Snecko","floor":29,"turns":6},{"damage":0,"enemies":"Champ","floor":33,"turns":11},{"damage":4,"enemies":"Orb Walker","floor":35,"turns":5},{"damage":0,"enemies":"3 Shapes","floor":36,"turns":5},{"damage":20,"enemies":"Writhing Mass","floor":38,"turns":10},{"damage":8,"enemies":"Sphere and 2 Shapes","floor":39,"turns":6},{"damage":23,"enemies":"Nemesis","floor":40,"turns":7},{"damage":2,"enemies":"Spire Growth","floor":41,"turns":6},{"damage":10,"enemies":"Reptomancer","floor":42,"turns":4},{"damage":0,"enemies":"Giant Head","floor":47,"turns":10},{"damage":0,"enemies":"Transient","floor":48,"turns":5},{"damage":33,"enemies":"Time Eater","floor":50,"turns":12},{"damage":12,"enemies":"Shield and Spear","floor":54,"turns":6},{"damage":14,"enemies":"The Heart","floor":55,"turns":10}],"seed_played":"-5354797524774198646","potions_obtained":[{"floor":2,"key":"Energy Potion"},{"floor":6,"key":"AttackPotion"},{"floor":7,"key":"Ancient Potion"},{"floor":10,"key":"Explosive Potion"},{"floor":16,"key":"SkillPotion"},{"floor":21,"key":"EssenceOfDarkness"},{"floor":24,"key":"PowerPotion"},{"floor":29,"key":"SteroidPotion"},{"floor":38,"key":"Fruit Juice"},{"floor":41,"key":"FearPotion"},{"floor":42,"key":"Fire Potion"},{"floor":47,"key":"Regen Potion"}],"is_trial":false,"path_per_floor":["M","M","M","?","M","E","M","E","T","E","R","$","M","M","R","B",null,"M","$","$","M","M","E","M","E","T","E","R","M","R","?","R","B",null,"M","M","$","M","M","E","M","E","T","R","?","R","E","M","R","B",null,"R","$","E","B",null],"character_chosen":"DEFECT","items_purchased":["Shuriken","Membership Card","Medical Kit","Echo Form","Prayer Wheel","Glacier","Loop","TheAbacus"],"campfire_rested":0,"item_purchase_floors":[12,19,37,37,37,37,53,53],"current_hp_per_floor":[75,75,75,75,75,73,68,75,75,75,75,75,75,75,75,75,75,75,75,75,74,75,54,65,46,46,60,60,72,72,72,72,75,75,75,75,75,85,85,83,85,85,85,85,75,75,85,85,85,60,85,85,85,85,75],"gold":97,"neow_bonus":"BOSS_RELIC","is_daily":false,"chose_seed":false,"campfire_upgraded":8,"win_rate":0.0,"timestamp":1614210503,"path_taken":["M","?","M","?","?","E","M","E","T","E","R","?","M","M","R","BOSS","M","?","$","M","M","E","M","E","T","E","R","M","R","?","R","BOSS","M","M","$","M","M","E","M","E","T","R","?","R","E","M","R","BOSS","R","$","E","BOSS"],"items_purchased_type":["Relic","Relic","Relic","Card","Relic","Card","Card","Relic"],"build_version":"2020-12-18","purchased_purges":0,"victory":true,"max_hp_per_floor":[75,75,75,75,75,75,75,75,75,75,75,75,75,75,75,75,75,75,75,75,75,75,75,75,75,75,75,75,75,75,75,75,75,75,75,75,75,85,85,85,85,85,85,85,85,85,85,85,85,85,85,85,85,85,85],"card_choices":[{"not_picked":["Beam Cell","Darkness"],"picked":"Ball Lightning","floor":1},{"not_picked":["Sweeping Beam","Rip and Tear","Beam Cell"],"picked":"SKIP","floor":2},{"not_picked":["Static Discharge","Gash"],"picked":"Coolheaded","floor":3},{"not_picked":["Heatsinks","Go for the Eyes"],"picked":"Defragment","floor":5},{"not_picked":["Fusion","Rebound","Leap"],"picked":"SKIP","floor":6},{"not_picked":["Storm","Skim"],"picked":"Self Repair","floor":7},{"not_picked":["Steam","Static Discharge"],"picked":"Amplify","floor":8},{"not_picked":["Redo","BootSequence","White Noise"],"picked":"SKIP","floor":10},{"not_picked":["Steam","Reprogram"],"picked":"Heatsinks","floor":13},{"not_picked":["Reinforced Body","Compile Driver"],"picked":"Barrage","floor":14},{"not_picked":["Meteor Strike","Electrodynamics"],"picked":"Fission","floor":16},{"not_picked":["Compile Driver","Streamline"],"picked":"Cold Snap+1","floor":18},{"not_picked":["BootSequence","Rebound"],"picked":"Aggregate","floor":21},{"not_picked":["BootSequence","Redo+1"],"picked":"Hologram+1","floor":22},{"not_picked":["Self Repair+1","Undo+1"],"picked":"Conserve Battery+1","floor":23},{"not_picked":["Auto Shields","BootSequence"],"picked":"Turbo","floor":24},{"not_picked":["Blizzard+1","Thunder Strike","Sunder"],"picked":"SKIP","floor":25},{"not_picked":["Redo+1","Cold Snap+1","Hologram"],"picked":"SKIP","floor":27},{"not_picked":["Leap+1","Reinforced Body+1"],"picked":"Coolheaded","floor":29},{"not_picked":["Creative AI","Machine Learning"],"picked":"Echo Form","floor":33},{"not_picked":["Steam+1","Leap+1","Rebound"],"picked":"SKIP","floor":35},{"not_picked":["Reprogram+1","Auto Shields+1","Stack"],"picked":"SKIP","floor":36},{"not_picked":["Sunder+1","Thunder Strike"],"picked":"FTL","floor":38},{"not_picked":["Hologram","Coolheaded","Cold Snap+1"],"picked":"SKIP","floor":38},{"not_picked":["Glacier+1","Steam+1"],"picked":"Gash","floor":39},{"not_picked":["Force Field+1","Skim","Genetic Algorithm+1"],"picked":"SKIP","floor":39},{"not_picked":["Turbo+1","Rebound+1","Compile Driver+1"],"picked":"SKIP","floor":40},{"not_picked":["Coolheaded+1","Redo"],"picked":"Go for the Eyes+1","floor":41},{"not_picked":["Blizzard+1","Cold Snap+1"],"picked":"Loop+1","floor":41},{"not_picked":["Barrage+1","Rainbow"],"picked":"Conserve Battery+1","floor":42},{"not_picked":["Metamorphosis","Magnetism"],"picked":"Panacea","floor":45},{"not_picked":["Metamorphosis","Forethought"],"picked":"Bandage Up","floor":45},{"not_picked":["Rebound+1","Go for the Eyes","Consume"],"picked":"SKIP","floor":47},{"not_picked":["Conserve Battery","Heatsinks+1","Chill"],"picked":"SKIP","floor":48},{"not_picked":["Go for the Eyes+1","Compile Driver+1","Hologram"],"picked":"SKIP","floor":48},{"not_picked":["Auto Shields","Fusion"],"picked":"Darkness","floor":54}],"player_experience":2523334,"relics_obtained":[{"floor":6,"key":"Bottled Lightning"},{"floor":8,"key":"Kunai"},{"floor":9,"key":"Centennial Puzzle"},{"floor":10,"key":"Juzu Bracelet"},{"floor":23,"key":"Meat on the Bone"},{"floor":25,"key":"Bronze Scales"},{"floor":27,"key":"Sundial"},{"floor":40,"key":"Pen Nib"},{"floor":42,"key":"Anchor"},{"floor":43,"key":"MealTicket"},{"floor":47,"key":"War Paint"},{"floor":54,"key":"HornCleat"}],"event_choices":[{"cards_removed":["Chill"],"damage_healed":0,"gold_gain":0,"player_choice":"Offered Uncommon","damage_taken":0,"max_hp_gain":0,"max_hp_loss":0,"event_name":"Bonfire Elementals","floor":4,"gold_loss":0},{"damage_healed":0,"gold_gain":0,"cards_transformed":["Zap"],"player_choice":"Transformed","damage_taken":0,"max_hp_gain":0,"max_hp_loss":0,"event_name":"Transmorgrifier","floor":31,"gold_loss":0,"cards_obtained":["Loop"]},{"damage_healed":0,"gold_gain":0,"player_choice":"Memory 3","damage_taken":10,"max_hp_gain":0,"max_hp_loss":0,"event_name":"SensoryStone","floor":45,"gold_loss":0}],"is_beta":true,"boss_relics":[{"not_picked":["Runic Dome","Tiny House"],"picked":"Runic Pyramid"},{"not_picked":["Sozu","Pandora\u0027s Box"],"picked":"SacredBark"}],"items_purged_floors":[],"is_endless":false,"potions_floor_spawned":[2,6,7,10,16,21,24,29,33,38,41,42,47],"ascension_level":1}}