{"host":"flm17o2q7bfjyna6","time":1614198980,"event":{"mods":["2.2 Compatiblity","Act Like it!","BaseMod","Better Altar","Better Match","Better Note","Better Sensory Stone","Better Skull","Better Third Choice","Better Vampires","Colored Map","Colored Powertips","DeckTracker","Downfall","Fox Events","Minty Spire (QoL Compilation)","Quick Restart","Reworked Bosses","Spicy Shops","StSLib","TheSwordswoman","Wandering Minibosses"],"gold_per_floor":[99,99,99,99,99,125,161,173,170,213,225,37,62,90,122,237,249,261,289,316,328,328,328],"floor_reached":21,"language":"ENG","playtime":587,"items_purged":[],"score":242,"play_id":"122e9bf5-7334-4db4-a97b-f40481fa92b3","local_time":"20210224153620","is_ascension_mode":true,"campfire_choices":[{"floor":1,"key":"RECALL"},{"data":"bronze:Separator","floor":12,"key":"SMITH"},{"data":"bronze:Verify","floor":18,"key":"SMITH"}],"circlet_count":0,"master_deck":["bronze:Strike","bronze:Strike","bronze:Strike","bronze:Strike","bronze:Defend","bronze:Defend","bronze:Defend","bronze:Defend","bronze:Replicate","bronze:Goto","bronze:Flail","bronze:Optimize","bronze:DelayedSlice","bronze:Overheat","bronze:Separator+1","bronze:Return","bronze:InfiniteBeams","bronze:CloningBeam","bronze:Constructor","bronze:Verify+1","bronze:Shield","bronze:FollowUp"],"relics":["bronze:PlatinumCore","downfall:HeartsMalice","Smiling Mask","MawBank","Art of War","bronze:ProtectiveGoggles","downfall:HeartBlessingRed","downfall:HeartBlessingGreen"],"acts_visited":["Exordium","TheCity"],"potions_floor_usage":[16,21],"damage_taken":[{"damage":0,"enemies":"2 Louse","floor":2,"turns":1},{"damage":0,"enemies":"Jaw Worm","floor":3,"turns":1},{"damage":0,"enemies":"Gremlin Nob","floor":6,"turns":1},{"damage":0,"enemies":"downfall:FleeingMerchant","floor":9,"turns":4},{"damage":15,"enemies":"3 Sentries","floor":10,"turns":4},{"damage":0,"enemies":"Cultist","floor":11,"turns":1},{"damage":0,"enemies":"3 Louse","floor":13,"turns":3},{"damage":7,"enemies":"Blue Slaver","floor":14,"turns":2},{"damage":16,"enemies":"Lots of Slimes","floor":15,"turns":2},{"damage":13,"enemies":"WA_ARCHETYPE_RETAIN","floor":16,"turns":4},{"damage":34,"enemies":"downfall:LooterAlt2","floor":19,"turns":4},{"damage":32,"enemies":"Shell Parasite","floor":20,"turns":5},{"damage":12,"enemies":"Shell Parasite","floor":21,"turns":3}],"seed_played":"-2771192140133063261","potions_obtained":[{"floor":6,"key":"PowerPotion"},{"floor":13,"key":"Strength Potion"},{"floor":14,"key":"BlessingOfTheForge"},{"floor":16,"key":"FearPotion"},{"floor":20,"key":"bronze:FreeFunctionsPotion"}],"is_trial":false,"path_per_floor":["R","M","M","?","?","E","T","?","$","E","M","R","M","M","M","B",null,"R","M","M","?"],"character_chosen":"THE_AUTOMATON","items_purchased":[],"campfire_rested":0,"item_purchase_floors":[],"current_hp_per_floor":[70,70,70,67,67,67,67,72,72,57,57,57,57,50,34,21,75,75,41,9,0,0,0],"gold":328,"neow_bonus":"THREE_ENEMY_KILL","is_daily":false,"chose_seed":false,"campfire_upgraded":2,"win_rate":0.0,"timestamp":1614198980,"path_taken":["R","M","M","?","?","E","T","?","$","E","M","R","M","?","M","BOSS","R","M","M","?"],"items_purchased_type":[],"build_version":"2020-12-22","purchased_purges":0,"victory":false,"max_hp_per_floor":[70,70,70,70,70,70,70,75,75,75,75,75,75,75,75,75,75,75,75,75,75,75,75],"card_choices":[{"not_picked":["bronze:Fortify","bronze:Philosophize"],"picked":"bronze:Flail","floor":2},{"not_picked":["bronze:Branch","bronze:GetLatest"],"picked":"bronze:Optimize","floor":3},{"not_picked":["bronze:Turbo","bronze:Allocate"],"picked":"bronze:DelayedSlice","floor":6},{"not_picked":["bronze:BugBarrage","bronze:Fortify"],"picked":"bronze:Overheat","floor":9},{"not_picked":["bronze:WildBeam","bronze:CutThrough"],"picked":"bronze:Separator","floor":10},{"not_picked":["bronze:DarkDash","bronze:GetLatest"],"picked":"bronze:Return","floor":11},{"not_picked":["bronze:CloningBeam","bronze:ItsAFeature"],"picked":"bronze:InfiniteBeams","floor":13},{"not_picked":["bronze:DigitalCarnage","bronze:ShipIt"],"picked":"bronze:CloningBeam","floor":14},{"not_picked":["bronze:BuggyMess","bronze:ForLoop"],"picked":"bronze:Constructor","floor":15},{"not_picked":["bronze:Assembly","bronze:Library"],"picked":"bronze:Verify","floor":16},{"not_picked":["bronze:BitShift","bronze:Refactor"],"picked":"bronze:Shield","floor":19},{"not_picked":["bronze:FineTuning+1","bronze:Deprecate"],"picked":"bronze:FollowUp","floor":20}],"player_experience":2002131,"relics_obtained":[{"floor":6,"key":"MawBank"},{"floor":7,"key":"Art of War"},{"floor":10,"key":"bronze:ProtectiveGoggles"}],"event_choices":[{"damage_healed":0,"gold_gain":0,"player_choice":"Relic ","damage_taken":3,"max_hp_gain":0,"max_hp_loss":0,"event_name":"betterThird:BetterScrap","floor":4,"gold_loss":0,"cards_obtained":["Skim"]},{"damage_healed":0,"gold_gain":0,"player_choice":"Donut","damage_taken":0,"max_hp_gain":5,"max_hp_loss":0,"event_name":"Big Fish","floor":8,"gold_loss":0}],"is_beta":false,"boss_relics":[{"not_picked":["Velvet Choker","Fusion Hammer"],"picked":"bronze:PlatinumCore"}],"items_purged_floors":[],"is_endless":false,"potions_floor_spawned":[6,13,14,16,19,20],"killed_by":"Shell Parasite","ascension_level":3}}