{"host":"2d926qfvvz477zl6","time":1614190847,"event":{"mods":["Aspiration","BaseMod","Challenge The Spire","Colorless Booster Pack","Conspire","Defective Defect","Downfall","GifTheSpireLib","Googly Eyes","GungeonMod","Halation","Hermit","Hero for Fun","Hubris","Infinite Spire","Minty Spire (QoL Compilation)","Morshu Shopkeeper","Permanent Neow","Pikachu Mod","Poor People Problems","Quick Restart","Rare Cards Sparkle","Reliquary","Replay The Spire","Shedinja","Shop Mod","Somnambulant","Spicy Shops","StS++","StSLib","Stuff the Spire","Td1madao Mod","The Awakened One except there are too many feathers","The Blue Laboratory","The Bug Knight","The Construct","The Cursed","The Disciple","The Edgeheg","The Forsaken","The Hierophant","The Servant 0.9.4","TheFirefly","Uncapped","Useless Jewels Mod","Wandering Minibosses","Wide Potions","[JumpMod]????","egg","everything is the same but u backflip on backflip","slay the spire mod where everything is the same but ironclad has a cowboy hat","thorton"],"gold_per_floor":[21,32,59,59,59,90,90,104,104,7,40,40,40,58,58,184,184,205,205,225,225,246,246,277,291,291,291,291,315,339,357,357,486,486,499,499,499,518,543,582,597,624,678,711,711,731,772,793,793,793,793,793,23,67,67],"floor_reached":56,"language":"ENG","playtime":766,"items_purged":[],"score":1919,"play_id":"ce1c1e15-142c-413b-9dd4-3b76b568e339","local_time":"20210224132046","is_ascension_mode":false,"campfire_choices":[{"data":"Consecutive_Normal_Punch","floor":7,"key":"SMITH"},{"data":"Ignore","floor":12,"key":"SMITH"},{"data":"Hip_Strike","floor":15,"key":"SMITH"},{"data":"Wear_Disguise","floor":23,"key":"SMITH"},{"data":"Slap","floor":28,"key":"SMITH"},{"floor":32,"key":"RECALL"},{"data":"Serious_Punch","floor":45,"key":"SMITH"},{"data":"Slap","floor":49,"key":"SMITH"},{"data":"Consecutive_Normal_Punch","floor":52,"key":"SMITH"}],"circlet_count":0,"master_deck":["conspire:GhostlyStrike","conspire:GhostlyStrike","conspire:GhostlyStrike","conspire:GhostlyStrike","conspire:GhostlyStrike","conspire:GhostlyDefend","conspire:GhostlyDefend","conspire:GhostlyDefend","conspire:GhostlyDefend","conspire:GhostlyDefend","Ignore+1","Toss_Stone","Consecutive_Normal_Punch+1","Hop+1","Yawn+1","Yawn+1","Slap+1","Hip_Strike+1","Wear_Disguise+1","Serious_Side_Hops+1","Slap","Hop+1","Side_Hop+1","Get_Hopes_Up+1","Normal_Punch+1","Slap","Slap","Toss_Stone+1","Serious_Punch+1","Consecutive_Normal_Punch+1","Slap","Consecutive_Normal_Punch","Yawn+1","Do_Nothing+1","Consecutive_Normal_Punch+1","Do_Nothing+1","Slap+1","Consecutive_Normal_Punch+1","hubris:Lust","Injury","Hip_Strike","Wear_Disguise","Ignore+1","Hop+1","Hop+1","Consecutive_Normal_Punch+1"],"relics":["Cape","HowToJump","DemoMod:GlassGuonStoneRelic","DemoMod:MonsterBlood","StuffTheSpire:RedRose","Toxic Egg 2","halation:KoshaPiece","Golden Idol","ReplayTheSpireMod:DimensionalGlitch","halation:WeightlessCrab","Orichalcum","conspire:SeveredTorchhead","hubris:Towel","StuffTheSpire:OldFever","Smiling Mask","Bag of Marbles","MealTicket","Blue Doll","ReplayTheSpireMod:CursedCoin","OrangePellets","Happy Flower","HollowMod:PaleOreRelic","Pen Nib","White Beast Statue","Pet Ghost"],"acts_visited":["Exordium","TheCity","TheBeyond","TheEnding"],"potions_floor_usage":[50],"damage_taken":[{"damage":0,"enemies":"Cultist","floor":1,"turns":1},{"damage":0,"enemies":"Small Slimes","floor":2,"turns":1},{"damage":0,"enemies":"conspire:MimicChest","floor":3,"turns":1},{"damage":0,"enemies":"3 Sentries","floor":6,"turns":2},{"damage":0,"enemies":"Jaw Worm","floor":8,"turns":1},{"damage":0,"enemies":"Gremlin Nob","floor":11,"turns":1},{"damage":0,"enemies":"3 Louse","floor":14,"turns":1},{"damage":0,"enemies":"Slime Boss","floor":16,"turns":1},{"damage":0,"enemies":"conspire:FuzzyDice","floor":18,"turns":2},{"damage":0,"enemies":"3 Byrds","floor":20,"turns":1},{"damage":0,"enemies":"Cultist and Chosen","floor":22,"turns":1},{"damage":0,"enemies":"conspire:SneckoGhost","floor":24,"turns":1},{"damage":0,"enemies":"3 Cultists","floor":25,"turns":2},{"damage":0,"enemies":"conspire:HollyBat","floor":29,"turns":7},{"damage":0,"enemies":"Sentry and Sphere","floor":30,"turns":1},{"damage":0,"enemies":"Shelled Parasite and Fungi","floor":31,"turns":1},{"damage":0,"enemies":"Champ","floor":33,"turns":1},{"damage":0,"enemies":"3 Darklings","floor":35,"turns":1},{"damage":0,"enemies":"3 Shapes","floor":38,"turns":2},{"damage":0,"enemies":"Transient","floor":39,"turns":1},{"damage":0,"enemies":"Nemesis","floor":40,"turns":1},{"damage":0,"enemies":"Writhing Mass","floor":41,"turns":1},{"damage":0,"enemies":"Nightmare","floor":44,"turns":1},{"damage":0,"enemies":"Spire Growth","floor":46,"turns":1},{"damage":0,"enemies":"Nemesis","floor":47,"turns":1},{"damage":0,"enemies":"3 Darklings","floor":48,"turns":1},{"damage":0,"enemies":"Awakened One","floor":50,"turns":2},{"damage":0,"enemies":"Shield and Spear","floor":54,"turns":1},{"damage":0,"enemies":"The Heart","floor":55,"turns":3}],"seed_played":"-7527479386567728954","potions_obtained":[{"floor":1,"key":"PowerPotion"},{"floor":3,"key":"Explosive Potion"},{"floor":8,"key":"DistilledChaos"},{"floor":54,"key":"Strength Potion"}],"is_trial":false,"path_per_floor":["M","M","?","?","?","E","R","M","T","$","E","R","?","M","R","B",null,"M","AVR","M","?","M","R","E","M","T","?","R","M","M","M","R","B",null,"M","?","?","M","M","E","M","T","T","NM","R","M","E","M","R","B",null,"R","$","E","B",null],"character_chosen":"OPM","items_purchased":["Yawn+1","Slap","ReplayTheSpireMod:CursedCoin","OrangePellets","Happy Flower","HollowMod:PaleOreRelic","Pen Nib","White Beast Statue","Hip_Strike","Wear_Disguise","Ignore+1","Hop+1"],"campfire_rested":0,"item_purchase_floors":[10,10,53,53,53,53,53,53,53,53,53,53],"current_hp_per_floor":[1098,1098,1105,1105,1105,1105,1105,1105,1105,1105,1105,1105,1105,1105,1105,1105,1105,1105,1105,1105,1105,1105,1105,1105,1105,1105,1105,1105,1105,1105,1105,1105,1105,1105,1105,1105,1105,1105,1105,1105,1105,1105,1105,1105,1105,1105,1105,1105,1105,1105,1105,1105,1105,1105,1105],"gold":67,"neow_bonus":"TEN_PERCENT_HP_BONUS","is_daily":false,"chose_seed":false,"campfire_upgraded":8,"win_rate":0.0,"timestamp":1614190846,"path_taken":["M","?","?","?","?","E","R","M","T","$","E","R","?","M","R","BOSS","M","AVR","M","?","M","R","E","?","T","?","R","M","?","M","R","BOSS","M","?","?","M","M","E","?","?","T","NM","R","M","E","M","R","BOSS","R","$","E","BOSS"],"items_purchased_type":["Card","Card","Relic","Relic","Relic","Relic","Relic","Relic","Card","Card","Card","Card"],"build_version":"2020-12-22","purchased_purges":0,"victory":true,"max_hp_per_floor":[1098,1098,1105,1105,1105,1105,1105,1105,1105,1105,1105,1105,1105,1105,1105,1105,1105,1105,1105,1105,1105,1105,1105,1105,1105,1105,1105,1105,1105,1105,1105,1105,1105,1105,1105,1105,1105,1105,1105,1105,1105,1105,1105,1105,1105,1105,1105,1105,1105,1105,1105,1105,1105,1105,1105],"card_choices":[{"not_picked":["Normal_Punch","Do_Nothing"],"picked":"Ignore","floor":1},{"not_picked":["Hop","Yawn"],"picked":"Toss_Stone","floor":2},{"not_picked":["Wear_Disguise","Hop"],"picked":"Consecutive_Normal_Punch","floor":3},{"not_picked":["Side_Hop+1","Ignore+1"],"picked":"Hop+1","floor":6},{"not_picked":["Consecutive_Normal_Punch","Toss_Stone"],"picked":"Yawn+1","floor":8},{"not_picked":["Normal_Punch","Slap"],"picked":"Hip_Strike","floor":11},{"not_picked":["Normal_Punch","Ignore+1"],"picked":"Wear_Disguise","floor":14},{"not_picked":["Get_Hopes_Up+1","Serious_Punch"],"picked":"Serious_Side_Hops+1","floor":16},{"not_picked":["Ignore+1","Side_Hop+1"],"picked":"Slap","floor":18},{"not_picked":["Yawn+1","Ignore+1"],"picked":"Hop+1","floor":20},{"not_picked":["Yawn+1","Ignore+1"],"picked":"Side_Hop+1","floor":22},{"not_picked":["Do_Nothing+1","Hop+1"],"picked":"Get_Hopes_Up+1","floor":24},{"not_picked":["Ignore+1","Hop+1"],"picked":"Normal_Punch+1","floor":25},{"not_picked":["Consecutive_Normal_Punch","Side_Hop+1"],"picked":"Slap","floor":29},{"not_picked":["Consecutive_Normal_Punch","Hop+1"],"picked":"Slap","floor":30},{"not_picked":["Normal_Punch","Wear_Disguise+1"],"picked":"Toss_Stone+1","floor":31},{"not_picked":["Oh","Get_Hopes_Up+1"],"picked":"Serious_Punch","floor":33},{"not_picked":["Yawn+1","Side_Hop+1"],"picked":"Consecutive_Normal_Punch+1","floor":35},{"not_picked":["Hop+1","Yawn+1"],"picked":"Slap","floor":38},{"not_picked":["Side_Hop+1","Hop+1"],"picked":"Consecutive_Normal_Punch","floor":39},{"not_picked":["Hop+1","Serious_Side_Hops+1"],"picked":"Yawn+1","floor":40},{"not_picked":["Hop+1","Yawn+1"],"picked":"Do_Nothing+1","floor":41},{"not_picked":["Toss_Stone+1","Slap"],"picked":"Consecutive_Normal_Punch","floor":44},{"not_picked":["Hop+1","Ignore+1"],"picked":"Do_Nothing+1","floor":46},{"not_picked":["Hop+1","Side_Hop+1"],"picked":"Slap","floor":47},{"not_picked":["Ignore+1","Side_Hop+1"],"picked":"Consecutive_Normal_Punch+1","floor":48},{"not_picked":["Get_Hopes_Up+1","Side_Hop+1"],"picked":"Consecutive_Normal_Punch+1","floor":54}],"player_experience":560726,"relics_obtained":[{"floor":3,"key":"DemoMod:MonsterBlood"},{"floor":6,"key":"Toxic Egg 2"},{"floor":11,"key":"halation:KoshaPiece"},{"floor":24,"key":"halation:WeightlessCrab"},{"floor":26,"key":"Orichalcum"},{"floor":40,"key":"StuffTheSpire:OldFever"},{"floor":42,"key":"Smiling Mask"},{"floor":43,"key":"Bag of Marbles"},{"floor":44,"key":"MealTicket"},{"floor":47,"key":"Blue Doll"},{"floor":54,"key":"Pet Ghost"}],"event_choices":[{"damage_healed":0,"gold_gain":0,"player_choice":"Agree","damage_taken":0,"max_hp_gain":0,"max_hp_loss":0,"event_name":"conspire:LoneGhost","floor":5,"gold_loss":0},{"damage_healed":0,"gold_gain":0,"player_choice":"Take Damage","damage_taken":276,"relics_obtained":["Golden Idol"],"max_hp_gain":0,"max_hp_loss":0,"event_name":"Golden Idol","floor":13,"gold_loss":0},{"cards_removed":["Regret"],"damage_healed":0,"gold_gain":0,"player_choice":"Purged","damage_taken":0,"max_hp_gain":0,"max_hp_loss":0,"event_name":"Purifier","floor":21,"gold_loss":0},{"damage_healed":0,"gold_gain":0,"player_choice":"Ignored","damage_taken":0,"max_hp_gain":0,"max_hp_loss":0,"event_name":"NoteForYourself","floor":27,"gold_loss":0},{"damage_healed":0,"gold_gain":0,"player_choice":"Got Potions","damage_taken":0,"max_hp_gain":0,"max_hp_loss":0,"event_name":"Lab","floor":37,"gold_loss":0}],"is_beta":false,"boss_relics":[{"not_picked":["theForsaken:PaleLantern","reliquary:KinkedSpring"],"picked":"ReplayTheSpireMod:DimensionalGlitch"},{"not_picked":["aspiration:RunicSpoon","reliquary:WritOfMandamus"],"picked":"conspire:SeveredTorchhead"}],"items_purged_floors":[],"is_endless":false,"potions_floor_spawned":[1,3,8,18,20,25,35,38,40,54],"ascension_level":0}}