{"host":"fnk117zi8wf5078t","time":1614180179,"event":{"mods":["AchievementEnabler","BaseMod","Colored Map","Minty Spire (QoL Compilation)","Rare Cards Sparkle","SuperFastMode","everything is the same but u backflip on backflip"],"gold_per_floor":[119,93,93,108,108,139,139,158,182,193,368,318,318,343,343,446,446,458,408,428,428,428],"floor_reached":21,"language":"KOR","playtime":902,"items_purged":["Strike_B"],"score":339,"play_id":"5fbbd558-b731-4896-a447-36192796d68b","local_time":"20210225002259","is_ascension_mode":true,"campfire_choices":[{"data":"Blizzard","floor":7.0,"key":"SMITH"},{"data":"Coolheaded","floor":13.0,"key":"SMITH"},{"data":"Self Repair","floor":15,"key":"SMITH"}],"circlet_count":0,"master_deck":["AscendersBane","Strike_B","Strike_B","Defend_B","Defend_B","Defend_B","Defend_B","Zap","Dualcast","Blizzard+1","Coolheaded+1","Self Repair+1","Meteor Strike","Core Surge","Echo Form"],"relics":["Cracked Core","NeowsBlessing","DataDisk","Smiling Mask","FossilizedHelix","Runic Dome"],"acts_visited":["Exordium","TheCity"],"potions_floor_usage":[14,21,21],"damage_taken":[{"damage":0.0,"enemies":"Jaw Worm","floor":1.0,"turns":1.0},{"damage":0.0,"enemies":"Cultist","floor":4.0,"turns":1.0},{"damage":0.0,"enemies":"Gremlin Nob","floor":6.0,"turns":1.0},{"damage":10.0,"enemies":"Small Slimes","floor":8.0,"turns":3.0},{"damage":8.0,"enemies":"2 Fungi Beasts","floor":10.0,"turns":4.0},{"damage":25,"enemies":"Lagavulin","floor":14,"turns":7},{"damage":40,"enemies":"The Guardian","floor":16,"turns":15},{"damage":31,"enemies":"3 Byrds","floor":18,"turns":6},{"damage":22,"enemies":"Shell Parasite","floor":20,"turns":8},{"damage":30,"enemies":"Centurion and Healer","floor":21,"turns":4}],"seed_played":"-2839708217857201910","potions_obtained":[{"floor":10.0,"key":"Fire Potion"},{"floor":14,"key":"Energy Potion"},{"floor":16,"key":"AttackPotion"},{"floor":20,"key":"Fire Potion"}],"is_trial":false,"path_per_floor":["M","$","?","M","$","E","R","M","T","M","?","?","R","E","R","B",null,"M","$","M","M"],"character_chosen":"DEFECT","items_purchased":["Coolheaded"],"campfire_rested":0,"item_purchase_floors":[2],"current_hp_per_floor":[68,68,68,68,68,75,75,72,72,71,71,71,71,53,53,23,62,41,41,29,0,0],"gold":428,"neow_bonus":"THREE_ENEMY_KILL","is_daily":false,"chose_seed":false,"campfire_upgraded":3,"win_rate":0.0,"timestamp":1614180179,"path_taken":["M","$","?","M","$","E","R","?","T","M","?","?","R","E","R","BOSS","M","$","M","M"],"items_purchased_type":["Card"],"build_version":"2020-12-22","purchased_purges":1,"victory":false,"max_hp_per_floor":[75,75,75,75,75,75,75,75,75,75,75,75,75,75,75,75,75,75,75,75,75,75],"card_choices":[{"not_picked":["Conserve Battery","Redo"],"picked":"Blizzard","floor":1.0},{"not_picked":["Go for the Eyes","Coolheaded"],"picked":"Self Repair","floor":4.0},{"not_picked":["Auto Shields","Stack"],"picked":"Meteor Strike","floor":6.0},{"not_picked":["Conserve Battery","Undo","Steam"],"picked":"SKIP","floor":8.0},{"not_picked":["Go for the Eyes","Cold Snap","Auto Shields"],"picked":"SKIP","floor":10.0},{"not_picked":["Skim","FTL"],"picked":"Core Surge","floor":14},{"not_picked":["All For One","Buffer"],"picked":"Echo Form","floor":16},{"not_picked":["Stack","Rebound","Ball Lightning"],"picked":"SKIP","floor":18},{"not_picked":["Self Repair","Undo","Barrage"],"picked":"SKIP","floor":20}],"player_experience":435456,"relics_obtained":[{"floor":6.0,"key":"DataDisk"},{"floor":9.0,"key":"Smiling Mask"},{"floor":14,"key":"FossilizedHelix"}],"event_choices":[{"cards_removed":["Strike_B"],"damage_healed":0.0,"max_hp_gain":0.0,"max_hp_loss":0.0,"gold_gain":0.0,"event_name":"Purifier","player_choice":"Purged","floor":3.0,"gold_loss":0.0,"damage_taken":0.0},{"damage_healed":0.0,"max_hp_gain":0.0,"max_hp_loss":0.0,"gold_gain":175.0,"event_name":"Liars Game","player_choice":"AGREE","floor":11.0,"gold_loss":0.0,"damage_taken":0.0,"cards_obtained":["Doubt"]},{"cards_removed":["Doubt"],"damage_healed":0.0,"max_hp_gain":0.0,"max_hp_loss":0.0,"gold_gain":0.0,"event_name":"The Cleric","player_choice":"Card Removal","floor":12.0,"gold_loss":50.0,"damage_taken":0.0}],"is_beta":false,"boss_relics":[{"not_picked":["Runic Pyramid","Busted Crown"],"picked":"Runic Dome"}],"items_purged_floors":[19],"is_endless":false,"potions_floor_spawned":[10,14,16,20],"killed_by":"Centurion and Healer","ascension_level":12}}