{"host":"cyiefo55v5hz1ih5","time":1614132465,"event":{"mods":["2.2 Compatiblity","AchievementEnabler","BaseMod","Downfall","GifTheSpireLib","Hubris","Minty Spire (QoL Compilation)","Reliquary","Replay The Spire","Spicy Shops","StSLib"],"gold_per_floor":[117,117,117,42,57,85,85,104,149,149,163,13,26,40,40,136,136,151,151,170,190,271,301,313,313,313,188,207,225,225,273,273,378,378,396,71,0,12,12,12,41,53,53,148,173,193,218,230,230,230,230,230,2,30,30],"floor_reached":56,"language":"ENG","playtime":5341,"items_purged":["Strike_R","Pain","Strike_R","Strike_R+1","Defend_R"],"score":1559,"play_id":"425cf11e-01b0-4108-822d-e643d8680efc","local_time":"20210223210745","is_ascension_mode":false,"campfire_choices":[{"floor":7,"key":"RECALL"},{"data":"Inflame","floor":15,"key":"SMITH"},{"data":"Replay:Many Hands","floor":25,"key":"SMITH"},{"data":"Ghostly","floor":32,"key":"SMITH"},{"data":"Metallicize","floor":40,"key":"SMITH"},{"data":"Feel No Pain","floor":49,"key":"SMITH"},{"data":"ReplayTheSpireMod:Muscle Training","floor":52,"key":"SMITH"}],"circlet_count":0,"master_deck":["Defend_R","Defend_R","Defend_R","Bash+1","Metallicize+1","Inflame+1","ReplayTheSpireMod:Stacked","Dropkick","Immolate","AbeCurse","Flame Barrier","Replay:Many Hands+1","Feel No Pain+1","Ghostly+1","Ghostly","Ghostly","Ghostly","Ghostly","Cleave+1","ReplayTheSpireMod:Muscle Training+1","ReplayTheSpireMod:Stacked+1","True Grit+1","Pride"],"relics":["Burning Blood","NeowsBlessing","Replay:Bottled Flurry","WarpedTongs","Abe\u0027s Treasure","reliquary:IridiumChain","reliquary:TuningFork","reliquary:Sideboard","Nunchaku","Coffee Dripper","Red Mask","hubris:Towel","ReplayTheSpireMod:Shallot","hubris:Potato","HornCleat","Red Skull","hubris:IronBody","Eternal Feather","hubris:CuriousFeather"],"acts_visited":["Exordium","TheCity","TheBeyond","TheEnding"],"potions_floor_usage":[14,23,29,33,48,50,50],"damage_taken":[{"damage":0,"enemies":"2 Louse","floor":1,"turns":1},{"damage":0,"enemies":"Small Slimes","floor":5,"turns":1},{"damage":0,"enemies":"Gremlin Nob","floor":6,"turns":1},{"damage":0,"enemies":"Cultist","floor":8,"turns":3},{"damage":15,"enemies":"Exordium Wildlife","floor":11,"turns":7},{"damage":8,"enemies":"Lots of Slimes","floor":13,"turns":6},{"damage":4,"enemies":"Blue Slaver","floor":14,"turns":4},{"damage":46,"enemies":"Fading Forest","floor":16,"turns":11},{"damage":0,"enemies":"Chosen","floor":18,"turns":4},{"damage":12,"enemies":"2 Thieves","floor":20,"turns":4},{"damage":1,"enemies":"3 Cultists","floor":21,"turns":4},{"damage":18,"enemies":"Book of Stabbing","floor":23,"turns":6},{"damage":11,"enemies":"Centurion and Healer","floor":24,"turns":5},{"damage":0,"enemies":"Snecko","floor":28,"turns":4},{"damage":12,"enemies":"3 Cultists","floor":29,"turns":6},{"damage":24,"enemies":"Pondfish","floor":33,"turns":12},{"damage":0,"enemies":"Orb Walker","floor":35,"turns":4},{"damage":1,"enemies":"3 Shapes","floor":38,"turns":5},{"damage":18,"enemies":"Giant Head","floor":41,"turns":8},{"damage":0,"enemies":"Transient","floor":42,"turns":5},{"damage":0,"enemies":"Nemesis","floor":45,"turns":7},{"damage":0,"enemies":"4 Shapes","floor":46,"turns":6},{"damage":0,"enemies":"Reptomancer","floor":47,"turns":6},{"damage":0,"enemies":"Jaw Worm Horde","floor":48,"turns":5},{"damage":39,"enemies":"hubris:GrandSnecko","floor":50,"turns":9},{"damage":0,"enemies":"Shield and Spear","floor":54,"turns":9},{"damage":18,"enemies":"The Heart","floor":55,"turns":13}],"seed_played":"-9023073245988473841","potions_obtained":[{"floor":6,"key":"SneckoOil"},{"floor":14,"key":"Fruit Juice"},{"floor":16,"key":"ColorlessPotion"},{"floor":23,"key":"Doom Potion"},{"floor":28,"key":"sneckomod:MuddlingPotion"},{"floor":33,"key":"Explosive Potion"},{"floor":35,"key":"GamblersBrew"},{"floor":42,"key":"ColorlessPotion"}],"is_trial":false,"path_per_floor":["M","?","?","$","M","E","R","M","T","?","M","$","M","M","R","B",null,"M","?","M","M","T","E","M","R","T","$","M","M","?","T","R","B",null,"M","$","?","M","?","R","E","M","T","?","E","M","E","M","R","B",null,"R","$","E","B",null],"character_chosen":"IRONCLAD","items_purchased":["ReplayTheSpireMod:Stacked","hubris:IronBody","Eternal Feather"],"campfire_rested":0,"item_purchase_floors":[12,53,53],"current_hp_per_floor":[80,64,64,64,70,76,76,80,80,80,71,71,69,76,76,36,85,85,85,79,84,84,72,67,67,67,67,73,67,42,42,42,24,42,42,42,42,42,42,42,30,36,36,26,32,38,42,42,42,9,42,42,42,42,30],"gold":30,"neow_bonus":"THREE_ENEMY_KILL","is_daily":false,"chose_seed":false,"campfire_upgraded":6,"win_rate":0.0,"timestamp":1614132465,"path_taken":["M","?","?","$","M","E","R","?","T","?","?","$","M","M","R","BOSS","M","?","M","?","?","E","M","R","T","$","M","M","?","?","R","BOSS","M","$","?","M","?","R","E","M","T","?","E","M","E","M","R","BOSS","R","$","E","BOSS"],"items_purchased_type":["Card","Relic","Relic"],"build_version":"2020-12-22","purchased_purges":5,"victory":true,"max_hp_per_floor":[80,80,80,80,80,80,80,80,80,80,80,80,80,85,85,85,85,85,85,85,85,85,85,85,85,85,85,85,85,42,42,42,42,42,42,42,42,42,42,42,42,42,42,42,42,42,42,42,42,42,42,42,42,42,42],"card_choices":[{"not_picked":["ReplayTheSpireMod:Strike From Hell","Iron Wave","Armaments"],"picked":"SKIP","floor":1},{"not_picked":["ReplayTheSpireMod:Limb From Limb","Infernal Blade"],"picked":"Metallicize","floor":5},{"not_picked":["Wild Strike","Blood for Blood","Anger"],"picked":"SKIP","floor":6},{"not_picked":["Disarm","hubris:ReadiedAction","Warcry"],"picked":"SKIP","floor":8},{"not_picked":["Perfected Strike","Wild Strike"],"picked":"Inflame","floor":11},{"not_picked":["Pommel Strike","hubris:CleavingFinish","ReplayTheSpireMod:LeadingStrike"],"picked":"SKIP","floor":13},{"not_picked":["Clothesline","Offering"],"picked":"Dropkick","floor":14},{"not_picked":["Reaper","Impervious"],"picked":"Immolate","floor":16},{"not_picked":["True Grit","Hemokinesis","Thunderclap"],"picked":"SKIP","floor":18},{"not_picked":["Havoc","Run Through"],"picked":"Flame Barrier","floor":20},{"not_picked":["Heavy Blade","Perfected Strike+1","Body Slam+1"],"picked":"SKIP","floor":21},{"not_picked":["Wild Strike","Flex","Clash+1"],"picked":"SKIP","floor":23},{"not_picked":["Headbutt+1","hubris:CleavingFinish"],"picked":"Replay:Many Hands","floor":24},{"not_picked":["Clothesline","Clash"],"picked":"Feel No Pain","floor":28},{"not_picked":["Warcry","Clothesline"],"picked":"Cleave+1","floor":29},{"not_picked":["Armaments","ReplayTheSpireMod:Strike From Hell","ReplayTheSpireMod:Limb From Limb"],"picked":"SKIP","floor":35},{"not_picked":["Twin Strike","Clothesline+1","Havoc+1"],"picked":"SKIP","floor":38},{"not_picked":["Cleave+1","Blood for Blood+1","Clothesline+1"],"picked":"SKIP","floor":41},{"not_picked":["Rage+1","Pommel Strike"],"picked":"ReplayTheSpireMod:Muscle Training","floor":42},{"not_picked":["Sever Soul","Headbutt+1"],"picked":"ReplayTheSpireMod:Stacked+1","floor":44},{"not_picked":["Seeing Red+1","Fiend Fire"],"picked":"Spot Weakness","floor":44},{"not_picked":["Power Through","Sword Boomerang+1","Shrug It Off+1"],"picked":"SKIP","floor":45},{"not_picked":["Power Through","Sword Boomerang+1","Shrug It Off+1"],"picked":"SKIP","floor":45},{"not_picked":["Combust","Offering"],"picked":"True Grit+1","floor":46},{"not_picked":["Intimidate","Pommel Strike","Cleave"],"picked":"SKIP","floor":47},{"not_picked":["Intimidate","Pommel Strike","Cleave"],"picked":"SKIP","floor":47},{"not_picked":["Flex+1","Intimidate+1","Sever Soul+1"],"picked":"SKIP","floor":48},{"not_picked":["Sentinel","Disarm","Armaments+1"],"picked":"SKIP","floor":54}],"player_experience":824991,"relics_obtained":[{"floor":6,"key":"Replay:Bottled Flurry"},{"floor":22,"key":"reliquary:IridiumChain"},{"floor":23,"key":"reliquary:TuningFork"},{"floor":26,"key":"reliquary:Sideboard"},{"floor":31,"key":"Nunchaku"},{"floor":41,"key":"ReplayTheSpireMod:Shallot"},{"floor":43,"key":"hubris:Potato"},{"floor":45,"key":"HornCleat"},{"floor":47,"key":"Red Skull"},{"floor":54,"key":"hubris:CuriousFeather"}],"event_choices":[{"damage_healed":0,"gold_gain":0,"player_choice":"Entered Light","damage_taken":16,"max_hp_gain":0,"max_hp_loss":0,"event_name":"Shining Light","floor":2,"gold_loss":0,"cards_upgraded":["Bash","Strike_R"]},{"cards_removed":["Strike_R"],"damage_healed":0,"gold_gain":0,"player_choice":"Purged","damage_taken":0,"max_hp_gain":0,"max_hp_loss":0,"event_name":"Purifier","floor":3,"gold_loss":0},{"damage_healed":0,"gold_gain":0,"player_choice":"Rummage","damage_taken":0,"relics_obtained":["WarpedTongs"],"max_hp_gain":0,"max_hp_loss":0,"event_name":"Accursed Blacksmith","floor":10,"gold_loss":0,"cards_obtained":["Pain"]},{"cards_removed":["Strike_R"],"damage_healed":0,"gold_gain":0,"player_choice":"Purged","damage_taken":0,"max_hp_gain":0,"max_hp_loss":0,"event_name":"Purifier","floor":19,"gold_loss":0},{"damage_healed":0,"gold_gain":0,"player_choice":"Became a Ghost","damage_taken":0,"max_hp_gain":0,"max_hp_loss":43,"event_name":"Ghosts","floor":30,"gold_loss":0,"cards_obtained":["Ghostly","Ghostly","Ghostly","Ghostly","Ghostly"]},{"damage_healed":0,"gold_gain":0,"player_choice":"Paid","damage_taken":0,"relics_obtained":["Red Mask"],"max_hp_gain":0,"max_hp_loss":0,"event_name":"Tomb of Lord Red Mask","floor":37,"gold_loss":71}],"is_beta":false,"boss_relics":[{"not_picked":["reliquary:Craggleroot","reliquary:RedCape"],"picked":"Abe\u0027s Treasure"},{"not_picked":["hubris:GrandSneckoEye","hubris:TerracottaHorce"],"picked":"Coffee Dripper"}],"items_purged_floors":[4,12,27,36,36],"is_endless":false,"potions_floor_spawned":[6,14,16,23,24,28,33,35,42,45,47],"ascension_level":0}}