{"host":"pu1pmxeu7vyxsds8","time":1614197375,"event":{"mods":["Act Like it!","BaseMod","Block Reminder","Minty Spire (QoL Compilation)","Permanent Neow","Quick Restart","Relic Stats"],"gold_per_floor":[113,113,126,25,40,71,71,105,105,105,116,130,148,168,168,267,267,283,283,299,314,413,444,544,578,578,44,78,78,105,122,122,217,217,237,256,82,102,102,136,155,181,257,285,302,335,335,348,348,348],"floor_reached":51,"language":"SPA","playtime":8215,"items_purged":["Strike_G","Strike_G"],"score":1153,"play_id":"d94304b4-20ba-4d86-b0af-5e52c9ebf30a","local_time":"20210224170935","is_ascension_mode":true,"campfire_choices":[{"data":"Adrenaline","floor":7.0,"key":"SMITH"},{"floor":10.0,"key":"REST"},{"data":"Well Laid Plans","floor":15.0,"key":"SMITH"},{"floor":29.0,"key":"REST"},{"floor":32.0,"key":"REST"},{"floor":47,"key":"REST"},{"floor":49,"key":"REST"}],"circlet_count":0,"master_deck":["Strike_G","Strike_G","Strike_G","Defend_G","Defend_G","Defend_G","Defend_G","Defend_G+1","Survivor","Neutralize","Adrenaline+1","Finisher","Malaise","Prepared","Well Laid Plans+1","Dagger Throw","Well Laid Plans","Endless Agony","Footwork","Deflect","Footwork","Blade Dance","Blade Dance","Burst","Blade Dance+1","Prepared","Cloak And Dagger+1","Caltrops+1","Blur+1","Finesse","Deflect","Slice","Backflip","Adrenaline","Caltrops+1","Endless Agony+1","Cloak And Dagger","Prepared","Slice","Finesse","Burst","Calculated Gamble","Deflect","Escape Plan+1","Backstab","Cloak And Dagger"],"relics":["Ring of the Snake","InkBottle","Pantograph","Question Card","Fusion Hammer","Pocketwatch","Kunai","WingedGreaves","Bag of Preparation","Chemical X","War Paint","Lantern","WristBlade","Art of War","Prayer Wheel","Meat on the Bone","Omamori","StoneCalendar"],"acts_visited":["TheCity","TheBeyond"],"potions_floor_usage":[],"damage_taken":[{"damage":0.0,"enemies":"Cultist","floor":1.0,"turns":4.0},{"damage":0.0,"enemies":"Jaw Worm","floor":3.0,"turns":5.0},{"damage":0.0,"enemies":"2 Louse","floor":5.0,"turns":4.0},{"damage":35.0,"enemies":"Gremlin Nob","floor":6.0,"turns":5.0},{"damage":18.0,"enemies":"Lagavulin","floor":8.0,"turns":9.0},{"damage":0.0,"enemies":"Large Slime","floor":11.0,"turns":4.0},{"damage":0.0,"enemies":"Exordium Thugs","floor":12.0,"turns":6.0},{"damage":18.0,"enemies":"Gremlin Gang","floor":13.0,"turns":7.0},{"damage":0.0,"enemies":"Red Slaver","floor":14.0,"turns":4.0},{"damage":0.0,"enemies":"The Guardian","floor":16.0,"turns":10.0},{"damage":2.0,"enemies":"Shell Parasite","floor":18.0,"turns":3.0},{"damage":0.0,"enemies":"Chosen","floor":20.0,"turns":3.0},{"damage":12.0,"enemies":"Centurion and Healer","floor":21.0,"turns":6.0},{"damage":27.0,"enemies":"Slavers","floor":23.0,"turns":10.0},{"damage":0.0,"enemies":"Book of Stabbing","floor":25.0,"turns":7.0},{"damage":0.0,"enemies":"Slavers","floor":28.0,"turns":6.0},{"damage":6.0,"enemies":"Gremlin Leader","floor":30.0,"turns":6.0},{"damage":0.0,"enemies":"Snake Plant","floor":31.0,"turns":4.0},{"damage":10.0,"enemies":"Champ","floor":33.0,"turns":16.0},{"damage":0.0,"enemies":"Orb Walker","floor":35.0,"turns":1.0},{"damage":0.0,"enemies":"3 Shapes","floor":36.0,"turns":4.0},{"damage":7.0,"enemies":"Writhing Mass","floor":38.0,"turns":4.0},{"damage":0.0,"enemies":"Giant Head","floor":40.0,"turns":7.0},{"damage":0.0,"enemies":"4 Shapes","floor":41.0,"turns":2.0},{"damage":9,"enemies":"Nemesis","floor":42,"turns":5},{"damage":2,"enemies":"Giant Head","floor":44,"turns":6},{"damage":0,"enemies":"Sphere and 2 Shapes","floor":45,"turns":3},{"damage":9,"enemies":"Reptomancer","floor":46,"turns":4},{"damage":0,"enemies":"Jaw Worm Horde","floor":48,"turns":3},{"damage":4,"enemies":"Awakened One","floor":50,"turns":13}],"seed_played":"8090131933094775223","potions_obtained":[{"floor":1.0,"key":"SpeedPotion"},{"floor":11.0,"key":"EssenceOfSteel"},{"floor":13.0,"key":"DuplicationPotion"},{"floor":21.0,"key":"BlessingOfTheForge"},{"floor":25.0,"key":"SneckoOil"},{"floor":28.0,"key":"BlessingOfTheForge"},{"floor":35.0,"key":"Dexterity Potion"}],"is_trial":false,"path_per_floor":["M","?","M","$","M","E","R","E","T","R","M","M","M","M","R","B",null,"M","?","M","M","?","E","?","E","T","$","E","R","E","M","R","B",null,"M","M","$","M","?","E","M","E","T","E","M","E","R","M","R","B",null],"character_chosen":"THE_SILENT","items_purchased":["Well Laid Plans","Dagger Throw","Bag of Preparation","Blur","Chemical X","Finesse","Cloak And Dagger","Prepared"],"campfire_rested":5,"item_purchase_floors":[4,4,27,27,27,27,37,37],"current_hp_per_floor":[70,70,70,70,70,35,35,17,17,38,38,38,20,20,20,45,70,68,55,55,43,43,16,16,16,16,16,16,38,32,32,54,65,75,75,75,75,68,68,68,68,59,59,57,57,48,70,70,75,71],"gold":348,"neow_bonus":"ONE_RANDOM_RARE_CARD","is_daily":false,"chose_seed":false,"campfire_upgraded":2,"win_rate":0.0,"timestamp":1614197375,"path_taken":["M","?","?","$","M","E","R","E","T","R","M","M","M","M","R","BOSS","M","?","M","M","?","E","?","E","T","$","E","R","E","?","R","BOSS","M","?","?","M","?","E","M","E","T","E","M","E","R","M","R","BOSS"],"items_purchased_type":["Card","Card","Relic","Card","Relic","Card","Card","Card"],"build_version":"2020-12-22","purchased_purges":2,"victory":true,"max_hp_per_floor":[70,70,70,70,70,70,70,70,70,70,70,70,70,70,70,70,70,70,75,75,75,75,75,75,75,75,75,75,75,75,75,75,75,75,75,75,75,75,75,75,75,75,75,75,75,75,75,75,75,75],"relic_stats":{"counters":[30,171],"StoneCalendar":[52],"Bag of Preparation":[31],"War Paint":["Defend_G","Blur"],"Question Card":27,"Pantograph":46,"Prayer Wheel":2,"Art of War":[2],"Kunai":[122],"Chemical X":[7],"obtain_stats":[{"Lantern":30,"StoneCalendar":46,"Bag of Preparation":27,"Omamori":44,"War Paint":28,"Question Card":9,"WristBlade":34,"Pantograph":8,"Prayer Wheel":42,"Fusion Hammer":17,"WingedGreaves":26,"Art of War":40,"Kunai":25,"Chemical X":27,"InkBottle":6,"Ring of the Snake":0,"Pocketwatch":23,"Meat on the Bone":43},{"Lantern":17,"StoneCalendar":28,"Bag of Preparation":15,"Omamori":26,"War Paint":16,"Question Card":5,"WristBlade":19,"Pantograph":5,"Prayer Wheel":25,"Fusion Hammer":10,"WingedGreaves":15,"Art of War":23,"Kunai":15,"Chemical X":15,"InkBottle":4,"Ring of the Snake":0,"Pocketwatch":14,"Meat on the Bone":25},{"Lantern":99,"StoneCalendar":155,"Bag of Preparation":87,"Omamori":148,"War Paint":93,"Question Card":27,"WristBlade":119,"Pantograph":27,"Prayer Wheel":142,"Fusion Hammer":58,"WingedGreaves":87,"Art of War":135,"Kunai":87,"Chemical X":87,"InkBottle":18,"Ring of the Snake":0,"Pocketwatch":80,"Meat on the Bone":142}],"InkBottle":[128],"Ring of the Snake":[61],"Pocketwatch":[12],"Meat on the Bone":0},"card_choices":[{"not_picked":["Sucker Punch","Outmaneuver"],"picked":"Finisher","floor":1.0},{"not_picked":["Caltrops","Underhanded Strike"],"picked":"Prepared","floor":3.0},{"not_picked":["Slice","Dagger Spray"],"picked":"Well Laid Plans","floor":5.0},{"not_picked":["Masterful Stab","Poisoned Stab"],"picked":"Endless Agony","floor":6.0},{"not_picked":["Catalyst","Grand Finale"],"picked":"Footwork","floor":8.0},{"not_picked":["Prepared","Predator","Dagger Throw"],"picked":"Deflect","floor":11.0},{"not_picked":["Poisoned Stab","Dagger Throw","Dash"],"picked":"Footwork","floor":12.0},{"not_picked":["Finisher","Flying Knee","Predator"],"picked":"Blade Dance","floor":13.0},{"not_picked":["Backstab","Infinite Blades","Leg Sweep"],"picked":"Blade Dance","floor":14.0},{"not_picked":["Unload","Envenom","Malaise"],"picked":"Burst","floor":16.0},{"not_picked":["Catalyst","Distraction","Quick Slash"],"picked":"Blade Dance+1","floor":18.0},{"not_picked":["Crippling Poison+1","Acrobatics","Dagger Spray+1"],"picked":"Prepared","floor":20.0},{"not_picked":["Underhanded Strike","Poisoned Stab","Predator+1","Deadly Poison"],"picked":"SKIP","floor":21.0},{"not_picked":["PiercingWail","Night Terror","Deadly Poison+1"],"picked":"Cloak And Dagger+1","floor":23.0},{"not_picked":["Distraction","Accuracy","Tools of the Trade"],"picked":"Caltrops+1","floor":25.0},{"not_picked":["Caltrops","Predator","Venomology"],"picked":"Deflect","floor":28.0},{"not_picked":["Flechettes+1","Leg Sweep","Expertise+1"],"picked":"Slice","floor":30.0},{"not_picked":["Prepared","Acrobatics","Blade Dance"],"picked":"Backflip","floor":31.0},{"not_picked":["A Thousand Cuts","Phantasmal Killer","Grand Finale"],"picked":"Adrenaline","floor":33.0},{"not_picked":["Flying Knee+1","Blade Dance+1","Skewer+1"],"picked":"Caltrops+1","floor":35.0},{"not_picked":["Blade Dance","Escape Plan+1","Quick Slash+1"],"picked":"Endless Agony+1","floor":36.0},{"not_picked":["Backstab","Masterful Stab+1","Flying Knee"],"picked":"Slice","floor":38.0},{"not_picked":["Bandage Up","Forethought","Blind"],"picked":"Finesse","floor":39.0},{"not_picked":["Glass Knife","Flechettes","Underhanded Strike"],"picked":"Burst","floor":40.0},{"not_picked":["Heel Hook","Outmaneuver+1","PiercingWail+1"],"picked":"Calculated Gamble","floor":41.0},{"not_picked":["Dagger Spray+1","Underhanded Strike","Distraction+1","Noxious Fumes+1"],"picked":"SKIP","floor":42},{"not_picked":["Outmaneuver","Infinite Blades+1","Heel Hook+1"],"picked":"Deflect","floor":45},{"not_picked":["Infinite Blades","Skewer+1","Eviscerate+1"],"picked":"Escape Plan+1","floor":45},{"not_picked":["Sucker Punch","Quick Slash+1","Flying Knee+1"],"picked":"Backstab","floor":46},{"not_picked":["Flying Knee","Heel Hook","Setup+1"],"picked":"Cloak And Dagger","floor":48},{"not_picked":["Quick Slash","Deadly Poison","Flechettes","Eviscerate+1"],"picked":"SKIP","floor":48}],"player_experience":77468,"relics_obtained":[{"floor":6.0,"key":"InkBottle"},{"floor":8.0,"key":"Pantograph"},{"floor":9.0,"key":"Question Card"},{"floor":23.0,"key":"Pocketwatch"},{"floor":25.0,"key":"Kunai"},{"floor":26.0,"key":"WingedGreaves"},{"floor":28.0,"key":"War Paint"},{"floor":30.0,"key":"Lantern"},{"floor":40.0,"key":"Art of War"},{"floor":42,"key":"Prayer Wheel"},{"floor":43,"key":"Meat on the Bone"},{"floor":44,"key":"Omamori"},{"floor":46,"key":"StoneCalendar"}],"event_choices":[{"damage_healed":0.0,"max_hp_gain":0.0,"max_hp_loss":0.0,"gold_gain":0.0,"event_name":"Match and Keep!","player_choice":"1 cards matched","floor":2.0,"gold_loss":0.0,"damage_taken":0.0,"cards_obtained":["Malaise"]},{"damage_healed":0.0,"max_hp_gain":5.0,"max_hp_loss":0.0,"gold_gain":0.0,"event_name":"Forgotten Altar","player_choice":"Shed Blood","floor":19.0,"gold_loss":0.0,"damage_taken":18.0},{"damage_healed":0.0,"max_hp_gain":0.0,"max_hp_loss":0.0,"gold_gain":99.0,"event_name":"Nest","player_choice":"Stole From Cult","floor":22.0,"gold_loss":0.0,"damage_taken":0.0},{"damage_healed":0.0,"max_hp_gain":0.0,"max_hp_loss":0.0,"gold_gain":100.0,"event_name":"Golden Shrine","player_choice":"Pray","floor":24.0,"gold_loss":0.0,"damage_taken":0.0},{"damage_healed":0.0,"max_hp_gain":0.0,"max_hp_loss":0.0,"gold_gain":0.0,"event_name":"SensoryStone","player_choice":"Memory 1","floor":39.0,"gold_loss":0.0,"damage_taken":0.0}],"is_beta":false,"boss_relics":[{"not_picked":["Runic Dome","Coffee Dripper"],"picked":"Fusion Hammer"},{"not_picked":["Calling Bell","Cursed Key"],"picked":"WristBlade"}],"items_purged_floors":[27,37],"is_endless":false,"potions_floor_spawned":[1,11,13,16,18,21,25,28,35,36,40,45,48],"ascension_level":3}}