{"host":"p0hktren06injwdf","time":1614181979,"event":{"mods":["AchievementEnabler","BaseMod","Colored Map","DeckTracker","Minty Spire (QoL Compilation)","Permanent Neow","StSLib","SuperFastMode"],"gold_per_floor":[116,135,60,60,1,31,31,63,86,112,112,112,125,141,141,217,217,235,247,297,314,328,328,50,50,50,5,38,38,54,82,82,155,155,167,87,99,116,49,49,49],"floor_reached":40,"language":"KOR","playtime":626,"items_purged":["Defend_P","Strike_P"],"score":963,"play_id":"238eaa85-3eb9-4d64-ab00-aa40579030ca","local_time":"20210225005259","is_ascension_mode":true,"campfire_choices":[{"data":"Eruption","floor":7.0,"key":"SMITH"},{"floor":12.0,"key":"REST"},{"data":"Wallop","floor":15.0,"key":"SMITH"},{"data":"Adaptation","floor":23.0,"key":"SMITH"},{"data":"Tantrum","floor":25.0,"key":"SMITH"},{"data":"Halt","floor":32.0,"key":"SMITH"}],"circlet_count":0,"master_deck":["AscendersBane","Strike_P","Defend_P","Defend_P","Eruption+1","Vigilance","Purity","Tantrum+1","Consecrate","BowlingBash","Adaptation+1","FlurryOfBlows","Wallop+1","Halt+1","MentalFortress"],"relics":["HolyWater","Toy Ornithopter","Vajra","Potion Belt","Singing Bowl","Bottled Tornado","Shuriken","The Courier","Pen Nib","TeardropLocket","Empty Cage"],"acts_visited":["Exordium","TheCity","TheBeyond"],"potions_floor_usage":[],"damage_taken":[{"damage":3.0,"enemies":"Small Slimes","floor":1.0,"turns":6.0},{"damage":0.0,"enemies":"Cultist","floor":2.0,"turns":2.0},{"damage":17.0,"enemies":"3 Sentries","floor":6.0,"turns":5.0},{"damage":25.0,"enemies":"Lagavulin","floor":8.0,"turns":6.0},{"damage":0.0,"enemies":"3 Sentries","floor":10.0,"turns":2.0},{"damage":0.0,"enemies":"Jaw Worm","floor":13.0,"turns":1.0},{"damage":0.0,"enemies":"Blue Slaver","floor":14.0,"turns":1.0},{"damage":17.0,"enemies":"The Guardian","floor":16.0,"turns":8.0},{"damage":12.0,"enemies":"2 Thieves","floor":18.0,"turns":3.0},{"damage":6.0,"enemies":"Spheric Guardian","floor":19.0,"turns":3.0},{"damage":0.0,"enemies":"Centurion and Healer","floor":21.0,"turns":3.0},{"damage":0.0,"enemies":"Snecko","floor":22.0,"turns":3.0},{"damage":25.0,"enemies":"Book of Stabbing","floor":28.0,"turns":4.0},{"damage":0.0,"enemies":"Sentry and Sphere","floor":30.0,"turns":2.0},{"damage":13.0,"enemies":"Slavers","floor":31.0,"turns":3.0},{"damage":8.0,"enemies":"Automaton","floor":33.0,"turns":5.0},{"damage":21.0,"enemies":"3 Shapes","floor":35.0,"turns":4.0},{"damage":0.0,"enemies":"Orb Walker","floor":37.0,"turns":3.0},{"damage":1.0,"enemies":"Spire Growth","floor":38.0,"turns":4.0},{"damage":36,"enemies":"Giant Head","floor":40,"turns":5}],"seed_played":"1427343138470040961","potions_obtained":[{"floor":8.0,"key":"Block Potion"},{"floor":13.0,"key":"LiquidBronze"},{"floor":14.0,"key":"EssenceOfSteel"},{"floor":19.0,"key":"LiquidBronze"},{"floor":21.0,"key":"SpeedPotion"},{"floor":31.0,"key":"SkillPotion"},{"floor":35.0,"key":"Swift Potion"}],"is_trial":false,"path_per_floor":["M","M","$","?","$","E","R","E","T","E","T","R","M","M","R","B",null,"M","M","?","M","M","R","$","R","T","$","E","?","M","E","R","B",null,"M","$","M","M","$","E"],"character_chosen":"WATCHER","items_purchased":["BowlingBash","Shuriken","Halt","MentalFortress"],"campfire_rested":1,"item_purchase_floors":[5,24,27,39],"current_hp_per_floor":[58,58,58,58,58,41,41,16,16,18,18,39,39,41,41,36,65,55,51,51,53,55,55,55,55,55,55,37,84,86,75,75,74,86,67,67,69,75,75,39,39],"gold":49,"neow_bonus":"RANDOM_COLORLESS","is_daily":false,"chose_seed":false,"campfire_upgraded":5,"win_rate":0.0,"timestamp":1614181979,"path_taken":["M","M","$","?","?","E","R","E","T","E","?","R","?","M","R","BOSS","M","?","?","?","M","R","?","R","T","$","E","?","M","E","R","BOSS","M","?","M","M","$","E"],"items_purchased_type":["Card","Relic","Card","Card"],"build_version":"2020-12-22","purchased_purges":2,"victory":false,"max_hp_per_floor":[68,68,68,68,68,68,68,68,68,70,70,70,70,72,72,74,74,76,78,78,80,82,82,82,82,82,82,84,84,86,88,88,90,90,92,92,94,96,96,96,96],"card_choices":[{"not_picked":["Impatience","Panacea"],"picked":"Purity","floor":0.0},{"not_picked":["EmptyBody","ClearTheMind"],"picked":"Tantrum","floor":1.0},{"not_picked":["FollowUp","Protect"],"picked":"Consecrate","floor":2.0},{"not_picked":["Halt","Meditate"],"picked":"Adaptation","floor":6.0},{"not_picked":["FollowUp","CarveReality"],"picked":"FlurryOfBlows","floor":8.0},{"not_picked":["Study","CrushJoints","FlyingSleeves"],"picked":"Singing Bowl","floor":10.0},{"not_picked":["Consecrate","WindmillStrike"],"picked":"Wallop","floor":13.0},{"not_picked":["Prostrate","ThirdEye","SandsOfTime"],"picked":"Singing Bowl","floor":14.0},{"not_picked":["Blasphemy","SpiritShield","Ragnarok"],"picked":"Singing Bowl","floor":16.0},{"not_picked":["Sanctity","CutThroughFate+1","WaveOfTheHand"],"picked":"Singing Bowl","floor":18.0},{"not_picked":["Wireheading","Crescendo+1","PathToVictory"],"picked":"Singing Bowl","floor":19.0},{"not_picked":["FollowUp+1","SpiritShield","Protect+1"],"picked":"Singing Bowl","floor":21.0},{"not_picked":["Consecrate","EmptyFist","Crescendo"],"picked":"Singing Bowl","floor":22.0},{"not_picked":["Ragnarok","Indignation","Evaluate"],"picked":"Singing Bowl","floor":28.0},{"not_picked":["Prostrate","Consecrate","EmptyBody"],"picked":"Singing Bowl","floor":30.0},{"not_picked":["CarveReality","Tantrum","EmptyMind"],"picked":"Singing Bowl","floor":31.0},{"not_picked":["Wish","LessonLearned","Establishment"],"picked":"Singing Bowl","floor":33.0},{"not_picked":["FlyingSleeves","CarveReality","JustLucky+1"],"picked":"Singing Bowl","floor":35.0},{"not_picked":["Worship","Halt","PathToVictory"],"picked":"Singing Bowl","floor":37.0},{"not_picked":["Collect","Protect","FlurryOfBlows+1"],"picked":"Singing Bowl","floor":38.0}],"player_experience":1108243,"relics_obtained":[{"floor":6.0,"key":"Toy Ornithopter"},{"floor":8.0,"key":"Vajra"},{"floor":9.0,"key":"Potion Belt"},{"floor":10.0,"key":"Singing Bowl"},{"floor":11.0,"key":"Bottled Tornado"},{"floor":26.0,"key":"The Courier"},{"floor":28.0,"key":"Pen Nib"},{"floor":31.0,"key":"TeardropLocket"}],"event_choices":[{"cards_removed":["Strike_P"],"damage_healed":0.0,"max_hp_gain":0.0,"max_hp_loss":0.0,"gold_gain":0.0,"event_name":"Purifier","player_choice":"Purged","floor":4.0,"gold_loss":0.0,"damage_taken":0.0},{"damage_healed":0.0,"max_hp_gain":0.0,"max_hp_loss":0.0,"gold_gain":50.0,"event_name":"Golden Shrine","player_choice":"Pray","floor":20.0,"gold_loss":0.0,"damage_taken":0.0},{"damage_healed":47.0,"max_hp_gain":0.0,"max_hp_loss":0.0,"gold_gain":0.0,"event_name":"Wheel of Change","player_choice":"Full Heal","floor":29.0,"gold_loss":0.0,"damage_taken":0.0}],"is_beta":false,"boss_relics":[{"not_picked":["Cursed Key","Pandora\u0027s Box"],"picked":"HolyWater"},{"not_picked":["Fusion Hammer","Calling Bell"],"picked":"Empty Cage"}],"items_purged_floors":[3,36],"is_endless":false,"potions_floor_spawned":[8,13,14,19,21,31,35],"killed_by":"Giant Head","ascension_level":20}}