{"host":"csp9nt53rootlkah","time":1614140525,"event":{"mods":["Act Like it!","BaseMod","Colored Powertips","Friendly Minions","Gensokyo","Highlight Path","Minty Spire (QoL Compilation)","Quick Restart","Replay The Spire","StSLib","TestMod","The Animator","The Jungle","¡¾ÒÅÎï¿¨ÅÆ¡¿REMEMod"],"gold_per_floor":[121,121,46,46,46,46,81,81,149,173,173,190,231,231,231,379,479,514,538,538,566,593,667,667,684,735,735,765,809,809,829,829],"floor_reached":31,"language":"ZHS","playtime":2138,"items_purged":["animator:Strike"],"score":431,"play_id":"e6f30db5-cb83-4f69-af54-8c161157e7a1","local_time":"20210224122205","is_ascension_mode":true,"campfire_choices":[{"data":"animator:DolaSchwi","floor":6,"key":"SMITH"},{"data":"animator:DolaCouronne","floor":8,"key":"SMITH"},{"data":"animator:DolaRiku","floor":11,"key":"SMITH"},{"data":"animator:Aqua","floor":15,"key":"SMITH"},{"data":"animator:Greed","floor":24,"key":"SMITH"},{"data":"animator:DolaStephanie","floor":27,"key":"SMITH"},{"data":"animator:ChlammyZell","floor":30,"key":"SMITH"}],"circlet_count":0,"master_deck":["animator:Strike_NoGameNoLife","animator:Defend_NoGameNoLife","animator:Strike","animator:Strike","animator:Defend","animator:Defend","animator:DolaSchwi+1","animator:DolaCouronne+1","animator:DolaRiku+1","Regret","animator:MetalKnight","animator:Strike_HitsugiNoChaika","animator:ChlammyZell+1","animator:Aqua+1","animator:Greed+1","animator:DolaStephanie+1","animator:Ainz","animator:FielNirvalen","animator:Shiro"],"relics":["animator:LivingPicture","animator:TheMissingPiece","testmod-TestBox","REME_ComplimentaryCards","testmod-ObsoleteBoomerang","NeowsBlessing","Golden Idol","Ring of Panic","Ring of Misfortune","Chameleon Ring","testmod-Acrobat","testmod-ArcanaOfDestiny","Torii","FaceOfCleric","Replay:Wanted Poster","Blood Vial","animator:WornHelmet","Onion Ring"],"acts_visited":["Exordium","TheCity"],"potions_floor_usage":[19,25],"damage_taken":[{"damage":0,"enemies":"Small Slimes","floor":1,"turns":1},{"damage":0,"enemies":"3 Sentries","floor":7,"turns":1},{"damage":0,"enemies":"2 Louse","floor":10,"turns":1},{"damage":0,"enemies":"Cultist","floor":12,"turns":3},{"damage":9,"enemies":"Gremlin Nob","floor":13,"turns":3},{"damage":0,"enemies":"Slime Boss","floor":16,"turns":7},{"damage":0,"enemies":"3 Byrds","floor":18,"turns":3},{"damage":0,"enemies":"2 Thieves","floor":19,"turns":1},{"damage":0,"enemies":"3 Cultists","floor":21,"turns":4},{"damage":0,"enemies":"Centurion and Healer","floor":22,"turns":3},{"damage":0,"enemies":"Replay:Snechameleon","floor":23,"turns":3},{"damage":0,"enemies":"Snake Plant","floor":25,"turns":2},{"damage":0,"enemies":"Cultist and Chosen","floor":28,"turns":3},{"damage":0,"enemies":"animator:HornedBat","floor":29,"turns":4},{"damage":0,"enemies":"3 Cultists","floor":31,"turns":3}],"seed_played":"1466159673466581284","potions_obtained":[{"floor":7,"key":"testmod-TestPotion"},{"floor":12,"key":"DistilledChaos"},{"floor":13,"key":"Death Potion"},{"floor":19,"key":"Elixir"},{"floor":25,"key":"testmod-SpacePotion"},{"floor":28,"key":"testmod-TimePotion"},{"floor":31,"key":"ColorlessPotion"}],"is_trial":false,"path_per_floor":["M","?","$","?","?","R","E","R","T","M","R","M","E","?","R","B",null,"M","M","?","M","M","E","R","M","T","R","M","E","R","M"],"character_chosen":"THE_ANIMATOR","items_purchased":[],"campfire_rested":0,"item_purchase_floors":[],"current_hp_per_floor":[66,50,50,50,50,50,50,50,50,50,50,51,42,42,42,46,68,69,70,70,72,73,74,74,75,75,75,76,77,77,78,78],"gold":829,"neow_bonus":"THREE_ENEMY_KILL","is_daily":false,"chose_seed":false,"campfire_upgraded":7,"win_rate":0.0,"timestamp":1614140525,"path_taken":["M","?","$","?","?","R","E","R","T","M","R","M","E","?","R","BOSS","M","?","?","M","?","E","R","M","T","R","M","E","R","M"],"items_purchased_type":[],"build_version":"2020-12-22","purchased_purges":1,"victory":false,"max_hp_per_floor":[66,66,66,66,66,66,66,66,66,66,66,67,67,67,67,68,68,69,70,70,72,73,74,74,75,75,75,76,77,77,78,78],"card_choices":[{"not_picked":["animator:ElricEdward","animator:Vanir"],"picked":"animator:DolaRiku","floor":1},{"not_picked":["animator:ElricAlphonse","animator:Add"],"picked":"animator:MetalKnight","floor":7},{"not_picked":["animator:Sloth","animator:MaesHughes","animator:DolaRiku"],"picked":"SKIP","floor":10},{"not_picked":["animator:Sloth","animator:MaesHughes","animator:DolaRiku"],"picked":"SKIP","floor":10},{"not_picked":["animator:IzunaHatsuse","animator:Jibril"],"picked":"animator:ChlammyZell","floor":12},{"not_picked":["animator:MetalKnight","animator:Entoma"],"picked":"animator:Aqua","floor":13},{"not_picked":["animator:Envy","animator:Shizu"],"picked":"animator:Greed","floor":16},{"not_picked":["animator:Jibril","animator:Evileye"],"picked":"animator:DolaStephanie","floor":18},{"not_picked":["animator:Millim+1","animator:Geryuganshoop","animator:Pride"],"picked":"SKIP","floor":19},{"not_picked":["animator:DolaCouronne","animator:Jibril"],"picked":"animator:FielNirvalen","floor":21},{"not_picked":["animator:Tatsumaki","animator:Hakurou","animator:Kazuma"],"picked":"SKIP","floor":22},{"not_picked":["animator:Kazuma","animator:Demiurge"],"picked":"animator:Shiro","floor":23},{"not_picked":["animator:DolaSchwi","animator:ElricAlphonse","animator:SilverFang"],"picked":"SKIP","floor":25},{"not_picked":["animator:Shalltear","animator:Tatsumaki","animator:Ain"],"picked":"SKIP","floor":29}],"player_experience":152291,"relics_obtained":[{"floor":4,"key":"Ring of Panic"},{"floor":4,"key":"Ring of Misfortune"},{"floor":7,"key":"testmod-Acrobat"},{"floor":9,"key":"testmod-ArcanaOfDestiny"},{"floor":13,"key":"Torii"},{"floor":23,"key":"Blood Vial"},{"floor":26,"key":"animator:WornHelmet"},{"floor":29,"key":"Onion Ring"}],"event_choices":[{"damage_healed":0,"gold_gain":0,"player_choice":"Take Damage","damage_taken":16,"relics_obtained":["Golden Idol"],"max_hp_gain":0,"max_hp_loss":0,"event_name":"Golden Idol","floor":2,"gold_loss":0},{"damage_healed":0,"gold_gain":0,"player_choice":"Box","damage_taken":0,"relics_obtained":["Chameleon Ring"],"max_hp_gain":0,"max_hp_loss":0,"event_name":"Big Fish","floor":5,"gold_loss":0,"cards_obtained":["Regret"]},{"damage_healed":0,"gold_gain":0,"player_choice":"Trade","damage_taken":0,"relics_obtained":["FaceOfCleric"],"max_hp_gain":0,"max_hp_loss":0,"event_name":"FaceTrader","floor":14,"gold_loss":0},{"damage_healed":0,"gold_gain":0,"cards_transformed":["animator:Defend"],"player_choice":"Transformed","damage_taken":0,"max_hp_gain":0,"max_hp_loss":0,"event_name":"Transmorgrifier","floor":20,"gold_loss":0,"cards_obtained":["animator:Ainz"]}],"is_beta":false,"boss_relics":[{"not_picked":["testmod-Recursion","Astrolabe"],"picked":"Replay:Wanted Poster"}],"items_purged_floors":[3],"is_endless":false,"potions_floor_spawned":[7,12,13,19,25,28,31],"killed_by":"3 Cultists","ascension_level":1}}