{"host":"4gkev1dtxxhiue3x","time":1614156236,"event":{"mods":["AchievementEnabler","BaseMod","Better Altar","Better Match","Better Note","Better Sensory Stone","Better Skull","Better Third Choice","Colored Powertips","Friendly Minions","Hermit","Minty Spire (QoL Compilation)","Relic Stats","Robot Space Explorer","Shop Mod","StSLib","The Disciple","The Hierophant"],"gold_per_floor":[111,111,123,53,69,97,113,133,157,176,176,201,58,68,68,164,164,183,183,183,198,218,218,218,103,103,135,135,35,61,61,61,61,61],"floor_reached":33,"language":"ENG","playtime":2082,"items_purged":["Writhe","Zap"],"score":394,"play_id":"7084214d-42ff-4281-83a8-e90cfd0ff5a3","local_time":"20210224094356","is_ascension_mode":true,"campfire_choices":[{"data":"Sunder","floor":11,"key":"SMITH"},{"floor":15,"key":"REST"},{"floor":23,"key":"REST"},{"data":"Reprogram","floor":32,"key":"SMITH"}],"circlet_count":0,"master_deck":["Strike_B+1","Strike_B+1","Strike_B+1","Strike_B+1","Defend_B+1","Defend_B+1","Defend_B+1","Defend_B+1","Dualcast","Coolheaded","Conserve Battery","Steam","Gash","Sunder+1","Hologram","Steam","FTL","Sweeping Beam","Defragment","Scrape","Steam","Seek","Loop","Necronomicurse","Gash","Streamline+1","Reprogram+1","FTL","Streamline","Echo Form","Shame"],"relics":["Cracked Core","NeowsBlessing","FaceOfCleric","InkBottle","Lantern","Dream Catcher","Happy Flower","SlaversCollar","Necronomicon","Juzu Bracelet","Cables","Boot","Blue Candle","PreservedInsect"],"acts_visited":["Exordium","TheCity"],"potions_floor_usage":[12,16,21,21,21,21,30,33],"damage_taken":[{"damage":0,"enemies":"2 Louse","floor":1,"turns":1},{"damage":0,"enemies":"Cultist","floor":3,"turns":1},{"damage":0,"enemies":"Jaw Worm","floor":5,"turns":1},{"damage":40,"enemies":"Gremlin Nob","floor":6,"turns":5},{"damage":11,"enemies":"3 Louse","floor":7,"turns":2},{"damage":2,"enemies":"Blue Slaver","floor":8,"turns":3},{"damage":0,"enemies":"Looter","floor":10,"turns":3},{"damage":6,"enemies":"Lagavulin","floor":12,"turns":6},{"damage":0,"enemies":"Exordium Wildlife","floor":14,"turns":2},{"damage":10,"enemies":"Hexaghost","floor":16,"turns":9},{"damage":0,"enemies":"Chosen","floor":18,"turns":4},{"damage":3,"enemies":"3 Byrds","floor":21,"turns":4},{"damage":50,"enemies":"Centurion and Healer","floor":22,"turns":8},{"damage":24,"enemies":"Book of Stabbing","floor":27,"turns":5},{"damage":13,"enemies":"Slavers","floor":30,"turns":3},{"damage":35,"enemies":"Champ","floor":33,"turns":6}],"seed_played":"4665036799904344953","potions_obtained":[{"floor":6,"key":"Block Potion"},{"floor":7,"key":"Fruit Juice"},{"floor":10,"key":"ColorlessPotion"},{"floor":16,"key":"FocusPotion"},{"floor":18,"key":"EntropicBrew"}],"is_trial":false,"path_per_floor":["M","?","M","$","M","E","M","M","T","M","R","E","$","M","R","B",null,"M","?","?","M","M","R","?","$","T","E","?","$","E","?","R","B"],"character_chosen":"DEFECT","items_purchased":["Steam","Gash","Happy Flower","FTL"],"campfire_rested":2,"item_purchase_floors":[4,4,13,25],"current_hp_per_floor":[75,75,76,76,77,38,28,27,27,28,28,23,23,24,48,39,73,74,58,58,61,12,39,39,39,39,16,47,47,35,35,35,0,0],"gold":61,"neow_bonus":"THREE_ENEMY_KILL","is_daily":false,"chose_seed":false,"campfire_upgraded":2,"win_rate":0.0,"timestamp":1614156236,"path_taken":["M","?","M","$","M","E","M","M","T","M","R","E","$","?","R","BOSS","M","?","?","M","M","R","?","$","T","E","?","?","E","?","R","BOSS"],"items_purchased_type":["Card","Card","Relic","Card"],"build_version":"2020-12-22","purchased_purges":2,"victory":false,"max_hp_per_floor":[75,75,76,76,77,78,79,80,80,81,81,82,82,83,83,84,84,85,85,85,91,92,92,92,92,92,93,93,93,94,94,94,94,94],"relic_stats":{"Dream Catcher":2,"FaceOfCleric":14,"Happy Flower":[13],"counters":[16,62],"Blue Candle":[1],"PreservedInsect":0,"Necronomicon":[7],"Juzu Bracelet":1,"Boot":[1],"obtain_stats":[{"Lantern":9,"NeowsBlessing":0,"Happy Flower":13,"Blue Candle":30,"PreservedInsect":31,"Juzu Bracelet":20,"Boot":27,"Cables":26,"SlaversCollar":17,"Dream Catcher":12,"FaceOfCleric":2,"Necronomicon":19,"Cracked Core":0,"InkBottle":6},{"Lantern":6,"NeowsBlessing":0,"Happy Flower":8,"Blue Candle":15,"PreservedInsect":15,"Juzu Bracelet":11,"Boot":14,"Cables":13,"SlaversCollar":10,"Dream Catcher":8,"FaceOfCleric":1,"Necronomicon":11,"Cracked Core":0,"InkBottle":4},{"Lantern":13,"NeowsBlessing":0,"Happy Flower":22,"Blue Candle":56,"PreservedInsect":56,"Juzu Bracelet":37,"Boot":53,"Cables":48,"SlaversCollar":33,"Dream Catcher":22,"FaceOfCleric":1,"Necronomicon":37,"Cracked Core":0,"InkBottle":8}],"InkBottle":[23],"Cables":[8,3,5,0,0]},"card_choices":[{"not_picked":["Consume","Go for the Eyes"],"picked":"Coolheaded","floor":1},{"not_picked":["Stack","Sweeping Beam"],"picked":"Conserve Battery","floor":3},{"not_picked":["Rebound","Storm"],"picked":"Sunder","floor":5},{"not_picked":["Multi-Cast","Compile Driver"],"picked":"Hologram","floor":6},{"not_picked":["Stack","Compile Driver"],"picked":"Steam","floor":7},{"not_picked":["Aggregate","Barrage"],"picked":"FTL","floor":8},{"not_picked":["Barrage","Consume"],"picked":"Sweeping Beam","floor":10},{"not_picked":["Chill","Ball Lightning"],"picked":"Defragment","floor":12},{"not_picked":["Stack","Defragment"],"picked":"Scrape","floor":14},{"not_picked":["Ball Lightning","Cold Snap"],"picked":"Steam","floor":15},{"not_picked":["Hyperbeam","Multi-Cast"],"picked":"Seek","floor":16},{"not_picked":["Glacier","Aggregate+1"],"picked":"Loop","floor":18},{"not_picked":["Reinforced Body+1","Hologram"],"picked":"Gash","floor":21},{"not_picked":["Defragment","Stack"],"picked":"Streamline+1","floor":22},{"not_picked":["Barrage","Sunder"],"picked":"Reprogram","floor":23},{"not_picked":["Sunder","Aggregate+1"],"picked":"Streamline","floor":27},{"not_picked":["Conserve Battery","Leap+1"],"picked":"Echo Form","floor":30}],"player_experience":266376,"relics_obtained":[{"floor":6,"key":"InkBottle"},{"floor":9,"key":"Lantern"},{"floor":12,"key":"Dream Catcher"},{"floor":19,"key":"Necronomicon"},{"floor":26,"key":"Cables"},{"floor":27,"key":"Boot"},{"floor":30,"key":"Blue Candle"}],"event_choices":[{"damage_healed":0,"gold_gain":0,"player_choice":"Trade","damage_taken":0,"relics_obtained":["FaceOfCleric"],"max_hp_gain":0,"max_hp_loss":0,"event_name":"FaceTrader","floor":2,"gold_loss":0},{"damage_healed":0,"gold_gain":0,"player_choice":"Obtained Book","damage_taken":16,"max_hp_gain":0,"max_hp_loss":0,"event_name":"Cursed Tome","floor":19,"gold_loss":0},{"damage_healed":0,"gold_gain":0,"player_choice":"Opened","damage_taken":0,"relics_obtained":["Juzu Bracelet"],"max_hp_gain":0,"max_hp_loss":0,"event_name":"The Mausoleum","floor":20,"gold_loss":0,"cards_obtained":["Writhe"]},{"damage_healed":0,"gold_gain":0,"player_choice":"Simplicity","damage_taken":0,"max_hp_gain":0,"max_hp_loss":8,"event_name":"betterThird:BetterWriting","floor":24,"gold_loss":0},{"damage_healed":31,"gold_gain":0,"player_choice":"Heal","damage_taken":0,"max_hp_gain":0,"max_hp_loss":0,"event_name":"The Library","floor":28,"gold_loss":0},{"damage_healed":0,"gold_gain":0,"player_choice":"Stole Relic","damage_taken":0,"relics_obtained":["PreservedInsect"],"max_hp_gain":0,"max_hp_loss":0,"event_name":"Addict","floor":31,"gold_loss":0,"cards_obtained":["Shame"]}],"is_beta":false,"boss_relics":[{"not_picked":["Tiny House","FrozenCore"],"picked":"SlaversCollar"}],"items_purged_floors":[25,29],"is_endless":false,"potions_floor_spawned":[6,7,10,16,18],"killed_by":"Champ","ascension_level":5}}