{"host":"yrbbd32mtuqddxkv","time":1614176290,"event":{"mods":["Act Like it!","Astrologer","BaseMod","Gensokyo","GungeonMod","Marisa£®ÏF”Í°°ƒß¿Ì…≥£©","Minty Spire (QoL Compilation)","Quick Restart","Reimu£®≤©¿ˆ¡È√Œ£©","Reliquary","Remilia£®¿Ÿ√◊¿Ú—«£©","Replay The Spire","StSLib","The Runesmith","The Servant 0.9.4"],"gold_per_floor":[109,127,153,78,93,120,120,155,155,182,193,193,0,25,81,186,186,200,219,99,99,113,140,156,189,189,36,36,36,70,70,70,166,166,166,183,193,193,9,9,37,37,37,69,69,69,69,103,103,103],"floor_reached":51,"language":"ZHS","playtime":2677,"items_purged":["Strike_S","Pain","Strike_S"],"score":1518,"play_id":"9078fe6c-a161-4936-94d1-73c8a023f61f","local_time":"20210224221810","is_ascension_mode":true,"campfire_choices":[{"data":"KidneyShot","floor":7.0,"key":"SMITH"},{"data":"CasketOfStar","floor":29.0,"key":"SMITH"},{"data":"TheWorld","floor":32.0,"key":"SMITH"},{"data":"FlawlessForm","floor":40,"key":"SMITH"},{"data":"1","floor":49,"key":"LIFT"}],"circlet_count":0,"master_deck":["Strike_S","Strike_S","Defend_S","Defend_S","Defend_S","Defend_S","KidneyShot+1","Exchange","Solidify","BottledTime","Potential","Barrier","Moondial","BestPractice","SilverBlades","Sunlight","Hightail+1","FastForward+1","CasketOfStar+1","Rearm","ForgedInTime","Advance","FlawlessForm+1","Gensokyo:SalamanderShield"],"relics":["SplendidAttire","reliquary:Spinner","Happy Flower","DemoMod:ClearGuonStone","Durian","Toy Ornithopter","Gensokyo:LunaticRedEyes","Membership Card","Orichalcum","reliquary:WritOfMandamus","Gensokyo:SpiderMask","Counterbalance","DemoMod:Antibody","Molten Egg 2","ReplayTheSpireMod:TigerMarble","DemoMod:LamentConfigurum","Mummified Hand","Bottled Lightning","Replay:Bottled Flurry","DemoMod:GlassGuonStoneRelic","Bird Faced Urn","ReplayTheSpireMod:Shallot","Girya","ReplayTheSpireMod:Lightbulb","Divine Protection","Bottled Tornado","Replay:Mystery Machine"],"acts_visited":["Gensokyo:Gensokyo","Gensokyo:Gensokyoer","Gensokyo:Gensokyoest"],"potions_floor_usage":[33,33,50,50,50],"damage_taken":[{"damage":0.0,"enemies":"Gensokyo:Python","floor":1.0,"turns":5.0},{"damage":9.0,"enemies":"Gensokyo:2_Kodama","floor":2.0,"turns":3.0},{"damage":3.0,"enemies":"Gensokyo:Gryphon","floor":5.0,"turns":4.0},{"damage":18.0,"enemies":"Gensokyo:Aya","floor":6.0,"turns":9.0},{"damage":0.0,"enemies":"Gensokyo:Mamizou","floor":8.0,"turns":10.0},{"damage":0.0,"enemies":"Gensokyo:Cirno","floor":10.0,"turns":5.0},{"damage":0.0,"enemies":"Gensokyo:LivingMonolith","floor":11.0,"turns":3.0},{"damage":0.0,"enemies":"Gensokyo:Aya","floor":14.0,"turns":4.0},{"damage":0.0,"enemies":"Gensokyo:Reimu","floor":16.0,"turns":10.0},{"damage":0.0,"enemies":"Gensokyo:3_Dogs","floor":18.0,"turns":2.0},{"damage":0.0,"enemies":"Gensokyo:2_Gloops","floor":19.0,"turns":3.0},{"damage":0.0,"enemies":"Gensokyo:Swordslinger","floor":22.0,"turns":3.0},{"damage":0.0,"enemies":"Gensokyo:Reisen","floor":23.0,"turns":4.0},{"damage":0.0,"enemies":"Gensokyo:Slime_Group","floor":24.0,"turns":3.0},{"damage":0.0,"enemies":"Gensokyo:Tenshi","floor":25.0,"turns":3.0},{"damage":0.0,"enemies":"Gensokyo:Reisen","floor":30.0,"turns":4.0},{"damage":0,"enemies":"Gensokyo:Eternal_Rivals","floor":33,"turns":7},{"damage":1,"enemies":"Gensokyo:3_Boulders","floor":36,"turns":3},{"damage":0,"enemies":"Gensokyo:AtlasGolem","floor":37,"turns":4},{"damage":0,"enemies":"Gensokyo:Marisa","floor":41,"turns":3},{"damage":0,"enemies":"Gensokyo:Kasen","floor":44,"turns":5},{"damage":0,"enemies":"Gensokyo:Doremy","floor":48,"turns":3},{"damage":0,"enemies":"Gensokyo:Shinki","floor":50,"turns":6}],"seed_played":"8313069518693508908","potions_obtained":[{"floor":2.0,"key":"Reflective Coating"},{"floor":10.0,"key":"SkillPotion"},{"floor":11.0,"key":"Strength Potion"},{"floor":16.0,"key":"Weak Potion"},{"floor":18.0,"key":"Elixir"},{"floor":19.0,"key":"EntropicBrew"},{"floor":37,"key":"AttackPotion"},{"floor":44,"key":"Toxic Potion"},{"floor":48,"key":"FearPotion"}],"is_trial":false,"path_per_floor":["M","M","T","$","M","E","R","E","T","E","M","?","$","E","R","B",null,"M","M","?","?","M","E","M","E","T","$","?","R","E","T","R","B",null,"M","M","M","?","$","R","E","$","T","E","?","M","?","E","R","B",null],"character_chosen":"THE_SERVANT","items_purchased":["Membership Card","ReplayTheSpireMod:TigerMarble","DemoMod:LamentConfigurum","ReplayTheSpireMod:Shallot"],"campfire_rested":0,"item_purchase_floors":[13,27,27,39],"current_hp_per_floor":[65,56,56,56,53,35,35,35,40,40,40,40,40,50,50,55,70,70,70,70,70,70,70,70,70,70,70,70,70,70,70,70,70,70,70,69,69,41,41,41,47,47,47,59,59,59,59,70,70,70],"gold":103,"neow_bonus":"ONE_RANDOM_RARE_CARD","is_daily":false,"chose_seed":false,"campfire_upgraded":4,"win_rate":0.0,"timestamp":1614176290,"path_taken":["M","M","?","?","?","E","R","E","T","E","M","?","$","E","R","BOSS","M","M","?","?","M","E","M","E","T","$","?","R","E","?","R","BOSS","M","M","M","?","$","R","E","$","T","E","?","?","?","E","R","BOSS"],"items_purchased_type":["Relic","Relic","Relic","Relic"],"build_version":"2020-12-22","purchased_purges":3,"victory":true,"max_hp_per_floor":[65,65,65,65,65,65,65,65,70,70,70,70,70,70,70,70,70,70,70,70,70,70,70,70,70,70,70,70,70,70,70,70,70,70,70,70,70,70,70,70,70,70,70,70,70,70,70,70,70,70],"card_choices":[{"not_picked":["Replace","Contraction"],"picked":"BottledTime","floor":1.0},{"not_picked":["Replace","Starlight"],"picked":"Potential","floor":2.0},{"not_picked":["Collapse","Revamp"],"picked":"TheWorld","floor":5.0},{"not_picked":["TimeWarp","ShatteredReality"],"picked":"Barrier","floor":6.0},{"not_picked":["BottledTime","Read"],"picked":"Moondial","floor":8.0},{"not_picked":["Starlight","Potential"],"picked":"BestPractice","floor":10.0},{"not_picked":["Unruled","DancingSilver","Defy"],"picked":"SKIP","floor":11.0},{"not_picked":["ShatteredReality","Rewind"],"picked":"SilverBlades","floor":14.0},{"not_picked":["LightFlow","ForgedInTime"],"picked":"Sunlight","floor":16.0},{"not_picked":["FastForward","Moondial"],"picked":"Hightail+1","floor":18.0},{"not_picked":["Alleviate","Ricochet"],"picked":"FastForward+1","floor":19.0},{"not_picked":["BottledTime","TimeWarp","Snipe+1"],"picked":"SKIP","floor":22.0},{"not_picked":["Spin","Defy"],"picked":"Rearm","floor":23.0},{"not_picked":["ShatteredReality","Hightail","Revamp"],"picked":"SKIP","floor":24.0},{"not_picked":["Alleviate","Revamp+1"],"picked":"ForgedInTime","floor":25.0},{"not_picked":["Starlight+1","Replace","Spin+1"],"picked":"SKIP","floor":30.0},{"not_picked":["KillingDoll+1","Deny"],"picked":"FlawlessForm","floor":33},{"not_picked":["Moondial","BottledTime+1","Revamp"],"picked":"SKIP","floor":36},{"not_picked":["Starlight+1","BottledTime+1","Rearm"],"picked":"SKIP","floor":37},{"not_picked":["Moondial","Rearm","Collapse+1"],"picked":"SKIP","floor":41},{"not_picked":["Reset","Advance","Replace"],"picked":"SKIP","floor":44},{"not_picked":["Gensokyo:MorningMist","Gensokyo:DreamlikeParadise"],"picked":"Gensokyo:SalamanderShield","floor":45},{"not_picked":["SurpressingFire+1","TimeWarp+1","GearUp"],"picked":"SKIP","floor":48}],"player_experience":924838,"relics_obtained":[{"floor":3.0,"key":"reliquary:Spinner"},{"floor":6.0,"key":"Happy Flower"},{"floor":8.0,"key":"DemoMod:ClearGuonStone"},{"floor":9.0,"key":"Durian"},{"floor":10.0,"key":"Toy Ornithopter"},{"floor":14.0,"key":"Orichalcum"},{"floor":23.0,"key":"Counterbalance"},{"floor":25.0,"key":"DemoMod:Antibody"},{"floor":26.0,"key":"Molten Egg 2"},{"floor":30.0,"key":"Mummified Hand"},{"floor":31.0,"key":"Bottled Lightning"},{"floor":41,"key":"Girya"},{"floor":43,"key":"ReplayTheSpireMod:Lightbulb"},{"floor":44,"key":"Divine Protection"},{"floor":48,"key":"Replay:Mystery Machine"}],"event_choices":[],"is_beta":false,"boss_relics":[{"not_picked":["Empty Cage","SacredBark"],"picked":"reliquary:WritOfMandamus"},{"not_picked":["Tiny House","Philosopher\u0027s Stone"],"picked":"SplendidAttire"}],"items_purged_floors":[4,13,39],"is_endless":false,"potions_floor_spawned":[2,10,11,16,18,19,24,37,44,48],"ascension_level":2}}