{"host":"9fpqyohhfgykisug","time":1614146933,"event":{"mods":["BaseMod","Block Reminder","DeckTracker","Highlight Path","Minty Spire (QoL Compilation)","Permanent Neow","Quick Restart"],"gold_per_floor":[144,144,144,189,42,42,87,38,63,13,76,166,211,256,256,556,556,601,516,561,561,661,661,751,751,776,821,866,195,195,195,195,495,495,540,116,161,206,218,218,218,308,333,483,483,528,618,663,663,663],"floor_reached":51,"language":"PTB","playtime":3969,"items_purged":["Writhe"],"score":848,"play_id":"87982c18-e9f3-420c-b2f7-df7f3906255b","local_time":"20210224030853","daily_mods":["Allstar","Time Dilation","Midas"],"is_ascension_mode":false,"campfire_choices":[{"floor":6.0,"key":"REST"},{"floor":15.0,"key":"REST"},{"floor":23.0,"key":"REST"},{"floor":25.0,"key":"REST"},{"floor":30.0,"key":"REST"},{"floor":32.0,"key":"REST"},{"floor":40,"key":"REST"},{"floor":45,"key":"REST"},{"floor":49,"key":"REST"}],"circlet_count":0,"master_deck":["Strike_P","Strike_P","Strike_P","Strike_P","Defend_P","Defend_P","Defend_P","Defend_P","Eruption","Vigilance","Impatience","Transmutation","Mind Blast","Secret Technique","Bandage Up","SandsOfTime+1","DeusExMachina","Tantrum","Prostrate","ClearTheMind","EmptyBody","FollowUp","BowlingBash","FlurryOfBlows","CrushJoints","Ragnarok","Brilliance","FollowUp","Prostrate","EmptyMind","Wallop+1","Worship+1","Flash of Steel","FlurryOfBlows","Adaptation","Vengeance","EmptyBody","Devotion","FlurryOfBlows","FlurryOfBlows","Halt","CrushJoints","Wallop+1","FlurryOfBlows+1","ClearTheMind+1","FlyingSleeves+1","Parasite","EmptyFist+1"],"relics":["PureWater","Boot","Damaru","Runic Pyramid","Lantern","Ornamental Fan","Dead Branch","Orichalcum","Regal Pillow","VioletLotus","Shuriken","Happy Flower","Ginger","Question Card","Oddly Smooth Stone","Incense Burner","Mercury Hourglass"],"acts_visited":["TheBeyond"],"potions_floor_usage":[42,50,50],"damage_taken":[{"damage":8.0,"enemies":"Small Slimes","floor":1.0,"turns":2.0},{"damage":0.0,"enemies":"Jaw Worm","floor":4.0,"turns":1.0},{"damage":0.0,"enemies":"2 Louse","floor":7.0,"turns":2.0},{"damage":14.0,"enemies":"3 Sentries","floor":12.0,"turns":3.0},{"damage":0.0,"enemies":"2 Fungi Beasts","floor":13.0,"turns":2.0},{"damage":8.0,"enemies":"Blue Slaver","floor":14.0,"turns":2.0},{"damage":47.0,"enemies":"Hexaghost","floor":16.0,"turns":6.0},{"damage":0.0,"enemies":"Spheric Guardian","floor":18.0,"turns":2.0},{"damage":5.0,"enemies":"3 Byrds","floor":20.0,"turns":4.0},{"damage":45.0,"enemies":"Gremlin Leader","floor":24.0,"turns":4.0},{"damage":25.0,"enemies":"Shelled Parasite and Fungi","floor":27.0,"turns":3.0},{"damage":17.0,"enemies":"Snake Plant","floor":28.0,"turns":3.0},{"damage":0.0,"enemies":"Champ","floor":33.0,"turns":4.0},{"damage":20,"enemies":"3 Shapes","floor":35,"turns":2},{"damage":11,"enemies":"Orb Walker","floor":37,"turns":2},{"damage":0,"enemies":"Transient","floor":38,"turns":5},{"damage":9,"enemies":"2 Orb Walkers","floor":39,"turns":3},{"damage":55,"enemies":"Nemesis","floor":42,"turns":5},{"damage":5,"enemies":"Mind Bloom Boss Battle","floor":44,"turns":4},{"damage":0,"enemies":"Maw","floor":46,"turns":5},{"damage":0,"enemies":"Giant Head","floor":47,"turns":5},{"damage":0,"enemies":"Writhing Mass","floor":48,"turns":4},{"damage":43,"enemies":"Donu and Deca","floor":50,"turns":6}],"seed_played":"3706737729498028133","potions_obtained":[{"floor":1.0,"key":"Strength Potion"},{"floor":4.0,"key":"FearPotion"},{"floor":13.0,"key":"DistilledChaos"},{"floor":18.0,"key":"DuplicationPotion"},{"floor":24.0,"key":"Dexterity Potion"},{"floor":39,"key":"SpeedPotion"},{"floor":42,"key":"Swift Potion"},{"floor":46,"key":"Strength Potion"},{"floor":47,"key":"AttackPotion"}],"is_trial":false,"path_per_floor":["M","?","?","M","$","R","M","$","T","$","?","E","M","M","R","B",null,"M","?","M","?","?","R","E","R","T","M","M","$","R","?","R","B",null,"M","$","M","M","?","R","?","E","T","?","R","M","E","M","R","B",null],"character_chosen":"WATCHER","items_purchased":["Tantrum","Prostrate","ClearTheMind","FollowUp","BowlingBash","Regal Pillow","DuplicationPotion","DistilledChaos","Flash of Steel","FlurryOfBlows","Adaptation","Vengeance","EmptyBody","Shuriken","Happy Flower","FlurryOfBlows"],"campfire_rested":9,"item_purchase_floors":[5,5,5,8,10,29,29,29,29,29,29,29,29,36,36,36],"current_hp_per_floor":[64,69,69,69,69,77,77,77,77,77,77,67,67,59,77,34,77,77,77,76,76,76,77,36,59,59,34,17,17,55,41,80,82,82,62,62,51,55,46,82,78,27,27,22,60,64,68,68,78,35],"gold":663,"neow_bonus":"","is_daily":true,"chose_seed":false,"campfire_upgraded":0,"win_rate":0.0,"timestamp":1614146933,"path_taken":["M","?","?","M","$","R","M","$","T","?","?","E","M","M","R","BOSS","M","?","M","?","?","R","E","R","T","?","M","$","R","?","R","BOSS","M","$","M","M","?","R","?","E","T","?","R","M","E","M","R","BOSS"],"items_purchased_type":["Card","Card","Card","Card","Card","Relic","Potion","Potion","Card","Card","Card","Card","Card","Relic","Relic","Card"],"build_version":"2020-12-22","purchased_purges":1,"victory":true,"max_hp_per_floor":[72,77,77,77,77,77,77,77,77,77,77,77,77,77,77,77,77,77,77,77,77,77,77,77,77,77,77,77,77,77,82,82,82,82,82,82,82,82,82,82,78,78,78,78,78,78,78,78,78,78],"card_choices":[{"not_picked":["Prostrate","Evaluate"],"picked":"SandsOfTime","floor":1.0},{"not_picked":["PathToVictory","Weave"],"picked":"DeusExMachina","floor":4.0},{"not_picked":["Weave","Evaluate"],"picked":"EmptyBody","floor":7.0},{"not_picked":["Protect","JustLucky"],"picked":"FlurryOfBlows","floor":12.0},{"not_picked":["Collect","ClearTheMind"],"picked":"CrushJoints","floor":13.0},{"not_picked":["Tantrum","Weave"],"picked":"Ragnarok","floor":14.0},{"not_picked":["Alpha","MasterReality"],"picked":"Brilliance","floor":16.0},{"not_picked":["Crescendo","CutThroughFate+1"],"picked":"FollowUp","floor":18.0},{"not_picked":["Halt","CutThroughFate"],"picked":"Prostrate","floor":20.0},{"not_picked":["FollowUp","Evaluate"],"picked":"EmptyMind","floor":24.0},{"not_picked":["LikeWater+1","Study+1"],"picked":"Wallop+1","floor":27.0},{"not_picked":["JustLucky+1","ForeignInfluence"],"picked":"Worship+1","floor":28.0},{"not_picked":["SpiritShield","Alpha"],"picked":"Devotion","floor":33.0},{"not_picked":["SashWhip+1","Indignation"],"picked":"FlurryOfBlows","floor":35},{"not_picked":["Nirvana+1","Evaluate"],"picked":"Halt","floor":37},{"not_picked":["BowlingBash","PathToVictory"],"picked":"CrushJoints","floor":38},{"not_picked":["Weave+1","Adaptation+1"],"picked":"Wallop+1","floor":39},{"not_picked":["Swivel","PathToVictory+1"],"picked":"FlurryOfBlows+1","floor":42},{"not_picked":["Collect+1","SashWhip+1","SandsOfTime"],"picked":"ClearTheMind+1","floor":44},{"not_picked":["Prostrate","Swivel","Establishment"],"picked":"FlyingSleeves+1","floor":46},{"not_picked":["SashWhip","Sanctity","WaveOfTheHand+1","FollowUp"],"picked":"SKIP","floor":47},{"not_picked":["FlurryOfBlows+1","EmptyBody","Wallop"],"picked":"EmptyFist+1","floor":48}],"player_experience":48851,"relics_obtained":[{"floor":9.0,"key":"Boot"},{"floor":12.0,"key":"Damaru"},{"floor":24.0,"key":"Dead Branch"},{"floor":26.0,"key":"Orichalcum"},{"floor":39,"key":"Ginger"},{"floor":42,"key":"Question Card"},{"floor":43,"key":"Oddly Smooth Stone"},{"floor":44,"key":"Incense Burner"},{"floor":47,"key":"Mercury Hourglass"}],"event_choices":[{"damage_healed":0.0,"max_hp_gain":5.0,"max_hp_loss":0.0,"gold_gain":0.0,"event_name":"Big Fish","player_choice":"Donut","floor":2.0,"gold_loss":0.0,"damage_taken":0.0},{"damage_healed":0.0,"max_hp_gain":0.0,"max_hp_loss":0.0,"gold_gain":0.0,"event_name":"Living Wall","player_choice":"Grow","floor":3.0,"gold_loss":0.0,"damage_taken":0.0,"cards_upgraded":["SandsOfTime"]},{"damage_healed":0.0,"max_hp_gain":0.0,"max_hp_loss":0.0,"gold_gain":63.0,"event_name":"Golden Wing","player_choice":"Gained Gold","floor":11.0,"gold_loss":0.0,"damage_taken":0.0},{"damage_healed":0.0,"max_hp_gain":0.0,"max_hp_loss":0.0,"gold_gain":0.0,"event_name":"Addict","player_choice":"Obtained Relic","floor":19.0,"gold_loss":85.0,"damage_taken":0.0,"relics_obtained":["Lantern"]},{"damage_healed":0.0,"max_hp_gain":0.0,"max_hp_loss":0.0,"gold_gain":0.0,"event_name":"The Mausoleum","player_choice":"Opened","floor":21.0,"gold_loss":0.0,"damage_taken":0.0,"relics_obtained":["Ornamental Fan"],"cards_obtained":["Writhe"]},{"damage_healed":0.0,"max_hp_gain":0.0,"max_hp_loss":0.0,"gold_gain":100.0,"event_name":"Golden Shrine","player_choice":"Pray","floor":22.0,"gold_loss":0.0,"damage_taken":0.0},{"damage_healed":0.0,"max_hp_gain":5.0,"max_hp_loss":0.0,"gold_gain":0.0,"event_name":"Forgotten Altar","player_choice":"Shed Blood","floor":31.0,"gold_loss":0.0,"damage_taken":19.0},{"damage_healed":0,"gold_gain":0,"player_choice":"Fight","damage_taken":0,"max_hp_gain":0,"max_hp_loss":0,"event_name":"Mysterious Sphere","floor":39,"gold_loss":0},{"damage_healed":0,"gold_gain":0,"player_choice":"Max HP","damage_taken":0,"max_hp_gain":0,"max_hp_loss":4,"event_name":"Winding Halls","floor":41,"gold_loss":0},{"damage_healed":0,"gold_gain":0,"player_choice":"Fight","damage_taken":0,"max_hp_gain":0,"max_hp_loss":0,"event_name":"MindBloom","floor":44,"gold_loss":0}],"is_beta":false,"boss_relics":[{"not_picked":["Velvet Choker","Black Star"],"picked":"Runic Pyramid"},{"not_picked":["Pandora\u0027s Box","HolyWater"],"picked":"VioletLotus"}],"items_purged_floors":[29],"is_endless":false,"potions_floor_spawned":[1,4,13,18,24,39,42,46,47,48],"ascension_level":0}}