{"host":"qmdmcz5nn4dzus5k","time":1614178012,"event":{"mods":["AchievementEnabler","Act Like it!","BaseMod","Bestiary","BetterRewards","Card Filter","Displayed Cursed Tome","Minty Spire (QoL Compilation)","Quick Restart","Relic Filter","Remove Card Discount Mod","Replay The Spire","Ruina","Spicy Shops","StSLib","The Marked","TheHero","Uncapped"],"gold_per_floor":[118,118,118,118,133,167,1,1,1,22,22,22,22,66,66,190,190,210,229,229,229,253,294,294,332,383,10,30,50,50,50,50,178,478,494,1493,1578,644,644,683,704,739,739,759,782,782,802,821,821,821],"floor_reached":51,"language":"ENG","playtime":5220,"items_purged":["ReplayTheSpireMod:Splinters","Defend_P","Strike_P","Injury","Defend_P","Strike_P","Normality","Writhe","Pain","Injury","Normality","Normality","ReplayTheSpireMod:Splinters","Replay:Hum+1","Strike_P","Strike_P+1","Reaper","Replay:BluntJabs+1","Replay:Hum+1"],"score":878,"play_id":"7d8a6b33-0845-458a-8883-75788f6d27d3","local_time":"20210224094652","is_ascension_mode":false,"campfire_choices":[{"floor":8.0,"key":"REST"},{"data":"LikeWater","floor":13.0,"key":"SMITH"},{"data":"CutThroughFate","floor":15.0,"key":"SMITH"},{"data":"FlurryOfBlows","floor":24.0,"key":"SMITH"},{"data":"ruina:CobaltScar","floor":30.0,"key":"SMITH"},{"data":"TalkToTheHand","floor":32.0,"key":"SMITH"},{"data":"Bash","floor":46,"key":"SMITH"},{"floor":49,"key":"REST"}],"circlet_count":0,"master_deck":["Defend_P","Defend_P+1","Eruption+1","Prostrate","CutThroughFate+1","LikeWater+1","ThirdEye+1","ClearTheMind+1","Bash+1","Prostrate+1","Replay:Hum+1","ConjureBlade+1","FlurryOfBlows+1","ClearTheMind+1","ruina:CobaltScar+1","MasterReality","ruina:Mimicry","ruina:Mimicry","TalkToTheHand+1","EmptyBody+1","CarveReality+1","ConjureBlade+1","ConjureBlade+1","Vengeance+1","ReachHeaven","Replay:LoomingThreat","Collect+1","TalkToTheHand+1","Vault+1"],"relics":["Membership Card","Unceasing Top","Torii","ReplayTheSpireMod:CursedCoin","Regal Pillow","Thread and Needle","Golden Idol","Bottled Tornado","Toxic Egg 2","Whetstone","Replay:Ringing Soul","Replay:M_SmolderingBlood","Letter Opener","Replay:Grab Bag","Philosopher\u0027s Stone","Sozu","Black Star","Ring of Fury","Tiny Chest","Ornamental Fan","Replay:Towering Pillar of Hats","Replay:Accelerometer","Blue Doll","Pondfish Scales","Strawberry","Iron Hammer","Replay:Ancient Bell","MealTicket","Replay:Bottled Flurry","Old Coin","War Paint","Mango","Chemical X","Gremlin Horn","Blood Vial","Snack Pack","Orrery","ReplayTheSpireMod:Shallot","ReplayTheSpireMod:TigerMarble","GoldenEye","Replay:Baseball","Mercury Hourglass","Bottled Lightning"],"acts_visited":["Exordium","Exordium","TheBeyond"],"potions_floor_usage":[],"damage_taken":[{"damage":0.0,"enemies":"Small Slimes","floor":1.0,"turns":3.0},{"damage":0.0,"enemies":"Jaw Worm","floor":5.0,"turns":4.0},{"damage":27.0,"enemies":"Lagavulin","floor":6.0,"turns":6.0},{"damage":0.0,"enemies":"2 Louse","floor":10.0,"turns":2.0},{"damage":0.0,"enemies":"Gremlin Nob","floor":14.0,"turns":3.0},{"damage":18.0,"enemies":"Fading Forest","floor":16.0,"turns":11.0},{"damage":13.0,"enemies":"ruina:3_Bats","floor":18.0,"turns":5.0},{"damage":1.0,"enemies":"ruina:BadWolf","floor":19.0,"turns":5.0},{"damage":3.0,"enemies":"ruina:KingOfGreed","floor":22.0,"turns":4.0},{"damage":40.0,"enemies":"ruina:RoadHome","floor":23.0,"turns":3.0},{"damage":64.0,"enemies":"ruina:Mountain","floor":25.0,"turns":8.0},{"damage":20.0,"enemies":"ruina:Nos_and_Bat","floor":28.0,"turns":6.0},{"damage":14.0,"enemies":"ruina:QueenOfHate","floor":29.0,"turns":3.0},{"damage":14,"enemies":"ruina:Red_and_Wolf","floor":33,"turns":9},{"damage":47,"enemies":"3 Darklings","floor":35,"turns":7},{"damage":12,"enemies":"R_Hoarder","floor":40,"turns":5},{"damage":7,"enemies":"Orb Walker","floor":41,"turns":5},{"damage":19,"enemies":"Nemesis","floor":42,"turns":6},{"damage":1,"enemies":"Maw","floor":44,"turns":4},{"damage":28,"enemies":"3 Darklings","floor":45,"turns":4},{"damage":26,"enemies":"Spire Growth","floor":47,"turns":5},{"damage":23,"enemies":"Sphere and 2 Shapes","floor":48,"turns":4},{"damage":28,"enemies":"Time Eater","floor":50,"turns":5}],"seed_played":"5635199464541143651","potions_obtained":[{"floor":6.0,"key":"Swift Potion"},{"floor":10.0,"key":"Strength Potion"}],"is_trial":false,"path_per_floor":["M","?","?","?","M","E","$","R","T","M","$","?","R","E","R","B",null,"M","M","?","$","M","E","R","E","T","$","M","M","R","?","R","B",null,"M","?","?","$","T","E","M","E","T","M","M","R","M","M","R","B",null],"character_chosen":"WATCHER","items_purchased":["Membership Card","Prostrate","Unceasing Top","ReplayTheSpireMod:CursedCoin","Regal Pillow","CutThroughFate","Toxic Egg 2","Whetstone","Pondfish Scales","Strawberry","Iron Hammer","ruina:CobaltScar","MasterReality","ruina:Mimicry","Mango","Chemical X","ConjureBlade+1","Vengeance+1","ReachHeaven","Replay:LoomingThreat","Gremlin Horn","Blood Vial","Snack Pack","Orrery"],"campfire_rested":2,"item_purchase_floors":[0,0,0,0,0,0,7,7,27,27,27,27,27,27,38,38,38,38,38,38,38,38,38,38],"current_hp_per_floor":[72,72,72,72,72,45,45,72,72,75,75,78,78,81,81,66,84,74,80,83,83,83,99,99,60,60,70,71,101,101,115,115,115,118,121,124,127,144,144,134,131,116,116,119,144,144,118,109,144,120],"gold":821,"neow_bonus":"","is_daily":false,"chose_seed":false,"campfire_upgraded":6,"win_rate":0.0,"timestamp":1614178012,"path_taken":["M","?","?","?","M","E","$","R","T","M","?","?","R","E","R","BOSS","M","M","?","$","?","E","R","E","T","$","M","M","R","?","R","BOSS","M","?","?","$","?","E","M","E","T","?","M","R","?","M","R","BOSS"],"items_purchased_type":["Relic","Card","Relic","Relic","Relic","Card","Relic","Relic","Relic","Relic","Relic","Card","Card","Card","Relic","Relic","Card","Card","Card","Card","Relic","Relic","Relic","Relic"],"build_version":"2020-12-22","purchased_purges":19,"victory":true,"max_hp_per_floor":[72,72,72,72,72,72,72,72,72,75,75,78,78,81,81,84,84,87,90,93,93,96,99,99,102,102,112,115,115,115,115,115,115,118,121,124,127,144,144,144,144,144,144,144,144,144,144,144,144,144],"card_choices":[{"not_picked":["EmptyBody","Conclude"],"picked":"LikeWater","floor":1.0},{"not_picked":["InnerPeace","Replay:AtTheReady","EmptyFist"],"picked":"SKIP","floor":5.0},{"not_picked":["Replay:BluntJabs","Replay:Anticipation"],"picked":"ThirdEye","floor":6.0},{"not_picked":["Replay:ManipulateFuture+1","Halt+1"],"picked":"ClearTheMind+1","floor":10.0},{"not_picked":["WaveOfTheHand+1","LikeWater"],"picked":"Prostrate+1","floor":14.0},{"not_picked":["Bludgeon","Omniscience+1"],"picked":"Reaper","floor":16.0},{"not_picked":["Replay:AtTheReady+1","Protect+1"],"picked":"Replay:Hum+1","floor":18.0},{"not_picked":["ClearTheMind+1","Pray+1"],"picked":"Replay:BluntJabs+1","floor":19.0},{"not_picked":["Weave+1","EmptyBody+1"],"picked":"ConjureBlade+1","floor":22.0},{"not_picked":["Sanctity+1","WheelKick"],"picked":"FlurryOfBlows","floor":23.0},{"not_picked":["Clash","Swivel+1"],"picked":"ClearTheMind+1","floor":25.0},{"not_picked":["Study","PathToVictory+1"],"picked":"TalkToTheHand","floor":28.0},{"not_picked":["Replay:BluntJabs","Evaluate+1","Protect+1"],"picked":"SKIP","floor":29.0},{"not_picked":["Shame","CommonCold"],"picked":"Writhe","floor":34},{"not_picked":["ReplayTheSpireMod:Restless Dread","CurseOfTheBell"],"picked":"Pain","floor":34},{"not_picked":["Sickly","CommonCold"],"picked":"Injury","floor":34},{"not_picked":["Replay:Vibes+1","Wallop"],"picked":"EmptyBody+1","floor":35},{"not_picked":["Vengeance+1","EmptyMind+1"],"picked":"CarveReality+1","floor":37},{"not_picked":["CarveReality+1","Adaptation+1"],"picked":"Collect+1","floor":38},{"not_picked":["Consecrate","Meditate+1"],"picked":"TalkToTheHand+1","floor":38},{"not_picked":["FlyingSleeves+1","Prostrate+1"],"picked":"Vault+1","floor":38},{"not_picked":["WheelKick+1","Replay:BluntJabs"],"picked":"Replay:Hum+1","floor":38},{"not_picked":["Conclude","Evaluate+1"],"picked":"Replay:Hum+1","floor":38},{"not_picked":["Protect+1","CrushJoints+1","Establishment"],"picked":"SKIP","floor":40},{"not_picked":["Halt+1","FollowUp","CrushJoints"],"picked":"SKIP","floor":41},{"not_picked":["EmptyFist","ClearTheMind+1","Conclude"],"picked":"SKIP","floor":42},{"not_picked":["Nirvana+1","Replay:Battleflow+1","Adaptation"],"picked":"SKIP","floor":44},{"not_picked":["Halt+1","Prostrate+1","EmptyBody+1"],"picked":"SKIP","floor":45},{"not_picked":["EmptyBody+1","BowlingBash+1","Meditate+1"],"picked":"SKIP","floor":47},{"not_picked":["FlurryOfBlows","Swivel+1","CrushJoints"],"picked":"SKIP","floor":48}],"player_experience":97518,"relics_obtained":[{"floor":6.0,"key":"Bottled Tornado"},{"floor":9.0,"key":"Replay:Ringing Soul"},{"floor":14.0,"key":"Letter Opener"},{"floor":20.0,"key":"Ring of Fury"},{"floor":23.0,"key":"Tiny Chest"},{"floor":23.0,"key":"Ornamental Fan"},{"floor":25.0,"key":"Replay:Towering Pillar of Hats"},{"floor":25.0,"key":"Replay:Accelerometer"},{"floor":26.0,"key":"Blue Doll"},{"floor":37,"key":"War Paint"},{"floor":39,"key":"ReplayTheSpireMod:Shallot"},{"floor":40,"key":"ReplayTheSpireMod:TigerMarble"},{"floor":40,"key":"GoldenEye"},{"floor":42,"key":"Replay:Baseball"},{"floor":42,"key":"Mercury Hourglass"},{"floor":43,"key":"Bottled Lightning"}],"event_choices":[{"damage_healed":0.0,"max_hp_gain":0.0,"max_hp_loss":0.0,"gold_gain":0.0,"event_name":"Shining Light","player_choice":"Ignored","floor":2.0,"gold_loss":0.0,"damage_taken":0.0},{"damage_healed":0.0,"max_hp_gain":0.0,"max_hp_loss":0.0,"gold_gain":0.0,"event_name":"Golden Wing","player_choice":"Ignored","floor":3.0,"gold_loss":0.0,"damage_taken":0.0},{"damage_healed":0.0,"max_hp_gain":0.0,"max_hp_loss":0.0,"gold_gain":0.0,"event_name":"Golden Idol","player_choice":"Take Wound","floor":4.0,"gold_loss":0.0,"damage_taken":0.0,"relics_obtained":["Golden Idol"],"cards_obtained":["Injury"]},{"damage_healed":0,"gold_gain":999,"player_choice":"Gold","damage_taken":0,"max_hp_gain":0,"max_hp_loss":0,"event_name":"MindBloom","floor":36,"gold_loss":0,"cards_obtained":["Normality","Normality"]}],"is_beta":false,"boss_relics":[{"not_picked":["Honey Jar","Velvet Choker"],"picked":"Replay:Grab Bag"},{"not_picked":["Fusion Hammer","Ectoplasm"],"picked":"Philosopher\u0027s Stone"},{"not_picked":["Busted Crown","Replay:Bronze Core"],"picked":"Sozu"},{"not_picked":["VioletLotus","Calling Bell"],"picked":"Black Star"},{"not_picked":["Tiny House","Ring of Chaos"],"picked":"Replay:Ancient Bell"},{"not_picked":["Grinning Jar","Lantern"],"picked":"MealTicket"},{"not_picked":["White Beast Statue","Garlic"],"picked":"Replay:Bottled Flurry"},{"not_picked":["StoneCalendar","Lizard Tail"],"picked":"Old Coin"}],"items_purged_floors":[0,0,0,7,7,27,27,38,38,38,38,38,38,38,38,38,38,38,38],"is_endless":false,"potions_floor_spawned":[6,10,25,28,29,33,40,42,47],"ascension_level":0}}