{"host":"t5kis9necmbui802","time":1614136065,"event":{"mods":["100% Spire Juice","Act Like it!","BaseMod","CapriCore","Chen","Colored Powertips","Downfall","Gensokyo","HololiveMod","Koishi","KomeijiMod","Lobotomy","LobotomyExtend","Minty Spire (QoL Compilation)","MostiFishMod","Replay The Spire","Robot Space Explorer","Shop Mod","Spicy Shops","StSLib","The Alterego","The Immortal","TheWitcher","Uncapped","Yuri Mod","noobMod"],"gold_per_floor":[99,117,117,171,171,171,183,245,290,328,381,0,37,103,140,286,298,310,322,334,380,420,456,492,532,571,627,70,94,94,109,140,159,188,317,317,317,338,366,386,386,87,87,87,106,106,144,169,185,220,251,285,285],"floor_reached":54,"language":"ZHS","playtime":3109,"items_purged":[],"score":1213,"play_id":"40007804-507b-4ef9-acbb-bea21ead9177","local_time":"20210224110745","is_ascension_mode":true,"campfire_choices":[{"data":"hexamod:Float","floor":1,"key":"SMITH"},{"data":"hexamod:GhostOfSpirePresent","floor":20,"key":"SMITH"},{"data":"hexamod:HexaLevel","floor":37,"key":"SMITH"},{"data":"hexamod:EmpoweredFlame","floor":46,"key":"SMITH"}],"circlet_count":0,"master_deck":["hexamod:Strike","hexamod:Strike","hexamod:Strike","hexamod:Strike","hexamod:Defend","hexamod:Defend","hexamod:Defend","hexamod:Defend","hexamod:Sear","hexamod:Float+1","hexamod:EtherealExpedition","hexamod:FirstSeal","Delirium","hexamod:SuperheatedStrike","hexamod:VolcanoVisage","hexamod:SecondSeal","hexamod:GiftsFromTheDead","downfall:Icky","hexamod:GhostOfSpirePresent+1","hexamod:NightmareGuise+1","Writhe","hexamod:Haunt","hexamod:ThirdSeal","hexamod:GhostLash+1","hexamod:BurningTouch","hexamod:GhostOfSpireFuture","hexamod:UnlimitedPower","Parasite","hexamod:FastForward+1","hexamod:FlamesFromBeyond+1","hexamod:RainOfEmbers+1","hexamod:HexaLevel+1","SnafuTest:CurseRandom","hexamod:SuperheatedStrike+1","VanishingEverything+1","hexamod:SpectersWail+1","hexamod:Firestarter+1","hexamod:FourthSeal","hexamod:DynamicBlow+1","hexamod:EmpoweredFlame+1","Normality","hexamod:GhostOfSpirePresent+1","yuri:MarkovCurse","hexamod:Toasty+1","hexamod:FlamesFromBeyond","hexamod:HeatCrush+1","hexamod:Incineration+1","Gensokyo:UnlikelyAid+1","ReplayTheSpireMod:Scrap Shanks","Clumsy","Ecstasy+1","Harmony+1","Ghostly Armor+1"],"relics":["DaveBox","ice","RhineCircuit","HollowDreamFlower","LetterFromLob","Ring of Panic","Ring of Greed","Golden Idol","Tiny Chest","Simple Rune","Regal Pillow","ThornShield","OrangePellets","SynthV:MejaisSoulstealer","ReplayTheSpireMod:TigerMarble","Painkiller Herb","Replay:Kaleidoscope","Molten Egg 2","Art of War","Smiling Mask","MerchantsRug","Calipers","BrkXgEgg","Lantern","Mango","Hololive_Finger","PrismaticShard","ClockworkSouvenir","Shuriken","Bottled Flame","SentryEyes","Replay:Bandana"],"acts_visited":["Gensokyo:Gensokyo","TheCity","Gensokyo:Gensokyoest"],"potions_floor_usage":[11,16,16,35,38,38,52],"damage_taken":[{"damage":7,"enemies":"Gensokyo:Python","floor":2,"turns":3},{"damage":24,"enemies":"Gensokyo:Aya","floor":9,"turns":6},{"damage":14,"enemies":"Gensokyo:Mamizou","floor":11,"turns":9},{"damage":13,"enemies":"Gensokyo:3_Fairies","floor":13,"turns":4},{"damage":5,"enemies":"Gensokyo:Aya","floor":14,"turns":3},{"damage":12,"enemies":"Gensokyo:Gryphon","floor":15,"turns":3},{"damage":2,"enemies":"WA_ARCHETYPE_RETAIN","floor":16,"turns":6},{"damage":14,"enemies":"3 Byrds","floor":21,"turns":4},{"damage":28,"enemies":"Shell Parasite","floor":22,"turns":5},{"damage":0,"enemies":"Snecko","floor":23,"turns":4},{"damage":88,"enemies":"Cultist and Chosen","floor":24,"turns":7},{"damage":0,"enemies":"Centurion and Healer","floor":25,"turns":4},{"damage":1,"enemies":"Book of Stabbing","floor":27,"turns":4},{"damage":0,"enemies":"downfall:FleeingMerchant","floor":28,"turns":4},{"damage":0,"enemies":"Shelled Parasite and Fungi","floor":29,"turns":1},{"damage":0,"enemies":"Snake Plant","floor":31,"turns":1},{"damage":34,"enemies":"Slavers","floor":32,"turns":3},{"damage":0,"enemies":"Centurion and Healer","floor":33,"turns":1},{"damage":8,"enemies":"Snecko","floor":34,"turns":3},{"damage":14,"enemies":"SI_MIRROR_ARCHETYPE","floor":35,"turns":5},{"damage":0,"enemies":"Gensokyo:AncientGuardian","floor":38,"turns":1},{"damage":22,"enemies":"Gensokyo:3_Bats","floor":39,"turns":3},{"damage":0,"enemies":"Gensokyo:3_Boulders","floor":40,"turns":2},{"damage":0,"enemies":"Gensokyo:3_Boulders","floor":41,"turns":3},{"damage":0,"enemies":"Gensokyo:Dusk_and_Dawn","floor":45,"turns":1},{"damage":4,"enemies":"Gensokyo:Kasen","floor":47,"turns":3},{"damage":0,"enemies":"Gensokyo:SeedOfUnknown","floor":48,"turns":1},{"damage":0,"enemies":"Gensokyo:4_Bats","floor":49,"turns":1},{"damage":0,"enemies":"Gensokyo:Doremy","floor":50,"turns":3},{"damage":5,"enemies":"Gensokyo:Dusk_and_Dawn","floor":51,"turns":1},{"damage":9,"enemies":"IC_BLOCK_ARCHETYPE","floor":52,"turns":4}],"seed_played":"-2321967255711514541","potions_obtained":[{"floor":4,"key":"Elixir"},{"floor":4,"key":"CalmPotion"},{"floor":4,"key":"Languid Potion"},{"floor":11,"key":"Death Potion"},{"floor":13,"key":"LiquidMemories"},{"floor":14,"key":"Elixir"},{"floor":21,"key":"BlessingOfTheForge"},{"floor":25,"key":"Weak Potion"},{"floor":31,"key":"FearPotion"},{"floor":32,"key":"Fire Potion"},{"floor":33,"key":"SteroidPotion"},{"floor":35,"key":"Venom Potion"},{"floor":39,"key":"Energy Potion"},{"floor":39,"key":"Weak Potion"},{"floor":49,"key":"Elixir"}],"is_trial":false,"path_per_floor":["R","M","?","?","?","?","T","?","E","T","E","COS","M","E","M","B",null,"PTL","PTL","T","?","?","?","?","?","T","E","T","?","?","?","E","?","?","B",null,"T","?","?","?","?","COS","T","T","?","T","E","?","?","E","?","B",null,null],"character_chosen":"THE_SPIRIT","items_purchased":["MerchantsRug","Calipers","BrkXgEgg","Lantern"],"campfire_rested":0,"item_purchase_floors":[28,28,28,28],"current_hp_per_floor":[70,63,70,53,50,35,35,35,22,22,18,18,9,15,14,78,78,78,78,78,71,54,65,89,100,100,110,121,123,123,123,103,107,103,100,152,152,152,137,141,141,141,141,141,145,145,145,149,153,157,152,147,147],"gold":285,"neow_bonus":"BOSS_RELIC","is_daily":false,"chose_seed":false,"campfire_upgraded":4,"win_rate":0.0,"timestamp":1614136065,"path_taken":["R","M","?","?","?","?","T","?","E","?","E","COS","M","E","M","BOSS","PTL","PTL","T","?","?","?","?","?","T","E","T","?","?","?","E","?","?","BOSS","T","?","?","?","?","COS","T","?","?","T","E","?","?","E","?","BOSS"],"items_purchased_type":["Relic","Relic","Relic","Card"],"build_version":"2020-12-22","purchased_purges":0,"victory":true,"max_hp_per_floor":[70,70,70,70,77,77,77,77,77,77,77,77,77,77,77,78,78,78,78,78,92,98,100,110,112,112,118,123,123,123,123,142,142,143,152,152,152,152,154,154,154,154,154,154,154,154,154,154,154,157,157,160,160],"card_choices":[{"not_picked":["hexamod:HauntingEcho","hexamod:FastForward"],"picked":"hexamod:EtherealExpedition","floor":2},{"not_picked":["hexamod:ThermalTransfer","hexamod:SoulSteal"],"picked":"hexamod:FirstSeal","floor":4},{"not_picked":["hexamod:Firestarter","hexamod:ShieldOfDarkness"],"picked":"hexamod:SuperheatedStrike","floor":9},{"not_picked":["hexamod:SpectralSpark","hexamod:NightmareGuise"],"picked":"hexamod:VolcanoVisage","floor":11},{"not_picked":["hexamod:FirstSeal","hexamod:SuperheatedStrike"],"picked":"hexamod:SecondSeal","floor":13},{"not_picked":["hexamod:TurnItUp","hexamod:SwordOfDarkness"],"picked":"hexamod:GiftsFromTheDead","floor":14},{"not_picked":["hexamod:CatchUp","hexamod:AdvancingGuard","hexamod:BacktrackSmack"],"picked":"SKIP","floor":15},{"not_picked":["hexamod:ParanormalForm","hexamod:UnleashSpirits"],"picked":"hexamod:GhostOfSpirePresent","floor":16},{"not_picked":["hexamod:SpectralSpark","hexamod:ThermalTransfer"],"picked":"hexamod:NightmareGuise+1","floor":21},{"not_picked":["hexamod:ThermalTransfer","hexamod:PowerFromBeyond"],"picked":"hexamod:Haunt","floor":22},{"not_picked":["hexamod:ThermalTransfer","hexamod:Hexaguard"],"picked":"hexamod:ThirdSeal","floor":23},{"not_picked":["hexamod:InspiringFlames","hexamod:SpectralSpark"],"picked":"hexamod:GhostLash+1","floor":24},{"not_picked":["hexamod:FlamesFromBeyond","hexamod:EtherealExpedition"],"picked":"hexamod:BurningTouch","floor":24},{"not_picked":["hexamod:AdvancingGuard+1","hexamod:PhantomCloak"],"picked":"hexamod:GhostOfSpireFuture","floor":25},{"not_picked":["hexamod:InspiringFlames+1","hexamod:BurningTouch+1"],"picked":"hexamod:UnlimitedPower","floor":25},{"not_picked":["hexamod:SuperheatedStrike+1","hexamod:ChargedBarrage+1"],"picked":"hexamod:FastForward+1","floor":27},{"not_picked":["hexamod:ForkedFlame+1","hexamod:NightmareGuise"],"picked":"hexamod:FlamesFromBeyond+1","floor":27},{"not_picked":["hexamod:ExtraCrispy+1","hexamod:BurningTouch"],"picked":"hexamod:RainOfEmbers+1","floor":28},{"not_picked":["hexamod:FastForward","hexamod:Hexaguard+1"],"picked":"hexamod:HexaLevel","floor":28},{"not_picked":["hexamod:ShieldOfDarkness","hexamod:RetreatToShadows"],"picked":"hexamod:SuperheatedStrike+1","floor":29},{"not_picked":["hexamod:InspiringFlames","hexamod:BurningTouch"],"picked":"hexamod:SpectersWail+1","floor":31},{"not_picked":["hexamod:GhostflameBarrier","hexamod:NightmareStrike+1"],"picked":"hexamod:Firestarter+1","floor":32},{"not_picked":["hexamod:FastForward","hexamod:GhostShield"],"picked":"hexamod:FourthSeal","floor":32},{"not_picked":["hexamod:FirstSeal","hexamod:SuperheatedStrike+1"],"picked":"hexamod:DynamicBlow+1","floor":33},{"not_picked":["hexamod:Firestarter+1","hexamod:AdvancingGuard+1"],"picked":"hexamod:EmpoweredFlame","floor":34},{"not_picked":["hexamod:InspiringFlames","hexamod:SkipABeat"],"picked":"hexamod:GhostOfSpirePresent+1","floor":34},{"not_picked":["hexamod:FlameSwitch+1","hexamod:SearingWound+1"],"picked":"hexamod:Toasty+1","floor":35},{"not_picked":["hexamod:BurningTouch","hexamod:AdvancingGuard"],"picked":"hexamod:RainOfEmbers+1","floor":38},{"not_picked":["hexamod:Again","hexamod:PowerFromBeyond"],"picked":"hexamod:FlamesFromBeyond","floor":39},{"not_picked":["hexamod:StepThrough+1","hexamod:Hexaguard"],"picked":"hexamod:HeatCrush+1","floor":39},{"not_picked":["hexamod:BacktrackSmack+1","hexamod:NightmareGuise"],"picked":"hexamod:Incineration+1","floor":40},{"not_picked":["Gensokyo:LifeSpringInfinity+1","Gensokyo:DreamlikeParadise+1"],"picked":"Gensokyo:UnlikelyAid+1","floor":41},{"not_picked":["Chen:Barrier+1","SnafuTest:Portal","sneckomod:UnknownClassSLIMEBOUND+1"],"picked":"SKIP","floor":45},{"not_picked":["MokouMod:Rebirth+1","RobotSpaceExplorer:ToxicBomb"],"picked":"ReplayTheSpireMod:Scrap Shanks","floor":47},{"not_picked":["Replay:AtTheReady","SpringWind+","MokouMod:Overheat+1"],"picked":"SKIP","floor":48},{"not_picked":["sneckomod:UnknownCommonAttack+1","RobotSpaceExplorer:Probe+1"],"picked":"Ecstasy+1","floor":49},{"not_picked":["hexamod:SuperheatedStrike+1","champ:PreciseThrust+1"],"picked":"Harmony+1","floor":50},{"not_picked":["Moonworks:SweetBattle","hexamod:ShieldOfDarkness"],"picked":"Ghostly Armor+1","floor":50},{"not_picked":["SnafuTest:RecklessBlow+1","Wingbeat+1","alterego_mod:Belle+1"],"picked":"SKIP","floor":51}],"player_experience":452888,"relics_obtained":[{"floor":2,"key":"LetterFromLob"},{"floor":7,"key":"Matryoshka"},{"floor":8,"key":"Ring of Panic"},{"floor":8,"key":"Ring of Greed"},{"floor":8,"key":"Golden Idol"},{"floor":8,"key":"Tiny Chest"},{"floor":9,"key":"Simple Rune"},{"floor":10,"key":"Regal Pillow"},{"floor":10,"key":"Omamori"},{"floor":11,"key":"ThornShield"},{"floor":14,"key":"ReplayTheSpireMod:TigerMarble"},{"floor":26,"key":"Molten Egg 2"},{"floor":26,"key":"Art of War"},{"floor":27,"key":"Smiling Mask"},{"floor":32,"key":"Mango"},{"floor":43,"key":"Shuriken"},{"floor":44,"key":"Bottled Flame"},{"floor":47,"key":"SentryEyes"},{"floor":50,"key":"Replay:Bandana"}],"event_choices":[],"is_beta":false,"boss_relics":[{"not_picked":["Velvet Choker","HereWithMe"],"picked":"Painkiller Herb"},{"not_picked":["Runic Dome","Philosopher\u0027s Stone"],"picked":"Hololive_Finger"}],"items_purged_floors":[],"is_endless":false,"potions_floor_spawned":[9,11,13,14,15,21,25,31,32,33,35,39,49,50,51],"ascension_level":2}}