{"host":"0rn20prxkpuv2e47","time":1614168433,"event":{"mods":["100% Spire Juice","ATMod(阿瑾Mod)","Act Like it!","Arknights","Aspiration","BaseMod","Challenge The Spire","Downfall","Friendly Minions","Gensokyo","Hermit","Koishi","Minty Spire (QoL Compilation)","MostiFishMod","Reimu（博丽灵梦）","Remilia（蕾米莉亚）","Robot Space Explorer","StSLib","The Alterego","The Animator","The Construct","The Cursed","The Mystic","The Runesmith","The Servant 0.9.4","Warlord Emblem","[GremlinLeader]The Maniac","[IsaacMod]以撒尖塔","[功能]功能增强和修复MOD","noobMod","【功能Mod】聪明的最终Boss","【遗物卡牌】REMEMod"],"gold_per_floor":[112,112,112,67,87,87,137,137,164,164,4,4,4,24,24,123,123,138,238,45,60,40,40,68,68,68,68,68,282,607,607,607,1004,1004,1021,1021,931,931,931,951,951,951,951,941,941,941,953,976,976,978],"floor_reached":51,"language":"ZHS","playtime":1905,"items_purged":["Clumsy","ats:Strike V","ats:Defend","ats:Strike S","ats:Defend","ats:Defend","ats:Defend","ats:Strike G","ats:Strike C","ats:Consecutive Shot Auto","ats:Armor Crushing Shot","ats:Rapid Magazine","AT_HeatAcrobatics","MostiFishMod:PerfectForm+1","EpicFetus"],"score":943,"play_id":"7c46b898-60fc-482a-8150-4a2a8448dc40","local_time":"20210224200713","is_ascension_mode":false,"campfire_choices":[{"data":"MostiFishMod:PerfectForm","floor":6,"key":"SMITH"},{"data":"ats:Shadow Assault","floor":8,"key":"SMITH"},{"data":"ats:Flexible Camouflage","floor":15,"key":"SMITH"},{"data":"ats:Emotion Absorption","floor":23,"key":"SMITH"},{"data":"ats:Flame Of Heaven","floor":32,"key":"SMITH"},{"data":"ats:Flame Of Heaven","floor":41,"key":"SMITH"},{"data":"REME_ShortnessOfBreath","floor":49,"key":"SMITH"}],"circlet_count":0,"master_deck":["ats:Emotion Absorption+1","ats:Assault Order","ats:Shadow Assault+1","ats:Volcano","ats:Flexible Camouflage+1","ats:Burning Ground","ats:Flame Of Heaven+1","ats:Volcano","ats:Burning Ground+1","ats:Burning Ground","REME_TwoStrings+1","MostiFishMod:PerfectForm+1","ats:Assault Order","ats:Flame Of Heaven+1","MostiFishMod:KingOfFree","Gensokyo:ShootingStar","REME_ShortnessOfBreath+1","ats:Assault Order","ats:Support Order","REME_MagicPocketWatch","Gensokyo:CustomPotion","ats:Burning Ground"],"relics":["ats:Sanity","ice","AT_ATBox","REME_ComplimentaryCards","HushsDoor","DaveBox","ArrowTower","HowToJump","aspiration:Nostalgia","ScarletHat","SynthV:TestCard","Gensokyo:NagashiBinaDoll","ats:Special","MostiFishMod:Haymaker","ats:Remnant Ash","Shuriken","WarlordEmblem:MantleWalana","Civilization","Gensokyo:Justice","BelialBook","Bronze Scales","ats:Defend","SlaversCollar","GuppysHead","YumHeart","ats:Attack","Dream Catcher","WarlordEmblem:KitchenKnife","ats:Arts","ats:Originium","WarlordEmblem:QuestMage","Letter Opener","ats:Snipe","Gensokyo:RedStar","ChiXiaoBlade","Damocles","aspiration:StickyExplosives","Boot","Ornamental Fan","Orrery","Blood Vial","NineVolt","Gensokyo:DualWield","Toxic Egg 2","AT_ForceNature","WarlordEmblem:MantleCaireseth","WarlordEmblem:MantleMarkzar","aspiration:HiddenCompartment","Strange Spoon","Gensokyo:EmptyGrave","Lizard Tail","WarlordEmblem:MantleJean","AT_BellDemon"],"acts_visited":["Gensokyo:Gensokyo","Gensokyo:Gensokyoer","Gensokyo:Gensokyoest"],"potions_floor_usage":[],"damage_taken":[{"damage":0,"enemies":"Gensokyo:3_Fairies","floor":1,"turns":3},{"damage":0,"enemies":"Gensokyo:2_Kodama","floor":5,"turns":1},{"damage":29,"enemies":"Hiden Room Battle","floor":7,"turns":3},{"damage":6,"enemies":"Gensokyo:Python","floor":14,"turns":3},{"damage":30,"enemies":"Gensokyo:Kokoro","floor":16,"turns":6},{"damage":7,"enemies":"Gensokyo:CosmicMonolith","floor":18,"turns":3},{"damage":15,"enemies":"Gensokyo:CosmicMonolith","floor":19,"turns":6},{"damage":0,"enemies":"Gensokyo:2_Gloops","floor":21,"turns":3},{"damage":0,"enemies":"Gensokyo:Koishi","floor":24,"turns":4},{"damage":12,"enemies":"Gensokyo:Monolith_and_Dog","floor":29,"turns":4},{"damage":0,"enemies":"Gensokyo:Eternal_Rivals","floor":33,"turns":5},{"damage":0,"enemies":"Gensokyo:3_Boulders","floor":35,"turns":2},{"damage":14,"enemies":"Gensokyo:3_Bats","floor":40,"turns":2},{"damage":14,"enemies":"Gensokyo:Dusk_and_Dawn","floor":47,"turns":3},{"damage":0,"enemies":"Gensokyo:Yuyuko","floor":50,"turns":4}],"seed_played":"3984491142658969445","potions_obtained":[{"floor":14,"key":"DistilledChaos"},{"floor":14,"key":"EssenceOfSteel"},{"floor":18,"key":"ats:Burn Small Potion"}],"is_trial":false,"path_per_floor":["M","?","?","$","M","R","?","R","T","?","COS","?","$","M","R","B",null,"M","?","COS","M","$","R","E","?","T","?","$","M","?","?","R","B",null,"M","$","?","$","?","M","R","T","T","$","?","T","M","T","R","B",null],"character_chosen":"DOCTOR_CLASS","items_purchased":["ats:Special","MostiFishMod:Haymaker","MostiFishMod:PerfectForm","ats:Remnant Ash","ats:Assault Order","ats:Shadow Assault","BelialBook","Bronze Scales","ats:Defend","ats:Burning Ground","ats:Flame Of Heaven","Dream Catcher","WarlordEmblem:KitchenKnife","ats:Arts","WarlordEmblem:QuestMage","Letter Opener","ats:Snipe","ats:Assault Order","ats:Flame Of Heaven","MostiFishMod:KingOfFree","Damocles","REME_ShortnessOfBreath","Boot","Ornamental Fan","ats:Assault Order","ats:Support Order","REME_MagicPocketWatch","Orrery","Blood Vial","NineVolt","ats:Burning Ground","WarlordEmblem:MantleMarkzar","aspiration:HiddenCompartment","Strange Spoon"],"campfire_rested":0,"item_purchase_floors":[4,4,4,4,4,4,13,13,13,13,13,22,22,22,28,28,28,28,28,28,34,34,36,36,36,36,36,36,38,38,38,44,44,44],"current_hp_per_floor":[72,72,72,72,72,72,43,43,43,43,43,43,43,38,38,32,75,71,60,60,65,65,65,72,72,72,72,72,70,70,70,70,104,92,97,97,97,97,97,94,94,94,94,94,94,94,89,99,99,104],"gold":978,"neow_bonus":"NOSTALGIA","is_daily":false,"chose_seed":false,"campfire_upgraded":7,"win_rate":0.0,"timestamp":1614168433,"path_taken":["M","?","?","$","?","R","?","R","T","?","COS","?","$","?","R","BOSS","M","?","COS","M","$","R","E","?","T","?","$","?","?","?","R","BOSS","M","$","?","$","?","M","R","?","T","$","?","?","?","?","R","BOSS"],"items_purchased_type":["Relic","Relic","Card","Relic","Card","Card","Relic","Relic","Card","Card","Card","Relic","Relic","Relic","Relic","Relic","Relic","Card","Card","Card","Relic","Card","Relic","Relic","Card","Card","Card","Relic","Relic","Relic","Card","Relic","Relic","Relic"],"build_version":"2020-12-22","purchased_purges":15,"victory":true,"max_hp_per_floor":[72,72,72,72,72,72,72,72,72,72,72,72,72,73,73,75,75,78,82,82,87,87,87,92,92,92,92,92,99,99,99,99,104,92,97,97,97,97,97,102,102,102,102,102,94,94,99,99,99,104],"card_choices":[{"not_picked":[],"picked":"EpicFetus","floor":0},{"not_picked":["ats:Red Shift","ats:Flexible Camouflage"],"picked":"ats:Support Order","floor":1},{"not_picked":["ats:Soul Absorption","ats:Very Hot Blade","ats:Shell Defense","ats:Revitalization"],"picked":"ats:Rapid Magazine","floor":5},{"not_picked":["ats:Ignite","ats:Healing Strengthening","ats:Guard Mode","ats:Very Hot Blade"],"picked":"ats:Volcano","floor":7},{"not_picked":["ats:Absolute Focus","ats:Flexible Camouflage","ats:Shell Defense","ats:Hammer On"],"picked":"ats:Consecutive Shot Auto","floor":10},{"not_picked":["ats:Explosion Area Strengthen","ats:Blood Oath","ats:Very Hot Blade","ats:Absolute Focus"],"picked":"ats:Flexible Camouflage","floor":10},{"not_picked":["ats:Curse Doll","ats:Healing Strengthening","ats:Revitalization","ats:Cat Scratch","ats:Flexible Camouflage"],"picked":"SKIP","floor":14},{"not_picked":["ats:Durian","ats:Calcification","ats:Echo Reverb","ats:Ambush"],"picked":"ats:Volcano","floor":16},{"not_picked":["ats:Powerful Strike+1","ats:Hook Shot+1","ats:Explosion Area Strengthen","ats:Apocalypse+1","ats:Poison Spread+1"],"picked":"SKIP","floor":18},{"not_picked":["ats:Chain Hook+1","ats:Hammer On","ats:Healing Drone","ats:Ignite+1"],"picked":"ats:Burning Ground+1","floor":21},{"not_picked":["ats:Powerful Strike+1","ats:Shadow Raid","ats:Part Time Job","ats:Directed Diagnosis"],"picked":"ats:Burning Ground","floor":24},{"not_picked":["ats:Flexible Camouflage","ats:Apocalypse","ats:Collapsing Strike","ats:Defend Order","ats:Magnetic Hammer"],"picked":"Singing Bowl","floor":29},{"not_picked":[],"picked":"Gensokyo:ShootingStar","floor":33},{"not_picked":["ats:Cat Scratch","ats:Spore Proliferation+1","ats:Revitalization","ats:Flexible Camouflage+1","ats:Apocalypse"],"picked":"SKIP","floor":35},{"not_picked":["ats:Apocalypse+1","ats:Sashimi Platter","ats:Automatic Cover+1","ats:Literary Storm+1","ats:Healing Drone+1"],"picked":"SKIP","floor":40},{"not_picked":["ats:Overload","ats:Hook Shot+1","ats:Encircling Forest+1","ats:Absolute Focus+1","ats:Curse Doll+1"],"picked":"SKIP","floor":47}],"player_experience":173360,"relics_obtained":[{"floor":1,"key":"SynthV:TestCard"},{"floor":7,"key":"Shuriken"},{"floor":7,"key":"WarlordEmblem:MantleWalana"},{"floor":19,"key":"GuppysHead"},{"floor":19,"key":"YumHeart"},{"floor":24,"key":"ats:Originium"},{"floor":26,"key":"Singing Bowl"},{"floor":35,"key":"aspiration:StickyExplosives"},{"floor":40,"key":"Toxic Egg 2"},{"floor":42,"key":"AT_ForceNature"},{"floor":43,"key":"WarlordEmblem:MantleCaireseth"},{"floor":46,"key":"Lizard Tail"},{"floor":47,"key":"WarlordEmblem:MantleJean"},{"floor":48,"key":"AT_BellDemon"}],"event_choices":[{"damage_healed":0,"gold_gain":0,"player_choice":"Fight","damage_taken":0,"max_hp_gain":0,"max_hp_loss":0,"event_name":"HidenRoomEvent","floor":7,"gold_loss":0}],"is_beta":false,"boss_relics":[{"not_picked":["ats:Tactical Delivery","FixedStarFall"],"picked":"SlaversCollar"},{"not_picked":[]},{"not_picked":["Busted Crown","RhineSuit"],"picked":"ChiXiaoBlade"},{"not_picked":[]}],"items_purged_floors":[4,4,4,4,4,4,4,4,4,22,22,22,22,44,44],"is_endless":false,"potions_floor_spawned":[1,7,14,14,16,16,18,19,29,29,33,35,40,40,47],"ascension_level":0}}