{"host":"4i5my69dv6e41930","time":1614150631,"event":{"mods":["AchievementEnabler","BaseMod","Minty Spire (QoL Compilation)","Relic Stats"],"gold_per_floor":[119,119,131,144,155,155,167,199,199,199,215,215,231,220,220,291,291,303,303,175,187,187,187,187],"floor_reached":23,"language":"ENG","playtime":1080,"items_purged":["Decay"],"score":351,"play_id":"7bff158f-37f9-4658-83db-5e0c85602391","local_time":"20210224021031","is_ascension_mode":true,"campfire_choices":[{"data":"Deadly Poison","floor":6.0,"key":"SMITH"},{"floor":15,"key":"REST"}],"circlet_count":0,"master_deck":["AscendersBane","Strike_G","Strike_G","Strike_G","Defend_G","Defend_G","Defend_G","Defend_G","Defend_G","Survivor","Neutralize","Dagger Throw","Footwork","Footwork","Deadly Poison+1","Dagger Spray","Predator","Calculated Gamble","Bouncing Flask","Blade Dance","Venomology","PiercingWail","Backflip","Terror","Concentrate"],"relics":["Ring of the Snake","Lantern","Tough Bandages","Coffee Dripper"],"acts_visited":["Exordium","TheCity"],"potions_floor_usage":[16],"damage_taken":[{"damage":6.0,"enemies":"Small Slimes","floor":1.0,"turns":4.0},{"damage":2.0,"enemies":"Jaw Worm","floor":3.0,"turns":3.0},{"damage":6.0,"enemies":"2 Louse","floor":4.0,"turns":3.0},{"damage":2.0,"enemies":"Looter","floor":5.0,"turns":4.0},{"damage":8.0,"enemies":"3 Louse","floor":7.0,"turns":4.0},{"damage":36.0,"enemies":"Gremlin Nob","floor":8.0,"turns":5.0},{"damage":0.0,"enemies":"Red Slaver","floor":11.0,"turns":3.0},{"damage":0.0,"enemies":"Looter","floor":13.0,"turns":3.0},{"damage":0,"enemies":"Exordium Thugs","floor":14,"turns":5},{"damage":6,"enemies":"Hexaghost","floor":16,"turns":11},{"damage":16,"enemies":"Spheric Guardian","floor":18,"turns":5},{"damage":3,"enemies":"Shell Parasite","floor":21,"turns":5}],"seed_played":"-8234668291390470444","potions_obtained":[{"floor":5.0,"key":"Ancient Potion"},{"floor":11.0,"key":"SkillPotion"},{"floor":13.0,"key":"GamblersBrew"},{"floor":14,"key":"FairyPotion"}],"is_trial":false,"path_per_floor":["M","?","M","M","M","R","M","E","T","?","M","?","M","M","R","B",null,"M","?","$","M","?","R"],"character_chosen":"THE_SILENT","items_purchased":["PiercingWail"],"campfire_rested":1,"item_purchase_floors":[20],"current_hp_per_floor":[53,58,56,50,48,48,40,4,4,4,4,4,4,4,25,19,58,42,42,42,39,39,39,39],"gold":187,"neow_bonus":"RANDOM_COMMON_RELIC","is_daily":false,"chose_seed":false,"campfire_upgraded":1,"win_rate":0.0,"timestamp":1614150631,"path_taken":["M","?","M","M","M","R","M","E","T","?","M","?","M","M","R","BOSS","M","?","$","M","?","R"],"items_purchased_type":["Card"],"build_version":"2020-12-22","purchased_purges":1,"victory":false,"max_hp_per_floor":[66,71,71,71,71,71,71,71,71,71,71,71,71,71,71,71,71,71,71,71,71,71,71,71],"relic_stats":{"Tough Bandages":[81],"counters":[12,55],"obtain_stats":[{"Lantern":0,"Tough Bandages":8,"Coffee Dripper":17,"Ring of the Snake":0},{"Lantern":0,"Tough Bandages":6,"Coffee Dripper":10,"Ring of the Snake":0},{"Lantern":0,"Tough Bandages":23,"Coffee Dripper":45,"Ring of the Snake":0}],"Ring of the Snake":[24]},"card_choices":[{"not_picked":["Outmaneuver","PiercingWail"],"picked":"Dagger Throw","floor":1.0},{"not_picked":["Quick Slash","Escape Plan"],"picked":"Footwork","floor":3.0},{"not_picked":["Escape Plan","Terror"],"picked":"Footwork","floor":4.0},{"not_picked":["Poisoned Stab","Heel Hook"],"picked":"Deadly Poison","floor":5.0},{"not_picked":["Backflip","Acrobatics"],"picked":"Dagger Spray","floor":7.0},{"not_picked":["Deflect","Dagger Throw"],"picked":"Predator","floor":8.0},{"not_picked":["Dagger Throw","Choke"],"picked":"Calculated Gamble","floor":11.0},{"not_picked":["Bane","Dagger Throw"],"picked":"Bouncing Flask","floor":13.0},{"not_picked":["Deflect","Cloak And Dagger"],"picked":"Blade Dance","floor":14},{"not_picked":["Glass Knife","Unload"],"picked":"Venomology","floor":16},{"not_picked":["Poisoned Stab","Tactician+1","Underhanded Strike+1"],"picked":"SKIP","floor":18},{"not_picked":["Caltrops","Bouncing Flask"],"picked":"Backflip","floor":21}],"player_experience":143086,"relics_obtained":[{"floor":8.0,"key":"Tough Bandages"}],"event_choices":[{"damage_healed":0.0,"max_hp_gain":5.0,"max_hp_loss":0.0,"gold_gain":0.0,"event_name":"Big Fish","player_choice":"Donut","floor":2.0,"gold_loss":0.0,"damage_taken":0.0},{"damage_healed":0.0,"max_hp_gain":0.0,"max_hp_loss":0.0,"gold_gain":0.0,"event_name":"Liars Game","player_choice":"Ignored","floor":10.0,"gold_loss":0.0,"damage_taken":0.0},{"damage_healed":0.0,"max_hp_gain":0.0,"max_hp_loss":0.0,"gold_gain":0.0,"event_name":"Scrap Ooze","player_choice":"Fled","floor":12.0,"gold_loss":0.0,"damage_taken":0.0},{"damage_healed":0,"gold_gain":0,"player_choice":"Smashed Altar","damage_taken":0,"max_hp_gain":0,"max_hp_loss":0,"event_name":"Forgotten Altar","floor":19,"gold_loss":0,"cards_obtained":["Decay"]},{"damage_healed":0,"gold_gain":0,"cards_transformed":["Strike_G","Strike_G"],"player_choice":"Became Test Subject","damage_taken":0,"max_hp_gain":0,"max_hp_loss":0,"event_name":"Drug Dealer","floor":22,"gold_loss":0,"cards_obtained":["Terror","Concentrate"]}],"is_beta":false,"boss_relics":[{"not_picked":["SacredBark","Snecko Eye"],"picked":"Coffee Dripper"}],"items_purged_floors":[20],"is_endless":false,"potions_floor_spawned":[5,11,13,14,18],"ascension_level":16}}