{"host":"a57oumegxze0vmhs","time":1614165275,"event":{"mods":["AchievementEnabler","BaseMod","Colored Powertips","Minty Spire (QoL Compilation)","Quick Restart","Relic Stats"],"gold_per_floor":[52,117,117,134,134,153,187,187,197,197,229,49,68,84,84,84,159,159,179,192,192,192,192,226,226,245,245,245,143,177,194,214,214,292,292,305,305,324,324,342,342,342],"floor_reached":40,"language":"ENG","playtime":2467,"items_purged":["Strike_G"],"score":723,"play_id":"97ce8cf4-1897-4064-9532-c3b2959a90d3","local_time":"20210224131435","is_ascension_mode":true,"campfire_choices":[{"floor":7,"key":"REST"},{"floor":15,"key":"REST"},{"floor":24,"key":"REST"},{"floor":27,"key":"REST"},{"floor":32,"key":"REST"}],"circlet_count":0,"master_deck":["AscendersBane","Strike_G","Strike_G","Strike_G","Defend_G","Defend_G","Defend_G","Defend_G","Defend_G","Survivor","Neutralize","Cloak And Dagger","Deadly Poison","Escape Plan","Deadly Poison","Blade Dance","Noxious Fumes","Prepared","Bane","Corpse Explosion","Predator+1","Backflip","Bullet Time","Leg Sweep","Calculated Gamble+1","Envenom","Storm of Steel"],"relics":["Ring of the Serpent","Smiling Mask","Ornamental Fan","TungstenRod","Akabeko","Paper Crane","SlaversCollar","Centennial Puzzle","Blue Candle","Tiny Chest","Dead Branch","Bag of Marbles"],"acts_visited":["Exordium","TheCity","TheBeyond"],"potions_floor_usage":[6,16,29,33,33,40,40,40,40],"damage_taken":[{"damage":0.0,"enemies":"2 Louse","floor":1.0,"turns":3.0},{"damage":1.0,"enemies":"Jaw Worm","floor":3.0,"turns":5.0},{"damage":2.0,"enemies":"Cultist","floor":5.0,"turns":5.0},{"damage":35,"enemies":"Lagavulin","floor":6,"turns":8},{"damage":17,"enemies":"Exordium Thugs","floor":8,"turns":6},{"damage":40,"enemies":"Gremlin Nob","floor":10,"turns":5},{"damage":2,"enemies":"Blue Slaver","floor":12,"turns":4},{"damage":0,"enemies":"3 Louse","floor":13,"turns":5},{"damage":13,"enemies":"The Guardian","floor":16,"turns":10},{"damage":21,"enemies":"Spheric Guardian","floor":18,"turns":6},{"damage":5,"enemies":"Chosen","floor":19,"turns":4},{"damage":50,"enemies":"Book of Stabbing","floor":23,"turns":6},{"damage":16,"enemies":"Centurion and Healer","floor":25,"turns":3},{"damage":10,"enemies":"Slavers","floor":29,"turns":4},{"damage":3,"enemies":"Shelled Parasite and Fungi","floor":30,"turns":5},{"damage":6,"enemies":"Snake Plant","floor":31,"turns":4},{"damage":16,"enemies":"Automaton","floor":33,"turns":10},{"damage":0,"enemies":"3 Shapes","floor":35,"turns":5},{"damage":13,"enemies":"3 Darklings","floor":37,"turns":2},{"damage":51,"enemies":"Writhing Mass","floor":39,"turns":8},{"damage":23,"enemies":"Nemesis","floor":40,"turns":4}],"seed_played":"-9176852269212849497","potions_obtained":[{"floor":3.0,"key":"Poison Potion"},{"floor":5.0,"key":"CultistPotion"},{"floor":10,"key":"Strength Potion"},{"floor":29,"key":"Block Potion"},{"floor":35,"key":"FearPotion"},{"floor":36,"key":"Ancient Potion"},{"floor":36,"key":"EntropicBrew"}],"is_trial":false,"path_per_floor":["M","?","M","?","M","E","R","M","T","E","$","M","M","T","R","B",null,"M","M","?","?","T","E","R","M","T","R","$","E","M","M","R","B",null,"M","?","M","?","M","E"],"character_chosen":"THE_SILENT","items_purchased":["Akabeko","Noxious Fumes","Poison Potion"],"campfire_rested":5,"item_purchase_floors":[11,11,28],"current_hp_per_floor":[25,70,70,69,77,75,40,63,46,46,6,6,4,4,4,27,14,61,40,35,60,60,60,10,33,17,17,40,40,30,27,21,44,28,65,65,65,52,52,1,0,0],"gold":342,"neow_bonus":"TEN_PERCENT_HP_BONUS","is_daily":false,"chose_seed":false,"campfire_upgraded":0,"win_rate":0.0,"timestamp":1614165275,"path_taken":["M","?","M","?","M","E","R","M","T","E","?","M","?","?","R","BOSS","M","M","?","?","?","E","R","M","T","R","$","E","M","M","R","BOSS","M","?","?","?","M","E"],"items_purchased_type":["Relic","Card","Potion"],"build_version":"2020-12-22","purchased_purges":1,"victory":false,"max_hp_per_floor":[70,77,77,77,77,77,77,77,77,77,77,77,77,77,77,77,77,77,77,77,77,77,77,77,77,77,77,77,77,77,77,77,77,77,77,77,77,77,77,77,77,77],"relic_stats":{"Centennial Puzzle":[24],"counters":[21,112],"Ornamental Fan":[144],"Blue Candle":[5],"Dead Branch":[59],"Tiny Chest":0,"Smiling Mask":25,"obtain_stats":[{"Blue Candle":22,"Dead Branch":26,"Paper Crane":14,"Smiling Mask":6,"Akabeko":11,"SlaversCollar":17,"Centennial Puzzle":21,"Ornamental Fan":9,"Tiny Chest":23,"Bag of Marbles":29,"TungstenRod":10,"Ring of the Serpent":34,"Ring of the Snake":0},{"Blue Candle":11,"Dead Branch":13,"Paper Crane":8,"Smiling Mask":4,"Akabeko":6,"SlaversCollar":9,"Centennial Puzzle":11,"Ornamental Fan":5,"Tiny Chest":12,"Bag of Marbles":14,"TungstenRod":6,"Ring of the Serpent":17,"Ring of the Snake":0},{"Blue Candle":61,"Dead Branch":70,"Paper Crane":41,"Smiling Mask":21,"Akabeko":32,"SlaversCollar":51,"Centennial Puzzle":61,"Ornamental Fan":27,"Tiny Chest":67,"Bag of Marbles":74,"TungstenRod":32,"Ring of the Serpent":93,"Ring of the Snake":0}],"TungstenRod":46},"card_choices":[{"not_picked":["Underhanded Strike","All Out Attack","Distraction"],"picked":"SKIP","floor":1.0},{"not_picked":["Outmaneuver","Flying Knee"],"picked":"Cloak And Dagger","floor":3.0},{"not_picked":["Outmaneuver","Finisher"],"picked":"Deadly Poison","floor":5.0},{"not_picked":["Slice","Dagger Throw"],"picked":"Escape Plan","floor":6},{"not_picked":["Dagger Throw","Unload"],"picked":"Deadly Poison","floor":8},{"not_picked":["Flying Knee","Tools of the Trade"],"picked":"Blade Dance","floor":10},{"not_picked":["Slice","Setup"],"picked":"Prepared","floor":12},{"not_picked":["Deadly Poison","Endless Agony"],"picked":"Bane","floor":13},{"not_picked":["Phantasmal Killer","Venomology"],"picked":"Corpse Explosion","floor":16},{"not_picked":["Prepared","Flying Knee"],"picked":"Predator+1","floor":18},{"not_picked":["Slice","Dagger Throw"],"picked":"Backflip","floor":19},{"not_picked":["Caltrops","Riddle With Holes"],"picked":"Bullet Time","floor":23},{"not_picked":["Quick Slash","Calculated Gamble"],"picked":"Leg Sweep","floor":25},{"not_picked":["Eviscerate","Riddle With Holes"],"picked":"Calculated Gamble+1","floor":29},{"not_picked":["Concentrate","Escape Plan","Poisoned Stab"],"picked":"SKIP","floor":30},{"not_picked":["Cloak And Dagger","Underhanded Strike","Prepared"],"picked":"SKIP","floor":31},{"not_picked":["Grand Finale","Glass Knife"],"picked":"Envenom","floor":33},{"not_picked":["Dagger Spray","Underhanded Strike+1","Poisoned Stab"],"picked":"SKIP","floor":35},{"not_picked":["Dagger Spray","Poisoned Stab","Eviscerate"],"picked":"SKIP","floor":37},{"not_picked":["Poisoned Stab+1","Blade Dance","Dagger Spray+1"],"picked":"SKIP","floor":39}],"player_experience":464549,"relics_obtained":[{"floor":6,"key":"Smiling Mask"},{"floor":9,"key":"Ornamental Fan"},{"floor":10,"key":"TungstenRod"},{"floor":14,"key":"Paper Crane"},{"floor":22,"key":"Blue Candle"},{"floor":23,"key":"Tiny Chest"},{"floor":26,"key":"Dead Branch"},{"floor":29,"key":"Bag of Marbles"}],"event_choices":[{"damage_healed":0.0,"max_hp_gain":0.0,"max_hp_loss":0.0,"gold_gain":0.0,"event_name":"The Cleric","player_choice":"Leave","floor":2.0,"gold_loss":0.0,"damage_taken":0.0},{"damage_healed":25.0,"max_hp_gain":0.0,"max_hp_loss":0.0,"gold_gain":0.0,"event_name":"Big Fish","player_choice":"Banana","floor":4.0,"gold_loss":0.0,"damage_taken":0.0},{"damage_healed":25,"gold_gain":0,"player_choice":"Heal","damage_taken":0,"max_hp_gain":0,"max_hp_loss":0,"event_name":"The Library","floor":20,"gold_loss":0},{"damage_healed":0,"gold_gain":0,"player_choice":"Opened","damage_taken":0,"relics_obtained":["Centennial Puzzle"],"max_hp_gain":0,"max_hp_loss":0,"event_name":"The Mausoleum","floor":21,"gold_loss":0},{"damage_healed":0,"gold_gain":0,"player_choice":"Got Potions","damage_taken":0,"max_hp_gain":0,"max_hp_loss":0,"event_name":"Lab","floor":36,"gold_loss":0},{"damage_healed":0,"gold_gain":0,"cards_transformed":["Strike_G"],"player_choice":"Transformed","damage_taken":0,"max_hp_gain":0,"max_hp_loss":0,"event_name":"Transmorgrifier","floor":38,"gold_loss":0,"cards_obtained":["Storm of Steel"]}],"is_beta":false,"boss_relics":[{"not_picked":["Astrolabe","WristBlade"],"picked":"SlaversCollar"},{"not_picked":["Empty Cage","Snecko Eye"],"picked":"Ring of the Serpent"}],"items_purged_floors":[28],"is_endless":false,"potions_floor_spawned":[3,5,10,12,29,31,35,37],"killed_by":"Nemesis","ascension_level":13}}