{"host":"kaame4qwxxqnygv7","time":1614177925,"event":{"mods":["AchievementEnabler","BaseMod","Better Match","Better Skull","Better Third Choice","BetterRewards","Block Reminder","Bossed Relics","DeckTracker","Energized Spire","GungeonMod","Minty Spire (QoL Compilation)","Quick Restart","Red Circlet Mod","StSLib","SuperFastMode","The Blue Laboratory"],"gold_per_floor":[116,222,241,14,0,0,35,35,35,35,35,46,61,95,95,196,196,209,209,62,84,84,117,117,136,136,136,151,164,185,198,218,218,218,317,317,334,37,49,97,97,141,141,170,194,227,227,248,248,123,123,123,123,123,123,151,151],"floor_reached":58,"language":"KOR","playtime":1667,"items_purged":["Strike_G","Strike_G","Strike_G"],"score":2320,"play_id":"d781de0c-b010-4f5f-9979-53bac1f42d4d","local_time":"20210224234525","is_ascension_mode":true,"campfire_choices":[{"floor":6.0,"key":"REST"},{"data":"Accuracy","floor":8.0,"key":"SMITH"},{"data":"Neutralize","floor":10.0,"key":"SMITH"},{"data":"Blur","floor":15.0,"key":"SMITH"},{"data":"Adrenaline","floor":24.0,"key":"SMITH"},{"data":"Blade Dance","floor":27.0,"key":"SMITH"},{"data":"Blade Dance","floor":33.0,"key":"SMITH"},{"data":"Adrenaline","floor":43,"key":"SMITH"},{"floor":47,"key":"RECALL"},{"data":"Infinite Blades","floor":51,"key":"SMITH"},{"data":"Survivor","floor":54,"key":"SMITH"}],"circlet_count":0,"master_deck":["AscendersBane","Strike_G","Strike_G","Defend_G","Defend_G","Defend_G","Defend_G","Defend_G","Survivor+1","Neutralize+1","Blade Dance+1","Accuracy+1","Blur+1","Infinite Blades+1","Blade Dance+1","Adrenaline+1","Sucker Punch+1","Calculated Gamble+1","Accuracy+1","Adrenaline+1","Terror+1"],"relics":["Ring of the Snake","DemoMod:MeatBun","Torii","Matryoshka","ClockworkSouvenir","Prayer Wheel","Singing Bowl","Kunai","Pen Nib","Molten Egg 2","Busted Crown","CeramicFish","DemoMod:MonsterBlood","DemoMod:RatBoots","DemoMod:ResourcefulSack","DemoMod:PartiallyEatenCheese","Ring of the Serpent","Toy Ornithopter","DollysMirror","Turnip","Pocketwatch","Incense Burner","Paper Crane","DemoMod:GlassGuonStoneRelic","HornCleat"],"acts_visited":["Exordium","TheCity","DemoMod:Maze","TheBeyond","TheEnding"],"potions_floor_usage":[56],"damage_taken":[{"damage":0.0,"enemies":"Jaw Worm","floor":1.0,"turns":1.0},{"damage":0.0,"enemies":"Cultist","floor":3.0,"turns":2.0},{"damage":0.0,"enemies":"Gremlin Nob","floor":7.0,"turns":3.0},{"damage":0.0,"enemies":"Small Slimes","floor":12.0,"turns":2.0},{"damage":0.0,"enemies":"Exordium Wildlife","floor":13.0,"turns":2.0},{"damage":0.0,"enemies":"3 Sentries","floor":14.0,"turns":5.0},{"damage":0.0,"enemies":"The Guardian","floor":16.0,"turns":7.0},{"damage":0.0,"enemies":"2 Thieves","floor":18.0,"turns":3.0},{"damage":0.0,"enemies":"Chosen","floor":21.0,"turns":2.0},{"damage":0.0,"enemies":"Gremlin Leader","floor":23.0,"turns":4.0},{"damage":0.0,"enemies":"3 Cultists","floor":25.0,"turns":2.0},{"damage":0.0,"enemies":"DemoMod:2_Veteran_bullet_kins_and_red_shotgun_kin","floor":28.0,"turns":2.0},{"damage":0.0,"enemies":"DemoMod:4_Bullet_Kins","floor":29.0,"turns":1.0},{"damage":0.0,"enemies":"DemoMod:Veteran_shot_gun_kin_and_blue_shotgun_kin","floor":30.0,"turns":2.0},{"damage":0.0,"enemies":"DemoMod:Red_and_blue_shotgun_kin_with_gunsinger","floor":31.0,"turns":2.0},{"damage":0.0,"enemies":"DemoMod:Veteran_shot_gun_kin_and_red_shotgun_kin_with_gunsinger","floor":32.0,"turns":2.0},{"damage":0.0,"enemies":"DemoMod:ResourcefulRat","floor":34.0,"turns":7.0},{"damage":68.0,"enemies":"DemoMod:ResourcefulRat","floor":35.0,"turns":7.0},{"damage":0.0,"enemies":"Orb Walker","floor":37.0,"turns":3.0},{"damage":0.0,"enemies":"3 Darklings","floor":39.0,"turns":4.0},{"damage":12,"enemies":"2 Orb Walkers","floor":40,"turns":4},{"damage":1,"enemies":"Reptomancer","floor":42,"turns":5},{"damage":0,"enemies":"Giant Head","floor":44,"turns":4},{"damage":0,"enemies":"Nemesis","floor":46,"turns":5},{"damage":0,"enemies":"Writhing Mass","floor":48,"turns":4},{"damage":0,"enemies":"Donu and Deca","floor":52,"turns":5},{"damage":7,"enemies":"Shield and Spear","floor":56,"turns":4},{"damage":6,"enemies":"The Heart","floor":57,"turns":7}],"seed_played":"3710799557963868341","potions_obtained":[{"floor":7.0,"key":"AttackPotion"},{"floor":13.0,"key":"DemoMod:LeadSkinPotion"},{"floor":18.0,"key":"DistilledChaos"},{"floor":25.0,"key":"AttackPotion"},{"floor":28.0,"key":"SteroidPotion"},{"floor":32.0,"key":"blueLaboratory:BottleOfVodka"},{"floor":35.0,"key":"Strength Potion"},{"floor":40,"key":"blueLaboratory:ImpenetrablePotion"}],"is_trial":false,"path_per_floor":["M","?","M","$","?","R","E","R","T","R","$","M","M","E","R","B",null,"M","?","$","M","$","E","R","M","T","R","M","M","M","M","M","R","B","B",null,"M","$","M","?","?","E","R","E","T","E","R","M","?","$","R","B",null,"R","$","E","B",null],"character_chosen":"THE_SILENT","items_purchased":["DemoMod:MeatBun","Matryoshka","ClockworkSouvenir","DemoMod:GnawedKey","blueLaboratory:FruitPunch","Accuracy","Blur","CeramicFish","blueLaboratory:FruitPunch","DollysMirror"],"campfire_rested":1,"item_purchase_floors":[0,0,0,0,0,4,4,20,38,38],"current_hp_per_floor":[37,30,30,30,30,51,51,51,51,51,51,53,57,59,59,59,75,79,71,71,73,73,82,82,86,96,96,100,104,106,110,114,114,114,50,105,109,109,113,103,103,102,102,104,104,106,106,108,110,110,110,110,133,133,133,135,129],"gold":151,"neow_bonus":"","is_daily":false,"chose_seed":false,"campfire_upgraded":9,"win_rate":0.0,"timestamp":1614177925,"path_taken":["M","?","M","?","?","R","E","R","T","R","$","M","?","E","R","BOSS","M","?","?","M","$","E","R","M","T","R","M","M","M","M","M","R","BOSS","BOSS","M","$","M","?","?","E","R","E","T","E","R","?","?","$","R","BOSS","R","$","E","BOSS"],"items_purchased_type":["Relic","Relic","Relic","Relic","Potion","Card","Card","Relic","Potion","Relic"],"build_version":"2020-12-22","purchased_purges":3,"victory":true,"max_hp_per_floor":[72,72,72,72,72,72,72,72,72,72,72,74,78,80,80,80,80,84,84,84,86,86,95,95,99,99,99,103,107,109,113,117,117,117,121,123,127,127,131,133,133,133,133,135,135,137,137,139,141,141,141,141,141,141,141,145,145],"card_choices":[{"not_picked":["All Out Attack","Deflect"],"picked":"Blade Dance","floor":1.0},{"not_picked":["Riddle With Holes","Dodge and Roll","Underhanded Strike"],"picked":"SKIP","floor":1.0},{"not_picked":["Dash","Footwork","Crippling Poison"],"picked":"SKIP","floor":3.0},{"not_picked":["Concentrate","Sucker Punch","Deflect"],"picked":"SKIP","floor":3.0},{"not_picked":["Skewer","Poisoned Stab"],"picked":"Infinite Blades","floor":7.0},{"not_picked":["PiercingWail","Bane","Poisoned Stab"],"picked":"Singing Bowl","floor":12.0},{"not_picked":["Distraction","Deflect"],"picked":"Blade Dance","floor":12.0},{"not_picked":["Bouncing Flask","Backflip","Acrobatics"],"picked":"Singing Bowl","floor":13.0},{"not_picked":["Dodge and Roll","Setup","Escape Plan"],"picked":"Singing Bowl","floor":13.0},{"not_picked":["Slice+1","Tactician","Deadly Poison"],"picked":"Singing Bowl","floor":14.0},{"not_picked":["Corpse Explosion","Grand Finale+1"],"picked":"Adrenaline","floor":16.0},{"not_picked":["Bane+1"],"picked":"Singing Bowl","floor":18.0},{"not_picked":["Prepared"],"picked":"Singing Bowl","floor":18.0},{"not_picked":[],"picked":"Sucker Punch+1","floor":21.0},{"not_picked":["Outmaneuver"],"picked":"Singing Bowl","floor":21.0},{"not_picked":["Malaise"],"picked":"Singing Bowl","floor":23.0},{"not_picked":["Distraction"],"picked":"Singing Bowl","floor":25.0},{"not_picked":["Predator+1"],"picked":"Singing Bowl","floor":25.0},{"not_picked":["Backflip"],"picked":"Singing Bowl","floor":28.0},{"not_picked":["Dodge and Roll"],"picked":"Singing Bowl","floor":28.0},{"not_picked":["Bane+1"],"picked":"Singing Bowl","floor":29.0},{"not_picked":["Riddle With Holes+1"],"picked":"Singing Bowl","floor":29.0},{"not_picked":["Flechettes+1"],"picked":"Singing Bowl","floor":30.0},{"not_picked":[],"picked":"Calculated Gamble+1","floor":30.0},{"not_picked":["Acrobatics"],"picked":"Singing Bowl","floor":31.0},{"not_picked":["Quick Slash+1"],"picked":"Singing Bowl","floor":31.0},{"not_picked":["Sucker Punch+1"],"picked":"Singing Bowl","floor":32.0},{"not_picked":["Bane+1"],"picked":"Singing Bowl","floor":32.0},{"not_picked":["DemoMod:Elimentaler"],"picked":"Singing Bowl","floor":35.0},{"not_picked":["Wraith Form v2"],"picked":"Singing Bowl","floor":35.0},{"not_picked":["Blade Dance"],"picked":"Singing Bowl","floor":36.0},{"not_picked":["Cloak And Dagger"],"picked":"Singing Bowl","floor":37.0},{"not_picked":["Dodge and Roll+1"],"picked":"Singing Bowl","floor":37.0},{"not_picked":["Flying Knee+1"],"picked":"Singing Bowl","floor":39.0},{"not_picked":["Unload+1"],"picked":"Singing Bowl","floor":39.0},{"not_picked":["Sucker Punch+1"],"picked":"Singing Bowl","floor":40},{"not_picked":[],"picked":"Adrenaline","floor":42},{"not_picked":["Noxious Fumes"],"picked":"Singing Bowl","floor":44},{"not_picked":["Caltrops"],"picked":"Singing Bowl","floor":46},{"not_picked":["Bane+1"],"picked":"Singing Bowl","floor":48},{"not_picked":[],"picked":"Terror+1","floor":48},{"not_picked":["Mayhem"],"picked":"Singing Bowl","floor":49},{"not_picked":["Blade Dance+1"],"picked":"Singing Bowl","floor":56}],"player_experience":335414,"relics_obtained":[{"floor":7.0,"key":"Singing Bowl"},{"floor":9.0,"key":"Kunai"},{"floor":9.0,"key":"Pen Nib"},{"floor":14.0,"key":"Molten Egg 2"},{"floor":23.0,"key":"DemoMod:MonsterBlood"},{"floor":36.0,"key":"DemoMod:RatBoots"},{"floor":36.0,"key":"DemoMod:ResourcefulSack"},{"floor":36.0,"key":"DemoMod:PartiallyEatenCheese"},{"floor":36.0,"key":"Ring of the Serpent"},{"floor":36.0,"key":"Toy Ornithopter"},{"floor":40,"key":"Turnip"},{"floor":42,"key":"Pocketwatch"},{"floor":44,"key":"Incense Burner"},{"floor":46,"key":"Paper Crane"},{"floor":56,"key":"HornCleat"}],"event_choices":[{"damage_healed":0.0,"max_hp_gain":0.0,"max_hp_loss":0.0,"gold_gain":106.0,"event_name":"betterSkull:BetterSkull","player_choice":"GO ","floor":2.0,"gold_loss":0.0,"damage_taken":8.0,"cards_upgraded":[],"relics_obtained":[]},{"damage_healed":0.0,"max_hp_gain":0.0,"max_hp_loss":0.0,"gold_gain":0.0,"event_name":"betterThird:BetterGoop","player_choice":"Left","floor":5.0,"gold_loss":14.0,"damage_taken":0.0},{"damage_healed":0.0,"max_hp_gain":0.0,"max_hp_loss":0.0,"gold_gain":0.0,"event_name":"Wheel of Change","player_choice":"Damaged","floor":19.0,"gold_loss":0.0,"damage_taken":8.0},{"damage_healed":0,"gold_gain":0,"player_choice":"Fight","damage_taken":0,"max_hp_gain":0,"max_hp_loss":0,"event_name":"Mysterious Sphere","floor":40,"gold_loss":0},{"damage_healed":0,"gold_gain":0,"player_choice":"Got Potions","damage_taken":0,"max_hp_gain":0,"max_hp_loss":0,"event_name":"Lab","floor":41,"gold_loss":0},{"damage_healed":0,"gold_gain":0,"player_choice":"Memory 1","damage_taken":0,"max_hp_gain":0,"max_hp_loss":0,"event_name":"SensoryStone","floor":49,"gold_loss":0}],"is_beta":false,"boss_relics":[{"not_picked":["Cursed Key","energizedSpire:HighHeels"],"picked":"Busted Crown"},{"not_picked":[]}],"items_purged_floors":[4,38,50],"is_endless":false,"potions_floor_spawned":[7,13,18,21,25,28,32,35,39,40,44],"ascension_level":12}}