{"host":"kh6fvhxn285ncg0o","time":1614153381,"event":{"mods":["Act Like it!","BaseMod","Colored Map","Friendly Minions","Keyboard Shortcuts","Minty Spire (QoL Compilation)","Quick Restart","Relic Stats","StSLib","SuperFastMode","UnlockEverythingMod"],"gold_per_floor":[119,119,132,142,142,142,67,67,94,124,124,140,140,150,150,229,229,246,246,266,266,278,306,306,332,356,374,374,374,374],"floor_reached":29,"language":"KOR","playtime":769,"items_purged":["Strike_R"],"score":626,"play_id":"3551833d-7888-4497-b32b-b4272f2796d0","local_time":"20210224165621","is_ascension_mode":true,"campfire_choices":[{"data":"Body Slam","floor":6.0,"key":"SMITH"},{"data":"Bash","floor":8.0,"key":"SMITH"},{"data":"Disarm","floor":13.0,"key":"SMITH"},{"data":"Battle Trance","floor":15,"key":"SMITH"},{"floor":24,"key":"REST"}],"circlet_count":0,"master_deck":["AscendersBane","Defend_R","Defend_R","Defend_R","Bash+1","Body Slam+1","Evolve","Disarm+1","Battle Trance+1","Dropkick","Barricade","Power Through+1","Reckless Charge+1","Rupture+1","Second Wind","Feed","Burning Pact+1","Shockwave"],"relics":["Burning Blood","Potion Belt","Boot","Oddly Smooth Stone","Astrolabe","Nloth\u0027s Gift","Champion Belt","PreservedInsect"],"acts_visited":["Exordium","TheCity"],"potions_floor_usage":[14,16,16,22,29],"damage_taken":[{"damage":0.0,"enemies":"Small Slimes","floor":1.0,"turns":1.0},{"damage":0.0,"enemies":"Cultist","floor":3.0,"turns":1.0},{"damage":0.0,"enemies":"Jaw Worm","floor":4.0,"turns":1.0},{"damage":47.0,"enemies":"Lagavulin","floor":10.0,"turns":7.0},{"damage":5.0,"enemies":"2 Fungi Beasts","floor":12.0,"turns":5.0},{"damage":12,"enemies":"Gremlin Gang","floor":14,"turns":6},{"damage":0,"enemies":"The Guardian","floor":16,"turns":11},{"damage":2,"enemies":"2 Thieves","floor":18,"turns":5},{"damage":12,"enemies":"3 Byrds","floor":20,"turns":8},{"damage":23,"enemies":"Snecko","floor":22,"turns":7},{"damage":25,"enemies":"Slavers","floor":23,"turns":7},{"damage":28,"enemies":"Gremlin Leader","floor":25,"turns":6},{"damage":16,"enemies":"3 Cultists","floor":27,"turns":5},{"damage":25,"enemies":"Slavers","floor":29,"turns":1}],"seed_played":"-5462429555606180183","potions_obtained":[{"floor":3.0,"key":"DuplicationPotion"},{"floor":4.0,"key":"FearPotion"},{"floor":10.0,"key":"Swift Potion"},{"floor":14,"key":"PowerPotion"},{"floor":20,"key":"Fire Potion"},{"floor":23,"key":"Strength Potion"}],"is_trial":false,"path_per_floor":["M","?","M","M","?","R","$","R","T","E","?","M","R","M","R","B",null,"M","?","M","?","M","E","R","E","T","M","?","E"],"character_chosen":"IRONCLAD","items_purchased":[],"campfire_rested":1,"item_purchase_floors":[],"current_hp_per_floor":[74,74,75,75,75,75,75,75,75,34,34,35,35,29,29,35,65,69,69,63,63,46,27,49,30,30,20,20,0,0],"gold":374,"neow_bonus":"THREE_ENEMY_KILL","is_daily":false,"chose_seed":false,"campfire_upgraded":4,"win_rate":0.0,"timestamp":1614153381,"path_taken":["M","?","?","M","?","R","?","R","T","E","?","M","R","M","R","BOSS","M","?","?","?","M","E","R","E","T","M","?","E"],"items_purchased_type":[],"build_version":"2020-12-22","purchased_purges":1,"victory":false,"max_hp_per_floor":[75,75,75,75,75,75,75,75,75,75,75,75,75,75,75,75,75,75,75,75,75,75,75,75,78,78,78,78,78,78],"relic_stats":{"counters":[14,71],"Astrolabe":["Power Through","Reckless Charge","Rupture"],"PreservedInsect":41,"Nloth\u0027s Gift":0,"Champion Belt":[0],"Boot":[26],"obtain_stats":[{"Potion Belt":9,"NeowsBlessing":0,"Astrolabe":17,"Oddly Smooth Stone":11,"PreservedInsect":25,"Nloth\u0027s Gift":19,"Champion Belt":23,"Boot":10,"Burning Blood":0},{"Potion Belt":3,"NeowsBlessing":0,"Astrolabe":7,"Oddly Smooth Stone":4,"PreservedInsect":12,"Nloth\u0027s Gift":8,"Champion Belt":11,"Boot":4,"Burning Blood":0},{"Potion Belt":3,"NeowsBlessing":0,"Astrolabe":32,"Oddly Smooth Stone":10,"PreservedInsect":65,"Nloth\u0027s Gift":37,"Champion Belt":59,"Boot":10,"Burning Blood":0}],"Burning Blood":67},"card_choices":[{"not_picked":["Infernal Blade","Headbutt"],"picked":"Body Slam","floor":3.0},{"not_picked":["Perfected Strike","Twin Strike"],"picked":"Evolve","floor":4.0},{"not_picked":["Headbutt","Inflame"],"picked":"Disarm","floor":10.0},{"not_picked":["Spot Weakness","Reaper"],"picked":"Battle Trance","floor":12.0},{"not_picked":["Whirlwind","Body Slam"],"picked":"Dropkick","floor":14},{"not_picked":["Berserk","Bludgeon"],"picked":"Barricade","floor":16},{"not_picked":["Intimidate","Twin Strike","Pommel Strike"],"picked":"SKIP","floor":18},{"not_picked":["Blood for Blood+1","Thunderclap+1"],"picked":"Feed","floor":22},{"not_picked":["Twin Strike","Sword Boomerang"],"picked":"Burning Pact+1","floor":23},{"not_picked":["Fire Breathing+1","Body Slam","Metallicize"],"picked":"SKIP","floor":25},{"not_picked":["Blood for Blood","Flame Barrier"],"picked":"Shockwave","floor":27}],"player_experience":1508160,"relics_obtained":[{"floor":9.0,"key":"Potion Belt"},{"floor":10.0,"key":"Boot"},{"floor":23,"key":"Champion Belt"},{"floor":25,"key":"PreservedInsect"}],"event_choices":[{"cards_removed":["Strike_R"],"damage_healed":0.0,"max_hp_gain":0.0,"max_hp_loss":0.0,"gold_gain":0.0,"event_name":"Bonfire Elementals","player_choice":"Offered Basic","floor":2.0,"gold_loss":0.0,"damage_taken":0.0},{"cards_removed":["Strike_R"],"damage_healed":0.0,"max_hp_gain":0.0,"max_hp_loss":0.0,"gold_gain":0.0,"event_name":"Living Wall","player_choice":"Forget","floor":5.0,"gold_loss":0.0,"damage_taken":0.0},{"damage_healed":0.0,"max_hp_gain":0.0,"max_hp_loss":0.0,"gold_gain":0.0,"event_name":"Dead Adventurer","player_choice":"Searched \u00271\u0027 times","floor":11.0,"gold_loss":0.0,"damage_taken":0.0,"relics_obtained":["Oddly Smooth Stone"]},{"damage_healed":0,"gold_gain":0,"player_choice":"Traded Relic","damage_taken":0,"relics_obtained":["Nloth\u0027s Gift"],"max_hp_gain":0,"max_hp_loss":0,"event_name":"N\u0027loth","floor":19,"relics_lost":["NeowsBlessing"],"gold_loss":0},{"damage_healed":0,"gold_gain":0,"player_choice":"Read","damage_taken":0,"max_hp_gain":0,"max_hp_loss":0,"event_name":"The Library","floor":21,"gold_loss":0,"cards_obtained":["Second Wind"]},{"damage_healed":0,"gold_gain":0,"player_choice":"Ignored","damage_taken":0,"max_hp_gain":0,"max_hp_loss":0,"event_name":"Cursed Tome","floor":28,"gold_loss":0}],"is_beta":false,"boss_relics":[{"not_picked":["Black Blood","SlaversCollar"],"picked":"Astrolabe"}],"items_purged_floors":[7],"is_endless":false,"potions_floor_spawned":[3,4,10,14,20,23],"killed_by":"Slavers","ascension_level":20}}