{"host":"uv5ws9rdk87e8i5k","time":1614197164,"event":{"mods":["AchievementEnabler","BaseMod","Colored Map","Minty Spire (QoL Compilation)","Permanent Neow","Quick Restart","StSLib","SuperFastMode","The Necromancer","The Saiyan"],"gold_per_floor":[18,31,50,63,79,109,109,184,184,184,184],"floor_reached":10,"language":"ENG","playtime":1237,"items_purged":[],"score":119,"play_id":"a69f2b7f-a949-4435-8851-5bf61e549ef6","local_time":"20210224140604","is_ascension_mode":true,"campfire_choices":[],"circlet_count":0,"master_deck":["AscendersBane","Strike_R","Strike_R","Strike_R","Strike_R","Defend_R","Defend_R","Defend_R","Bash","Fire Breathing","Clothesline","Shrug It Off","Dropkick","Havoc","Barricade","Uppercut"],"relics":["Burning Blood","Happy Flower","Sundial"],"acts_visited":["Exordium"],"potions_floor_usage":[10],"damage_taken":[{"damage":7.0,"enemies":"Cultist","floor":1.0,"turns":4.0},{"damage":0.0,"enemies":"Small Slimes","floor":2.0,"turns":3.0},{"damage":4.0,"enemies":"2 Louse","floor":3.0,"turns":3.0},{"damage":9,"enemies":"Looter","floor":4,"turns":4},{"damage":11,"enemies":"Exordium Wildlife","floor":5,"turns":4},{"damage":36,"enemies":"Lagavulin","floor":6,"turns":10},{"damage":24,"enemies":"Gremlin Nob","floor":10,"turns":5}],"seed_played":"-870640211675001149","potions_obtained":[{"floor":1.0,"key":"Ancient Potion"},{"floor":2.0,"key":"Ancient Potion"}],"is_trial":false,"path_per_floor":["M","M","M","M","M","E","?","?","T","E"],"character_chosen":"IRONCLAD","items_purchased":[],"campfire_rested":0,"item_purchase_floors":[],"current_hp_per_floor":[67,73,75,72,67,37,37,26,26,2,2],"gold":184,"neow_bonus":"TRANSFORM_TWO_CARDS","is_daily":false,"chose_seed":false,"campfire_upgraded":0,"win_rate":0.0,"timestamp":1614197164,"path_taken":["M","?","M","?","M","E","?","?","T","E"],"items_purchased_type":[],"build_version":"2020-12-22","purchased_purges":0,"victory":false,"max_hp_per_floor":[75,75,75,75,75,75,75,75,75,75,75],"card_choices":[{"not_picked":["Uppercut","Headbutt"],"picked":"Shrug It Off","floor":1.0},{"not_picked":["Bloodletting","Sword Boomerang"],"picked":"Dropkick","floor":2.0},{"not_picked":["Flex","Heavy Blade"],"picked":"Havoc","floor":3.0},{"not_picked":["Heavy Blade","Ghostly Armor"],"picked":"Barricade","floor":4},{"not_picked":["Heavy Blade","Rupture","Rage"],"picked":"SKIP","floor":5},{"not_picked":["Combust","Metallicize"],"picked":"Uppercut","floor":6}],"player_experience":235353,"relics_obtained":[{"floor":6,"key":"Happy Flower"},{"floor":9,"key":"Sundial"}],"event_choices":[{"damage_healed":0,"gold_gain":0,"player_choice":"Ignored","damage_taken":0,"max_hp_gain":0,"max_hp_loss":0,"event_name":"Liars Game","floor":7,"gold_loss":0},{"damage_healed":0,"gold_gain":75,"player_choice":"Gather Gold","damage_taken":11,"max_hp_gain":0,"max_hp_loss":0,"event_name":"World of Goop","floor":8,"gold_loss":0}],"is_beta":false,"boss_relics":[],"items_purged_floors":[],"is_endless":false,"potions_floor_spawned":[1,2,4],"killed_by":"Gremlin Nob","ascension_level":14}}