{"host":"w97dq1whmpm6b2tc","time":1614200439,"event":{"mods":["BaseMod","Challenge The Spire","Downfall","Minty Spire (QoL Compilation)","StSLib"],"gold_per_floor":[99,99,99,99,20,46,46,80,80,110,10,42,56,75,86,183,183,83,94,106,191,191,191,191,208,208,221,221,240,61,93,107,208,208,108,128,139,139,154,186,186,103,103,103,6,6,39,152,168,168,168,195,95,95,95,95],"floor_reached":57,"language":"ENG","playtime":4047,"items_purged":["Guardian:Defend_Guardian","Bite"],"score":1407,"play_id":"59642892-0fe2-4277-a02c-776ba63516a0","local_time":"20210224230039","is_ascension_mode":true,"campfire_choices":[{"floor":1.0,"key":"RECALL"},{"floor":11.0,"key":"REST"},{"data":"Guardian:PrismaticBarrier","floor":18.0,"key":"SMITH"},{"data":"Guardian:Repulse","floor":28.0,"key":"SMITH"},{"data":"Guardian:BodySlam","floor":35.0,"key":"SMITH"},{"data":"Bite","floor":44.0,"key":"SMITH"},{"data":"Guardian:RevengeProtocol","floor":46.0,"key":"SMITH"},{"data":"Guardian:PrismaticBarrier","floor":54,"key":"SMITH"}],"circlet_count":0,"master_deck":["Guardian:Defend_Guardian","Guardian:Defend_Guardian","Guardian:Defend_Guardian","Guardian:CurlUp","Guardian:TwinSlam","Guardian:PrismaticBarrier+1","Guardian:PiercingHide+1","Guardian:FloatingOrbs","Guardian:Preprogram","Guardian:Repulse+1","Guardian:Orbwalk","Guardian:TimeBomb+1","Bite+1","Bite","Bite","Bite","Guardian:BodySlam+1","Guardian:VentSteam","Guardian:PrismaticBarrier+1","Guardian:ExploitGems","Guardian:RevengeProtocol+1","Guardian:Orbwalk","Guardian:BronzeArmor+1","Guardian:PolyBeam+1"],"relics":["Guardian:ModeShifter","downfall:HeartsMalice","downfall:ShatteredFragment","Letter Opener","HornCleat","Pen Nib","downfall:HeartBlessingRed","Omamori","Guardian:StasisSlotReductionRelic","downfall:HeartBlessingGreen","sneckomod:BabySnecko","Meat on the Bone","Orichalcum","Black Star","downfall:HeartBlessingBlue","bronze:DecasWashers","bronze:BronzeIdol","Bag of Marbles","Pear","Ornamental Fan","champ:DuelingGlove","ClockworkSouvenir","Bottled Lightning","Guardian:StasisCodex"],"acts_visited":["Exordium","TheCity","TheBeyond","TheEnding"],"potions_floor_usage":[56,56,56],"damage_taken":[{"damage":0.0,"enemies":"Small Slimes","floor":2.0,"turns":1.0},{"damage":0.0,"enemies":"downfall:FleeingMerchant","floor":5.0,"turns":1.0},{"damage":0.0,"enemies":"Gremlin Nob","floor":6.0,"turns":1.0},{"damage":15.0,"enemies":"Lagavulin","floor":8.0,"turns":9.0},{"damage":7.0,"enemies":"3 Sentries","floor":10.0,"turns":6.0},{"damage":16.0,"enemies":"Gremlin Nob","floor":12.0,"turns":5.0},{"damage":0.0,"enemies":"2 Louse","floor":13.0,"turns":2.0},{"damage":0.0,"enemies":"Cultist","floor":14.0,"turns":2.0},{"damage":0.0,"enemies":"Blue Slaver","floor":15.0,"turns":3.0},{"damage":5.0,"enemies":"SI_SHIV_ARCHETYPE","floor":16.0,"turns":6.0},{"damage":0.0,"enemies":"Shell Parasite","floor":19.0,"turns":3.0},{"damage":0.0,"enemies":"3 Byrds","floor":20.0,"turns":3.0},{"damage":18.0,"enemies":"Sentry and Sphere","floor":25.0,"turns":4.0},{"damage":4.0,"enemies":"3 Cultists","floor":27.0,"turns":4.0},{"damage":18.0,"enemies":"Snake Plant","floor":29.0,"turns":3.0},{"damage":0.0,"enemies":"downfall:FleeingMerchant","floor":30.0,"turns":4.0},{"damage":24.0,"enemies":"Book of Stabbing","floor":31.0,"turns":5.0},{"damage":8.0,"enemies":"Centurion and Healer","floor":32.0,"turns":5.0},{"damage":35.0,"enemies":"DF_ARCHETYPE_CLAW","floor":33.0,"turns":6.0},{"damage":6.0,"enemies":"3 Shapes","floor":36.0,"turns":3.0},{"damage":6.0,"enemies":"3 Darklings","floor":37.0,"turns":4.0},{"damage":17.0,"enemies":"Jaw Worm Horde","floor":39.0,"turns":5.0},{"damage":3.0,"enemies":"Reptomancer","floor":40.0,"turns":5.0},{"damage":0.0,"enemies":"downfall:FleeingMerchant","floor":42.0,"turns":4.0},{"damage":0.0,"enemies":"downfall:FleeingMerchant","floor":45.0,"turns":4.0},{"damage":0.0,"enemies":"Giant Head","floor":47.0,"turns":6.0},{"damage":0.0,"enemies":"downfall:FleeingMerchant","floor":48.0,"turns":1.0},{"damage":28.0,"enemies":"Maw","floor":49.0,"turns":6.0},{"damage":26.0,"enemies":"IC_BLOCK_ARCHETYPE","floor":50.0,"turns":9.0},{"damage":49,"enemies":"downfall:CharBossMerchant","floor":52,"turns":7},{"damage":4,"enemies":"downfall:NeowBoss","floor":55,"turns":12},{"damage":10,"enemies":"downfall:NeowBossFinal","floor":56,"turns":7}],"seed_played":"-680507350050593303","potions_obtained":[{"floor":6.0,"key":"SpeedPotion"},{"floor":10.0,"key":"CultistPotion"},{"floor":12.0,"key":"Explosive Potion"},{"floor":13.0,"key":"Explosive Potion"},{"floor":20.0,"key":"LiquidBronze"},{"floor":31.0,"key":"Ancient Potion"}],"is_trial":false,"path_per_floor":["R","M","?","?","$","E","T","E","?","E","R","E","M","M","M","B",null,"R","M","M","?","?","?","T","M","?","M","R","M","$","E","M","B",null,"R","M","M","?","M","E","T","$","?","R","$","R","E","$","M","B",null,"E","$","R","B","B",null],"character_chosen":"GUARDIAN","items_purchased":["Guardian:PrismaticBarrier","Guardian:Gem_Synthetic","Guardian:Gem_White","Guardian:Orbwalk","ClockworkSouvenir"],"campfire_rested":1,"item_purchase_floors":[5,30,42,45,48],"current_hp_per_floor":[80,80,56,26,26,26,26,11,11,4,28,12,12,12,12,7,80,80,80,80,64,64,49,49,43,43,53,53,41,51,37,41,30,59,69,63,65,65,54,59,69,73,73,73,79,79,79,79,60,52,79,47,47,47,66,64],"gold":95,"neow_bonus":"THREE_ENEMY_KILL","is_daily":false,"chose_seed":false,"campfire_upgraded":6,"win_rate":0.0,"timestamp":1614200439,"path_taken":["R","M","?","?","$","E","T","E","?","E","R","E","?","M","M","BOSS","R","M","M","?","?","?","T","M","?","M","R","M","$","E","M","BOSS","R","M","M","?","M","E","T","$","?","R","?","R","E","$","M","BOSS","E","$","R","BOSS","BOSS"],"items_purchased_type":["Card","Card","Card","Card","Relic"],"build_version":"2020-12-22","purchased_purges":2,"victory":true,"max_hp_per_floor":[80,80,80,80,80,80,80,80,80,80,80,80,80,80,80,80,80,80,80,80,80,80,85,85,85,59,59,59,59,59,59,59,59,59,69,69,69,69,69,69,79,79,79,79,79,79,79,79,79,79,79,79,79,79,79,79],"card_choices":[{"not_picked":["Guardian:RollAttack","Guardian:PrimingBeam","Guardian:Gem_Cyan"],"picked":"SKIP","floor":2.0},{"not_picked":["Guardian:FastForward","Guardian:Clone","Guardian:Emergency"],"picked":"SKIP","floor":5.0},{"not_picked":["Guardian:CrystalBeam","Guardian:Recover"],"picked":"Guardian:Gem_Orange","floor":6.0},{"not_picked":["Guardian:Gem_Fragmented","Guardian:GuardianWhirl"],"picked":"Guardian:PiercingHide","floor":8.0},{"not_picked":["Guardian:Emergency","Guardian:Gem_Cyan","Guardian:Gem_Red"],"picked":"SKIP","floor":10.0},{"not_picked":["Guardian:ChargeCore","Guardian:BaubleBeam"],"picked":"Guardian:FloatingOrbs","floor":12.0},{"not_picked":["Guardian:Gem_Green","Guardian:Incinerate"],"picked":"Guardian:Preprogram","floor":13.0},{"not_picked":["Guardian:RollAttack","Guardian:Recover"],"picked":"Guardian:Repulse","floor":14.0},{"not_picked":["Guardian:StasisField","Guardian:FuturePlans"],"picked":"Guardian:Orbwalk","floor":15.0},{"not_picked":["Guardian:TimeSifter","Guardian:BaubleBeam"],"picked":"Guardian:Gem_Orange","floor":16.0},{"not_picked":["Guardian:Preprogram","Guardian:Reroute","Guardian:PiercingHide"],"picked":"SKIP","floor":19.0},{"not_picked":["Guardian:Reroute","Guardian:Gem_Green"],"picked":"Guardian:Gem_Red","floor":20.0},{"not_picked":["Guardian:Preprogram+1","Guardian:Planning"],"picked":"Guardian:TimeBomb+1","floor":25.0},{"not_picked":["Guardian:WalkerClaw+1","Guardian:VentSteam","Guardian:ShieldCharger+1"],"picked":"SKIP","floor":27.0},{"not_picked":["Guardian:Recover","Guardian:FastForward"],"picked":"Guardian:Gem_Green","floor":29.0},{"not_picked":["Guardian:Repulse","Guardian:ShieldCharger"],"picked":"Guardian:BodySlam","floor":30.0},{"not_picked":["Guardian:Gem_Red","Guardian:HyperBeam_Guardian"],"picked":"Guardian:VentSteam","floor":31.0},{"not_picked":["Guardian:VentSteam+1","Guardian:ShieldCharger"],"picked":"Guardian:PrismaticBarrier","floor":32.0},{"not_picked":["Guardian:ConstructionForm","Guardian:GemFinder"],"picked":"Guardian:ExploitGems","floor":33.0},{"not_picked":["Guardian:Planning+1","Guardian:TimeCapacitor"],"picked":"Guardian:Gem_White","floor":36.0},{"not_picked":["Guardian:RollAttack+1","Guardian:Gem_Cyan"],"picked":"Guardian:Gem_Yellow","floor":37.0},{"not_picked":["Guardian:TemporalStrike+1","Guardian:Gem_Purple"],"picked":"Guardian:Gem_Red","floor":39.0},{"not_picked":["Guardian:PrimingBeam","Guardian:GuardianWhirl+1"],"picked":"Guardian:RevengeProtocol","floor":40.0},{"not_picked":["Guardian:VentSteam+1","Guardian:MultiBeam+1","Guardian:Repulse+1"],"picked":"SKIP","floor":42.0},{"not_picked":["Guardian:VentSteam+1","Guardian:ShieldCharger+1","Guardian:Gem_Blue"],"picked":"SKIP","floor":45.0},{"not_picked":["Guardian:Gem_Yellow","Guardian:Harden","Guardian:PrimingBeam"],"picked":"SKIP","floor":47.0},{"not_picked":["Guardian:Gem_White","Guardian:Emergency+1"],"picked":"Guardian:BronzeArmor+1","floor":48.0},{"not_picked":["Guardian:Preprogram","Guardian:ShieldCharger"],"picked":"Guardian:PolyBeam+1","floor":49.0},{"not_picked":["Guardian:DecasProtection","Guardian:Incinerate","Guardian:SpikerProtocol"],"picked":"SKIP","floor":52}],"player_experience":3840435,"relics_obtained":[{"floor":6.0,"key":"Letter Opener"},{"floor":8.0,"key":"HornCleat"},{"floor":10.0,"key":"Pen Nib"},{"floor":12.0,"key":"Omamori"},{"floor":24.0,"key":"Meat on the Bone"},{"floor":31.0,"key":"Orichalcum"},{"floor":38.0,"key":"bronze:DecasWashers"},{"floor":40.0,"key":"bronze:BronzeIdol"},{"floor":40.0,"key":"Bag of Marbles"},{"floor":41.0,"key":"Pear"},{"floor":47.0,"key":"Ornamental Fan"},{"floor":47.0,"key":"champ:DuelingGlove"},{"floor":52,"key":"Bottled Lightning"},{"floor":52,"key":"Guardian:StasisCodex"}],"event_choices":[{"damage_healed":0.0,"max_hp_gain":0.0,"max_hp_loss":26.0,"gold_gain":0.0,"event_name":"Vampires","player_choice":"Became a vampire","floor":26.0,"gold_loss":0.0,"damage_taken":0.0,"cards_obtained":["Bite","Bite","Bite","Bite","Bite"]}],"is_beta":false,"boss_relics":[{"not_picked":["Empty Cage","Tiny House"],"picked":"Guardian:StasisSlotReductionRelic"},{"not_picked":["Fusion Hammer","SacredBark"],"picked":"Black Star"}],"items_purged_floors":[48,53],"is_endless":false,"potions_floor_spawned":[6,10,12,13,19,20,31,32,33,36,37,47],"ascension_level":2}}