{"host":"lsq35p0sdkx2xifo","time":1614153187,"event":{"mods":["AchievementEnabler","BaseMod","Highlight Path","Minty Spire (QoL Compilation)","StSLib"],"gold_per_floor":[112,125,37,50,66,101,101,101,101,137,137,152,195,208,208,298,298,314,329,329,348,364,364,414,453,453,453,489,489,62,85,85,180,180,198,0,58,391,408,408,433,433,433,465,465,246,246,256,256,256],"floor_reached":51,"language":"ENG","playtime":2416,"items_purged":["Injury","Strike_G"],"score":1387,"play_id":"1eaeee5f-aeb9-4460-9ee0-00dc040f41b3","local_time":"20210223235307","is_ascension_mode":true,"campfire_choices":[{"floor":8,"key":"REST"},{"floor":11,"key":"REST"},{"data":"Infinite Blades","floor":15,"key":"SMITH"},{"data":"After Image","floor":23,"key":"SMITH"},{"floor":27,"key":"REST"},{"floor":29,"key":"REST"},{"floor":32,"key":"REST"},{"floor":40,"key":"REST"},{"floor":42,"key":"REST"},{"floor":45,"key":"RECALL"},{"data":"Accuracy","floor":49,"key":"SMITH"}],"circlet_count":0,"master_deck":["AscendersBane","Strike_G","Strike_G","Defend_G","Defend_G","Defend_G","Defend_G","Survivor","Neutralize","Blade Dance","Blade Dance","Infinite Blades+1","Terror","Cloak And Dagger","Accuracy+1","Choke","After Image+1","Leg Sweep","Escape Plan","Envenom+1","Riddle With Holes+1","A Thousand Cuts+1","Burst"],"relics":["Ring of the Snake","Pear","Meat on the Bone","Odd Mushroom","Singing Bowl","Busted Crown","Ornamental Fan","StoneCalendar","Smiling Mask","Bronze Scales","ClockworkSouvenir","Juzu Bracelet","Astrolabe","Red Mask","Ice Cream","Lizard Tail","Art of War","Pen Nib","Vajra"],"acts_visited":["Exordium","TheCity","TheBeyond"],"potions_floor_usage":[6,16,25,28,33,33,41,44,50],"damage_taken":[{"damage":5,"enemies":"Cultist","floor":1,"turns":5},{"damage":2,"enemies":"Jaw Worm","floor":2,"turns":6},{"damage":0,"enemies":"Small Slimes","floor":4,"turns":2},{"damage":3,"enemies":"3 Louse","floor":5,"turns":4},{"damage":28,"enemies":"Gremlin Nob","floor":6,"turns":4},{"damage":12,"enemies":"The Mushroom Lair","floor":10,"turns":6},{"damage":0,"enemies":"Exordium Wildlife","floor":12,"turns":3},{"damage":14,"enemies":"3 Sentries","floor":13,"turns":6},{"damage":0,"enemies":"Large Slime","floor":14,"turns":4},{"damage":35,"enemies":"The Guardian","floor":16,"turns":9},{"damage":1,"enemies":"Chosen","floor":18,"turns":3},{"damage":0,"enemies":"Spheric Guardian","floor":19,"turns":3},{"damage":11,"enemies":"Chosen and Byrds","floor":21,"turns":6},{"damage":4,"enemies":"Cultist and Chosen","floor":22,"turns":6},{"damage":51,"enemies":"Gremlin Leader","floor":25,"turns":8},{"damage":48,"enemies":"Slavers","floor":28,"turns":7},{"damage":22,"enemies":"Champ","floor":33,"turns":9},{"damage":13,"enemies":"3 Darklings","floor":35,"turns":4},{"damage":40,"enemies":"2 Orb Walkers","floor":37,"turns":5},{"damage":6,"enemies":"3 Shapes","floor":39,"turns":4},{"damage":8,"enemies":"Giant Head","floor":41,"turns":7},{"damage":23,"enemies":"Reptomancer","floor":44,"turns":5},{"damage":1,"enemies":"Sphere and 2 Shapes","floor":48,"turns":5},{"damage":68,"enemies":"Donu and Deca","floor":50,"turns":7}],"seed_played":"5230609265647611588","potions_obtained":[{"floor":1,"key":"PowerPotion"},{"floor":4,"key":"SmokeBomb"},{"floor":12,"key":"EssenceOfSteel"},{"floor":14,"key":"BlessingOfTheForge"},{"floor":22,"key":"CunningPotion"},{"floor":28,"key":"ColorlessPotion"},{"floor":35,"key":"LiquidBronze"},{"floor":37,"key":"PowerPotion"},{"floor":48,"key":"Strength Potion"}],"is_trial":false,"path_per_floor":["M","M","$","M","M","E","?","R","T","?","R","M","E","M","R","B",null,"M","M","?","M","M","R","?","E","T","R","E","R","$","T","R","B",null,"M","?","?","?","M","R","E","R","T","E","R","$","?","M","R","B",null],"character_chosen":"THE_SILENT","items_purchased":["Infinite Blades","Energy Potion","Bronze Scales","ClockworkSouvenir","Vajra"],"campfire_rested":7,"item_purchase_floors":[3,30,30,30,46],"current_hp_per_floor":[60,58,58,58,55,37,37,61,61,49,73,73,61,63,63,40,75,76,78,78,69,67,67,67,28,28,56,20,48,48,48,76,56,86,75,75,49,49,57,87,79,102,102,81,81,81,81,82,82,26],"gold":256,"neow_bonus":"TEN_PERCENT_HP_BONUS","is_daily":false,"chose_seed":false,"campfire_upgraded":3,"win_rate":0.0,"timestamp":1614153187,"path_taken":["M","M","$","M","M","E","?","R","T","?","R","M","E","M","R","BOSS","M","M","?","?","M","R","?","E","T","R","E","R","?","?","R","BOSS","M","?","?","?","M","R","E","R","T","E","R","?","?","M","R","BOSS"],"items_purchased_type":["Card","Potion","Relic","Relic","Relic"],"build_version":"2020-12-22","purchased_purges":2,"victory":true,"max_hp_per_floor":[72,72,72,72,72,82,82,82,82,82,82,82,84,86,86,86,86,88,90,90,92,94,94,94,94,94,94,94,94,94,94,94,96,96,98,98,100,100,102,102,102,102,102,104,104,104,104,106,106,106],"card_choices":[{"not_picked":["Finisher","Quick Slash"],"picked":"Blade Dance","floor":1},{"not_picked":["Underhanded Strike","Heel Hook"],"picked":"Blade Dance","floor":2},{"not_picked":["PiercingWail","Prepared"],"picked":"Backflip","floor":4},{"not_picked":["All Out Attack","Dagger Throw"],"picked":"Terror","floor":5},{"not_picked":["Quick Slash","Poisoned Stab"],"picked":"Cloak And Dagger","floor":6},{"not_picked":["Finisher","Underhanded Strike"],"picked":"Accuracy","floor":10},{"not_picked":["Bouncing Flask","Dodge and Roll"],"picked":"Choke","floor":12},{"not_picked":["Quick Slash","Dodge and Roll","Backflip"],"picked":"Singing Bowl","floor":13},{"not_picked":["Noxious Fumes","Endless Agony","Masterful Stab"],"picked":"Singing Bowl","floor":14},{"not_picked":["Envenom","Night Terror"],"picked":"After Image","floor":16},{"not_picked":["PiercingWail"],"picked":"Singing Bowl","floor":18},{"not_picked":["Well Laid Plans"],"picked":"Singing Bowl","floor":19},{"not_picked":["Distraction"],"picked":"Singing Bowl","floor":21},{"not_picked":["Underhanded Strike"],"picked":"Singing Bowl","floor":22},{"not_picked":[],"picked":"Leg Sweep","floor":25},{"not_picked":[],"picked":"Escape Plan","floor":28},{"not_picked":["Grand Finale"],"picked":"Singing Bowl","floor":33},{"not_picked":["Quick Slash"],"picked":"Singing Bowl","floor":35},{"not_picked":["Prepared"],"picked":"Singing Bowl","floor":37},{"not_picked":["Terror"],"picked":"Singing Bowl","floor":39},{"not_picked":[],"picked":"Burst","floor":41},{"not_picked":["Eviscerate+1"],"picked":"Singing Bowl","floor":44},{"not_picked":["Flying Knee"],"picked":"Singing Bowl","floor":48}],"player_experience":1308008,"relics_obtained":[{"floor":6,"key":"Pear"},{"floor":9,"key":"Meat on the Bone"},{"floor":10,"key":"Odd Mushroom"},{"floor":13,"key":"Singing Bowl"},{"floor":25,"key":"Ornamental Fan"},{"floor":26,"key":"StoneCalendar"},{"floor":28,"key":"Smiling Mask"},{"floor":31,"key":"Juzu Bracelet"},{"floor":37,"key":"Ice Cream"},{"floor":41,"key":"Lizard Tail"},{"floor":43,"key":"Art of War"},{"floor":44,"key":"Pen Nib"}],"event_choices":[{"damage_healed":0,"gold_gain":0,"player_choice":"Take Wound","damage_taken":0,"relics_obtained":["Golden Idol"],"max_hp_gain":0,"max_hp_loss":0,"event_name":"Golden Idol","floor":7,"gold_loss":0,"cards_obtained":["Injury"]},{"damage_healed":0,"gold_gain":0,"player_choice":"Fought Mushrooms","damage_taken":0,"max_hp_gain":0,"max_hp_loss":0,"event_name":"Mushrooms","floor":10,"gold_loss":0},{"damage_healed":0,"gold_gain":0,"player_choice":"Ignored","damage_taken":0,"max_hp_gain":0,"max_hp_loss":0,"event_name":"N\u0027loth","floor":20,"gold_loss":0},{"damage_healed":0,"gold_gain":50,"player_choice":"Stole From Cult","damage_taken":0,"max_hp_gain":0,"max_hp_loss":0,"event_name":"Nest","floor":24,"gold_loss":0},{"damage_healed":0,"gold_gain":0,"player_choice":"Paid","damage_taken":0,"relics_obtained":["Red Mask"],"max_hp_gain":0,"max_hp_loss":0,"event_name":"Tomb of Lord Red Mask","floor":36,"gold_loss":198},{"damage_healed":0,"gold_gain":0,"player_choice":"Fight","damage_taken":0,"max_hp_gain":0,"max_hp_loss":0,"event_name":"Mysterious Sphere","floor":37,"gold_loss":0},{"damage_healed":0,"gold_gain":333,"player_choice":"Gave Idol","damage_taken":0,"max_hp_gain":0,"max_hp_loss":0,"event_name":"The Moai Head","floor":38,"relics_lost":["Golden Idol"],"gold_loss":0},{"cards_removed":["Backflip"],"damage_healed":0,"gold_gain":0,"player_choice":"Removed Skill","damage_taken":0,"max_hp_gain":0,"max_hp_loss":0,"event_name":"Falling","floor":47,"gold_loss":0}],"is_beta":false,"boss_relics":[{"not_picked":["Velvet Choker","SacredBark"],"picked":"Busted Crown"},{"not_picked":["Philosopher\u0027s Stone","Black Star"],"picked":"Astrolabe"}],"items_purged_floors":[30,46],"is_endless":false,"potions_floor_spawned":[1,4,12,14,22,28,35,37,48],"ascension_level":16}}