{"host":"q0qnzbgdx8oqogg9","time":1614187640,"event":{"mods":["BaseMod","Minty Spire (QoL Compilation)","StSLib"],"gold_per_floor":[109,109,120,137,148,148,183,196,196,196,196,196],"floor_reached":11,"language":"ENG","playtime":320,"items_purged":[],"score":135,"play_id":"697a8155-a2ef-428e-aa34-2980667bc872","local_time":"20210224122720","is_ascension_mode":true,"campfire_choices":[{"data":"Neutralize","floor":6.0,"key":"SMITH"},{"floor":10.0,"key":"REST"}],"circlet_count":0,"master_deck":["AscendersBane","Strike_G","Strike_G","Strike_G","Strike_G","Strike_G","Defend_G","Defend_G","Defend_G","Defend_G","Defend_G","Survivor","Neutralize+1","Dagger Spray","Footwork","All Out Attack","Poisoned Stab","Deadly Poison","Catalyst"],"relics":["SacredBark","Gremlin Horn","Gambling Chip"],"acts_visited":["Exordium"],"potions_floor_usage":[],"damage_taken":[{"damage":0.0,"enemies":"2 Louse","floor":1.0,"turns":4.0},{"damage":0.0,"enemies":"Cultist","floor":3.0,"turns":5.0},{"damage":7.0,"enemies":"Jaw Worm","floor":4.0,"turns":7.0},{"damage":3.0,"enemies":"Looter","floor":5.0,"turns":4.0},{"damage":14.0,"enemies":"Lagavulin","floor":7.0,"turns":9.0},{"damage":13.0,"enemies":"Blue Slaver","floor":8.0,"turns":3.0},{"damage":42,"enemies":"Gremlin Nob","floor":11,"turns":4}],"seed_played":"3494616945484290037","potions_obtained":[{"floor":3.0,"key":"CunningPotion"},{"floor":4.0,"key":"Block Potion"}],"is_trial":false,"path_per_floor":["M","?","M","M","M","R","E","M","T","R","E"],"character_chosen":"THE_SILENT","items_purchased":[],"campfire_rested":1,"item_purchase_floors":[],"current_hp_per_floor":[59,59,59,52,49,49,35,22,22,41,0,0],"gold":196,"neow_bonus":"BOSS_RELIC","is_daily":false,"chose_seed":false,"campfire_upgraded":1,"win_rate":0.0,"timestamp":1614187640,"path_taken":["M","?","M","M","?","R","E","M","T","R","E"],"items_purchased_type":[],"build_version":"2020-12-22","purchased_purges":0,"victory":false,"max_hp_per_floor":[66,66,66,66,66,66,66,66,66,66,66,66],"card_choices":[{"not_picked":["Prepared","Tactician"],"picked":"Dagger Spray","floor":1.0},{"not_picked":["Concentrate","Sucker Punch"],"picked":"Footwork","floor":3.0},{"not_picked":["Dagger Throw","Bane"],"picked":"All Out Attack","floor":4.0},{"not_picked":["PiercingWail","Blur"],"picked":"Poisoned Stab","floor":5.0},{"not_picked":["Storm of Steel","Caltrops"],"picked":"Deadly Poison","floor":7.0},{"not_picked":["Flechettes","Calculated Gamble"],"picked":"Catalyst","floor":8.0}],"player_experience":380508,"relics_obtained":[{"floor":7.0,"key":"Gremlin Horn"},{"floor":9.0,"key":"Gambling Chip"}],"event_choices":[{"damage_healed":0.0,"max_hp_gain":0.0,"max_hp_loss":0.0,"gold_gain":0.0,"event_name":"Match and Keep!","player_choice":"0 cards matched","floor":2.0,"gold_loss":0.0,"damage_taken":0.0,"cards_obtained":[]}],"is_beta":false,"boss_relics":[],"items_purged_floors":[],"is_endless":false,"potions_floor_spawned":[3,4],"killed_by":"Gremlin Nob","ascension_level":16}}