{"host":"61r95uy0hn86b9iu","time":1614210014,"event":{"mods":["AchievementEnabler","BaseMod","Better Vampires","BetterRewards","Colored Powertips","Hubris","Minty Spire (QoL Compilation)","Shop Mod","StSLib"],"gold_per_floor":[109,31,42,42,61,90,90,117,144,160,160,177,190,190,190,283,283,299,214,234,265,285,285,285,285,285,285,75,75,93,93,93,191,191,206,230,563,150,150,150,177,177,177],"floor_reached":42,"language":"ENG","playtime":1462,"items_purged":["Echo Form+1","Writhe","Injury"],"score":1139,"play_id":"fac08669-500e-4fdb-bff8-e4a5d72ad477","local_time":"20210224174014","is_ascension_mode":true,"campfire_choices":[{"floor":7.0,"key":"REST"},{"floor":11.0,"key":"REST"},{"floor":15.0,"key":"REST"},{"floor":23.0,"key":"REST"},{"floor":25.0,"key":"REST"},{"floor":27.0,"key":"RECALL"},{"data":"Buffer","floor":29.0,"key":"SMITH"},{"floor":32.0,"key":"REST"},{"floor":40,"key":"REST"}],"circlet_count":0,"master_deck":["AscendersBane","Echo Form+1","Strike_B","Strike_B","Strike_B","Strike_B","Defend_B","Defend_B","Defend_B","Defend_B","Zap","Dualcast","Conserve Battery","Compile Driver","Cold Snap","Static Discharge","FTL","Capacitor","hubris:Ukulele","Buffer+1","Glacier","Sweeping Beam","Core Surge","Barrage","Fusion","Loop","Capacitor","Apotheosis","Blind"],"relics":["Cracked Core","Sundial","Bronze Scales","Ginger","DataDisk","MealTicket","The Courier","Anchor","hubris:ScarierMask","Dream Catcher","Red Mask","hubris:SlimyHat","MerchantsRug","Busted Crown","Medical Kit","Blood Vial","Akabeko"],"acts_visited":["Exordium","TheCity","TheBeyond"],"potions_floor_usage":[41],"damage_taken":[{"damage":1.0,"enemies":"Cultist","floor":1.0,"turns":3.0},{"damage":6.0,"enemies":"Small Slimes","floor":3.0,"turns":2.0},{"damage":0.0,"enemies":"Jaw Worm","floor":5.0,"turns":2.0},{"damage":14.0,"enemies":"3 Sentries","floor":6.0,"turns":6.0},{"damage":22.0,"enemies":"Lagavulin","floor":8.0,"turns":6.0},{"damage":7.0,"enemies":"Looter","floor":10.0,"turns":3.0},{"damage":9.0,"enemies":"Exordium Thugs","floor":12.0,"turns":4.0},{"damage":0.0,"enemies":"2 Fungi Beasts","floor":13.0,"turns":3.0},{"damage":40.0,"enemies":"Hexaghost","floor":16.0,"turns":10.0},{"damage":16.0,"enemies":"Shell Parasite","floor":18.0,"turns":6.0},{"damage":0.0,"enemies":"Chosen","floor":20.0,"turns":5.0},{"damage":15.0,"enemies":"Masked Bandits","floor":21.0,"turns":4.0},{"damage":21.0,"enemies":"Snecko","floor":22.0,"turns":6.0},{"damage":16.0,"enemies":"Snake Plant","floor":30.0,"turns":5.0},{"damage":58.0,"enemies":"Collector","floor":33.0,"turns":16.0},{"damage":3.0,"enemies":"Orb Walker","floor":35.0,"turns":4.0},{"damage":6.0,"enemies":"3 Shapes","floor":36.0,"turns":5.0},{"damage":68,"enemies":"Giant Head","floor":41,"turns":12},{"damage":23,"enemies":"Maw","floor":42,"turns":2}],"seed_played":"-5999251552756435657","potions_obtained":[{"floor":4.0,"key":"DistilledChaos"},{"floor":4.0,"key":"EntropicBrew"},{"floor":8.0,"key":"LiquidBronze"},{"floor":10.0,"key":"PowerPotion"},{"floor":16.0,"key":"ColorlessPotion"},{"floor":18.0,"key":"FearPotion"},{"floor":33.0,"key":"BlessingOfTheForge"},{"floor":35.0,"key":"BlessingOfTheForge"}],"is_trial":false,"path_per_floor":["M","$","M","?","M","E","R","E","T","M","R","M","M","?","R","B",null,"M","?","M","?","M","R","?","R","T","R","$","R","M","$","R","B",null,"M","M","?","$","?","R","E","M"],"character_chosen":"DEFECT","items_purchased":["Sundial","Bronze Scales","Conserve Battery","DataDisk","Cold Snap","Static Discharge","MerchantsRug","Medical Kit","Blood Vial","Capacitor"],"campfire_rested":7,"item_purchase_floors":[0,0,0,0,0,2,28,38,38,38],"current_hp_per_floor":[42,42,36,36,36,22,43,21,21,14,35,26,26,26,47,7,55,39,39,39,24,3,24,24,45,45,45,60,60,44,59,71,13,57,54,48,48,63,58,71,3,0,0],"gold":177,"neow_bonus":"","is_daily":false,"chose_seed":false,"campfire_upgraded":1,"win_rate":0.0,"timestamp":1614210014,"path_taken":["M","$","M","?","?","E","R","E","T","M","R","M","M","?","R","BOSS","M","?","M","?","M","R","?","R","T","R","$","R","M","$","R","BOSS","M","M","?","$","?","R","E","M"],"items_purchased_type":["Relic","Relic","Card","Relic","Card","Card","Relic","Relic","Relic","Card"],"build_version":"2020-12-22","purchased_purges":3,"victory":false,"max_hp_per_floor":[71,71,71,71,71,71,71,71,71,71,71,71,71,71,71,71,71,71,71,71,71,71,71,71,71,71,71,71,71,71,71,71,71,71,71,71,71,71,71,71,71,71,71],"card_choices":[{"not_picked":["Melter","Coolheaded","Conserve Battery"],"picked":"SKIP","floor":1.0},{"not_picked":["Turbo","Force Field"],"picked":"FTL","floor":3.0},{"not_picked":["Barrage","Streamline"],"picked":"Capacitor","floor":5.0},{"not_picked":["Undo","BootSequence"],"picked":"hubris:Ukulele","floor":6.0},{"not_picked":["Cold Snap","Leap","Turbo"],"picked":"SKIP","floor":8.0},{"not_picked":["Double Energy","Ball Lightning"],"picked":"Buffer","floor":10.0},{"not_picked":["Steam","Turbo"],"picked":"Glacier","floor":12.0},{"not_picked":["Gash","Steam"],"picked":"Sweeping Beam","floor":13.0},{"not_picked":["Meteor Strike","Amplify"],"picked":"Core Surge","floor":16.0},{"not_picked":["Capacitor","Beam Cell"],"picked":"Barrage","floor":18.0},{"not_picked":["Coolheaded","Melter"],"picked":"Fusion","floor":20.0},{"not_picked":["Ball Lightning","Auto Shields"],"picked":"Loop","floor":21.0},{"not_picked":["Darkness","Heatsinks","Redo"],"picked":"SKIP","floor":22.0},{"not_picked":["Heatsinks","Darkness","Turbo"],"picked":"SKIP","floor":30.0},{"not_picked":["BootSequence+1"],"picked":"SKIP","floor":35.0},{"not_picked":["Steam"],"picked":"SKIP","floor":36.0},{"not_picked":[],"picked":"Apotheosis","floor":39},{"not_picked":[],"picked":"Blind","floor":39},{"not_picked":["Ball Lightning+1"],"picked":"SKIP","floor":41}],"player_experience":3395041,"relics_obtained":[{"floor":6.0,"key":"MealTicket"},{"floor":8.0,"key":"The Courier"},{"floor":9.0,"key":"Anchor"},{"floor":21.0,"key":"Red Mask"},{"floor":41,"key":"Akabeko"}],"event_choices":[{"damage_healed":0.0,"max_hp_gain":0.0,"max_hp_loss":0.0,"gold_gain":0.0,"event_name":"Lab","player_choice":"Got Potions","floor":4.0,"gold_loss":0.0,"damage_taken":0.0},{"damage_healed":0.0,"max_hp_gain":0.0,"max_hp_loss":0.0,"gold_gain":0.0,"event_name":"Golden Idol","player_choice":"Take Wound","floor":14.0,"gold_loss":0.0,"damage_taken":0.0,"relics_obtained":["Golden Idol"],"cards_obtained":["Injury"]},{"damage_healed":0.0,"max_hp_gain":0.0,"max_hp_loss":0.0,"gold_gain":0.0,"event_name":"Addict","player_choice":"Obtained Relic","floor":19.0,"gold_loss":85.0,"damage_taken":0.0,"relics_obtained":["Dream Catcher"]},{"damage_healed":0.0,"max_hp_gain":0.0,"max_hp_loss":0.0,"gold_gain":0.0,"event_name":"Masked Bandits","player_choice":"Fought Bandits","floor":21.0,"gold_loss":0.0,"damage_taken":0.0},{"damage_healed":0.0,"max_hp_gain":0.0,"max_hp_loss":0.0,"gold_gain":0.0,"event_name":"The Mausoleum","player_choice":"Opened","floor":24.0,"gold_loss":0.0,"damage_taken":0.0,"relics_obtained":["hubris:SlimyHat"],"cards_obtained":["Writhe"]},{"damage_healed":0.0,"max_hp_gain":0.0,"max_hp_loss":0.0,"gold_gain":333.0,"event_name":"The Moai Head","player_choice":"Gave Idol","floor":37.0,"relics_lost":["Golden Idol"],"gold_loss":0.0,"damage_taken":0.0},{"damage_healed":0,"gold_gain":0,"player_choice":"Memory 2","damage_taken":5,"max_hp_gain":0,"max_hp_loss":0,"event_name":"SensoryStone","floor":39,"gold_loss":0}],"is_beta":false,"boss_relics":[{"not_picked":["Astrolabe","hubris:Stopwatch"],"picked":"hubris:ScarierMask"},{"not_picked":["Cursed Key","Coffee Dripper"],"picked":"Busted Crown"}],"items_purged_floors":[0,28,38],"is_endless":false,"potions_floor_spawned":[5,8,10,16,18,33,35],"killed_by":"Maw","ascension_level":19}}