{"host":"7jxhn92mkgyil7o5","time":1614185588,"event":{"mods":["BaseMod","Colored Map","Colored Powertips","Friendly Minions","Hermit","Kiyohime????","Marisa????????","Minty Spire (QoL Compilation)","Permanent Neow","StSLib","The Cursed","The Disciple","The Hierophant","The Poker Player","The Runesmith"],"gold_per_floor":[113,113,26,26,36,36,36,65,118,153,153,184,204,217,217,217,217],"floor_reached":16,"language":"ENG","playtime":744,"items_purged":[],"score":286,"play_id":"c4f3e9e4-b293-4569-a956-ebd7340c77ee","local_time":"20210224175308","is_ascension_mode":true,"campfire_choices":[{"data":"Worship","floor":6.0,"key":"SMITH"},{"floor":11,"key":"REST"},{"data":"BattleHymn","floor":15,"key":"SMITH"}],"circlet_count":0,"master_deck":["AscendersBane","Strike_P","Strike_P+1","Strike_P+1","Strike_P","Defend_P","Defend_P","Defend_P","Defend_P","Eruption","Vigilance","Panacea","Worship+1","Wireheading","Protect","BattleHymn+1","Scrawl","DeceiveReality","Pray","Vengeance"],"relics":["PureWater","Runesmith:Nanobots","InkBottle","Orichalcum","Ancient Tea Set","Boot"],"acts_visited":["Exordium"],"potions_floor_usage":[14],"damage_taken":[{"damage":0.0,"enemies":"2 Louse","floor":1.0,"turns":5.0},{"damage":0.0,"enemies":"Jaw Worm","floor":5.0,"turns":4.0},{"damage":16.0,"enemies":"Lagavulin","floor":8.0,"turns":10.0},{"damage":9,"enemies":"3 Sentries","floor":10,"turns":8},{"damage":0,"enemies":"Lagavulin","floor":12,"turns":4},{"damage":8,"enemies":"Small Slimes","floor":13,"turns":6},{"damage":12,"enemies":"3 Louse","floor":14,"turns":4},{"damage":34,"enemies":"Slime Boss","floor":16,"turns":7}],"seed_played":"-3758932266938097835","potions_obtained":[{"floor":12,"key":"AttackPotion"},{"floor":14,"key":"Dexterity Potion"}],"is_trial":false,"path_per_floor":["M","?","$","?","M","R","?","E","T","E","R","E","M","M","R","B"],"character_chosen":"WATCHER","items_purchased":["Wireheading"],"campfire_rested":1,"item_purchase_floors":[3],"current_hp_per_floor":[61,41,41,36,36,36,41,25,25,16,37,37,29,17,17,0,0],"gold":217,"neow_bonus":"RANDOM_COLORLESS","is_daily":false,"chose_seed":false,"campfire_upgraded":2,"win_rate":0.0,"timestamp":1614185588,"path_taken":["M","?","$","?","M","R","?","E","T","E","R","E","M","?","R","BOSS"],"items_purchased_type":["Card"],"build_version":"2020-12-22","purchased_purges":0,"victory":false,"max_hp_per_floor":[68,68,68,68,68,68,73,73,73,73,73,73,73,73,73,73,73],"card_choices":[{"not_picked":["Madness","Forethought"],"picked":"Panacea","floor":0.0},{"not_picked":["Pray","Prostrate"],"picked":"Worship","floor":1.0},{"not_picked":["Indignation","ThirdEye"],"picked":"Protect","floor":5.0},{"not_picked":["FlurryOfBlows","Study"],"picked":"BattleHymn","floor":8.0},{"not_picked":["CutThroughFate","EmptyFist"],"picked":"Scrawl","floor":10},{"not_picked":["BowlingBash","Evaluate"],"picked":"DeceiveReality","floor":12},{"not_picked":["Evaluate","Protect"],"picked":"Pray","floor":13},{"not_picked":["FlurryOfBlows","Consecrate"],"picked":"Vengeance","floor":14}],"player_experience":2043395,"relics_obtained":[{"floor":8.0,"key":"InkBottle"},{"floor":9.0,"key":"Orichalcum"},{"floor":10,"key":"Ancient Tea Set"},{"floor":12,"key":"Boot"}],"event_choices":[{"damage_healed":0.0,"max_hp_gain":0.0,"max_hp_loss":0.0,"gold_gain":0.0,"event_name":"Shining Light","player_choice":"Entered Light","floor":2.0,"gold_loss":0.0,"damage_taken":20.0,"cards_upgraded":["Strike_P","Strike_P"]},{"damage_healed":0.0,"max_hp_gain":0.0,"max_hp_loss":0.0,"gold_gain":0.0,"event_name":"Scrap Ooze","player_choice":"Success","floor":4.0,"gold_loss":0.0,"damage_taken":5.0,"relics_obtained":["Runesmith:Nanobots"]},{"damage_healed":0.0,"max_hp_gain":5.0,"max_hp_loss":0.0,"gold_gain":0.0,"event_name":"Big Fish","player_choice":"Donut","floor":7.0,"gold_loss":0.0,"damage_taken":0.0}],"is_beta":false,"boss_relics":[],"items_purged_floors":[],"is_endless":false,"potions_floor_spawned":[12,14],"killed_by":"Slime Boss","ascension_level":20}}