{"host":"l6t8kvs6xu8ynp71","time":1614147366,"event":{"mods":["BaseMod","Curses Come First","Highlight Path","Minty Spire (QoL Compilation)","Permanent Neow","Relic Stats","StSLib"],"gold_per_floor":[119,133,152,152,170,170,203,203,203,203,222,222,237,237,237],"floor_reached":14,"language":"ENG","playtime":578,"items_purged":[],"score":184,"play_id":"9ddee076-a323-4265-9e46-5abd7251f337","local_time":"20210223231606","is_ascension_mode":true,"campfire_choices":[{"data":"Catalyst","floor":6,"key":"SMITH"},{"data":"Bouncing Flask","floor":8,"key":"SMITH"},{"floor":10,"key":"REST"}],"circlet_count":0,"master_deck":["AscendersBane","Strike_G","Strike_G","Strike_G","Strike_G","Strike_G","Defend_G","Defend_G","Defend_G","Defend_G","Defend_G","Survivor","Neutralize","Bouncing Flask+1","Backflip","Poisoned Stab","Catalyst+1","Backstab","Dagger Spray"],"relics":["Ring of the Snake","Golden Idol","Smiling Mask"],"acts_visited":["Exordium"],"potions_floor_usage":[5],"damage_taken":[{"damage":2,"enemies":"Small Slimes","floor":1,"turns":5},{"damage":4,"enemies":"Jaw Worm","floor":2,"turns":4},{"damage":0,"enemies":"2 Louse","floor":3,"turns":2},{"damage":10,"enemies":"Gremlin Gang","floor":5,"turns":5},{"damage":32,"enemies":"Lagavulin","floor":7,"turns":8},{"damage":4,"enemies":"Blue Slaver","floor":11,"turns":3},{"damage":15,"enemies":"Exordium Wildlife","floor":13,"turns":3},{"damage":10,"enemies":"3 Sentries","floor":14,"turns":2}],"seed_played":"-8614538390543125117","potions_obtained":[{"floor":3,"key":"AttackPotion"},{"floor":5,"key":"SteroidPotion"},{"floor":11,"key":"CultistPotion"}],"is_trial":false,"path_per_floor":["M","M","M","?","M","R","E","R","T","R","M","?","M","E"],"character_chosen":"THE_SILENT","items_purchased":[],"campfire_rested":1,"item_purchase_floors":[],"current_hp_per_floor":[57,53,53,53,43,43,11,11,11,29,25,25,10,0,0],"gold":237,"neow_bonus":"THREE_CARDS","is_daily":false,"chose_seed":false,"campfire_upgraded":2,"win_rate":0.0,"timestamp":1614147366,"path_taken":["M","M","M","?","M","R","E","R","T","R","M","?","M","E"],"items_purchased_type":[],"build_version":"2020-12-22","purchased_purges":0,"victory":false,"max_hp_per_floor":[66,66,66,60,60,60,60,60,60,60,60,60,60,60,60],"relic_stats":{"counters":[8,32],"Golden Idol":18,"Smiling Mask":0,"obtain_stats":[{"Golden Idol":4,"Smiling Mask":7,"Ring of the Snake":0},{"Golden Idol":3,"Smiling Mask":5,"Ring of the Snake":0},{"Golden Idol":11,"Smiling Mask":24,"Ring of the Snake":0}],"Ring of the Snake":[16]},"card_choices":[{"not_picked":["Outmaneuver","Deflect"],"picked":"Bouncing Flask","floor":0},{"not_picked":["Prepared","Well Laid Plans"],"picked":"Backflip","floor":1},{"not_picked":["Skewer","Deadly Poison"],"picked":"Poisoned Stab","floor":2},{"not_picked":["Slice","Reflex","Cloak And Dagger"],"picked":"SKIP","floor":3},{"not_picked":["Leg Sweep","Footwork"],"picked":"Catalyst","floor":5},{"not_picked":["Eviscerate","Flechettes"],"picked":"Backstab","floor":7},{"not_picked":["Prepared","Poisoned Stab"],"picked":"Dagger Spray","floor":11},{"not_picked":["Flying Knee","Acrobatics","Underhanded Strike"],"picked":"SKIP","floor":13}],"player_experience":1519429,"relics_obtained":[{"floor":7,"key":"Smiling Mask"}],"event_choices":[{"damage_healed":0,"gold_gain":0,"player_choice":"Lose Max HP","damage_taken":0,"relics_obtained":["Golden Idol"],"max_hp_gain":0,"max_hp_loss":6,"event_name":"Golden Idol","floor":4,"gold_loss":0},{"damage_healed":0,"gold_gain":0,"player_choice":"Ignored","damage_taken":0,"max_hp_gain":0,"max_hp_loss":0,"event_name":"Shining Light","floor":12,"gold_loss":0}],"is_beta":false,"boss_relics":[],"items_purged_floors":[],"is_endless":false,"potions_floor_spawned":[3,5,11],"killed_by":"3 Sentries","ascension_level":20}}