{"host":"30jsp143e4v19aze","time":1614150707,"event":{"mods":["BaseMod","Colored Map","Colored Powertips","Curses Come First","DeckTracker","Highlight Path","Minty Spire (QoL Compilation)","Quick Restart","Relic Stats","StSLib","everything is the same but u backflip on backflip","slay the spire mod where everything is the same but ironclad has a cowboy hat"],"gold_per_floor":[111,123,48,5,16,41,41,67,92,126,142,142,142,153,153,230,230,247,257,266,275,43,43,43,43,89,134,160,169,211,236,236,236,236],"floor_reached":33,"language":"ENG","playtime":952,"items_purged":["Shame"],"score":627,"play_id":"b5042ee3-ee37-4c86-8e3f-c3b20505e7db","local_time":"20210224081147","is_ascension_mode":true,"campfire_choices":[{"data":"Combust","floor":7,"key":"SMITH"},{"floor":13,"key":"REST"},{"data":"Inflame","floor":15,"key":"SMITH"},{"data":"True Grit","floor":23,"key":"SMITH"},{"data":"Feel No Pain","floor":25,"key":"SMITH"},{"data":"J.A.X.","floor":32,"key":"SMITH"}],"circlet_count":0,"master_deck":["AscendersBane","Defend_R+1","Defend_R+1","Defend_R","Defend_R","Bash","Inflame+1","Heavy Blade","Combust+1","Sword Boomerang","Feel No Pain+1","Metallicize","Battle Trance","Reaper","Second Wind","True Grit+1","Necronomicurse","Bite","Bite","Bite","Bite","Bite","J.A.X.+1","Shrug It Off","Flame Barrier"],"relics":["Burning Blood","NeowsBlessing","PreservedInsect","War Paint","MealTicket","Matryoshka","Coffee Dripper","CeramicFish","Necronomicon","OrangePellets","Pear","Orichalcum","Peace Pipe","Nunchaku"],"acts_visited":["Exordium","TheCity"],"potions_floor_usage":[6,8,11,16,28,30],"damage_taken":[{"damage":0,"enemies":"2 Louse","floor":1,"turns":1},{"damage":0,"enemies":"Small Slimes","floor":2,"turns":1},{"damage":0,"enemies":"Jaw Worm","floor":5,"turns":1},{"damage":59,"enemies":"Lagavulin","floor":6,"turns":7},{"damage":5,"enemies":"3 Sentries","floor":8,"turns":3},{"damage":10,"enemies":"Gremlin Nob","floor":10,"turns":3},{"damage":7,"enemies":"Large Slime","floor":11,"turns":4},{"damage":4,"enemies":"3 Louse","floor":14,"turns":4},{"damage":33,"enemies":"Slime Boss","floor":16,"turns":10},{"damage":28,"enemies":"3 Byrds","floor":18,"turns":4},{"damage":0,"enemies":"Chosen","floor":19,"turns":5},{"damage":32,"enemies":"Book of Stabbing","floor":28,"turns":5},{"damage":20,"enemies":"Slavers","floor":30,"turns":3},{"damage":25,"enemies":"3 Cultists","floor":31,"turns":5},{"damage":83,"enemies":"Automaton","floor":33,"turns":6}],"seed_played":"-5572311290064756879","potions_obtained":[{"floor":1,"key":"AttackPotion"},{"floor":2,"key":"Swift Potion"},{"floor":8,"key":"SpeedPotion"},{"floor":10,"key":"EssenceOfSteel"},{"floor":18,"key":"DistilledChaos"},{"floor":19,"key":"FearPotion"}],"is_trial":false,"path_per_floor":["M","M","?","$","M","E","R","E","T","E","M","?","R","M","R","B",null,"M","M","?","?","$","R","?","R","T","?","E","?","E","M","R","B"],"character_chosen":"IRONCLAD","items_purchased":["Combust","OrangePellets"],"campfire_rested":1,"item_purchase_floors":[4,22],"current_hp_per_floor":[74,75,75,75,75,22,22,23,23,19,18,11,33,35,35,8,58,40,46,46,25,40,40,19,19,29,29,23,23,62,62,62,0,0],"gold":236,"neow_bonus":"THREE_ENEMY_KILL","is_daily":false,"chose_seed":false,"campfire_upgraded":5,"win_rate":0.0,"timestamp":1614150707,"path_taken":["M","M","?","$","M","E","R","E","T","E","M","?","R","M","R","BOSS","M","M","?","?","$","R","?","R","T","?","E","?","E","M","R","BOSS"],"items_purchased_type":["Card","Relic"],"build_version":"2020-12-22","purchased_purges":1,"victory":false,"max_hp_per_floor":[75,75,75,75,75,75,75,75,75,75,75,75,75,75,75,75,75,75,75,75,75,75,75,80,80,90,62,62,62,62,62,62,62,62],"relic_stats":{"Peace Pipe":0,"OrangePellets":[2],"Nunchaku":[1],"counters":[15,62],"CeramicFish":90,"MealTicket":15,"PreservedInsect":139,"Necronomicon":[12],"War Paint":["Defend_R","Defend_R"],"Orichalcum":[30],"obtain_stats":[{"Pear":26,"NeowsBlessing":0,"CeramicFish":20,"PreservedInsect":6,"War Paint":8,"Orichalcum":26,"Burning Blood":0,"Peace Pipe":28,"OrangePellets":22,"Nunchaku":30,"Matryoshka":10,"MealTicket":9,"Coffee Dripper":17,"Necronomicon":21},{"Pear":11,"NeowsBlessing":0,"CeramicFish":11,"PreservedInsect":4,"War Paint":5,"Orichalcum":11,"Burning Blood":0,"Peace Pipe":12,"OrangePellets":11,"Nunchaku":13,"Matryoshka":6,"MealTicket":5,"Coffee Dripper":9,"Necronomicon":11},{"Pear":43,"NeowsBlessing":0,"CeramicFish":43,"PreservedInsect":10,"War Paint":13,"Orichalcum":43,"Burning Blood":0,"Peace Pipe":48,"OrangePellets":43,"Nunchaku":51,"Matryoshka":16,"MealTicket":13,"Coffee Dripper":34,"Necronomicon":43}],"Burning Blood":66},"card_choices":[{"not_picked":["Armaments","Reckless Charge"],"picked":"Inflame","floor":1},{"not_picked":["Sword Boomerang","Iron Wave"],"picked":"Heavy Blade","floor":2},{"not_picked":["Sword Boomerang","Dropkick","Body Slam"],"picked":"SKIP","floor":5},{"not_picked":["Dropkick","Body Slam"],"picked":"Sword Boomerang","floor":5},{"not_picked":["Inflame","Combust","Rage"],"picked":"SKIP","floor":6},{"not_picked":["Clothesline","Metallicize"],"picked":"Feel No Pain","floor":8},{"not_picked":["Anger","Heavy Blade"],"picked":"Metallicize","floor":10},{"not_picked":["Body Slam","Flex"],"picked":"Battle Trance","floor":11},{"not_picked":["Headbutt","Havoc","Rampage"],"picked":"SKIP","floor":14},{"not_picked":["Offering","Berserk"],"picked":"Reaper","floor":16},{"not_picked":["Flex","Cleave"],"picked":"Second Wind","floor":18},{"not_picked":["Combust","Iron Wave"],"picked":"True Grit","floor":19},{"not_picked":["Twin Strike","Anger+1","Rage"],"picked":"SKIP","floor":28},{"not_picked":["Dropkick+1","Rage"],"picked":"Shrug It Off","floor":30},{"not_picked":["Clash","Thunderclap"],"picked":"Flame Barrier","floor":31}],"player_experience":3300062,"relics_obtained":[{"floor":6,"key":"PreservedInsect"},{"floor":8,"key":"War Paint"},{"floor":9,"key":"MealTicket"},{"floor":10,"key":"Matryoshka"},{"floor":21,"key":"Necronomicon"},{"floor":26,"key":"Pear"},{"floor":26,"key":"Orichalcum"},{"floor":28,"key":"Peace Pipe"},{"floor":30,"key":"Nunchaku"}],"event_choices":[{"cards_removed":["Strike_R"],"damage_healed":0,"gold_gain":0,"player_choice":"Card Removal","damage_taken":0,"max_hp_gain":0,"max_hp_loss":0,"event_name":"The Cleric","floor":3,"gold_loss":75},{"cards_removed":["Strike_R"],"damage_healed":0,"gold_gain":0,"player_choice":"Card Removal","damage_taken":7,"max_hp_gain":0,"max_hp_loss":0,"event_name":"Golden Wing","floor":12,"gold_loss":0},{"damage_healed":0,"gold_gain":0,"player_choice":"Stole Relic","damage_taken":0,"relics_obtained":["CeramicFish"],"max_hp_gain":0,"max_hp_loss":0,"event_name":"Addict","floor":20,"gold_loss":0,"cards_obtained":["Shame"]},{"damage_healed":0,"gold_gain":0,"player_choice":"Obtained Book","damage_taken":21,"max_hp_gain":0,"max_hp_loss":0,"event_name":"Cursed Tome","floor":21,"gold_loss":0},{"damage_healed":0,"gold_gain":0,"player_choice":"Shed Blood","damage_taken":26,"max_hp_gain":5,"max_hp_loss":0,"event_name":"Forgotten Altar","floor":24,"gold_loss":0},{"damage_healed":0,"gold_gain":0,"player_choice":"Became a vampire","damage_taken":0,"max_hp_gain":0,"max_hp_loss":28,"event_name":"Vampires","floor":27,"gold_loss":0,"cards_obtained":["Bite","Bite","Bite","Bite","Bite"]},{"damage_healed":0,"gold_gain":0,"player_choice":"Obtain J.A.X.","damage_taken":0,"max_hp_gain":0,"max_hp_loss":0,"event_name":"Drug Dealer","floor":29,"gold_loss":0,"cards_obtained":["J.A.X."]}],"is_beta":false,"boss_relics":[{"not_picked":["Sozu","Runic Pyramid"],"picked":"Coffee Dripper"}],"items_purged_floors":[22],"is_endless":false,"potions_floor_spawned":[1,2,8,10,18,19],"killed_by":"Automaton","ascension_level":20}}