{"host":"soyfmymeou4emntr","time":1614198328,"event":{"mods":["BaseMod","Custom Start","Minty Spire (QoL Compilation)","Permanent Neow","Relic Sorter","Relic Stats","Robot Space Explorer","StSLib"],"gold_per_floor":[218,4,4,22,37,37,64,78,78,93,93,127,127,58,58,155,155,170,100,120,120,133,133,159,176,229,229,249,275,275,291,291,392,392,407,407,421,23,37,64,82,115,115,165,165,178,209,222,222,222],"floor_reached":51,"language":"ENG","playtime":4802,"items_purged":[],"score":864,"play_id":"70191043-f7b6-4c4b-84a3-b5aab88c4425","local_time":"20210224132528","is_ascension_mode":false,"campfire_choices":[{"data":"RobotSpaceExplorer:LaserBurst","floor":6.0,"key":"SMITH"},{"data":"1","floor":13.0,"key":"LIFT"},{"data":"RobotSpaceExplorer:Blaster","floor":15.0,"key":"SMITH"},{"data":"RobotSpaceExplorer:Multitool","floor":23.0,"key":"SMITH"},{"data":"2","floor":27.0,"key":"LIFT"},{"floor":32.0,"key":"REST"},{"data":"RobotSpaceExplorer:TrailblazerForm","floor":45.0,"key":"SMITH"},{"floor":49,"key":"REST"}],"circlet_count":0,"master_deck":["RobotSpaceExplorer:Strike+1","RobotSpaceExplorer:Strike","RobotSpaceExplorer:Defend+1","RobotSpaceExplorer:Defend","RobotSpaceExplorer:Defend","RobotSpaceExplorer:Defend","RobotSpaceExplorer:Scan","RobotSpaceExplorer:MiniLasers","RobotSpaceExplorer:GlueShot","RobotSpaceExplorer:TrailblazerForm+1","RobotSpaceExplorer:SurgingStrike","RobotSpaceExplorer:LaserBurst+1","RobotSpaceExplorer:MiniDrones","RobotSpaceExplorer:Blaster+1","RobotSpaceExplorer:LuckyStrike","RobotSpaceExplorer:ScrapShield","RobotSpaceExplorer:BigMissile","RobotSpaceExplorer:PlasmaMissile","RobotSpaceExplorer:Multitool+1","RobotSpaceExplorer:IronShell","RobotSpaceExplorer:ScrapMissile","RobotSpaceExplorer:StarLightning","RobotSpaceExplorer:ImprovisedAttack+1","RobotSpaceExplorer:StarLightning+1","RobotSpaceExplorer:TurboDodge","RobotSpaceExplorer:LaserBurst+1","RobotSpaceExplorer:Discharger","RobotSpaceExplorer:GlueShot","RobotSpaceExplorer:LuckyStrike+1","RobotSpaceExplorer:ChargingLaser+1","RobotSpaceExplorer:Counterblock+1","RobotSpaceExplorer:PlasmaMissile+1","RobotSpaceExplorer:ImprovisedAttack+1","RobotSpaceExplorer:Accelerator","RobotSpaceExplorer:Fix+1","RobotSpaceExplorer:SurgingStrike+1","RobotSpaceExplorer:Autoloader","RobotSpaceExplorer:SurgingStrike+1","RobotSpaceExplorer:Arsenal","RobotSpaceExplorer:PowerCollector+1","RobotSpaceExplorer:SurgingShield+1"],"relics":["RobotSpaceExplorer:RoboCore","Blood Vial","RobotSpaceExplorer:BottledGravity","Prayer Wheel","Girya","RobotSpaceExplorer:SearchSpecs","Molten Egg 2","Ornamental Fan","Pen Nib","Toy Ornithopter","RobotSpaceExplorer:Reprocessor","White Beast Statue","Singing Bowl","Torii","Thread and Needle","Darkstone Periapt"],"acts_visited":["Exordium","TheCity","TheBeyond"],"potions_floor_usage":[47,48,50],"damage_taken":[{"damage":3.0,"enemies":"Small Slimes","floor":1.0,"turns":5.0},{"damage":0.0,"enemies":"2 Louse","floor":4.0,"turns":2.0},{"damage":0.0,"enemies":"Cultist","floor":5.0,"turns":3.0},{"damage":10.0,"enemies":"3 Sentries","floor":7.0,"turns":8.0},{"damage":1.0,"enemies":"Exordium Thugs","floor":8.0,"turns":3.0},{"damage":5.0,"enemies":"Large Slime","floor":10.0,"turns":7.0},{"damage":0.0,"enemies":"Gremlin Nob","floor":12.0,"turns":2.0},{"damage":2.0,"enemies":"Hexaghost","floor":16.0,"turns":8.0},{"damage":5.0,"enemies":"Spheric Guardian","floor":18.0,"turns":3.0},{"damage":2.0,"enemies":"Shell Parasite","floor":20.0,"turns":4.0},{"damage":6.0,"enemies":"Centurion and Healer","floor":22.0,"turns":5.0},{"damage":29.0,"enemies":"Gremlin Leader","floor":24.0,"turns":6.0},{"damage":0.0,"enemies":"Sentry and Sphere","floor":25.0,"turns":3.0},{"damage":10.0,"enemies":"Snake Plant","floor":28.0,"turns":4.0},{"damage":0.0,"enemies":"Book of Stabbing","floor":29.0,"turns":5.0},{"damage":0.0,"enemies":"Cultist and Chosen","floor":31.0,"turns":6.0},{"damage":30.0,"enemies":"Champ","floor":33.0,"turns":9.0},{"damage":0.0,"enemies":"3 Darklings","floor":35.0,"turns":4.0},{"damage":4.0,"enemies":"Orb Walker","floor":37.0,"turns":2.0},{"damage":2.0,"enemies":"3 Darklings","floor":39.0,"turns":5.0},{"damage":0.0,"enemies":"Giant Head","floor":40.0,"turns":6.0},{"damage":0.0,"enemies":"Maw","floor":41.0,"turns":6.0},{"damage":0.0,"enemies":"Reptomancer","floor":42.0,"turns":2.0},{"damage":20.0,"enemies":"2 Orb Walkers","floor":44.0,"turns":4.0},{"damage":0.0,"enemies":"Transient","floor":46.0,"turns":5.0},{"damage":33,"enemies":"Nemesis","floor":47,"turns":7},{"damage":0,"enemies":"Jaw Worm Horde","floor":48,"turns":2},{"damage":63,"enemies":"Donu and Deca","floor":50,"turns":8}],"seed_played":"6976600309613458511","potions_obtained":[{"floor":1.0,"key":"SteroidPotion"},{"floor":4.0,"key":"LiquidMemories"},{"floor":5.0,"key":"Fire Potion"},{"floor":10.0,"key":"Ancient Potion"},{"floor":16.0,"key":"FearPotion"},{"floor":20.0,"key":"DistilledChaos"},{"floor":24.0,"key":"Fire Potion"},{"floor":28.0,"key":"LiquidMemories"},{"floor":29.0,"key":"Weak Potion"},{"floor":39.0,"key":"LiquidBronze"},{"floor":40.0,"key":"SteroidPotion"},{"floor":41.0,"key":"GamblersBrew"},{"floor":42.0,"key":"RobotSpaceExplorer:RecyclePotion"},{"floor":44.0,"key":"LiquidMemories"},{"floor":46.0,"key":"SteroidPotion"},{"floor":47,"key":"FairyPotion"},{"floor":48,"key":"SpeedPotion"}],"is_trial":false,"path_per_floor":["M","$","?","M","M","R","E","M","T","M","?","E","R","$","R","B",null,"M","$","M","?","M","R","E","M","T","R","M","E","?","M","R","B",null,"M","?","M","$","M","E","M","E","T","?","R","M","E","M","R","B",null],"character_chosen":"RobotSpaceExplorer","items_purchased":["RobotSpaceExplorer:TrailblazerForm","RobotSpaceExplorer:SurgingStrike","RobotSpaceExplorer:PlasmaMissile","RobotSpaceExplorer:StarLightning","RobotSpaceExplorer:Autoloader","White Beast Statue"],"campfire_rested":2,"item_purchase_floors":[2,2,14,19,38,38],"current_hp_per_floor":[72,72,57,57,57,57,47,48,48,45,33,35,35,35,35,35,75,70,70,70,70,66,66,39,41,41,41,33,35,35,37,59,36,75,75,75,71,71,71,73,75,77,77,59,59,65,47,58,84,34],"gold":222,"neow_bonus":"HUNDRED_GOLD","is_daily":false,"chose_seed":false,"campfire_upgraded":4,"win_rate":0.0,"timestamp":1614198328,"path_taken":["M","$","?","M","M","R","E","M","T","M","?","E","R","$","R","BOSS","M","$","M","?","M","R","E","M","T","R","M","E","?","M","R","BOSS","M","?","M","$","?","E","M","E","T","?","R","M","E","M","R","BOSS"],"items_purchased_type":["Card","Card","Card","Card","Card","Relic"],"build_version":"2020-12-22","purchased_purges":0,"victory":true,"max_hp_per_floor":[75,75,75,75,75,75,75,75,75,75,75,75,75,75,75,75,75,75,75,75,75,75,75,75,75,75,75,75,75,75,75,75,75,75,75,75,75,75,75,75,75,77,77,79,79,83,85,89,89,89],"relic_stats":{"Blood Vial":38,"Darkstone Periapt":0,"Singing Bowl":14,"Torii":12,"counters":[28,134],"Ornamental Fan":[188],"Prayer Wheel":12,"Pen Nib":[21],"obtain_stats":[{"Darkstone Periapt":47,"Girya":12,"Singing Bowl":40,"Torii":42,"RobotSpaceExplorer:RoboCore":0,"Thread and Needle":44,"Pen Nib":26,"RobotSpaceExplorer:Reprocessor":34,"White Beast Statue":38,"Blood Vial":7,"RobotSpaceExplorer:BottledGravity":9,"Ornamental Fan":24,"Prayer Wheel":11,"Molten Egg 2":21,"RobotSpaceExplorer:SearchSpecs":17,"Toy Ornithopter":29},{"Darkstone Periapt":26,"Girya":7,"Singing Bowl":21,"Torii":23,"RobotSpaceExplorer:RoboCore":0,"Thread and Needle":24,"Pen Nib":13,"RobotSpaceExplorer:Reprocessor":17,"White Beast Statue":19,"Blood Vial":4,"RobotSpaceExplorer:BottledGravity":5,"Ornamental Fan":12,"Prayer Wheel":6,"Molten Egg 2":10,"RobotSpaceExplorer:SearchSpecs":8,"Toy Ornithopter":15},{"Darkstone Periapt":124,"Girya":30,"Singing Bowl":100,"Torii":108,"RobotSpaceExplorer:RoboCore":0,"Thread and Needle":112,"Pen Nib":59,"RobotSpaceExplorer:Reprocessor":83,"White Beast Statue":89,"Blood Vial":18,"RobotSpaceExplorer:BottledGravity":21,"Ornamental Fan":56,"Prayer Wheel":28,"Molten Egg 2":45,"RobotSpaceExplorer:SearchSpecs":38,"Toy Ornithopter":68}],"Toy Ornithopter":20},"card_choices":[{"not_picked":["RobotSpaceExplorer:Calculate","RobotSpaceExplorer:Discharger"],"picked":"RobotSpaceExplorer:GlueShot","floor":1.0},{"not_picked":["RobotSpaceExplorer:ImprovisedAttack","RobotSpaceExplorer:IronShell"],"picked":"RobotSpaceExplorer:LaserBurst","floor":4.0},{"not_picked":["RobotSpaceExplorer:Ammunition","RobotSpaceExplorer:Probe"],"picked":"RobotSpaceExplorer:MiniDrones","floor":5.0},{"not_picked":["RobotSpaceExplorer:PowerCollector","RobotSpaceExplorer:FreezeRay"],"picked":"RobotSpaceExplorer:Blaster","floor":7.0},{"not_picked":["RobotSpaceExplorer:Pulsar","RobotSpaceExplorer:MiniBoosters"],"picked":"RobotSpaceExplorer:LuckyStrike","floor":8.0},{"not_picked":["RobotSpaceExplorer:MiniDrones","RobotSpaceExplorer:Pulsar"],"picked":"RobotSpaceExplorer:ScrapShield","floor":10.0},{"not_picked":["RobotSpaceExplorer:RigExplosive","RobotSpaceExplorer:ImprovisedAttack"],"picked":"RobotSpaceExplorer:BigMissile","floor":12.0},{"not_picked":["RobotSpaceExplorer:Comet","RobotSpaceExplorer:Blaster"],"picked":"RobotSpaceExplorer:Multitool","floor":16.0},{"not_picked":["RobotSpaceExplorer:MetalStrike","RobotSpaceExplorer:Probe"],"picked":"RobotSpaceExplorer:IronShell","floor":18.0},{"not_picked":["RobotSpaceExplorer:Counterblock","RobotSpaceExplorer:SwiftStep+1"],"picked":"RobotSpaceExplorer:ScrapMissile","floor":18.0},{"not_picked":["RobotSpaceExplorer:SwiftStep+1","RobotSpaceExplorer:StarDust","RobotSpaceExplorer:FranticSearch"],"picked":"SKIP","floor":20.0},{"not_picked":["RobotSpaceExplorer:SwiftStep+1","RobotSpaceExplorer:SlimeMissile","RobotSpaceExplorer:ImprovisedAttack"],"picked":"SKIP","floor":20.0},{"not_picked":["RobotSpaceExplorer:SwiftStep+1","RobotSpaceExplorer:StarDust","RobotSpaceExplorer:FranticSearch"],"picked":"SKIP","floor":20.0},{"not_picked":["RobotSpaceExplorer:SwiftStep+1","RobotSpaceExplorer:SlimeMissile","RobotSpaceExplorer:ImprovisedAttack"],"picked":"SKIP","floor":20.0},{"not_picked":["RobotSpaceExplorer:MetalStrike+1","RobotSpaceExplorer:DroneSwarm"],"picked":"RobotSpaceExplorer:ImprovisedAttack+1","floor":22.0},{"not_picked":["RobotSpaceExplorer:GlueShot","RobotSpaceExplorer:Probe+1","RobotSpaceExplorer:FranticSearch"],"picked":"SKIP","floor":22.0},{"not_picked":["RobotSpaceExplorer:LuckyStrike+1","RobotSpaceExplorer:PowerCollector"],"picked":"RobotSpaceExplorer:StarLightning+1","floor":24.0},{"not_picked":["RobotSpaceExplorer:Calculate","RobotSpaceExplorer:SurgingShield","RobotSpaceExplorer:FranticSearch"],"picked":"SKIP","floor":25.0},{"not_picked":["RobotSpaceExplorer:FranticSearch","RobotSpaceExplorer:GlueShot+1","RobotSpaceExplorer:Pulsar"],"picked":"SKIP","floor":25.0},{"not_picked":["RobotSpaceExplorer:ToxicBomb","RobotSpaceExplorer:MiniDrones+1"],"picked":"RobotSpaceExplorer:TurboDodge","floor":28.0},{"not_picked":["RobotSpaceExplorer:PowerGlove","RobotSpaceExplorer:Calculate","RobotSpaceExplorer:Counterblock"],"picked":"SKIP","floor":28.0},{"not_picked":["RobotSpaceExplorer:PowerGlove","RobotSpaceExplorer:Calculate","RobotSpaceExplorer:Counterblock"],"picked":"SKIP","floor":28.0},{"not_picked":["RobotSpaceExplorer:ImprovisedAttack+1","RobotSpaceExplorer:Accelerator"],"picked":"RobotSpaceExplorer:LaserBurst+1","floor":29.0},{"not_picked":["RobotSpaceExplorer:MiniDrones+1","RobotSpaceExplorer:SelfCleaning"],"picked":"RobotSpaceExplorer:LuckyStrike+1","floor":31.0},{"not_picked":["RobotSpaceExplorer:Ammunition","RobotSpaceExplorer:SlimeMissile+1","RobotSpaceExplorer:SwiftStep+1"],"picked":"SKIP","floor":31.0},{"not_picked":["RobotSpaceExplorer:Blaster+1","RobotSpaceExplorer:Asteroid+1"],"picked":"RobotSpaceExplorer:ChargingLaser+1","floor":33.0},{"not_picked":["RobotSpaceExplorer:Pulsar+1","RobotSpaceExplorer:SelfCleaning"],"picked":"RobotSpaceExplorer:Counterblock+1","floor":35.0},{"not_picked":["RobotSpaceExplorer:Pulsar+1","RobotSpaceExplorer:PlasmaMissile+1","RobotSpaceExplorer:SwiftStep+1"],"picked":"SKIP","floor":35.0},{"not_picked":["RobotSpaceExplorer:Pulsar+1","RobotSpaceExplorer:SwiftStep+1"],"picked":"RobotSpaceExplorer:PlasmaMissile+1","floor":35.0},{"not_picked":["RobotSpaceExplorer:SelfCleaning","RobotSpaceExplorer:SwiftStep"],"picked":"RobotSpaceExplorer:Fix+1","floor":37.0},{"not_picked":["RobotSpaceExplorer:SurgingShield","RobotSpaceExplorer:SlimeMissile+1"],"picked":"RobotSpaceExplorer:SurgingStrike+1","floor":37.0},{"not_picked":["RobotSpaceExplorer:Calculate+1","RobotSpaceExplorer:ScrapShield"],"picked":"RobotSpaceExplorer:SurgingStrike+1","floor":39.0},{"not_picked":["RobotSpaceExplorer:FranticSearch","RobotSpaceExplorer:Jetpack","RobotSpaceExplorer:Probe+1"],"picked":"SKIP","floor":39.0},{"not_picked":["RobotSpaceExplorer:GlueSpray","RobotSpaceExplorer:DualCore"],"picked":"RobotSpaceExplorer:Arsenal","floor":40.0},{"not_picked":["RobotSpaceExplorer:ToxicBomb+1","RobotSpaceExplorer:Smokescreen+1"],"picked":"RobotSpaceExplorer:PowerCollector+1","floor":41.0},{"not_picked":["RobotSpaceExplorer:ScrapMissile+1","RobotSpaceExplorer:MiniDrones+1"],"picked":"RobotSpaceExplorer:SurgingShield+1","floor":41.0},{"not_picked":["RobotSpaceExplorer:GlueShot+1","RobotSpaceExplorer:Counterblock+1","RobotSpaceExplorer:ImprovisedAttack+1"],"picked":"Singing Bowl","floor":42.0},{"not_picked":["RobotSpaceExplorer:MetalStrike+1","RobotSpaceExplorer:StunGrenade+1","RobotSpaceExplorer:PlasmaMissile+1"],"picked":"Singing Bowl","floor":44.0},{"not_picked":["RobotSpaceExplorer:GearShield+1","RobotSpaceExplorer:SurgingShield","RobotSpaceExplorer:MetalStrike+1"],"picked":"Singing Bowl","floor":46.0},{"not_picked":["RobotSpaceExplorer:Counterblock+1","RobotSpaceExplorer:StunGrenade+1","RobotSpaceExplorer:TurboDodge"],"picked":"Singing Bowl","floor":46.0},{"not_picked":["RobotSpaceExplorer:PlasmaMissile+1","RobotSpaceExplorer:FranticSearch","RobotSpaceExplorer:SelfCleaning+1"],"picked":"Singing Bowl","floor":47},{"not_picked":["RobotSpaceExplorer:Ammunition+1","RobotSpaceExplorer:ExhaustFan","RobotSpaceExplorer:ScrapMissile+1"],"picked":"Singing Bowl","floor":48},{"not_picked":["RobotSpaceExplorer:DoubleBlock","RobotSpaceExplorer:SurgingShield","RobotSpaceExplorer:Explosion+1"],"picked":"Singing Bowl","floor":48}],"player_experience":3522049,"relics_obtained":[{"floor":7.0,"key":"Blood Vial"},{"floor":9.0,"key":"RobotSpaceExplorer:BottledGravity"},{"floor":12.0,"key":"Girya"},{"floor":24.0,"key":"Ornamental Fan"},{"floor":26.0,"key":"Pen Nib"},{"floor":29.0,"key":"Toy Ornithopter"},{"floor":40.0,"key":"Singing Bowl"},{"floor":42.0,"key":"Torii"},{"floor":44.0,"key":"Thread and Needle"},{"floor":47,"key":"Darkstone Periapt"}],"event_choices":[{"damage_healed":0.0,"max_hp_gain":0.0,"max_hp_loss":0.0,"gold_gain":0.0,"event_name":"Shining Light","player_choice":"Entered Light","floor":3.0,"gold_loss":0.0,"damage_taken":15.0,"cards_upgraded":["RobotSpaceExplorer:Strike","RobotSpaceExplorer:Defend"]},{"damage_healed":0.0,"max_hp_gain":0.0,"max_hp_loss":0.0,"gold_gain":0.0,"event_name":"Scrap Ooze","player_choice":"Success","floor":11.0,"gold_loss":0.0,"damage_taken":12.0,"relics_obtained":["Prayer Wheel"]},{"damage_healed":0.0,"max_hp_gain":0.0,"max_hp_loss":0.0,"gold_gain":0.0,"event_name":"The Mausoleum","player_choice":"Opened","floor":21.0,"gold_loss":0.0,"damage_taken":0.0,"relics_obtained":["Molten Egg 2"]},{"damage_healed":0.0,"max_hp_gain":0.0,"max_hp_loss":0.0,"gold_gain":0.0,"cards_transformed":["RobotSpaceExplorer:Strike","RobotSpaceExplorer:Strike"],"event_name":"Drug Dealer","player_choice":"Became Test Subject","floor":30.0,"gold_loss":0.0,"damage_taken":0.0,"cards_obtained":["RobotSpaceExplorer:Discharger","RobotSpaceExplorer:GlueShot"]},{"damage_healed":0.0,"max_hp_gain":0.0,"max_hp_loss":0.0,"gold_gain":0.0,"event_name":"Match and Keep!","player_choice":"2 cards matched","floor":36.0,"gold_loss":0.0,"damage_taken":0.0,"cards_obtained":["RobotSpaceExplorer:ImprovisedAttack","RobotSpaceExplorer:Accelerator"]},{"damage_healed":0.0,"max_hp_gain":0.0,"max_hp_loss":0.0,"gold_gain":0.0,"event_name":"Mysterious Sphere","player_choice":"Fight","floor":44.0,"gold_loss":0.0,"damage_taken":0.0}],"is_beta":false,"boss_relics":[{"not_picked":["Black Star","Coffee Dripper"],"picked":"RobotSpaceExplorer:SearchSpecs"},{"not_picked":["Busted Crown","Empty Cage"],"picked":"RobotSpaceExplorer:Reprocessor"}],"items_purged_floors":[],"is_endless":false,"potions_floor_spawned":[1,4,5,10,16,20,22,24,28,29,39,40,41,42,44,46,47,48],"ascension_level":0}}