{"host":"s41rn2jhghpwfrvz","time":1614149188,"event":{"mods":["BaseMod","Minty Spire (QoL Compilation)","Quick Restart","Relic Stats","SuperFastMode"],"gold_per_floor":[110,134,284,359,284,312,312,339,365,265,265,304,320,350,350,426,426,437,455,455,455,330,355,355,380,404,445,459,12,62,75,75,158,158,170,20,34,34,34,69,69,106,106,135,145,180,197,225,225,225,225,225],"floor_reached":51,"language":"ENG","playtime":1627,"items_purged":["Doubt","Accuracy","Ghostly Armor","Setup+1"],"score":2325,"play_id":"dd390575-e373-45ce-a8a8-3cfc32836fea","local_time":"20210224084628","daily_mods":["SealedDeck","Diverse","Elite Swarm"],"is_ascension_mode":true,"campfire_choices":[{"data":"Setup","floor":7,"key":"SMITH"},{"data":"Uppercut","floor":11,"key":"SMITH"},{"data":"Pommel Strike","floor":15,"key":"SMITH"},{"data":"WheelKick","floor":24,"key":"SMITH"},{"data":"DeusExMachina","floor":32,"key":"SMITH"},{"floor":41,"key":"RECALL"},{"data":"Power Through","floor":49,"key":"SMITH"}],"circlet_count":0,"master_deck":["AscendersBane","Uppercut+1","PiercingWail","WheelKick+1","Pommel Strike+1","Conserve Battery","Second Wind","Power Through+1","DeusExMachina+1","Berserk","DeusExMachina","Echo Form","Echo Form"],"relics":["Burning Blood","Centennial Puzzle","Pen Nib","Bronze Scales","Anchor","CeramicFish","HornCleat","Snecko Eye","Mummified Hand","Prayer Wheel","Turnip","Sundial","ClockworkSouvenir","Runic Pyramid","Mercury Hourglass","Toy Ornithopter","Champion Belt","Bag of Marbles","Akabeko","The Courier"],"acts_visited":["Exordium","TheCity","TheBeyond"],"potions_floor_usage":[27],"damage_taken":[{"damage":0,"enemies":"Cultist","floor":1,"turns":3},{"damage":16,"enemies":"Lagavulin","floor":6,"turns":6},{"damage":34,"enemies":"3 Sentries","floor":8,"turns":8},{"damage":6,"enemies":"Gremlin Nob","floor":12,"turns":3},{"damage":0,"enemies":"Jaw Worm","floor":13,"turns":2},{"damage":0,"enemies":"Lagavulin","floor":14,"turns":3},{"damage":0,"enemies":"Slime Boss","floor":16,"turns":6},{"damage":0,"enemies":"3 Byrds","floor":18,"turns":3},{"damage":0,"enemies":"Chosen","floor":19,"turns":4},{"damage":0,"enemies":"Gremlin Leader","floor":23,"turns":4},{"damage":25,"enemies":"Book of Stabbing","floor":25,"turns":4},{"damage":0,"enemies":"Gremlin Leader","floor":27,"turns":4},{"damage":0,"enemies":"Snecko","floor":28,"turns":3},{"damage":0,"enemies":"Centurion and Healer","floor":31,"turns":4},{"damage":0,"enemies":"Champ","floor":33,"turns":4},{"damage":0,"enemies":"3 Shapes","floor":35,"turns":3},{"damage":0,"enemies":"Orb Walker","floor":37,"turns":2},{"damage":0,"enemies":"Reptomancer","floor":40,"turns":4},{"damage":0,"enemies":"Nemesis","floor":42,"turns":3},{"damage":0,"enemies":"Reptomancer","floor":44,"turns":2},{"damage":0,"enemies":"Transient","floor":45,"turns":3},{"damage":0,"enemies":"Giant Head","floor":46,"turns":3},{"damage":0,"enemies":"Spire Growth","floor":47,"turns":3},{"damage":0,"enemies":"Nemesis","floor":48,"turns":5},{"damage":58,"enemies":"Awakened One","floor":50,"turns":6},{"damage":33,"enemies":"Time Eater","floor":51,"turns":8}],"seed_played":"4542384016567432647","potions_obtained":[{"floor":6,"key":"FearPotion"},{"floor":8,"key":"Fire Potion"},{"floor":31,"key":"ColorlessPotion"}],"is_trial":true,"path_per_floor":["M","T","?","?","$","E","R","E","T","$","R","E","M","E","R","B",null,"M","M","?","?","$","E","R","E","T","E","M","$","?","M","R","B",null,"M","$","M","?","?","E","R","E","T","E","M","E","M","E","R","B","B"],"character_chosen":"IRONCLAD","items_purchased":["Sundial","ClockworkSouvenir"],"campfire_rested":0,"item_purchase_floors":[29,29],"current_hp_per_floor":[74,74,74,63,63,53,53,25,25,25,25,25,31,37,37,43,67,73,75,75,75,75,75,75,56,56,62,68,68,61,67,67,73,75,75,75,75,71,71,71,71,71,71,71,71,71,71,71,71,19,0,0],"gold":225,"neow_bonus":"","is_daily":false,"chose_seed":false,"campfire_upgraded":6,"win_rate":0.0,"timestamp":1614149188,"path_taken":["M","?","?","?","$","E","R","E","T","$","R","E","?","E","R","BOSS","M","?","?","?","$","E","R","E","T","E","M","?","?","?","R","BOSS","M","$","?","?","?","E","R","E","T","E","M","E","M","E","R","BOSS","BOSS"],"items_purchased_type":["Relic","Relic"],"build_version":"2020-12-22","purchased_purges":4,"victory":false,"max_hp_per_floor":[75,75,75,75,75,75,75,75,75,75,75,75,75,75,75,75,75,75,75,75,75,75,75,75,75,75,75,75,75,75,75,75,75,75,75,75,75,71,71,71,71,71,71,71,71,71,71,71,71,71,71,71],"relic_stats":{"counters":[26,103],"CeramicFish":45,"Pen Nib":[32],"Burning Blood":86,"Mercury Hourglass":[111],"Centennial Puzzle":[14],"Mummified Hand":[70],"Sundial":[184],"Bronze Scales":[222],"Snecko Eye":[147,141,131,149],"Prayer Wheel":6,"Turnip":[3],"Champion Belt":[35],"obtain_stats":[{"CeramicFish":12,"Pen Nib":6,"The Courier":48,"Burning Blood":0,"Akabeko":46,"ClockworkSouvenir":29,"Mercury Hourglass":40,"Centennial Puzzle":2,"Anchor":9,"HornCleat":14,"Mummified Hand":23,"Sundial":29,"Bronze Scales":8,"Snecko Eye":17,"Prayer Wheel":25,"Turnip":27,"Bag of Marbles":44,"Champion Belt":43,"Toy Ornithopter":42,"Runic Pyramid":34},{"CeramicFish":4,"Pen Nib":2,"The Courier":24,"Burning Blood":0,"Akabeko":22,"ClockworkSouvenir":13,"Mercury Hourglass":18,"Centennial Puzzle":1,"Anchor":3,"HornCleat":6,"Mummified Hand":10,"Sundial":13,"Bronze Scales":3,"Snecko Eye":7,"Prayer Wheel":11,"Turnip":12,"Bag of Marbles":20,"Champion Belt":19,"Toy Ornithopter":19,"Runic Pyramid":15},{"CeramicFish":20,"Pen Nib":9,"The Courier":89,"Burning Blood":0,"Akabeko":81,"ClockworkSouvenir":53,"Mercury Hourglass":70,"Centennial Puzzle":3,"Anchor":17,"HornCleat":25,"Mummified Hand":42,"Sundial":53,"Bronze Scales":17,"Snecko Eye":31,"Prayer Wheel":46,"Turnip":50,"Bag of Marbles":75,"Champion Belt":73,"Toy Ornithopter":73,"Runic Pyramid":61}],"Toy Ornithopter":0},"card_choices":[{"not_picked":["EmptyMind","True Grit","PathToVictory"],"picked":"SKIP","floor":1},{"not_picked":["Feed","Corruption","Core Surge"],"picked":"SKIP","floor":6},{"not_picked":["Impervious","Machine Learning","Envenom"],"picked":"SKIP","floor":8},{"not_picked":["Hyperbeam","Doppelganger"],"picked":"DeusExMachina","floor":12},{"not_picked":["Gash","Escape Plan","Deadly Poison"],"picked":"SKIP","floor":13},{"not_picked":["Brilliance","Judgement","Berserk"],"picked":"SKIP","floor":14},{"not_picked":["EmptyBody","Prostrate+1","Burning Pact"],"picked":"SKIP","floor":18},{"not_picked":["Cold Snap","Prepared","Anger"],"picked":"SKIP","floor":19},{"not_picked":["Doppelganger","Multi-Cast","Storm of Steel"],"picked":"SKIP","floor":23},{"not_picked":["Buffer","Tools of the Trade","Blasphemy"],"picked":"SKIP","floor":25},{"not_picked":["Feed","Die Die Die","Berserk"],"picked":"SKIP","floor":27},{"not_picked":["Feed","Die Die Die"],"picked":"Berserk","floor":27},{"not_picked":["Evaluate","Go for the Eyes","Shrug It Off"],"picked":"SKIP","floor":28},{"not_picked":["Heatsinks","Spot Weakness","Perseverance"],"picked":"SKIP","floor":28},{"not_picked":["EmptyFist","Poisoned Stab","Wild Strike"],"picked":"SKIP","floor":31},{"not_picked":["Self Repair","Infinite Blades","Havoc"],"picked":"SKIP","floor":31},{"not_picked":["Storm of Steel","Ragnarok"],"picked":"DeusExMachina","floor":33},{"not_picked":["Fasting2","Stack","Twin Strike"],"picked":"SKIP","floor":35},{"not_picked":["Dual Wield","EmptyFist+1","Prepared"],"picked":"SKIP","floor":35},{"not_picked":["Wraith Form v2","Cleave+1","ThirdEye"],"picked":"SKIP","floor":37},{"not_picked":["Seeing Red","Twin Strike+1","Lockon"],"picked":"SKIP","floor":37},{"not_picked":["MasterReality","Bludgeon"],"picked":"Echo Form","floor":40},{"not_picked":["DevaForm","Reaper"],"picked":"Echo Form","floor":42},{"not_picked":["Unload","LessonLearned","Electrodynamics"],"picked":"SKIP","floor":44},{"not_picked":["Backstab+1","Accuracy+1","Sentinel"],"picked":"SKIP","floor":45},{"not_picked":["Perfected Strike","Beam Cell","Go for the Eyes"],"picked":"SKIP","floor":45},{"not_picked":["LessonLearned","Bludgeon","Electrodynamics"],"picked":"SKIP","floor":46},{"not_picked":["Undo","Coolheaded","Cold Snap+1"],"picked":"SKIP","floor":47},{"not_picked":["Havoc+1","Armaments","Compile Driver+1"],"picked":"SKIP","floor":47},{"not_picked":["Glass Knife","Immolate","Hyperbeam"],"picked":"SKIP","floor":48}],"player_experience":2000188,"relics_obtained":[{"floor":2,"key":"Centennial Puzzle"},{"floor":6,"key":"Pen Nib"},{"floor":8,"key":"Bronze Scales"},{"floor":9,"key":"Anchor"},{"floor":12,"key":"CeramicFish"},{"floor":14,"key":"HornCleat"},{"floor":23,"key":"Mummified Hand"},{"floor":25,"key":"Prayer Wheel"},{"floor":27,"key":"Turnip"},{"floor":40,"key":"Mercury Hourglass"},{"floor":42,"key":"Toy Ornithopter"},{"floor":43,"key":"Champion Belt"},{"floor":44,"key":"Bag of Marbles"},{"floor":46,"key":"Akabeko"},{"floor":48,"key":"The Courier"}],"event_choices":[{"damage_healed":0,"gold_gain":150,"player_choice":"AGREE","damage_taken":0,"max_hp_gain":0,"max_hp_loss":0,"event_name":"Liars Game","floor":3,"gold_loss":0,"cards_obtained":["Doubt"]},{"damage_healed":0,"gold_gain":75,"player_choice":"Gather Gold","damage_taken":11,"max_hp_gain":0,"max_hp_loss":0,"event_name":"World of Goop","floor":4,"gold_loss":0},{"damage_healed":0,"gold_gain":0,"player_choice":"Ignored","damage_taken":0,"max_hp_gain":0,"max_hp_loss":0,"event_name":"Ghosts","floor":20,"gold_loss":0},{"damage_healed":0,"gold_gain":0,"player_choice":"Ignored","damage_taken":0,"max_hp_gain":0,"max_hp_loss":0,"event_name":"Vampires","floor":21,"gold_loss":0},{"damage_healed":0,"gold_gain":50,"player_choice":"Touch","damage_taken":7,"max_hp_gain":0,"max_hp_loss":0,"event_name":"FaceTrader","floor":30,"gold_loss":0},{"damage_healed":0,"gold_gain":0,"player_choice":"Max HP","damage_taken":0,"max_hp_gain":0,"max_hp_loss":4,"event_name":"Winding Halls","floor":38,"gold_loss":0},{"damage_healed":0,"gold_gain":0,"player_choice":"Ignored","damage_taken":0,"max_hp_gain":0,"max_hp_loss":0,"event_name":"Tomb of Lord Red Mask","floor":39,"gold_loss":0}],"is_beta":false,"boss_relics":[{"not_picked":["Tiny House","SlaversCollar"],"picked":"Snecko Eye"},{"not_picked":["Busted Crown","SacredBark"],"picked":"Runic Pyramid"}],"items_purged_floors":[5,10,22,36],"is_endless":false,"potions_floor_spawned":[6,8,12,18,23,31,40,42,46,48],"killed_by":"Time Eater","ascension_level":20}}