{"host":"glqsg3p5q4u9u1ra","time":1614161412,"event":{"mods":["Act Like it!","Arknights","BaseMod","Better Third Choice","BetterRewards","Colored Map","Downfall","Friendly Minions","Gensokyo","GifTheSpireLib","Hallownest","Highlight Path","Infinite Spire","Mimic Mod","Minty Spire (QoL Compilation)","Pale of the Ancients","Reliquary","Replay The Spire","Ruina","Spicy Shops","Spire Birthday Party","StSLib","The Blue Laboratory","The Bug Knight","The Exalted","The Servant 0.9.4","Wandering Minibosses"],"gold_per_floor":[99,274,274,292,307,307,307,296,309,309,309],"floor_reached":10,"language":"ENG","playtime":317,"items_purged":[],"score":64,"play_id":"c8eef2d7-af8f-44b4-81cd-e03aa7b2309c","local_time":"20210224021012","is_ascension_mode":true,"campfire_choices":[{"data":"ats:Emotion Absorption","floor":1,"key":"SMITH"},{"data":"ats:Poison Spread","floor":6,"key":"SMITH"}],"circlet_count":0,"master_deck":["ats:Strike C","ats:Strike G","ats:Strike S","ats:Strike V","ats:Armor Crushing Shot","ats:Defend","ats:Defend","ats:Defend","ats:Defend","ats:Emotion Absorption+1","ats:Poison Spread+1","Doubt","ats:Emotion Absorption+1","ats:Steam Pump","ats:Red Shift","ats:Flexible Camouflage"],"relics":["ats:Sanity"],"acts_visited":["Exordium"],"potions_floor_usage":[10],"damage_taken":[{"damage":9,"enemies":"ats:Genji","floor":4,"turns":4},{"damage":13,"enemies":"2 Louse","floor":5,"turns":3},{"damage":5,"enemies":"Cultist","floor":8,"turns":5},{"damage":9,"enemies":"downfall:LooterAlt","floor":9,"turns":3},{"damage":37,"enemies":"3 Sentries","floor":10,"turns":10}],"seed_played":"7802058730519163100","potions_obtained":[{"floor":8,"key":"EssenceOfSteel"}],"is_trial":false,"path_per_floor":["R","?","?","M","M","R","T","M","M","E"],"character_chosen":"DOCTOR_CLASS","items_purchased":[],"campfire_rested":0,"item_purchase_floors":[],"current_hp_per_floor":[72,72,72,63,50,50,50,45,36,0,0],"gold":309,"neow_bonus":"THREE_CARDS","is_daily":false,"chose_seed":false,"campfire_upgraded":2,"win_rate":0.0,"timestamp":1614161412,"path_taken":["R","?","?","M","M","R","T","M","?","E"],"items_purchased_type":[],"build_version":"2020-12-22","purchased_purges":0,"victory":false,"max_hp_per_floor":[72,72,72,72,72,72,72,72,72,72,72],"card_choices":[{"not_picked":["ats:Flame Of Heaven","ats:Shell Defense"],"picked":"ats:Poison Spread","floor":0},{"not_picked":["ats:Explosion Area Strengthen","ats:Blood Oath"],"picked":"ats:Steam Pump","floor":4},{"not_picked":["ats:Shell Defense","ats:Charging Defense"],"picked":"ats:Red Shift","floor":5},{"not_picked":["ats:Guard Mode","ats:Phantom","ats:LN2 Cannon"],"picked":"SKIP","floor":8},{"not_picked":["ats:Serious Mode","ats:Apocalypse"],"picked":"ats:Flexible Camouflage","floor":9}],"player_experience":1175804,"relics_obtained":[{"floor":7,"key":"Mercury Hourglass"}],"event_choices":[],"is_beta":false,"boss_relics":[],"items_purged_floors":[],"is_endless":false,"potions_floor_spawned":[8],"killed_by":"3 Sentries","ascension_level":2}}