{"host":"lg2j834m1ujxvni0","time":1614207781,"event":{"mods":["AchievementEnabler","BaseMod","Beaked The Cultist","Better Vampires","BetterRewards","Colored Map","Colored Powertips","Conspire","Downfall","Gremlin Mod","Hermit","Highlight Path","Hubris","Infinite Spire","Mimic Mod","Minty Spire (QoL Compilation)","Quick Restart","Replay The Spire","Shade Mod","Shop Mod","StSLib","The Bladedancer","The Bug Knight","The Construct","The Cursed","The Death Knight","The Disciple","The Elementalist","The Forsaken","The Hayseed","The IronCluck","The Judge","The Jungle","The Runesmith","The Servant 0.9.4","The Witch"],"gold_per_floor":[99,99,99,142,142,20,20,58,70,122,147,179,203,245,277,387,399,446,474,505,102,119,119,158,58,88,108,142,142,142,417,433,538,538,538,548,573,573,573,590,620,620,620,216,216,51,84,84,100,100],"floor_reached":51,"language":"ENG","playtime":48594,"items_purged":["bronze:Strike","bronze:Defend","bronze:Strike","bronze:Defend"],"score":719,"play_id":"b4abfc22-e94a-4d95-acdf-1403f08eee7f","local_time":"20210224180301","is_ascension_mode":false,"campfire_choices":[{"floor":1.0,"key":"RECALL"},{"data":"bronze:DelayedSlice","floor":9.0,"key":"SMITH"},{"data":"bronze:DelayedSlice","floor":25,"key":"SMITH"},{"floor":30,"key":"REST"},{"data":"bronze:ItsAFeature","floor":35,"key":"SMITH"},{"data":"bronze:Defend","floor":42,"key":"PURGE"},{"data":"bronze:Defend","floor":45,"key":"PURGE"},{"data":"bronze:Strike","floor":48,"key":"PURGE"}],"circlet_count":0,"master_deck":["bronze:Replicate","bronze:Goto","bronze:DelayedSlice+1","bronze:Repair","bronze:Repair","bronze:WhirlingStrike","bronze:BuggyMess","bronze:ClassDefault","bronze:OilSpill","bronze:CutThrough","bronze:DelayedSlice+1","bronze:Boost","bronze:Repair","bronze:ForceShield","bronze:Separator","bronze:InfiniteLoop+1","bronze:Iterate","bronze:DelayedGuard","bronze:DelayedSlice+1","bronze:CutThrough","bronze:HyperBeam","bronze:InfiniteBeams","bronze:Boost","bronze:ThunderWave+1","bronze:ItsAFeature+1","bronze:WhirlingStrike+1","Regret","bronze:Overload","bronze:HardenedForm","bronze:WhirlingStrike+1","bronze:Fortify+1","bronze:InfiniteBeams","bronze:Format","bronze:Optimize","bronze:FollowUp","bronze:Separator+1","expansioncontent:AwakenDeath","bronze:Return","bronze:WildBeam+1","bronze:WildBeam+1","bronze:Boost","bronze:InfiniteLoop+1"],"relics":["bronze:BronzeCore","downfall:HeartsMalice","Ancient Tea Set","PreservedInsect","beaked:SacredNecklace","Gremlin Food","MerchantsRug","conspire:BottledYoYo","Darkstone Periapt","downfall:HeartBlessingRed","Mercury Hourglass","theForsaken:Gavel","ChewingGum","Pet Ghost","Guide Book","conspire:SpecialSausage","Peace Pipe","Molten Egg 2","conspire:DeflatedDodgeball"],"acts_visited":["Exordium","TheCity","TheBeyond"],"potions_floor_usage":[15,16,18,21,21,47,47],"damage_taken":[{"damage":0.0,"enemies":"Small Slimes","floor":2.0,"turns":1.0},{"damage":0.0,"enemies":"Jaw Worm","floor":3.0,"turns":1.0},{"damage":0.0,"enemies":"downfall:FleeingMerchant","floor":6.0,"turns":1.0},{"damage":29.0,"enemies":"3 Sentries","floor":8.0,"turns":8.0},{"damage":0.0,"enemies":"Cultist","floor":10.0,"turns":8.0},{"damage":0.0,"enemies":"Cultist","floor":11.0,"turns":2.0},{"damage":8.0,"enemies":"2 Fungi Beasts","floor":12.0,"turns":3.0},{"damage":2,"enemies":"Large Slime","floor":13,"turns":4},{"damage":6,"enemies":"Lagavulin","floor":14,"turns":4},{"damage":2,"enemies":"downfall:LooterAlt","floor":15,"turns":3},{"damage":8,"enemies":"SI_SHIV_ARCHETYPE","floor":16,"turns":7},{"damage":35,"enemies":"conspire:MimicChest","floor":18,"turns":5},{"damage":14,"enemies":"Shell Parasite","floor":19,"turns":4},{"damage":5,"enemies":"Chosen","floor":20,"turns":3},{"damage":2,"enemies":"downfall:FleeingMerchant","floor":21,"turns":4},{"damage":26,"enemies":"Shelled Parasite and Fungi","floor":22,"turns":4},{"damage":0,"enemies":"conspire:HollyBat","floor":24,"turns":4},{"damage":29,"enemies":"Book of Stabbing","floor":26,"turns":5},{"damage":35,"enemies":"conspire:HollyBat","floor":27,"turns":6},{"damage":19,"enemies":"Replay:Snechameleon","floor":28,"turns":3},{"damage":6,"enemies":"3 Cultists","floor":32,"turns":3},{"damage":39,"enemies":"WA_ARCHETYPE_CALM","floor":33,"turns":7},{"damage":31,"enemies":"3 Shapes","floor":36,"turns":3},{"damage":2,"enemies":"Orb Walker","floor":40,"turns":2},{"damage":2,"enemies":"Maw","floor":41,"turns":4},{"damage":0,"enemies":"downfall:FleeingMerchant","floor":44,"turns":3},{"damage":27,"enemies":"Giant Head","floor":47,"turns":5},{"damage":3,"enemies":"Maw","floor":49,"turns":5},{"damage":72,"enemies":"IC_BLOCK_ARCHETYPE","floor":50,"turns":8}],"seed_played":"-2681598229890913843","potions_obtained":[{"floor":4.0,"key":"LifebloodPotion"},{"floor":11.0,"key":"Toxic Potion"},{"floor":12.0,"key":"SteroidPotion"},{"floor":14,"key":"hexamod:SoulburnPotion"},{"floor":15,"key":"PowerPotion"},{"floor":19,"key":"Strength Potion"},{"floor":22,"key":"SpeedPotion"},{"floor":26,"key":"SkillPotion"},{"floor":28,"key":"SteroidPotion"},{"floor":33,"key":"AttackPotion"},{"floor":40,"key":"Fruit Juice"}],"is_trial":false,"path_per_floor":["R","M","M","?","?","$","T","E","R","MIM","M","M","M","E","M","B",null,"R_BF","M","M","$","M","?","MIM","R","E","M","E","?","R","?","M","B",null,"R","M","T","AVR","?","M","MIM","R","?","$","R","$","E","R","M","B",null],"character_chosen":"THE_AUTOMATON","items_purchased":["bronze:ClassDefault","bronze:OilSpill","bronze:CutThrough","MerchantsRug","conspire:BottledYoYo","bronze:Optimize","bronze:FollowUp","bronze:Separator+1","expansioncontent:AwakenDeath","bronze:Return","Molten Egg 2","bronze:WildBeam+1"],"campfire_rested":1,"item_purchase_floors":[6,6,21,21,21,44,44,44,44,44,44,46],"current_hp_per_floor":[70,70,70,70,70,70,70,55,55,69,70,69,70,70,70,66,70,49,56,58,70,58,58,70,70,62,34,22,22,43,49,50,39,76,76,52,52,52,76,76,74,74,74,74,74,74,68,68,76,25],"gold":100,"neow_bonus":"THREE_ENEMY_KILL","is_daily":false,"chose_seed":false,"campfire_upgraded":3,"win_rate":0.0,"timestamp":1614207781,"path_taken":["R","M","M","?","?","$","T","E","R","?","M","M","M","E","M","BOSS","R_BF","M","M","$","M","?","MIM","R","E","M","E","?","R","?","M","BOSS","R","M","?","AVR","?","?","MIM","R","?","$","R","?","E","R","M","BOSS"],"items_purchased_type":["Card","Card","Card","Relic","Relic","Card","Card","Card","Card","Card","Relic","Card"],"build_version":"2020-12-22","purchased_purges":4,"victory":true,"max_hp_per_floor":[70,70,70,70,70,70,70,70,70,70,70,70,70,70,70,70,70,70,70,70,70,70,70,70,70,70,70,70,70,70,76,76,76,76,76,76,76,76,76,76,76,76,76,76,76,76,76,76,76,76],"card_choices":[{"not_picked":["bronze:CloningBeam","bronze:FineTuning"],"picked":"bronze:DelayedSlice","floor":2.0},{"not_picked":["bronze:WildBeam","bronze:CutThrough"],"picked":"bronze:Repair","floor":3.0},{"not_picked":["bronze:DelayedGuard","bronze:Invalidate"],"picked":"bronze:Repair","floor":4.0},{"not_picked":["bronze:Shield","bronze:ForceShield"],"picked":"bronze:WhirlingStrike","floor":4.0},{"not_picked":["bronze:BitShift","bronze:Deprecate"],"picked":"bronze:BuggyMess","floor":6.0},{"not_picked":["bronze:Verify","bronze:ForLoop"],"picked":"bronze:CutThrough","floor":8.0},{"not_picked":["bronze:BuggyMess","bronze:Deprecate"],"picked":"bronze:DelayedSlice","floor":10.0},{"not_picked":["bronze:CutThrough","bronze:Frontload"],"picked":"bronze:Boost","floor":11.0},{"not_picked":["bronze:ForLoop","bronze:Invalidate"],"picked":"bronze:Repair","floor":12.0},{"not_picked":["bronze:Overheat","bronze:Backtrace"],"picked":"bronze:ForceShield","floor":13},{"not_picked":["bronze:Overload","bronze:DarkDash","bronze:Frontload"],"picked":"SKIP","floor":14},{"not_picked":["bronze:FineTuning","bronze:CloningBeam"],"picked":"bronze:Separator","floor":15},{"not_picked":["bronze:RecursiveStrike","bronze:SpaghettiCode"],"picked":"bronze:InfiniteLoop","floor":16},{"not_picked":["bronze:Allocate","bronze:Overheat"],"picked":"bronze:BitShift+1","floor":18},{"not_picked":["bronze:Safeguard","bronze:Invalidate+1"],"picked":"bronze:Iterate","floor":19},{"not_picked":["bronze:MaxOutput","bronze:Overheat"],"picked":"bronze:DelayedGuard","floor":20},{"not_picked":["bronze:CloningBeam","bronze:OilSpill+1"],"picked":"bronze:DelayedSlice+1","floor":21},{"not_picked":["bronze:Constructor+1","bronze:DarkDash"],"picked":"bronze:HyperBeam","floor":22},{"not_picked":["bronze:WhirlingStrike","bronze:Constructor+1"],"picked":"bronze:Boost","floor":24},{"not_picked":["bronze:BugBarrage","bronze:SpaghettiCode"],"picked":"bronze:ThunderWave","floor":26},{"not_picked":["bronze:Turbo","bronze:BitShift"],"picked":"bronze:ItsAFeature","floor":27},{"not_picked":["bronze:WildBeam","bronze:SpaghettiCode"],"picked":"bronze:WhirlingStrike","floor":28},{"not_picked":["bronze:DelayedGuard","bronze:Frontload"],"picked":"bronze:Overload","floor":32},{"not_picked":["bronze:Verify","bronze:FindAndReplace"],"picked":"bronze:HardenedForm","floor":33},{"not_picked":["bronze:CutThrough","bronze:Iterate"],"picked":"bronze:WhirlingStrike+1","floor":36},{"not_picked":["bronze:Overheat","bronze:ForLoop+1"],"picked":"bronze:Fortify+1","floor":40},{"not_picked":["bronze:Separator","bronze:Invalidate+1"],"picked":"bronze:InfiniteBeams","floor":41},{"not_picked":["bronze:ItsAFeature","bronze:CutThrough+1"],"picked":"bronze:Format","floor":44},{"not_picked":["bronze:Fortify+1","bronze:Terminator"],"picked":"bronze:Boost","floor":47},{"not_picked":["bronze:CutThrough+1","bronze:BronzeArmor+1"],"picked":"bronze:InfiniteLoop+1","floor":49}],"player_experience":233455,"relics_obtained":[{"floor":4.0,"key":"Ancient Tea Set"},{"floor":7.0,"key":"MawBank"},{"floor":8.0,"key":"Simple Rune"},{"floor":10.0,"key":"PreservedInsect"},{"floor":14,"key":"Toy Ornithopter"},{"floor":18,"key":"Gremlin Food"},{"floor":24,"key":"Darkstone Periapt"},{"floor":26,"key":"Mercury Hourglass"},{"floor":28,"key":"theForsaken:Gavel"},{"floor":37,"key":"Pet Ghost"},{"floor":41,"key":"Peace Pipe"},{"floor":47,"key":"conspire:DeflatedDodgeball"}],"event_choices":[{"damage_healed":0.0,"max_hp_gain":0.0,"max_hp_loss":0.0,"gold_gain":0.0,"event_name":"conspire:Investor","player_choice":"Leave","floor":5.0,"gold_loss":0.0,"damage_taken":0.0},{"cards_removed":["bronze:BronzeArmor"],"damage_healed":24,"gold_gain":0,"player_choice":"Offered Uncommon","damage_taken":0,"max_hp_gain":0,"max_hp_loss":0,"event_name":"Bonfire Elementals","floor":39,"gold_loss":0},{"cards_removed":["bronze:BitShift"],"damage_healed":0,"gold_gain":0,"player_choice":"Removed Skill","damage_taken":0,"max_hp_gain":0,"max_hp_loss":0,"event_name":"Falling","floor":43,"gold_loss":0}],"is_beta":false,"boss_relics":[{"not_picked":["Philosopher\u0027s Stone","Snecko Eye"],"picked":"beaked:SacredNecklace"},{"not_picked":["hubris:BlackHole","bronze:PlatinumCore"],"picked":"ChewingGum"}],"items_purged_floors":[21,38,44,46],"is_endless":false,"potions_floor_spawned":[11,12,14,15,19,22,26,28,33,40],"ascension_level":0}}