{"host":"gk5m6v7zec9neb0j","time":1614143480,"event":{"mods":["AchievementEnabler","AlwaysNeverKeys","BaseMod","BetterRewards","Block Reminder","Minty Spire (QoL Compilation)","RNG Fix","Rare Cards Sparkle","Relic Stats","StSLib"],"gold_per_floor":[111,111,128,128,128,159,173,203,203,203,29,49,49,67,67,167,167,186,203,47,62,62,77,112,128,128,128,128,128,156,176,176,278,278,297,316,129,149,149,183,183,200,200,200,200,212,544,109,109,109,109,109,74,101,101],"floor_reached":56,"language":"ENG","playtime":1836,"items_purged":["Strike_G","Strike_G","Strike_G","Strike_G","Strike_G"],"score":1730,"play_id":"4808b12a-584c-4ee4-9a35-8684d1765ae0","local_time":"20210224001120","is_ascension_mode":false,"campfire_choices":[{"data":"Neutralize","floor":10,"key":"SMITH"},{"data":"Accuracy","floor":13,"key":"SMITH"},{"data":"Burst","floor":15,"key":"SMITH"},{"data":"Cloak And Dagger","floor":27,"key":"SMITH"},{"data":"Cloak And Dagger","floor":29,"key":"SMITH"},{"data":"Adrenaline","floor":32,"key":"SMITH"},{"data":"Footwork","floor":41,"key":"SMITH"},{"data":"Footwork","floor":45,"key":"SMITH"},{"data":"Footwork","floor":49,"key":"SMITH"},{"data":"Blade Dance","floor":52,"key":"SMITH"}],"circlet_count":0,"master_deck":["Defend_G","Defend_G","Defend_G","Defend_G","Defend_G","Survivor","Neutralize+1","Blade Dance","Infinite Blades","Cloak And Dagger+1","Accuracy+1","Blade Dance+1","Burst+1","Blade Dance","Blade Dance","Blade Dance","Cloak And Dagger+1","Blade Dance+1","Cloak And Dagger+1","Adrenaline+1","Footwork+1","Footwork+1","Footwork+1","Infinite Blades"],"relics":["Ring of the Snake","Vajra","Orrery","Bronze Scales","FossilizedHelix","Lizard Tail","Incense Burner","Pocketwatch","Odd Mushroom","Sozu","Medical Kit","InkBottle","Nunchaku","The Specimen","Black Star","Bottled Lightning","Kunai","Paper Crane","Mercury Hourglass","Old Coin","Eternal Feather","White Beast Statue","Mango"],"acts_visited":["Exordium","TheCity","TheBeyond","TheEnding"],"potions_floor_usage":[55],"damage_taken":[{"damage":0,"enemies":"2 Louse","floor":1,"turns":2},{"damage":0,"enemies":"Jaw Worm","floor":3,"turns":3},{"damage":0,"enemies":"Gremlin Nob","floor":6,"turns":3},{"damage":0,"enemies":"Small Slimes","floor":7,"turns":2},{"damage":3,"enemies":"Lagavulin","floor":8,"turns":4},{"damage":9,"enemies":"The Mushroom Lair","floor":12,"turns":3},{"damage":0,"enemies":"Exordium Wildlife","floor":14,"turns":2},{"damage":13,"enemies":"The Guardian","floor":16,"turns":7},{"damage":0,"enemies":"2 Thieves","floor":18,"turns":2},{"damage":0,"enemies":"Spheric Guardian","floor":19,"turns":1},{"damage":0,"enemies":"Centurion and Healer","floor":21,"turns":3},{"damage":0,"enemies":"Shelled Parasite and Fungi","floor":23,"turns":3},{"damage":0,"enemies":"Gremlin Leader","floor":24,"turns":2},{"damage":0,"enemies":"Cultist and Chosen","floor":25,"turns":2},{"damage":0,"enemies":"Book of Stabbing","floor":30,"turns":2},{"damage":0,"enemies":"Snecko","floor":31,"turns":2},{"damage":0,"enemies":"Collector","floor":33,"turns":4},{"damage":0,"enemies":"3 Darklings","floor":35,"turns":4},{"damage":0,"enemies":"3 Shapes","floor":36,"turns":3},{"damage":0,"enemies":"Jaw Worm Horde","floor":38,"turns":3},{"damage":0,"enemies":"Giant Head","floor":40,"turns":4},{"damage":0,"enemies":"Transient","floor":42,"turns":5},{"damage":0,"enemies":"3 Darklings","floor":46,"turns":3},{"damage":0,"enemies":"Reptomancer","floor":47,"turns":4},{"damage":7,"enemies":"Time Eater","floor":50,"turns":10},{"damage":10,"enemies":"Shield and Spear","floor":54,"turns":4},{"damage":72,"enemies":"The Heart","floor":55,"turns":8}],"seed_played":"2555542693830911956","potions_obtained":[{"floor":3,"key":"SteroidPotion"},{"floor":8,"key":"GhostInAJar"},{"floor":14,"key":"BlessingOfTheForge"}],"is_trial":false,"path_per_floor":["M","?","M","?","?","E","M","E","T","R","$","?","R","M","R","B",null,"M","M","$","M","?","M","E","M","T","R","$","R","E","M","R","B",null,"M","M","$","M","?","E","R","M","T","?","R","M","E","$","R","B",null,"R","$","E","B",null],"character_chosen":"THE_SILENT","items_purchased":["Blade Dance","Vajra","Orrery","Accuracy","Blade Dance","Bronze Scales","FossilizedHelix","Burst","Blade Dance","Medical Kit","Footwork","Eternal Feather","Infinite Blades"],"campfire_rested":0,"item_purchase_floors":[0,0,0,0,0,0,0,0,11,20,37,48,53],"current_hp_per_floor":[29,52,52,52,52,52,52,49,49,49,49,40,40,40,40,27,70,70,70,70,70,70,70,70,70,70,70,70,70,70,70,70,70,70,70,70,70,70,60,60,60,60,60,60,60,60,60,60,70,63,70,70,70,74,2],"gold":101,"neow_bonus":"","is_daily":false,"chose_seed":false,"campfire_upgraded":10,"win_rate":0.0,"timestamp":1614143480,"path_taken":["M","?","M","?","?","E","M","E","T","R","$","?","R","M","R","BOSS","M","M","?","M","?","M","E","M","T","R","$","R","E","M","R","BOSS","M","?","$","M","?","E","R","M","T","?","R","M","E","$","R","BOSS","R","$","E","BOSS"],"items_purchased_type":["Card","Relic","Relic","Card","Card","Relic","Relic","Card","Card","Relic","Card","Relic","Card"],"build_version":"2020-12-22","purchased_purges":5,"victory":true,"max_hp_per_floor":[70,70,70,70,70,70,70,70,70,70,70,70,70,70,70,70,70,70,70,70,70,70,70,70,70,70,70,70,70,70,70,70,70,70,70,70,70,70,70,70,70,70,70,70,70,70,70,70,70,70,70,70,70,84,84],"relic_stats":{"counters":[913,4850],"Eternal Feather":10,"Medical Kit":[4],"Mercury Hourglass":[62],"Sozu":4,"Lizard Tail":0,"Nunchaku":[44],"Bronze Scales":[272],"Black Star":3,"Kunai":[211],"obtain_stats":[{"TwistedFunnel":0,"Spirit Poop":30,"Ginger":0,"Whetstone":11,"Bottled Tornado":43,"Boot":25,"Sling":0,"Old Coin":34,"Blood Vial":17,"Sundial":24,"MealTicket":31,"HandDrill":48,"Kunai":0,"Pear":28,"Blue Candle":54,"Velvet Choker":17,"Eternal Feather":54,"Tingsha":0,"Pen Nib":11,"Paper Crane":43,"Akabeko":3,"SlaversCollar":17,"MutagenicStrength":19,"Bird Faced Urn":38,"StrikeDummy":27,"Unceasing Top":46,"Ring of the Serpent":17,"Regal Pillow":9,"Lantern":45,"Torii":0,"Singing Bowl":43,"StoneCalendar":42,"Bag of Preparation":26,"Ancient Tea Set":4,"Cursed Key":17,"Smiling Mask":41,"Matryoshka":37,"Shovel":38,"WristBlade":34,"Ninja Scroll":0,"Toolbox":45,"WingedGreaves":17,"Chemical X":37,"InkBottle":54,"Ring of the Snake":0,"Potion Belt":9,"Lee\u0027s Waffle":48,"The Specimen":0,"Golden Idol":3,"Thread and Needle":45,"The Courier":26,"PreservedInsect":38,"Omamori":39,"Frozen Egg 2":43,"MawBank":45,"Ornamental Fan":0,"Bloody Idol":31,"Orrery":0,"Turnip":38,"Art of War":17,"Bottled Lightning":43,"Toy Ornithopter":27,"Ice Cream":7,"Calipers":13,"Gremlin Horn":26,"CeramicFish":0,"HoveringKite":34,"Vajra":43,"Sozu":34,"Centennial Puzzle":6,"Lizard Tail":10,"HornCleat":43,"DollysMirror":4,"Strawberry":26,"Prayer Wheel":38,"Toxic Egg 2":28,"Girya":0,"Happy Flower":13,"Astrolabe":34,"Oddly Smooth Stone":0,"Letter Opener":53,"War Paint":43,"Question Card":48,"Du-Vu Doll":47,"OrangePellets":22,"Bottled Flame":25,"Shuriken":0,"Bronze Scales":10,"Molten Egg 2":9,"Black Star":17,"Meat on the Bone":17,"Pocketwatch":17,"Darkstone Periapt":23,"SacredBark":17,"Enchiridion":22,"Mango":43,"Snake Skull":54,"Juzu Bracelet":43,"Incense Burner":29,"Empty Cage":17,"PrismaticShard":53,"ClockworkSouvenir":20,"Frozen Eye":39,"Tough Bandages":25,"Nunchaku":31,"Dream Catcher":9,"Mummified Hand":30,"Pantograph":12,"Gambling Chip":0,"Tiny Chest":26,"Red Mask":47,"Orichalcum":26,"Odd Mushroom":12,"Medical Kit":37,"White Beast Statue":9,"Mercury Hourglass":54,"Peace Pipe":9,"Calling Bell":17,"Cauldron":53,"Strange Spoon":53,"Anchor":34,"CaptainsWheel":54,"Bag of Marbles":43,"Coffee Dripper":34,"Membership Card":36,"FossilizedHelix":0,"TungstenRod":26},{"TwistedFunnel":381,"Spirit Poop":819,"Ginger":97,"Whetstone":100,"Bottled Tornado":52,"Boot":640,"Sling":741,"Old Coin":338,"Blood Vial":129,"Sundial":44,"MealTicket":616,"HandDrill":491,"Kunai":31,"Pear":315,"Blue Candle":249,"Velvet Choker":784,"Eternal Feather":146,"Tingsha":274,"Pen Nib":356,"Paper Crane":322,"Akabeko":575,"SlaversCollar":231,"MutagenicStrength":156,"Bird Faced Urn":189,"StrikeDummy":17,"Unceasing Top":193,"Ring of the Serpent":388,"Regal Pillow":36,"Lantern":269,"Torii":31,"Singing Bowl":116,"StoneCalendar":217,"Bag of Preparation":366,"Ancient Tea Set":2,"Cursed Key":281,"Smiling Mask":452,"Matryoshka":137,"Shovel":594,"WristBlade":112,"Ninja Scroll":172,"Toolbox":675,"WingedGreaves":80,"Chemical X":22,"InkBottle":57,"Ring of the Snake":0,"Potion Belt":3,"Lee\u0027s Waffle":676,"The Specimen":274,"Golden Idol":2,"Thread and Needle":245,"The Courier":183,"PreservedInsect":240,"Omamori":189,"Frozen Egg 2":398,"MawBank":245,"Ornamental Fan":72,"Bloody Idol":161,"Orrery":58,"Turnip":116,"Art of War":80,"Bottled Lightning":24,"Toy Ornithopter":17,"Ice Cream":11,"Calipers":154,"Gremlin Horn":480,"CeramicFish":172,"HoveringKite":21,"Vajra":91,"Sozu":136,"Centennial Puzzle":278,"Lizard Tail":329,"HornCleat":621,"DollysMirror":123,"Strawberry":107,"Prayer Wheel":138,"Toxic Egg 2":108,"Girya":250,"Happy Flower":12,"Astrolabe":86,"Oddly Smooth Stone":122,"Letter Opener":272,"War Paint":191,"Question Card":94,"Du-Vu Doll":540,"OrangePellets":754,"Bottled Flame":16,"Shuriken":97,"Bronze Scales":36,"Molten Egg 2":151,"Black Star":13,"Meat on the Bone":80,"Pocketwatch":129,"Darkstone Periapt":182,"SacredBark":360,"Enchiridion":68,"Mango":538,"Snake Skull":273,"Juzu Bracelet":141,"Incense Burner":560,"Empty Cage":103,"PrismaticShard":272,"ClockworkSouvenir":41,"Frozen Eye":877,"Tough Bandages":16,"Nunchaku":85,"Dream Catcher":355,"Mummified Hand":110,"Pantograph":11,"Gambling Chip":197,"Tiny Chest":16,"Red Mask":54,"Orichalcum":235,"Odd Mushroom":499,"Medical Kit":188,"White Beast Statue":11,"Mercury Hourglass":349,"Peace Pipe":62,"Calling Bell":80,"Cauldron":625,"Strange Spoon":739,"Anchor":338,"CaptainsWheel":349,"Bag of Marbles":267,"Coffee Dripper":848,"Membership Card":163,"FossilizedHelix":250,"TungstenRod":416},{"TwistedFunnel":2158,"Spirit Poop":4420,"Ginger":599,"Whetstone":611,"Bottled Tornado":309,"Boot":3447,"Sling":3991,"Old Coin":1918,"Blood Vial":722,"Sundial":249,"MealTicket":3304,"HandDrill":2775,"Kunai":183,"Pear":1796,"Blue Candle":1454,"Velvet Choker":4248,"Eternal Feather":781,"Tingsha":1567,"Pen Nib":2009,"Paper Crane":1834,"Akabeko":3135,"SlaversCollar":1359,"MutagenicStrength":843,"Bird Faced Urn":1121,"StrikeDummy":100,"Unceasing Top":1141,"Ring of the Serpent":2183,"Regal Pillow":206,"Lantern":1539,"Torii":183,"Singing Bowl":676,"StoneCalendar":1281,"Bag of Preparation":2061,"Ancient Tea Set":5,"Cursed Key":1617,"Smiling Mask":2575,"Matryoshka":750,"Shovel":3206,"WristBlade":661,"Ninja Scroll":996,"Toolbox":3633,"WingedGreaves":500,"Chemical X":129,"InkBottle":364,"Ring of the Snake":0,"Potion Belt":9,"Lee\u0027s Waffle":3638,"The Specimen":1567,"Golden Idol":5,"Thread and Needle":1436,"The Courier":1085,"PreservedInsect":1411,"Omamori":1121,"Frozen Egg 2":2226,"MawBank":1436,"Ornamental Fan":459,"Bloody Idol":873,"Orrery":367,"Turnip":676,"Art of War":500,"Bottled Lightning":139,"Toy Ornithopter":100,"Ice Cream":57,"Calipers":823,"Gremlin Horn":2719,"CeramicFish":996,"HoveringKite":124,"Vajra":558,"Sozu":746,"Centennial Puzzle":1590,"Lizard Tail":1866,"HornCleat":3329,"DollysMirror":699,"Strawberry":637,"Prayer Wheel":755,"Toxic Egg 2":643,"Girya":1462,"Happy Flower":68,"Astrolabe":533,"Oddly Smooth Stone":696,"Letter Opener":1557,"War Paint":1131,"Question Card":574,"Du-Vu Doll":2986,"OrangePellets":4053,"Bottled Flame":94,"Shuriken":599,"Bronze Scales":206,"Molten Egg 2":801,"Black Star":79,"Meat on the Bone":500,"Pocketwatch":722,"Darkstone Periapt":1075,"SacredBark":2027,"Enchiridion":435,"Mango":2979,"Snake Skull":1562,"Juzu Bracelet":766,"Incense Burner":3065,"Empty Cage":621,"PrismaticShard":1557,"ClockworkSouvenir":234,"Frozen Eye":4692,"Tough Bandages":94,"Nunchaku":521,"Dream Catcher":2005,"Mummified Hand":652,"Pantograph":57,"Gambling Chip":1176,"Tiny Chest":94,"Red Mask":329,"Orichalcum":1384,"Odd Mushroom":2819,"Medical Kit":1117,"White Beast Statue":57,"Mercury Hourglass":1972,"Peace Pipe":387,"Calling Bell":500,"Cauldron":3355,"Strange Spoon":3981,"Anchor":1918,"CaptainsWheel":1972,"Bag of Marbles":1530,"Coffee Dripper":4530,"Membership Card":899,"FossilizedHelix":1462,"TungstenRod":2337}],"InkBottle":[174],"Ring of the Snake":[570],"Pocketwatch":[12]},"card_choices":[{"not_picked":["Poisoned Stab","Catalyst"],"picked":"Infinite Blades","floor":0},{"not_picked":["Eviscerate","Bullet Time"],"picked":"Cloak And Dagger","floor":0},{"not_picked":["Slice","Dodge and Roll","Predator"],"picked":"SKIP","floor":1},{"not_picked":["Bane","Cloak And Dagger"],"picked":"Blade Dance","floor":3},{"not_picked":["Underhanded Strike","Flying Knee","PiercingWail"],"picked":"SKIP","floor":6},{"not_picked":["Prepared","Skewer","Cloak And Dagger"],"picked":"SKIP","floor":7},{"not_picked":["All Out Attack","Endless Agony","Cloak And Dagger"],"picked":"SKIP","floor":8},{"not_picked":["Finisher","Flying Knee","Dagger Throw"],"picked":"SKIP","floor":14},{"not_picked":["Backflip","Skewer+1"],"picked":"Blade Dance","floor":18},{"not_picked":["Dagger Spray","All Out Attack"],"picked":"Cloak And Dagger","floor":19},{"not_picked":["Flechettes","Dodge and Roll","Crippling Poison"],"picked":"SKIP","floor":21},{"not_picked":["Dodge and Roll","Dagger Spray+1","Cloak And Dagger"],"picked":"SKIP","floor":23},{"not_picked":["Skewer+1","PiercingWail"],"picked":"Blade Dance+1","floor":24},{"not_picked":["Well Laid Plans","Dodge and Roll"],"picked":"Cloak And Dagger+1","floor":25},{"not_picked":["Flying Knee","Calculated Gamble"],"picked":"Adrenaline","floor":30},{"not_picked":["Outmaneuver","Dagger Throw"],"picked":"Footwork","floor":31},{"not_picked":["Predator","Bane+1","Endless Agony+1"],"picked":"SKIP","floor":35},{"not_picked":["Crippling Poison+1","Choke+1","Skewer+1"],"picked":"SKIP","floor":36},{"not_picked":["Backflip","Quick Slash+1","Infinite Blades+1"],"picked":"SKIP","floor":38},{"not_picked":["Quick Slash+1","Flying Knee","Concentrate"],"picked":"SKIP","floor":40},{"not_picked":["Deflect","Escape Plan+1","Acrobatics"],"picked":"SKIP","floor":42},{"not_picked":["Deadly Poison","Quick Slash+1","Poisoned Stab"],"picked":"SKIP","floor":46},{"not_picked":["Acrobatics+1","Grand Finale"],"picked":"Footwork","floor":47},{"not_picked":["Masterful Stab+1","Quick Slash","Bane"],"picked":"SKIP","floor":54},{"not_picked":["Masterful Stab+1","Quick Slash","Bane"],"picked":"SKIP","floor":54}],"player_experience":854127,"relics_obtained":[{"floor":6,"key":"Lizard Tail"},{"floor":8,"key":"Incense Burner"},{"floor":9,"key":"Pocketwatch"},{"floor":12,"key":"Odd Mushroom"},{"floor":24,"key":"InkBottle"},{"floor":26,"key":"Nunchaku"},{"floor":30,"key":"The Specimen"},{"floor":40,"key":"Bottled Lightning"},{"floor":40,"key":"Kunai"},{"floor":43,"key":"Paper Crane"},{"floor":47,"key":"Mercury Hourglass"},{"floor":47,"key":"Old Coin"},{"floor":54,"key":"White Beast Statue"},{"floor":54,"key":"Mango"}],"event_choices":[{"damage_healed":23,"gold_gain":0,"player_choice":"Banana","damage_taken":0,"max_hp_gain":0,"max_hp_loss":0,"event_name":"Big Fish","floor":2,"gold_loss":0},{"damage_healed":0,"gold_gain":0,"player_choice":"Ignored","damage_taken":0,"max_hp_gain":0,"max_hp_loss":0,"event_name":"Liars Game","floor":4,"gold_loss":0},{"damage_healed":0,"gold_gain":0,"player_choice":"0 cards matched","damage_taken":0,"max_hp_gain":0,"max_hp_loss":0,"event_name":"Match and Keep!","floor":5,"gold_loss":0,"cards_obtained":[]},{"damage_healed":0,"gold_gain":0,"player_choice":"Fought Mushrooms","damage_taken":0,"max_hp_gain":0,"max_hp_loss":0,"event_name":"Mushrooms","floor":12,"gold_loss":0},{"damage_healed":0,"gold_gain":0,"player_choice":"Memory 3","damage_taken":10,"max_hp_gain":0,"max_hp_loss":0,"event_name":"SensoryStone","floor":39,"gold_loss":0},{"damage_healed":0,"gold_gain":0,"player_choice":"Ignored","damage_taken":0,"max_hp_gain":0,"max_hp_loss":0,"event_name":"Tomb of Lord Red Mask","floor":44,"gold_loss":0}],"is_beta":false,"boss_relics":[{"not_picked":["Ectoplasm","Cursed Key"],"picked":"Sozu"},{"not_picked":["SlaversCollar","Busted Crown"],"picked":"Black Star"}],"items_purged_floors":[0,0,11,37,48],"is_endless":false,"potions_floor_spawned":[3,8,14,19,21,25,31,35,36,42,47],"ascension_level":0}}