{"host":"2d69zsihwnsihkt1","time":1614192860,"event":{"mods":["AchievementEnabler","Act Like it!","BaseMod","Better Altar","Better Note","Better Skull","Bossed Relics","Colored Map","Colored Powertips","Curses Come First","Displayed Cursed Tome","Googly Eyes","Hermit","Minty Spire (QoL Compilation)","Rare Cards Sparkle","Relic Stats","Replay The Spire","Robot Space Explorer","Shapeshifter Mod","Shop Mod","StSLib","The Forsaken","The Hayseed","The Runesmith"],"gold_per_floor":[17,92,92,92,102,102,115,125,198,198,198,168,168,187,187,286,286,302,302,227,151,151,151,151],"floor_reached":23,"language":"ENG","playtime":1423,"items_purged":[],"score":257,"play_id":"c863d13d-b0fe-41db-9d6c-da74341ec5b0","local_time":"20210224125420","is_ascension_mode":true,"campfire_choices":[{"floor":6,"key":"REST"},{"floor":10,"key":"REST"},{"data":"theForsaken:DesperatePlea","floor":13,"key":"SMITH"},{"floor":15,"key":"DIG"}],"circlet_count":0,"master_deck":["theForsaken:TheForsaken_Strike","theForsaken:TheForsaken_Strike","theForsaken:TheForsaken_Strike","theForsaken:TheForsaken_Strike","theForsaken:TheForsaken_Defend","theForsaken:TheForsaken_Defend","theForsaken:TheForsaken_Defend","theForsaken:TheForsaken_Defend","theForsaken:Smite","theForsaken:Penitence+1","theForsaken:DesperatePlea+1","Judgement","RobotSpaceExplorer:HighVoltage","RobotSpaceExplorer:Pulsar+1","theForsaken:DefensiveStance"],"relics":["theForsaken:JudgementScales","PrismaticShard","Gremlin Horn","Dream Catcher","Ring of Chaos","Bloody Idol"],"acts_visited":["Exordium","TheCity"],"potions_floor_usage":[16,23,23],"damage_taken":[{"damage":0,"enemies":"Small Slimes","floor":1,"turns":3},{"damage":17,"enemies":"Jaw Worm","floor":5,"turns":7},{"damage":6,"enemies":"2 Louse","floor":7,"turns":3},{"damage":22,"enemies":"Blue Slaver","floor":8,"turns":6},{"damage":1,"enemies":"Looter","floor":12,"turns":4},{"damage":4,"enemies":"3 Louse","floor":14,"turns":6},{"damage":44,"enemies":"Slime Boss","floor":16,"turns":11},{"damage":27,"enemies":"3 Byrds","floor":18,"turns":4},{"damage":18,"enemies":"Book of Stabbing","floor":23,"turns":4}],"seed_played":"-5967701410172683555","potions_obtained":[{"floor":5,"key":"LifebloodPotion"},{"floor":8,"key":"Elixir"},{"floor":16,"key":"AttackPotion"},{"floor":18,"key":"Death Potion"}],"is_trial":false,"path_per_floor":["M","?","?","?","M","R","M","M","T","R","?","M","R","M","R_BF","B",null,"M","?","?","$","?","E"],"character_chosen":"THE_FORSAKEN","items_purchased":["theForsaken:DefensiveStance"],"campfire_rested":2,"item_purchase_floors":[21],"current_hp_per_floor":[62,51,51,51,41,60,57,43,43,62,62,64,64,65,65,25,55,30,51,51,51,18,0,0],"gold":151,"neow_bonus":"THREE_RARE_CARDS","is_daily":false,"chose_seed":false,"campfire_upgraded":1,"win_rate":0.0,"timestamp":1614192860,"path_taken":["M","?","?","?","M","R","?","M","T","R","?","M","R","M","R_BF","BOSS","M","?","?","$","?","E"],"items_purchased_type":["Card"],"build_version":"2020-12-22","purchased_purges":0,"victory":false,"max_hp_per_floor":[65,65,65,65,65,65,65,65,65,65,65,65,65,65,65,65,65,65,65,65,65,65,65,65],"relic_stats":{"Dream Catcher":0,"Gremlin Horn":[5,5],"counters":[9,48],"Bloody Idol":0,"obtain_stats":[{"Dream Catcher":15,"Gremlin Horn":9,"Bloody Idol":22,"Ring of Chaos":17,"theForsaken:JudgementScales":0,"PrismaticShard":3},{"Dream Catcher":6,"Gremlin Horn":4,"Bloody Idol":8,"Ring of Chaos":7,"theForsaken:JudgementScales":0,"PrismaticShard":1},{"Dream Catcher":29,"Gremlin Horn":19,"Bloody Idol":44,"Ring of Chaos":40,"theForsaken:JudgementScales":0,"PrismaticShard":3}]},"card_choices":[{"not_picked":["theForsaken:Temperance","theForsaken:Retribution"],"picked":"theForsaken:DesperatePlea","floor":0},{"not_picked":["theForsaken:FuryStrikes","theForsaken:Eulogy","theForsaken:FatRoll"],"picked":"SKIP","floor":1},{"not_picked":["StSShapeShifter:EmbraceTheCycle","Runesmith:Retool","Panic Button"],"picked":"SKIP","floor":5},{"not_picked":["RobotSpaceExplorer:FrostMissile","ReplayTheSpireMod:Shiv Toss","StSShapeShifter:FlowerShield"],"picked":"SKIP","floor":7},{"not_picked":["Toxin Wave","TheSimpletonMod:SpiceUp","TheSimpletonMod:Mulch"],"picked":"SKIP","floor":8},{"not_picked":["theForsaken:HymnOfRest","Runesmith:FrozenChisel","hermit:SprayPray"],"picked":"SKIP","floor":12},{"not_picked":["Chaos","theForsaken:CreepingInfection"],"picked":"Judgement","floor":14},{"not_picked":["Vault","StSShapeShifter:LionForm"],"picked":"RobotSpaceExplorer:HighVoltage","floor":16},{"not_picked":["theForsaken:StoreUp","theForsaken:CreepingInfection+1"],"picked":"RobotSpaceExplorer:Pulsar+1","floor":18}],"player_experience":1915278,"relics_obtained":[{"floor":9,"key":"Gremlin Horn"},{"floor":15,"key":"Dream Catcher"}],"event_choices":[{"damage_healed":0,"gold_gain":75,"player_choice":"Gather Gold","damage_taken":11,"max_hp_gain":0,"max_hp_loss":0,"event_name":"World of Goop","floor":2,"gold_loss":0},{"damage_healed":21,"gold_gain":0,"player_choice":"Heal","damage_taken":0,"max_hp_gain":0,"max_hp_loss":0,"event_name":"The Library","floor":19,"gold_loss":0},{"cards_removed":["TheSimpletonMod:Spoilage"],"damage_healed":0,"gold_gain":0,"player_choice":"Gave Gold","damage_taken":0,"max_hp_gain":0,"max_hp_loss":0,"event_name":"Beggar","floor":20,"gold_loss":75},{"damage_healed":0,"gold_gain":0,"player_choice":" Idol ","damage_taken":33,"relics_obtained":["Bloody Idol"],"max_hp_gain":51,"max_hp_loss":18,"event_name":"betterAltar:BetterAltar","floor":22,"potions_obtained":[],"relics_lost":[],"gold_loss":0}],"is_beta":false,"boss_relics":[{"not_picked":["Coffee Dripper","Calling Bell"],"picked":"Ring of Chaos"}],"items_purged_floors":[],"is_endless":false,"potions_floor_spawned":[5,8,16,18],"killed_by":"Book of Stabbing","ascension_level":9}}