{"host":"fab1bnyovcy159o1","time":1614198795,"event":{"mods":["AchievementEnabler","BaseMod","Colored Powertips","Minty Spire (QoL Compilation)"],"gold_per_floor":[209,228,248,248,262,291,145,145,145,68,68,83,100,133,133,228,228,215,23,23,35,54,54,70,88,88,88,88,88,99,110,110,213,213,229,75,88,99,99,99],"floor_reached":39,"language":"ITA","playtime":2819,"items_purged":[],"score":422,"play_id":"ed355393-8dd9-41ca-a41a-1747eaa69130","local_time":"20210224213315","is_ascension_mode":false,"campfire_choices":[{"floor":11,"key":"REST"},{"data":"Echo Form","floor":15,"key":"SMITH"},{"floor":23,"key":"REST"},{"floor":29,"key":"REST"},{"floor":32,"key":"REST"}],"circlet_count":0,"master_deck":["Strike_B","Strike_B","Strike_B","Defend_B","Defend_B","Defend_B","Defend_B","Zap","Dualcast","Capacitor","Cold Snap","Cold Snap","Zap","Stack","Self Repair","Echo Form+1","Cold Snap","Glacier","Reboot","Ball Lightning","Apotheosis","Consume+1","Auto Shields","Zap","Consume","Recycle","Creative AI"],"relics":["Cracked Core","Singing Bowl","Toolbox","Letter Opener","Mercury Hourglass","Inserter","Pen Nib","Nunchaku","Cursed Key","Sling"],"acts_visited":["TheCity","TheBeyond"],"potions_floor_usage":[25,31,33,33],"damage_taken":[{"damage":6.0,"enemies":"Jaw Worm","floor":1.0,"turns":2.0},{"damage":5.0,"enemies":"Cultist","floor":2.0,"turns":4.0},{"damage":6.0,"enemies":"Small Slimes","floor":3.0,"turns":4.0},{"damage":6.0,"enemies":"Red Slaver","floor":5.0,"turns":4.0},{"damage":21,"enemies":"3 Sentries","floor":6,"turns":8},{"damage":0,"enemies":"Large Slime","floor":12,"turns":5},{"damage":16,"enemies":"3 Louse","floor":13,"turns":4},{"damage":10,"enemies":"Gremlin Nob","floor":14,"turns":4},{"damage":28,"enemies":"The Guardian","floor":16,"turns":11},{"damage":26,"enemies":"2 Thieves","floor":18,"turns":4},{"damage":12,"enemies":"Shell Parasite","floor":21,"turns":4},{"damage":26,"enemies":"Snake Plant","floor":22,"turns":3},{"damage":33,"enemies":"Centurion and Healer","floor":24,"turns":4},{"damage":11,"enemies":"3 Cultists","floor":25,"turns":5},{"damage":14,"enemies":"Snecko","floor":30,"turns":5},{"damage":8,"enemies":"Sentry and Sphere","floor":31,"turns":6},{"damage":31,"enemies":"Automaton","floor":33,"turns":9},{"damage":26,"enemies":"Orb Walker","floor":35,"turns":5},{"damage":36,"enemies":"3 Darklings","floor":37,"turns":5},{"damage":12,"enemies":"Maw","floor":38,"turns":7},{"damage":35,"enemies":"Sphere and 2 Shapes","floor":39,"turns":5}],"seed_played":"-8148763409102020771","potions_obtained":[{"floor":2.0,"key":"Block Potion"},{"floor":13,"key":"LiquidMemories"},{"floor":16,"key":"DistilledChaos"},{"floor":22,"key":"LiquidMemories"},{"floor":25,"key":"Fire Potion"},{"floor":33,"key":"DistilledChaos"},{"floor":37,"key":"Weak Potion"},{"floor":38,"key":"LiquidMemories"}],"is_trial":false,"path_per_floor":["M","M","M","?","M","E","$","?","T","$","R","M","M","E","R","B",null,"M","$","?","M","M","R","M","M","T","?","?","R","M","M","R","B",null,"M","$","M","M","M"],"character_chosen":"DEFECT","items_purchased":["Toolbox","Echo Form","Apotheosis","Sling"],"campfire_rested":4,"item_purchase_floors":[7,10,19,36],"current_hp_per_floor":[69,64,58,58,52,33,33,33,33,33,56,70,63,60,60,42,79,53,53,53,41,27,51,20,9,9,9,9,33,21,23,48,27,85,61,61,37,34,0,0],"gold":99,"neow_bonus":"HUNDRED_GOLD","is_daily":false,"chose_seed":false,"campfire_upgraded":1,"win_rate":0.0,"timestamp":1614198795,"path_taken":["M","M","M","?","M","E","$","?","T","$","R","M","M","E","R","BOSS","M","$","?","M","M","R","M","?","T","?","?","R","M","?","R","BOSS","M","$","M","M","M"],"items_purchased_type":["Relic","Card","Card","Relic"],"build_version":"2020-12-22","purchased_purges":0,"victory":false,"max_hp_per_floor":[75,75,75,75,75,77,77,77,77,77,77,77,79,79,79,79,79,79,79,79,79,81,81,83,83,83,83,83,83,85,85,85,85,85,87,87,89,91,91,91],"card_choices":[{"not_picked":["Leap","Melter"],"picked":"Capacitor","floor":1.0},{"not_picked":["Barrage","Heatsinks"],"picked":"Cold Snap","floor":2.0},{"not_picked":["Reprogram","Go for the Eyes"],"picked":"Cold Snap","floor":3.0},{"not_picked":["Undo","Scrape"],"picked":"Stack","floor":5},{"not_picked":["Stack","Go for the Eyes","Sweeping Beam"],"picked":"Singing Bowl","floor":6},{"not_picked":["Sweeping Beam","Melter"],"picked":"Cold Snap","floor":12},{"not_picked":["Skim","Hologram","Reinforced Body"],"picked":"Singing Bowl","floor":13},{"not_picked":["Sweeping Beam","Hologram"],"picked":"Glacier","floor":14},{"not_picked":["Biased Cognition","Meteor Strike"],"picked":"Reboot","floor":16},{"not_picked":["Go for the Eyes","Cold Snap"],"picked":"Ball Lightning","floor":18},{"not_picked":["Glacier+1","Aggregate"],"picked":"Consume+1","floor":21},{"not_picked":["Melter","Beam Cell","Steam"],"picked":"Singing Bowl","floor":22},{"not_picked":["Capacitor","Turbo","Hello World+1"],"picked":"Singing Bowl","floor":24},{"not_picked":["Lockon+1","Skim"],"picked":"Auto Shields","floor":25},{"not_picked":["Leap","Double Energy","Seek"],"picked":"Singing Bowl","floor":30},{"not_picked":["Heatsinks","Beam Cell"],"picked":"Recycle","floor":31},{"not_picked":["Echo Form","Meteor Strike"],"picked":"Creative AI","floor":33},{"not_picked":["Double Energy+1","Stack","Fusion"],"picked":"Singing Bowl","floor":35},{"not_picked":["Heatsinks+1","Hello World+1","Sweeping Beam+1"],"picked":"Singing Bowl","floor":37},{"not_picked":["Turbo+1","Undo+1","White Noise"],"picked":"Singing Bowl","floor":38}],"player_experience":143493,"relics_obtained":[{"floor":6,"key":"Singing Bowl"},{"floor":9,"key":"Letter Opener"},{"floor":14,"key":"Mercury Hourglass"},{"floor":26,"key":"Nunchaku"}],"event_choices":[{"damage_healed":0.0,"max_hp_gain":0.0,"max_hp_loss":0.0,"gold_gain":0.0,"event_name":"Match and Keep!","player_choice":"1 cards matched","floor":4.0,"gold_loss":0.0,"damage_taken":0.0,"cards_obtained":["Zap"]},{"damage_healed":0,"gold_gain":0,"cards_transformed":["Strike_B"],"player_choice":"Transformed","damage_taken":0,"max_hp_gain":0,"max_hp_loss":0,"event_name":"Transmorgrifier","floor":8,"gold_loss":0,"cards_obtained":["Self Repair"]},{"damage_healed":0,"gold_gain":0,"player_choice":"Gave Potion","damage_taken":0,"relics_obtained":["Pen Nib"],"max_hp_gain":0,"max_hp_loss":0,"event_name":"WeMeetAgain","floor":20,"gold_loss":0},{"damage_healed":0,"gold_gain":0,"player_choice":"Ignored","damage_taken":0,"max_hp_gain":0,"max_hp_loss":0,"event_name":"Vampires","floor":27,"gold_loss":0},{"damage_healed":0,"gold_gain":0,"player_choice":"2 cards matched","damage_taken":0,"max_hp_gain":0,"max_hp_loss":0,"event_name":"Match and Keep!","floor":28,"gold_loss":0,"cards_obtained":["Zap","Consume"]}],"is_beta":false,"boss_relics":[{"not_picked":["Fusion Hammer","FrozenCore"],"picked":"Inserter"},{"not_picked":["SlaversCollar","Coffee Dripper"],"picked":"Cursed Key"}],"items_purged_floors":[],"is_endless":false,"potions_floor_spawned":[2,5,13,16,22,24,25,33,37,38],"killed_by":"Sphere and 2 Shapes","ascension_level":0}}