{"host":"k7udt7atmcuzf6l0","time":1614126279,"event":{"mods":["Act Like it!","BaseMod","Colored Map","Colored Powertips","Highlight Path","Minty Spire (QoL Compilation)","Quick Restart","Rare Cards Sparkle","Relic Stats","StSLib","UnlockEverythingMod"],"gold_per_floor":[112,387,400,400,11,11,11,11,11,11,11,26,26,36,36,136,136,150,4,4,21,21,21,32,44,44,44,44,44,144,160,160,264,264,278,278,42,52,69,69,97,97,149,149,161,172,18,32,32,32],"floor_reached":51,"language":"ZHS","playtime":1432,"items_purged":["Regret"],"score":790,"play_id":"dc07463e-0299-4554-ad5e-c267ec4a0060","local_time":"20210224082439","is_ascension_mode":false,"campfire_choices":[{"data":"Body Slam","floor":6.0,"key":"SMITH"},{"data":"Cleave","floor":8.0,"key":"SMITH"},{"data":"Iron Wave","floor":10.0,"key":"SMITH"},{"data":"Shockwave","floor":15.0,"key":"SMITH"},{"data":"Flex","floor":23.0,"key":"SMITH"},{"data":"Double Tap","floor":29.0,"key":"SMITH"},{"data":"Anger","floor":32.0,"key":"SMITH"},{"data":"Dual Wield","floor":40.0,"key":"SMITH"},{"data":"Pommel Strike","floor":42.0,"key":"SMITH"},{"floor":44.0,"key":"REST"},{"data":"Whirlwind","floor":49.0,"key":"SMITH"}],"circlet_count":0,"master_deck":["Strike_R","Strike_R","Strike_R","Strike_R","Strike_R","Defend_R","Defend_R+1","Defend_R","Defend_R+1","Bash+1","Body Slam+1","Iron Wave+1","Cleave+1","Shockwave+1","Double Tap+1","Anger+1","Flex+1","Pommel Strike+1","Dual Wield+1","Dropkick+1","Armaments+1","Whirlwind+1","Havoc+1","Spot Weakness+1","Burning Pact+1","Seeing Red","Hologram+1"],"relics":["Black Blood","Orichalcum","Thread and Needle","White Beast Statue","InkBottle","Philosopher\u0027s Stone","Lantern","Shuriken","Gremlin Horn","Nilry\u0027s Codex","Lizard Tail","Singing Bowl","HandDrill","StrikeDummy","Dream Catcher","PrismaticShard"],"acts_visited":["Exordium","TheCity","TheBeyond"],"potions_floor_usage":[50,50,50],"damage_taken":[{"damage":6.0,"enemies":"Jaw Worm","floor":1.0,"turns":3.0},{"damage":16.0,"enemies":"Cultist","floor":3.0,"turns":5.0},{"damage":0.0,"enemies":"2 Louse","floor":12.0,"turns":2.0},{"damage":0.0,"enemies":"Lots of Slimes","floor":14.0,"turns":2.0},{"damage":63.0,"enemies":"Hexaghost","floor":16.0,"turns":12.0},{"damage":1.0,"enemies":"2 Thieves","floor":18.0,"turns":2.0},{"damage":0.0,"enemies":"3 Byrds","floor":21.0,"turns":4.0},{"damage":2.0,"enemies":"Sentry and Sphere","floor":24.0,"turns":3.0},{"damage":0.0,"enemies":"3 Cultists","floor":25.0,"turns":4.0},{"damage":5.0,"enemies":"Colosseum Slavers","floor":30.0,"turns":2.0},{"damage":3.0,"enemies":"Colosseum Nobs","floor":30.0,"turns":3.0},{"damage":12.0,"enemies":"Snecko","floor":31.0,"turns":4.0},{"damage":76.0,"enemies":"Collector","floor":33.0,"turns":6.0},{"damage":5.0,"enemies":"Orb Walker","floor":35.0,"turns":3.0},{"damage":5.0,"enemies":"3 Shapes","floor":38.0,"turns":3.0},{"damage":31.0,"enemies":"Spire Growth","floor":39.0,"turns":5.0},{"damage":34.0,"enemies":"Giant Head","floor":41.0,"turns":8.0},{"damage":2.0,"enemies":"Maw","floor":45.0,"turns":6.0},{"damage":20.0,"enemies":"4 Shapes","floor":46.0,"turns":2.0},{"damage":0.0,"enemies":"Jaw Worm Horde","floor":48.0,"turns":1.0},{"damage":97,"enemies":"Time Eater","floor":50,"turns":11}],"seed_played":"-3504434905314066687","potions_obtained":[{"floor":12.0,"key":"Fruit Juice"},{"floor":14.0,"key":"BlessingOfTheForge"},{"floor":16.0,"key":"SteroidPotion"},{"floor":18.0,"key":"AttackPotion"},{"floor":21.0,"key":"DuplicationPotion"},{"floor":24.0,"key":"EssenceOfSteel"},{"floor":25.0,"key":"Fruit Juice"},{"floor":30.0,"key":"ColorlessPotion"},{"floor":31.0,"key":"BlessingOfTheForge"},{"floor":33.0,"key":"Dexterity Potion"},{"floor":35.0,"key":"Swift Potion"},{"floor":38.0,"key":"Fruit Juice"},{"floor":39.0,"key":"Fire Potion"},{"floor":41.0,"key":"LiquidBronze"},{"floor":45.0,"key":"Strength Potion"},{"floor":46.0,"key":"Strength Potion"},{"floor":48.0,"key":"Energy Potion"}],"is_trial":false,"path_per_floor":["M","?","M","?","$","R","T","R","T","R","?","M","$","M","R","B",null,"M","$","T","M","$","R","M","M","T","$","?","R","?","M","R","B",null,"M","?","$","M","M","R","E","R","T","R","M","M","$","M","R","B",null],"character_chosen":"IRONCLAD","items_purchased":["Thread and Needle","Cleave","Lantern","Whirlwind","HandDrill","PrismaticShard"],"campfire_rested":1,"item_purchase_floors":[5,5,19,37,37,47],"current_hp_per_floor":[80,80,70,54,54,54,54,54,54,54,54,60,60,66,66,14,85,85,85,85,85,85,85,85,85,85,85,69,69,78,72,72,51,90,90,90,90,92,78,78,58,58,58,87,97,89,89,99,99,14],"gold":32,"neow_bonus":"RANDOM_COMMON_RELIC","is_daily":false,"chose_seed":false,"campfire_upgraded":10,"win_rate":0.0,"timestamp":1614126279,"path_taken":["M","?","?","?","?","R","?","R","T","R","?","M","$","M","R","BOSS","M","?","?","M","$","R","?","M","T","?","?","R","?","M","R","BOSS","M","?","$","M","M","R","E","R","T","R","M","M","$","M","R","BOSS"],"items_purchased_type":["Relic","Card","Relic","Card","Relic","Relic"],"build_version":"2020-12-22","purchased_purges":1,"victory":true,"max_hp_per_floor":[80,80,80,80,80,80,80,80,80,80,80,80,80,80,80,85,85,85,85,85,85,85,85,85,85,85,85,85,85,90,90,90,90,90,90,90,90,92,97,97,99,99,99,99,99,99,99,99,99,99],"relic_stats":{"Lizard Tail":45,"Dream Catcher":1,"Gremlin Horn":[11,11],"Singing Bowl":4,"counters":[21,91],"Shuriken":[44],"Black Blood":137,"HandDrill":[8],"Orichalcum":[114],"obtain_stats":[{"Lantern":19,"Gremlin Horn":26,"Singing Bowl":30,"Nilry\u0027s Codex":28,"Black Blood":34,"Thread and Needle":5,"Orichalcum":0,"PrismaticShard":47,"Burning Blood":0,"White Beast Statue":7,"Lizard Tail":30,"Dream Catcher":43,"Shuriken":20,"Philosopher\u0027s Stone":17,"HandDrill":37,"StrikeDummy":41,"InkBottle":9},{"Lantern":6,"Gremlin Horn":9,"Singing Bowl":11,"Nilry\u0027s Codex":9,"Black Blood":13,"Thread and Needle":2,"Orichalcum":0,"PrismaticShard":19,"Burning Blood":0,"White Beast Statue":2,"Lizard Tail":11,"Dream Catcher":17,"Shuriken":6,"Philosopher\u0027s Stone":5,"HandDrill":14,"StrikeDummy":17,"InkBottle":2},{"Lantern":26,"Gremlin Horn":37,"Singing Bowl":42,"Nilry\u0027s Codex":37,"Black Blood":52,"Thread and Needle":8,"Orichalcum":0,"PrismaticShard":79,"Burning Blood":0,"White Beast Statue":8,"Lizard Tail":42,"Dream Catcher":71,"Shuriken":26,"Philosopher\u0027s Stone":24,"HandDrill":55,"StrikeDummy":71,"InkBottle":8}],"InkBottle":[33]},"card_choices":[{"not_picked":["Twin Strike","Clash"],"picked":"Body Slam","floor":1.0},{"not_picked":["Twin Strike","Havoc"],"picked":"Iron Wave","floor":3.0},{"not_picked":["Dropkick","Sword Boomerang"],"picked":"Shockwave","floor":12.0},{"not_picked":["Heavy Blade","Headbutt","Pummel"],"picked":"SKIP","floor":14.0},{"not_picked":["Demon Form","Bludgeon"],"picked":"Double Tap","floor":16.0},{"not_picked":["Armaments","Clash"],"picked":"Anger","floor":18.0},{"not_picked":["Iron Wave","Sword Boomerang"],"picked":"Flex","floor":21.0},{"not_picked":["Feel No Pain","Cleave"],"picked":"Pommel Strike","floor":24.0},{"not_picked":["Twin Strike","Blood for Blood","Uppercut"],"picked":"SKIP","floor":25.0},{"not_picked":["Cleave","Anger"],"picked":"Dual Wield","floor":30.0},{"not_picked":["Sword Boomerang","Shrug It Off+1"],"picked":"Dropkick+1","floor":31.0},{"not_picked":["Fiend Fire","Demon Form"],"picked":"Offering","floor":33.0},{"not_picked":["Body Slam","Rampage"],"picked":"Armaments+1","floor":35.0},{"not_picked":["Perfected Strike+1","Iron Wave+1","Entrench"],"picked":"Singing Bowl","floor":38.0},{"not_picked":["Clash","Dropkick+1"],"picked":"Havoc+1","floor":39.0},{"not_picked":["Ghostly Armor","Headbutt","Dropkick"],"picked":"Singing Bowl","floor":41.0},{"not_picked":["Brutality","Cleave"],"picked":"Spot Weakness+1","floor":44.0},{"not_picked":["True Grit+1","Clash+1"],"picked":"Burning Pact+1","floor":45.0},{"not_picked":["Anger+1","Sword Boomerang+1"],"picked":"Seeing Red","floor":46.0},{"not_picked":["Aggregate","Adaptation+1"],"picked":"Hologram+1","floor":48.0}],"player_experience":156373,"relics_obtained":[{"floor":7.0,"key":"White Beast Statue"},{"floor":9.0,"key":"InkBottle"},{"floor":20.0,"key":"Shuriken"},{"floor":26.0,"key":"Gremlin Horn"},{"floor":28.0,"key":"Nilry\u0027s Codex"},{"floor":30.0,"key":"Lizard Tail"},{"floor":30.0,"key":"Singing Bowl"},{"floor":41.0,"key":"StrikeDummy"},{"floor":43.0,"key":"Dream Catcher"}],"event_choices":[{"damage_healed":0.0,"max_hp_gain":0.0,"max_hp_loss":0.0,"gold_gain":275.0,"event_name":"Golden Shrine","player_choice":"Desecrate","floor":2.0,"gold_loss":0.0,"damage_taken":0.0,"cards_obtained":["Regret"]},{"damage_healed":0.0,"max_hp_gain":0.0,"max_hp_loss":0.0,"gold_gain":0.0,"event_name":"Shining Light","player_choice":"Entered Light","floor":4.0,"gold_loss":0.0,"damage_taken":16.0,"cards_upgraded":["Defend_R","Defend_R"]},{"damage_healed":0.0,"max_hp_gain":0.0,"max_hp_loss":0.0,"gold_gain":0.0,"event_name":"Upgrade Shrine","player_choice":"Upgraded","floor":11.0,"gold_loss":0.0,"damage_taken":0.0,"cards_upgraded":["Bash"]},{"damage_healed":0.0,"max_hp_gain":0.0,"max_hp_loss":0.0,"gold_gain":0.0,"event_name":"Cursed Tome","player_choice":"Obtained Book","floor":28.0,"gold_loss":0.0,"damage_taken":16.0},{"damage_healed":0.0,"max_hp_gain":0.0,"max_hp_loss":0.0,"gold_gain":0.0,"event_name":"Colosseum","player_choice":"Fight","floor":30.0,"gold_loss":0.0,"damage_taken":0.0},{"damage_healed":0.0,"max_hp_gain":0.0,"max_hp_loss":0.0,"gold_gain":0.0,"event_name":"Colosseum","player_choice":"Fought Nobs","floor":30.0,"gold_loss":0.0,"damage_taken":0.0},{"cards_removed":["Offering"],"damage_healed":0.0,"max_hp_gain":0.0,"max_hp_loss":0.0,"gold_gain":0.0,"event_name":"Falling","player_choice":"Removed Skill","floor":36.0,"gold_loss":0.0,"damage_taken":0.0}],"is_beta":false,"boss_relics":[{"not_picked":["Empty Cage","Velvet Choker"],"picked":"Philosopher\u0027s Stone"},{"not_picked":["Tiny House","Busted Crown"],"picked":"Black Blood"}],"items_purged_floors":[5],"is_endless":false,"potions_floor_spawned":[12,14,16,18,21,24,25,30,30,31,33,35,38,39,41,45,46,48],"ascension_level":0}}