{"host":"8lvnnmfamkc2d31d","time":1614138696,"event":{"mods":["2.2 Compatiblity","Act Like it!","BaseMod","Better Skull","Better Third Choice","Colored Map","Hallownest","Infinite Spire","Minty Spire (QoL Compilation)","Relic Stats","StSLib","The Bug Knight"],"gold_per_floor":[110,41,56,74,74,74,109,39,39,39,56,84,84,98,98,200,200,212,231,0,0,0,0,10,10,10,10,38,38,38,38,38,145,145,157,175,90,119,119,166,166,166,166,166,195,215,215,215,215,231],"floor_reached":51,"language":"ENG","playtime":3933,"items_purged":["HollowMod:SiblingsShadow","HollowMod:NewJinnsSoul"],"score":716,"play_id":"7f13790f-c05e-4af0-b431-7579b7900bde","local_time":"20210223215136","is_ascension_mode":true,"campfire_choices":[{"data":"HollowMod:GreatSlash","floor":6.0,"key":"SMITH"},{"floor":10.0,"key":"REST"},{"data":"HollowMod:RadiancesLament","floor":13.0,"key":"SMITH"},{"data":"HollowMod:NewJinnsSoul","floor":15.0,"key":"SMITH"},{"data":"HollowMod:NewLastStag","floor":23,"key":"SMITH"},{"data":"HollowMod:theNailsmith","floor":25,"key":"SMITH"},{"data":"HollowMod:SoulSplash","floor":27,"key":"SMITH"},{"data":"HollowMod:LifebloodCocoon","floor":32,"key":"SMITH"},{"floor":42,"key":"REST"},{"data":"HollowMod:BaldurShell","floor":47,"key":"SMITH"},{"data":"HollowMod:HerrahsAnger","floor":49,"key":"SMITH"}],"circlet_count":0,"master_deck":["HollowMod:FocusHealStart","HollowMod:PogoStrike","HollowMod:PaleKingsBlessing","HollowMod:CoiledNail","HollowMod:PaleKingsBlessing+1","HollowMod:InfectedAttack","HollowMod:GreatSlash+1","HollowMod:RadiancesLament+1","HollowMod:FallenFury","HollowMod:NewJinnsSoul+1","HollowMod:HornetsHelp","HollowMod:VengefulSpirit","HollowMod:MothsMistake","HollowMod:SoulVessel","HollowMod:DoubleDash+1","HollowMod:theNailsmith+1","HollowMod:CoiledNail","HollowMod:SoulSplash+1","HollowMod:LifebloodCocoon+1","HollowMod:NewLastStag+1","CurseOfTheBell","HollowMod:BaldurShell+1","HollowMod:HerrahsAnger+1","HollowMod:LifebloodCocoon+1","Hallownest:skillKingdomsEdgeMap","HollowMod:InfectedAttack","HollowMod:MawleksShell+1","HollowMod:HuntersJournal+1","infinitespire:Collect","HollowMod:LifebloodCocoon+1"],"relics":["HollowMod:KingsSoulRelic","Meat on the Bone","Hallownest:StagBellRelic1","Bag of Preparation","Pantograph","Pandora\u0027s Box","Red Mask","Pocketwatch","Calling Bell","Lantern","HornCleat","TungstenRod","infinitespire:Midas Blood","War Paint","Dream Catcher","Pear","Happy Flower","infinitespire:Cupcake","Toxic Egg 2"],"acts_visited":["Hallownest:Greenpath","Hallownest:CityofTears","Hallownest:KingdomsEdge"],"potions_floor_usage":[28,33,38,40,45],"damage_taken":[{"damage":7.0,"enemies":"2_ Uuma","floor":1.0,"turns":6.0},{"damage":21.0,"enemies":"Hallownest:2_Tiktiks_and_1_Crawlid","floor":3.0,"turns":7.0},{"damage":16.0,"enemies":"Hallownest:monsterHuskWarrior","floor":4.0,"turns":4.0},{"damage":80.0,"enemies":"Hallownest:eliteCrystalGuardian","floor":7.0,"turns":7.0},{"damage":13.0,"enemies":"Hallownest:2_Tiktiks_1_Baldur_1_Crawlid","floor":11.0,"turns":2.0},{"damage":23.0,"enemies":"Hallownest:eliteVengeflyKing","floor":12.0,"turns":7.0},{"damage":27.0,"enemies":"Hallownest:MossCreep_and_Mosskin","floor":14.0,"turns":4.0},{"damage":37.0,"enemies":"Hallownest:BossBrokenVessel","floor":16.0,"turns":13.0},{"damage":25.0,"enemies":"Hallownest:2_Mistakes","floor":18.0,"turns":6.0},{"damage":12.0,"enemies":"Hallownest:3_Youths","floor":19.0,"turns":5.0},{"damage":39,"enemies":"Hallownest:monsterMisterMushroom","floor":24,"turns":8},{"damage":55,"enemies":"Hallownest:2_Flukemon","floor":28,"turns":7},{"damage":13,"enemies":"Hallownest:BossSoulMaster","floor":33,"turns":10},{"damage":6,"enemies":"Hallownest:3_Siblings","floor":35,"turns":3},{"damage":41,"enemies":"Hallownest:Shield_Heavy","floor":36,"turns":8},{"damage":38,"enemies":"Hallownest:2_Wandering_and_1_Horned","floor":38,"turns":10},{"damage":74,"enemies":"Hallownest:eliteHiveKnight","floor":40,"turns":9},{"damage":0,"enemies":"Hallownest:eliteCollector","floor":45,"turns":8},{"damage":0,"enemies":"Hallownest:2_Great","floor":46,"turns":3},{"damage":60,"enemies":"Hallownest:BossGreyPrinceZote","floor":50,"turns":9}],"seed_played":"-6472900278801120264","potions_obtained":[{"floor":1.0,"key":"SkillPotion"},{"floor":11.0,"key":"BlessingOfTheForge"},{"floor":12.0,"key":"ColorlessPotion"},{"floor":16.0,"key":"infinitespire:BlackPotion"},{"floor":19.0,"key":"SpeedPotion"},{"floor":24,"key":"AttackPotion"},{"floor":38,"key":"Weak Potion"},{"floor":40,"key":"SteroidPotion"}],"is_trial":false,"path_per_floor":["M","$","M","M","?","R","E","?","T","R","M","E","R","M","R","B",null,"M","M","?","?","AVR","R","M","R","T","R","M","$","?","$","R","B",null,"M","M","?","M","?","E","?","R","T","AVR","E","M","R","?","R","B",null],"character_chosen":"THE_BUGKNIGHT","items_purchased":["HollowMod:PaleKingsBlessing"],"campfire_rested":2,"item_purchase_floors":[2],"current_hp_per_floor":[60,60,55,61,61,61,5,5,5,27,26,42,42,45,45,49,75,50,56,56,56,56,56,43,43,43,43,15,15,15,15,15,43,75,72,58,58,41,41,19,19,41,51,51,85,85,85,85,85,51],"gold":231,"neow_bonus":"THREE_RARE_CARDS","is_daily":false,"chose_seed":false,"campfire_upgraded":9,"win_rate":0.0,"timestamp":1614138696,"path_taken":["M","$","M","M","?","R","E","?","T","R","M","E","R","?","R","BOSS","M","M","?","?","AVR","R","M","R","T","R","M","$","?","?","R","BOSS","M","M","?","M","?","E","?","R","T","AVR","E","M","R","?","R","BOSS"],"items_purchased_type":["Card"],"build_version":"2020-12-22","purchased_purges":2,"victory":true,"max_hp_per_floor":[75,75,75,75,75,75,75,75,75,75,75,75,75,75,75,75,75,75,75,75,75,75,75,75,75,75,75,75,75,75,75,75,75,75,75,75,75,75,75,75,75,75,85,85,85,85,85,85,85,85],"relic_stats":{"Dream Catcher":1,"Happy Flower":[6],"counters":[20,136],"Pantograph":50,"Pandora\u0027s Box":["HollowMod:VengefulSpirit","HollowMod:MothsMistake","HollowMod:SiblingsShadow","HollowMod:SoulVessel","HollowMod:DoubleDash","HollowMod:theNailsmith","HollowMod:NewJinnsSoul","HollowMod:CoiledNail"],"Bag of Preparation":[32],"War Paint":["HollowMod:PaleKingsBlessing","HollowMod:DoubleDash"],"obtain_stats":[{"Hallownest:StagBellRelic1":8,"Lantern":22,"Pear":43,"Happy Flower":44,"HollowMod:VesselMask":0,"Bag of Preparation":9,"War Paint":30,"Calling Bell":22,"Dream Catcher":40,"HornCleat":22,"Pantograph":12,"Pandora\u0027s Box":17,"Red Mask":21,"Toxic Egg 2":45,"TungstenRod":22,"Meat on the Bone":7,"Pocketwatch":22,"infinitespire:Midas Blood":26,"HollowMod:KingsSoulRelic":34,"infinitespire:Cupcake":44},{"Hallownest:StagBellRelic1":4,"Lantern":10,"Pear":17,"Happy Flower":17,"HollowMod:VesselMask":0,"Bag of Preparation":4,"War Paint":12,"Calling Bell":10,"Dream Catcher":17,"HornCleat":10,"Pantograph":6,"Pandora\u0027s Box":8,"Red Mask":10,"Toxic Egg 2":18,"TungstenRod":10,"Meat on the Bone":4,"Pocketwatch":10,"infinitespire:Midas Blood":11,"HollowMod:KingsSoulRelic":13,"infinitespire:Cupcake":17},{"Hallownest:StagBellRelic1":24,"Lantern":61,"Pear":116,"Happy Flower":116,"HollowMod:VesselMask":0,"Bag of Preparation":24,"War Paint":76,"Calling Bell":61,"Dream Catcher":116,"HornCleat":61,"Pantograph":33,"Pandora\u0027s Box":50,"Red Mask":61,"Toxic Egg 2":124,"TungstenRod":61,"Meat on the Bone":24,"Pocketwatch":61,"infinitespire:Midas Blood":69,"HollowMod:KingsSoulRelic":86,"infinitespire:Cupcake":116}],"TungstenRod":59,"Meat on the Bone":72,"Pocketwatch":[57]},"card_choices":[{"not_picked":["HollowMod:VoidDash","HollowMod:ElderbugsWisdom"],"picked":"HollowMod:PaleKingsBlessing","floor":0.0},{"not_picked":["HollowMod:DreamGate","HollowMod:HuntersJournal"],"picked":"HollowMod:CoiledNail","floor":1.0},{"not_picked":["HollowMod:QuirrelsAssistance","HollowMod:HeavyBlow"],"picked":"HollowMod:InfectedAttack","floor":3.0},{"not_picked":["HollowMod:HeavyBlow","HollowMod:LuriensSpire"],"picked":"HollowMod:GreatSlash","floor":4.0},{"not_picked":["HollowMod:Weaversong","HollowMod:ChannelNail"],"picked":"HollowMod:RadiancesLament","floor":7.0},{"not_picked":["HollowMod:NewLittleFool","HollowMod:SharpenedShadows","HollowMod:DescendingDark"],"picked":"SKIP","floor":11.0},{"not_picked":["HollowMod:DreamGate","HollowMod:DescendingDark"],"picked":"HollowMod:FallenFury","floor":12.0},{"not_picked":["HollowMod:ShadowDash","HollowMod:HowlingWraiths"],"picked":"HollowMod:NewJinnsSoul","floor":14.0},{"not_picked":["HollowMod:SlysStrikes","HollowMod:LordofShades"],"picked":"HollowMod:HornetsHelp","floor":16.0},{"not_picked":["HollowMod:SiblingsShadow","HollowMod:QuirrelsAssistance"],"picked":"HollowMod:SoulSplash","floor":18.0},{"not_picked":["HollowMod:BaldurShell+1","HollowMod:CycloneSlash+1"],"picked":"HollowMod:LifebloodCocoon","floor":19.0},{"not_picked":["HollowMod:FallenFury","HollowMod:BlackTendrils+1"],"picked":"HollowMod:BaldurShell","floor":24},{"not_picked":["HollowMod:NewLittleFool","HollowMod:ChannelNail","HollowMod:CornifersMapStart"],"picked":"SKIP","floor":28},{"not_picked":["HollowMod:ZotesMagnificence","HollowMod:Weaversong"],"picked":"HollowMod:HerrahsAnger","floor":33},{"not_picked":["HollowMod:HeavyBlow+1","HollowMod:CornifersMapStart+1","HollowMod:CycloneSlash+1"],"picked":"SKIP","floor":35},{"not_picked":["HollowMod:DescendingDark","HollowMod:CycloneSlash"],"picked":"HollowMod:LifebloodCocoon+1","floor":36},{"not_picked":["HollowMod:ShadowDash+1","HollowMod:CycloneSlash+1"],"picked":"HollowMod:InfectedAttack","floor":38},{"not_picked":["HollowMod:SharpenedShadows+1","HollowMod:VengefulVoid"],"picked":"HollowMod:MawleksShell+1","floor":40},{"not_picked":["HollowMod:VoidDash","HollowMod:SharpenedNail"],"picked":"HollowMod:HuntersJournal+1","floor":42},{"not_picked":["HollowMod:VengefulSpirit+1","HollowMod:InfectedAttack","HollowMod:GrimmsGift+1"],"picked":"SKIP","floor":45},{"not_picked":["HollowMod:HeavyBlow+1","HollowMod:CycloneSlash"],"picked":"HollowMod:LifebloodCocoon+1","floor":46}],"player_experience":496557,"relics_obtained":[{"floor":7.0,"key":"Meat on the Bone"},{"floor":9.0,"key":"Bag of Preparation"},{"floor":12.0,"key":"Pantograph"},{"floor":22,"key":"Lantern"},{"floor":22,"key":"HornCleat"},{"floor":22,"key":"TungstenRod"},{"floor":26,"key":"infinitespire:Midas Blood"},{"floor":40,"key":"Dream Catcher"},{"floor":43,"key":"Pear"},{"floor":45,"key":"Toxic Egg 2"}],"event_choices":[],"is_beta":false,"boss_relics":[{"not_picked":["HollowMod:VoidIdolRelic","Runic Dome"],"picked":"Pandora\u0027s Box"},{"not_picked":["Black Star","Coffee Dripper"],"picked":"HollowMod:KingsSoulRelic"}],"items_purged_floors":[22,44],"is_endless":false,"potions_floor_spawned":[1,11,12,16,19,24,38,40],"ascension_level":1}}