{"host":"jruzzdd1waq9u00d","time":1614184170,"event":{"mods":["BaseMod","Colored Map","Colored Powertips","DeckTracker","KOR Keyword Fix","Minty Spire (QoL Compilation)","Permanent Neow","Quick Restart","Relic Stats","StSLib","SuperFastMode","The Hayseed"],"gold_per_floor":[110,110,121,136,61,94,94,107,133,133,133,147,175,75,75,75,75],"floor_reached":16,"language":"KOR","playtime":324,"items_purged":["TheSimpletonMod:Strike_TheSimpleton","TheSimpletonMod:Strike_TheSimpleton"],"score":165,"play_id":"c41a4424-984a-4203-b2c9-438cb8fe335e","local_time":"20210225012930","is_ascension_mode":true,"campfire_choices":[{"floor":7,"key":"REST"},{"floor":10,"key":"REST"},{"data":"TheSimpletonMod:Sunseed","floor":15,"key":"SMITH"}],"circlet_count":0,"master_deck":["AscendersBane","TheSimpletonMod:Strike_TheSimpleton","TheSimpletonMod:Strike_TheSimpleton","TheSimpletonMod:Defend_TheSimpleton","TheSimpletonMod:Defend_TheSimpleton","TheSimpletonMod:Defend_TheSimpleton","TheSimpletonMod:Defend_TheSimpleton","TheSimpletonMod:Haymaker","TheSimpletonMod:ReapAndSow","TheSimpletonMod:BuzzBomb+1","TheSimpletonMod:SoilSample","TheSimpletonMod:SoilSample","TheSimpletonMod:Chilis","TheSimpletonMod:Fertilaser","TheSimpletonMod:Sunseed+1"],"relics":["TheSimpletonMod:SpudOfTheInnocent","TheSimpletonMod:NightSoil","TheSimpletonMod:TheHarvester","Regal Pillow","Potion Belt","Lantern"],"acts_visited":["Exordium"],"potions_floor_usage":[12,13],"damage_taken":[{"damage":0.0,"enemies":"2 Louse","floor":1.0,"turns":2.0},{"damage":0.0,"enemies":"Cultist","floor":3.0,"turns":2.0},{"damage":12,"enemies":"Small Slimes","floor":4,"turns":2},{"damage":40,"enemies":"3 Sentries","floor":6,"turns":5},{"damage":20,"enemies":"3 Louse","floor":8,"turns":3},{"damage":28,"enemies":"Lots of Slimes","floor":12,"turns":5},{"damage":12,"enemies":"Gremlin Nob","floor":13,"turns":3},{"damage":50,"enemies":"The Guardian","floor":16,"turns":8}],"seed_played":"-853545052228075079","potions_obtained":[{"floor":4,"key":"Ancient Potion"},{"floor":6,"key":"Block Potion"},{"floor":12,"key":"Weak Potion"},{"floor":13,"key":"Strength Potion"}],"is_trial":false,"path_per_floor":["M","?","M","M","$","E","R","M","T","R","?","M","E","$","R","B"],"character_chosen":"THE_SIMPLETON","items_purchased":[],"campfire_rested":2,"item_purchase_floors":[],"current_hp_per_floor":[72,72,75,63,63,27,64,48,48,75,84,56,44,44,44,0,0],"gold":75,"neow_bonus":"ONE_RANDOM_RARE_CARD","is_daily":false,"chose_seed":false,"campfire_upgraded":1,"win_rate":0.0,"timestamp":1614184170,"path_taken":["M","?","M","?","$","E","R","M","T","R","?","M","E","$","R","BOSS"],"items_purchased_type":[],"build_version":"2020-12-22","purchased_purges":2,"victory":false,"max_hp_per_floor":[75,75,75,75,75,75,75,75,75,75,84,84,84,84,84,84,84],"relic_stats":{"Regal Pillow":20,"counters":[8,30],"obtain_stats":[{"TheSimpletonMod:TheHarvester":0,"Potion Belt":9,"Regal Pillow":6,"Lantern":13,"TheSimpletonMod:SpudOfTheInnocent":0,"TheSimpletonMod:NightSoil":0},{"TheSimpletonMod:TheHarvester":0,"Potion Belt":5,"Regal Pillow":4,"Lantern":7,"TheSimpletonMod:SpudOfTheInnocent":0,"TheSimpletonMod:NightSoil":0},{"TheSimpletonMod:TheHarvester":0,"Potion Belt":14,"Regal Pillow":11,"Lantern":22,"TheSimpletonMod:SpudOfTheInnocent":0,"TheSimpletonMod:NightSoil":0}]},"card_choices":[{"not_picked":["TheSimpletonMod:Rototilling","TheSimpletonMod:Thresh"],"picked":"TheSimpletonMod:SoilSample","floor":1.0},{"not_picked":["TheSimpletonMod:OnionBloom","TheSimpletonMod:Thresh"],"picked":"TheSimpletonMod:SoilSample","floor":3.0},{"not_picked":["TheSimpletonMod:SpiceUp","TheSimpletonMod:SaladShooter","TheSimpletonMod:VineRipen"],"picked":"SKIP","floor":4},{"not_picked":["TheSimpletonMod:Artichokes","TheSimpletonMod:StockTheCellar"],"picked":"TheSimpletonMod:Chilis","floor":6},{"not_picked":["TheSimpletonMod:Swelter","TheSimpletonMod:Artichokes","TheSimpletonMod:BumperCrop"],"picked":"SKIP","floor":8},{"not_picked":["TheSimpletonMod:GoToMarket","TheSimpletonMod:Fertilaser","TheSimpletonMod:Thresh"],"picked":"SKIP","floor":12},{"not_picked":["TheSimpletonMod:GoToMarket","TheSimpletonMod:Thresh"],"picked":"TheSimpletonMod:Fertilaser","floor":12},{"not_picked":["TheSimpletonMod:CropRotation","TheSimpletonMod:KeenEdge"],"picked":"TheSimpletonMod:Sunseed","floor":13}],"player_experience":477358,"relics_obtained":[{"floor":6,"key":"Regal Pillow"},{"floor":9,"key":"Potion Belt"},{"floor":13,"key":"Lantern"}],"event_choices":[{"damage_healed":0.0,"max_hp_gain":0.0,"max_hp_loss":0.0,"gold_gain":0.0,"event_name":"Upgrade Shrine","player_choice":"Upgraded","floor":2.0,"gold_loss":0.0,"damage_taken":0.0,"cards_upgraded":["TheSimpletonMod:BuzzBomb"]}],"is_beta":false,"boss_relics":[],"items_purged_floors":[5,14],"is_endless":false,"potions_floor_spawned":[4,6,12,13],"killed_by":"The Guardian","ascension_level":10}}