{"host":"ocllwaoi18j60ltd","time":1614168108,"event":{"mods":["BaseMod","DeckTracker","Minty Spire (QoL Compilation)","Permanent Neow","Quick Restart","StSLib","SuperFastMode"],"gold_per_floor":[115,133,5,17,17,17,42,61,61,61,4,4,4,37,37,132,132,146,162,162,7,7,38,38,72,146,187,203,203,10,0,0,0,0],"floor_reached":33,"language":"KOR","playtime":628,"items_purged":["Strike_B","Strike_B"],"score":768,"play_id":"fdfc56ef-bb98-43f3-8c4b-04f2ab227f39","local_time":"20210224210148","is_ascension_mode":true,"campfire_choices":[{"data":"Dualcast","floor":6,"key":"SMITH"},{"data":"Zap","floor":10,"key":"SMITH"},{"data":"Coolheaded","floor":15,"key":"SMITH"},{"floor":24,"key":"REST"},{"floor":29,"key":"REST"},{"floor":32,"key":"REST"}],"circlet_count":0,"master_deck":["AscendersBane","Strike_B","Defend_B","Defend_B","Defend_B","Defend_B","Zap+1","Dualcast+1","Barrage","Ball Lightning","Cold Snap","Ball Lightning","Cold Snap","Leap","Coolheaded+1","Electrodynamics","Seek","Steam Power+1","Redo+1","Conserve Battery","Blizzard","Capacitor+1","Master of Strategy"],"relics":["Cracked Core","PreservedInsect","InkBottle","Golden Idol","Symbiotic Virus","Runic Pyramid","Girya","Pear","Singing Bowl","Lantern"],"acts_visited":["Exordium","TheCity"],"potions_floor_usage":[14,23,27],"damage_taken":[{"damage":14,"enemies":"Small Slimes","floor":1,"turns":3},{"damage":2,"enemies":"Jaw Worm","floor":2,"turns":2},{"damage":2,"enemies":"2 Louse","floor":4,"turns":2},{"damage":26,"enemies":"Lagavulin","floor":7,"turns":5},{"damage":6,"enemies":"Blue Slaver","floor":8,"turns":3},{"damage":0,"enemies":"Gremlin Nob","floor":14,"turns":3},{"damage":0,"enemies":"Slime Boss","floor":16,"turns":6},{"damage":0,"enemies":"Spheric Guardian","floor":18,"turns":3},{"damage":0,"enemies":"Chosen","floor":19,"turns":4},{"damage":26,"enemies":"Book of Stabbing","floor":23,"turns":5},{"damage":16,"enemies":"Gremlin Leader","floor":25,"turns":4},{"damage":29,"enemies":"Slavers","floor":27,"turns":4},{"damage":14,"enemies":"Sentry and Sphere","floor":28,"turns":6},{"damage":61,"enemies":"Automaton","floor":33,"turns":8}],"seed_played":"4996276668112801484","potions_obtained":[{"floor":4,"key":"Weak Potion"},{"floor":7,"key":"Regen Potion"},{"floor":14,"key":"EssenceOfSteel"},{"floor":27,"key":"FearPotion"}],"is_trial":false,"path_per_floor":["M","M","$","M","?","R","E","M","T","R","$","?","$","E","R","B",null,"M","M","?","$","?","E","R","E","T","E","M","R","$","?","R","B"],"character_chosen":"DEFECT","items_purchased":["Ball Lightning","Coolheaded","Conserve Battery","Master of Strategy"],"campfire_rested":3,"item_purchase_floors":[3,11,21,30],"current_hp_per_floor":[50,48,48,46,51,51,25,19,19,19,19,19,19,28,28,28,59,59,59,59,59,59,33,53,47,47,18,6,30,30,30,54,0,0],"gold":0,"neow_bonus":"THREE_CARDS","is_daily":false,"chose_seed":false,"campfire_upgraded":3,"win_rate":0.0,"timestamp":1614168108,"path_taken":["M","M","$","M","?","R","E","M","T","R","$","?","?","E","R","BOSS","M","M","?","?","?","E","R","E","T","E","M","R","?","?","R","BOSS"],"items_purchased_type":["Card","Card","Card","Card"],"build_version":"2020-12-22","purchased_purges":2,"victory":false,"max_hp_per_floor":[71,71,71,71,76,76,76,76,76,76,76,69,69,69,69,69,69,69,69,69,69,69,69,69,79,79,79,81,81,81,81,81,81,81],"card_choices":[{"not_picked":["Coolheaded","Storm"],"picked":"Barrage","floor":0},{"not_picked":["Beam Cell","Lockon"],"picked":"Ball Lightning","floor":1},{"not_picked":["Go for the Eyes","Hologram"],"picked":"Cold Snap","floor":2},{"not_picked":["Leap","Barrage"],"picked":"Cold Snap","floor":4},{"not_picked":["Scrape","Redo","White Noise"],"picked":"SKIP","floor":7},{"not_picked":["Rebound","Cold Snap"],"picked":"Leap","floor":8},{"not_picked":["Streamline","Capacitor"],"picked":"Electrodynamics","floor":14},{"not_picked":["Core Surge","Biased Cognition"],"picked":"Seek","floor":16},{"not_picked":["Tempest","Leap"],"picked":"Steam Power+1","floor":18},{"not_picked":["Gash","Tempest"],"picked":"Redo+1","floor":19},{"not_picked":["Hologram","Chaos","Stack"],"picked":"SKIP","floor":23},{"not_picked":["Ball Lightning","Streamline"],"picked":"Blizzard","floor":25},{"not_picked":["Gash+1","Meteor Strike"],"picked":"Capacitor+1","floor":27},{"not_picked":["Compile Driver","Hologram","Stack"],"picked":"Singing Bowl","floor":28}],"player_experience":865288,"relics_obtained":[{"floor":7,"key":"PreservedInsect"},{"floor":9,"key":"InkBottle"},{"floor":14,"key":"Symbiotic Virus"},{"floor":23,"key":"Girya"},{"floor":25,"key":"Pear"},{"floor":26,"key":"Singing Bowl"},{"floor":27,"key":"Lantern"}],"event_choices":[{"damage_healed":0,"gold_gain":0,"player_choice":"Donut","damage_taken":0,"max_hp_gain":5,"max_hp_loss":0,"event_name":"Big Fish","floor":5,"gold_loss":0},{"damage_healed":0,"gold_gain":0,"player_choice":"Lose Max HP","damage_taken":0,"relics_obtained":["Golden Idol"],"max_hp_gain":0,"max_hp_loss":7,"event_name":"Golden Idol","floor":12,"gold_loss":0},{"cards_removed":["Strike_B"],"damage_healed":0,"gold_gain":0,"player_choice":"Elegance","damage_taken":0,"max_hp_gain":0,"max_hp_loss":0,"event_name":"Back to Basics","floor":20,"gold_loss":0},{"damage_healed":0,"gold_gain":0,"player_choice":"Ignored","damage_taken":0,"max_hp_gain":0,"max_hp_loss":0,"event_name":"Ghosts","floor":22,"gold_loss":0},{"damage_healed":0,"gold_gain":0,"player_choice":"Paid Fearfully","damage_taken":0,"max_hp_gain":0,"max_hp_loss":0,"event_name":"Masked Bandits","floor":31,"gold_loss":10}],"is_beta":false,"boss_relics":[{"not_picked":["Cursed Key","SacredBark"],"picked":"Runic Pyramid"}],"items_purged_floors":[3,21],"is_endless":false,"potions_floor_spawned":[4,7,14,27],"killed_by":"Automaton","ascension_level":20}}