{"host":"raaimkojny05jekw","time":1614184144,"event":{"mods":["AchievementEnabler","BaseMod","Colored Map","Colored Powertips","DeckTracker","Minty Spire (QoL Compilation)","Quick Restart","Rare Cards Sparkle","everything is the same but u backflip on backflip"],"gold_per_floor":[118,130,15,15,31,31,48,82,82,82,97,97,21,36,36,141,141,157,157,157,184,201,201,201],"floor_reached":23,"language":"KOR","playtime":716,"items_purged":["Strike_R"],"score":306,"play_id":"02095347-e4b4-466a-844d-a9a2313e71fe","local_time":"20210225012904","is_ascension_mode":true,"campfire_choices":[{"data":"Metamorphosis","floor":6,"key":"SMITH"},{"data":"Bash","floor":10,"key":"SMITH"},{"data":"Burning Pact","floor":12,"key":"SMITH"},{"data":"Armaments","floor":15,"key":"SMITH"}],"circlet_count":0,"master_deck":["AscendersBane","Strike_R","Strike_R","Strike_R","Strike_R","Defend_R","Defend_R","Defend_R","Defend_R","Bash+1","Writhe","Metamorphosis+1","Headbutt","Headbutt","Rage","Burning Pact+1","Impervious","Bloodletting","Armaments+1","Brutality","Seeing Red","Writhe","Evolve"],"relics":["Black Blood","Oddly Smooth Stone","Pantograph","Meat on the Bone","Gremlin Horn","Red Mask"],"acts_visited":["Exordium","TheCity"],"potions_floor_usage":[8,8,21,21],"damage_taken":[{"damage":10,"enemies":"2 Louse","floor":1,"turns":5},{"damage":0,"enemies":"Small Slimes","floor":2,"turns":3},{"damage":9,"enemies":"Jaw Worm","floor":5,"turns":3},{"damage":0,"enemies":"2 Fungi Beasts","floor":7,"turns":3},{"damage":33,"enemies":"Gremlin Nob","floor":8,"turns":5},{"damage":2,"enemies":"Blue Slaver","floor":11,"turns":4},{"damage":23,"enemies":"Exordium Thugs","floor":14,"turns":3},{"damage":32,"enemies":"The Guardian","floor":16,"turns":10},{"damage":26,"enemies":"Spheric Guardian","floor":18,"turns":5},{"damage":56,"enemies":"Masked Bandits","floor":21,"turns":7},{"damage":22,"enemies":"Shell Parasite","floor":22,"turns":6},{"damage":31,"enemies":"Slavers","floor":23,"turns":1}],"seed_played":"5388587451542935597","potions_obtained":[{"floor":5,"key":"BloodPotion"},{"floor":7,"key":"Ancient Potion"},{"floor":11,"key":"Ancient Potion"},{"floor":16,"key":"Weak Potion"},{"floor":18,"key":"Dexterity Potion"}],"is_trial":false,"path_per_floor":["M","M","$","?","M","R","M","E","T","R","M","R","$","M","R","B",null,"M","?","?","?","M","E"],"character_chosen":"IRONCLAD","items_purchased":["Rage","Bloodletting"],"campfire_rested":0,"item_purchase_floors":[3,13],"current_hp_per_floor":[68,74,74,41,38,38,44,33,33,33,49,49,49,44,44,55,74,60,60,60,28,30,0,0],"gold":201,"neow_bonus":"RANDOM_COLORLESS_2","is_daily":false,"chose_seed":false,"campfire_upgraded":4,"win_rate":0.0,"timestamp":1614184144,"path_taken":["M","M","$","?","M","R","M","E","T","R","M","R","$","M","R","BOSS","M","?","?","?","M","E"],"items_purchased_type":["Card","Card"],"build_version":"2020-12-22","purchased_purges":1,"victory":false,"max_hp_per_floor":[80,80,80,80,80,80,80,80,80,80,80,80,80,80,80,80,80,80,80,80,80,80,80,80],"card_choices":[{"not_picked":["Chrysalis","Panache"],"picked":"Metamorphosis","floor":0},{"not_picked":["Wild Strike","Heavy Blade"],"picked":"Headbutt","floor":1},{"not_picked":["Disarm","Armaments"],"picked":"Headbutt","floor":2},{"not_picked":["Searing Blow","Thunderclap","Rampage"],"picked":"SKIP","floor":5},{"not_picked":["Combust","Iron Wave"],"picked":"Burning Pact","floor":7},{"not_picked":["Clothesline","Armaments"],"picked":"Impervious","floor":8},{"not_picked":["Thunderclap","Carnage","Clash"],"picked":"SKIP","floor":11},{"not_picked":["Pommel Strike","Anger"],"picked":"Armaments","floor":14},{"not_picked":["Barricade","Limit Break"],"picked":"Brutality","floor":16},{"not_picked":["Whirlwind","Warcry"],"picked":"Seeing Red","floor":18},{"not_picked":["Warcry","Body Slam"],"picked":"Evolve","floor":21},{"not_picked":["Bloodletting","Entrench","Sword Boomerang"],"picked":"SKIP","floor":22}],"player_experience":785143,"relics_obtained":[{"floor":8,"key":"Pantograph"},{"floor":9,"key":"Meat on the Bone"},{"floor":21,"key":"Red Mask"}],"event_choices":[{"damage_healed":0,"gold_gain":0,"player_choice":"Success","damage_taken":33,"relics_obtained":["Oddly Smooth Stone"],"max_hp_gain":0,"max_hp_loss":0,"event_name":"Scrap Ooze","floor":4,"gold_loss":0},{"damage_healed":0,"gold_gain":0,"player_choice":"Ignored","damage_taken":0,"max_hp_gain":0,"max_hp_loss":0,"event_name":"Ghosts","floor":19,"gold_loss":0},{"damage_healed":0,"gold_gain":0,"player_choice":"Opened","damage_taken":0,"relics_obtained":["Gremlin Horn"],"max_hp_gain":0,"max_hp_loss":0,"event_name":"The Mausoleum","floor":20,"gold_loss":0,"cards_obtained":["Writhe"]},{"damage_healed":0,"gold_gain":0,"player_choice":"Fought Bandits","damage_taken":0,"max_hp_gain":0,"max_hp_loss":0,"event_name":"Masked Bandits","floor":21,"gold_loss":0}],"is_beta":false,"boss_relics":[{"not_picked":["Fusion Hammer","Tiny House"],"picked":"Black Blood"}],"items_purged_floors":[3],"is_endless":false,"potions_floor_spawned":[5,7,11,16,18],"killed_by":"Slavers","ascension_level":12}}