{"host":"ztzf20fs6w35ztzf","time":1614169098,"event":{"mods":["AchievementEnabler","AlwaysNeverKeys","BaseMod","BetterRewards","Colored Powertips","DeckTracker","Downfall","Grow up Mod","Lobotomy","Minty Spire (QoL Compilation)","Rare Cards Sparkle","Remove Card Discount Mod","Replay The Spire","StSLib","SuperFastMode"],"gold_per_floor":[99,111,121,98,115,215,215,215,242,259,159,173,199,217,233,342,342,242,242,276,295,313,354,354,385,385,285,311,311,427,439,467,573,573,573,598,611,458,758,786,786,786,805,837,857,885,897,897,917,917,917,917,956,952,952,952,952],"floor_reached":58,"language":"ENG","playtime":2982,"items_purged":["hexamod:Defend","hexamod:Defend","hexamod:Defend","hexamod:Defend","hexamod:InspiringFlames","hexamod:HeatCrush"],"score":1480,"play_id":"ffa279a5-ca9d-4d89-95d0-e3dc02834656","local_time":"20210224201818","is_ascension_mode":false,"campfire_choices":[{"floor":1.0,"key":"RECALL"},{"data":"hexamod:Float","floor":11.0,"key":"SMITH"},{"data":"hexamod:TimeOfNeed","floor":27.0,"key":"SMITH"},{"data":"hexamod:TimeOfNeed","floor":29.0,"key":"SMITH"},{"data":"hexamod:SwordOfDarkness","floor":35.0,"key":"PURGE"},{"data":"hexamod:Rewind","floor":42,"key":"SMITH"},{"data":"hexamod:Sear","floor":55,"key":"SMITH"}],"circlet_count":0,"master_deck":["hexamod:Sear+1","hexamod:Float+1","hexamod:RainOfEmbers+1","hexamod:HauntingEcho","hexamod:NightmareStrike","hexamod:Firestarter","hexamod:ChargedBarrage","hexamod:ThirdSeal","hexamod:EmpoweredFlame","hexamod:FirstSeal","hexamod:SwordOfDarkness","hexamod:TimeOfNeed+1","hexamod:PhantomFireball","hexamod:ExtraCrispy+1","hexamod:HauntingEcho","hexamod:SecondSeal","hexamod:ForkedFlame","hexamod:TimeOfNeed+1","hexamod:SpectersWail","hexamod:NightmareStrike+1","hexamod:SpectersWail","hexamod:SwordOfDarkness+1","hexamod:Rewind+1","hexamod:Firestarter+1","hexamod:BurningTouch+1","J.A.X.","hexamod:DynamicBlow","hexamod:FourthSeal","hexamod:UnlimitedPower","hexamod:TimeWarp","CurseOfTheBell","hexamod:HauntingEcho+1","hexamod:Firestarter+1","hexamod:FirstSeal","hexamod:NightmareStrike+1","hexamod:ThirdSeal","hexamod:GhostLash+1","hexamod:BurningTouch+1","hexamod:TimeWarp","hexamod:NightmareStrike+1","hexamod:BurningTouch+1","hexamod:FourthSeal","hexamod:TimeOfNeed+1","hexamod:EmpoweredFlame","hexamod:SpectersWail+1","hexamod:SkipABeat+1","hexamod:Firestarter+1","hexamod:GhostLash+1","hexamod:SpectersWail+1","hexamod:FourthSeal","hexamod:EmpoweredFlame+1","hexamod:Firestarter+1","hexamod:SpectersWail+1"],"relics":["hexamod:SpiritBrand","Bag of Marbles","Bag of Preparation","downfall:HeartBlessingRed","Mercury Hourglass","bronze:MakeshiftBattery","downfall:HeartBlessingGreen","Centennial Puzzle","Regal Pillow","downfall:HeartBlessingBlue","MutagenicStrength","Replay:Grab Bag","hexamod:IceCube","Sozu","Calling Bell","ReplayFunnel","Replay:Bottled Snecko","Turnip","Pet Ghost","Golden Egg","Pear","PreservedInsect","Pen Nib"],"acts_visited":["Exordium","TheCity","TheBeyond","TheEnding"],"potions_floor_usage":[57,57,57],"damage_taken":[{"damage":9.0,"enemies":"2 Louse","floor":2.0,"turns":2.0},{"damage":1.0,"enemies":"Cultist","floor":3.0,"turns":3.0},{"damage":0.0,"enemies":"downfall:FleeingMerchant","floor":4.0,"turns":4.0},{"damage":13.0,"enemies":"Small Slimes","floor":5.0,"turns":3.0},{"damage":40.0,"enemies":"downfall:Heads","floor":6.0,"turns":6.0},{"damage":8.0,"enemies":"Lagavulin","floor":9.0,"turns":3.0},{"damage":10.0,"enemies":"downfall:LooterAlt","floor":10.0,"turns":3.0},{"damage":9.0,"enemies":"2 Fungi Beasts","floor":12.0,"turns":2.0},{"damage":30.0,"enemies":"Gremlin Nob","floor":13.0,"turns":4.0},{"damage":15.0,"enemies":"Exordium Thugs","floor":14.0,"turns":3.0},{"damage":7.0,"enemies":"downfall:LooterAlt","floor":15.0,"turns":2.0},{"damage":46.0,"enemies":"WA_ARCHETYPE_RETAIN","floor":16.0,"turns":6.0},{"damage":26.0,"enemies":"3 Byrds","floor":21.0,"turns":3.0},{"damage":25.0,"enemies":"downfall:LooterAlt2","floor":22.0,"turns":3.0},{"damage":78.0,"enemies":"Slavers","floor":23.0,"turns":5.0},{"damage":10.0,"enemies":"Cultist and Chosen","floor":25.0,"turns":3.0},{"damage":6.0,"enemies":"Snecko","floor":28.0,"turns":3.0},{"damage":46.0,"enemies":"downfall:Augmenter","floor":30.0,"turns":4.0},{"damage":3.0,"enemies":"Snake Plant","floor":31.0,"turns":1.0},{"damage":10.0,"enemies":"Cultist and Chosen","floor":32.0,"turns":4.0},{"damage":118.0,"enemies":"IC_MUSHROOM_ARCHETYPE","floor":33.0,"turns":7.0},{"damage":17.0,"enemies":"Orb Walker","floor":36.0,"turns":3.0},{"damage":11.0,"enemies":"3 Darklings","floor":37.0,"turns":4.0},{"damage":13,"enemies":"downfall:FleeingMerchant","floor":38,"turns":4},{"damage":17,"enemies":"R_Hoarder","floor":40,"turns":6},{"damage":81,"enemies":"4 Shapes","floor":43,"turns":3},{"damage":16,"enemies":"Nemesis","floor":44,"turns":3},{"damage":3,"enemies":"Maw","floor":45,"turns":5},{"damage":32,"enemies":"Jaw Worm Horde","floor":46,"turns":3},{"damage":17,"enemies":"4 Shapes","floor":47,"turns":3},{"damage":34,"enemies":"Transient","floor":49,"turns":5},{"damage":112,"enemies":"SI_POISON_ARCHETYPE","floor":50,"turns":6},{"damage":148,"enemies":"downfall:CharBossMerchant","floor":53,"turns":8},{"damage":61,"enemies":"downfall:NeowBoss","floor":56,"turns":14},{"damage":301,"enemies":"downfall:NeowBossFinal","floor":57,"turns":10}],"seed_played":"5859124602385074045","potions_obtained":[{"floor":2.0,"key":"sneckomod:MuddlingPotion"},{"floor":3.0,"key":"Dexterity Potion"},{"floor":5.0,"key":"Adrenaline Potion"},{"floor":15.0,"key":"Regen Potion"},{"floor":21.0,"key":"EntropicBrew"}],"is_trial":false,"path_per_floor":["R","M","M","$","M","?","T","?","E","M","R","M","E","M","M","B",null,"R","?","?","M","M","E","T","M","?","R","M","R","?","M","M","B",null,"R","M","M","$","?","E","T","R","M","E","M","M","M","?","M","B",null,null,"E","$","R","B","B",null],"character_chosen":"THE_SPIRIT","items_purchased":["Pet Ghost"],"campfire_rested":0,"item_purchase_floors":[38],"current_hp_per_floor":[97,98,107,117,114,84,94,104,106,106,116,117,104,106,109,80,257,267,277,287,278,270,209,219,226,228,248,259,269,240,247,254,153,437,447,440,446,457,467,474,494,504,433,427,448,440,433,443,419,331,341,627,503,513,523,486,224],"gold":952,"neow_bonus":"TEN_PERCENT_HP_BONUS","is_daily":false,"chose_seed":false,"campfire_upgraded":5,"win_rate":0.0,"timestamp":1614169098,"path_taken":["R","M","M","$","M","?","T","?","E","M","R","M","E","?","M","BOSS","R","?","?","M","M","E","T","?","?","R","?","R","?","M","M","BOSS","R","M","M","$","?","E","T","R","M","E","M","?","M","?","M","BOSS","E","$","R","BOSS","BOSS"],"items_purchased_type":["Relic"],"build_version":"2020-12-22","purchased_purges":6,"victory":true,"max_hp_per_floor":[97,107,117,127,137,147,157,167,177,187,197,207,217,227,237,247,257,267,277,287,297,307,317,327,337,347,367,377,387,397,407,417,427,437,447,457,467,477,487,497,517,527,537,547,557,567,577,587,597,607,617,627,637,647,657,667,677],"card_choices":[{"not_picked":["hexamod:BurningTouch","hexamod:GhostLash"],"picked":"hexamod:RainOfEmbers","floor":2.0},{"not_picked":["hexamod:GhostLash","hexamod:Incineration"],"picked":"hexamod:HauntingEcho","floor":3.0},{"not_picked":["hexamod:ShieldOfDarkness","hexamod:SkipABeat"],"picked":"hexamod:NightmareStrike","floor":4.0},{"not_picked":["hexamod:GhostOfSpirePresent","hexamod:SkipABeat"],"picked":"hexamod:Firestarter","floor":5.0},{"not_picked":["hexamod:BurningTouch","hexamod:ThermalTransfer"],"picked":"hexamod:ThirdSeal","floor":9.0},{"not_picked":["hexamod:StepThrough","hexamod:GhostShield"],"picked":"hexamod:EmpoweredFlame","floor":10.0},{"not_picked":["hexamod:ExtraCrispy","hexamod:Incineration"],"picked":"hexamod:SwordOfDarkness","floor":10.0},{"not_picked":["hexamod:SpectralAdrenaline","hexamod:GhostOfSpirePast"],"picked":"hexamod:FirstSeal","floor":12.0},{"not_picked":["hexamod:BacktrackSmack","hexamod:RetreatToShadows"],"picked":"hexamod:SwordOfDarkness","floor":12.0},{"not_picked":["hexamod:GhostShield","hexamod:BacktrackSmack"],"picked":"hexamod:TimeOfNeed","floor":13.0},{"not_picked":["hexamod:GhostOfSpirePresent","hexamod:RecurringNightmare"],"picked":"hexamod:PhantomFireball","floor":13.0},{"not_picked":["hexamod:SoulSteal","hexamod:ChargedBarrage"],"picked":"hexamod:ExtraCrispy","floor":14.0},{"not_picked":["hexamod:AdvancingGuard","hexamod:HeatMetal"],"picked":"hexamod:HauntingEcho","floor":14.0},{"not_picked":["hexamod:RetreatToShadows","hexamod:Firestarter"],"picked":"hexamod:SecondSeal","floor":15.0},{"not_picked":["hexamod:ParanormalForm","hexamod:GhostOfSpirePresent"],"picked":"hexamod:ForkedFlame","floor":16.0},{"not_picked":["hexamod:UnleashSpirits","hexamod:TurnItUp"],"picked":"hexamod:TimeOfNeed","floor":16.0},{"not_picked":["hexamod:FastForward","hexamod:Hexaguard+1"],"picked":"hexamod:SpectersWail","floor":20.0},{"not_picked":["hexamod:WildfireWeapon","hexamod:PhantomCloak"],"picked":"hexamod:NightmareStrike+1","floor":21.0},{"not_picked":["hexamod:Hexaguard","hexamod:ThermalTransfer+1"],"picked":"hexamod:SpectersWail","floor":21.0},{"not_picked":["hexamod:PhantomFireball","hexamod:HeatMetal+1"],"picked":"hexamod:SwordOfDarkness+1","floor":22.0},{"not_picked":["hexamod:GhostShield","hexamod:AdvancingGuard"],"picked":"hexamod:SecondSeal","floor":22.0},{"not_picked":["hexamod:FastForward","hexamod:ThermalTransfer"],"picked":"hexamod:Rewind","floor":23.0},{"not_picked":["hexamod:ForkedFlame","hexamod:SoulSteal"],"picked":"hexamod:Firestarter+1","floor":23.0},{"not_picked":["hexamod:InspiringFlames","hexamod:Again"],"picked":"hexamod:BurningTouch+1","floor":25.0},{"not_picked":["hexamod:ShieldOfDarkness","hexamod:AdvancingGuard"],"picked":"hexamod:SecondSeal","floor":25.0},{"not_picked":["hexamod:InspiringFlames+1","hexamod:TimeWarp","hexamod:SwordOfDarkness"],"picked":"SKIP","floor":28.0},{"not_picked":[],"picked":"J.A.X.","floor":30.0},{"not_picked":["hexamod:HauntingEcho","hexamod:HeatMetal","hexamod:FastForward"],"picked":"SKIP","floor":31.0},{"not_picked":["hexamod:ChargedBarrage","hexamod:BacktrackSmack+1"],"picked":"hexamod:FourthSeal","floor":32.0},{"not_picked":["hexamod:UnleashSpirits","hexamod:ForkedFlame"],"picked":"hexamod:UnlimitedPower","floor":33.0},{"not_picked":["hexamod:ForkedFlame","hexamod:WildfireWeapon"],"picked":"hexamod:TimeWarp","floor":33.0},{"not_picked":["hexamod:StepThrough","hexamod:BacktrackSmack+1"],"picked":"hexamod:HauntingEcho+1","floor":36.0},{"not_picked":["hexamod:SoulSteal","hexamod:SwordOfDarkness+1"],"picked":"hexamod:Firestarter+1","floor":36.0},{"not_picked":["hexamod:ThermalTransfer+1","hexamod:BurningTouch+1"],"picked":"hexamod:FirstSeal","floor":37.0},{"not_picked":["hexamod:FastForward","hexamod:TimeWarp"],"picked":"hexamod:NightmareStrike+1","floor":37.0},{"not_picked":["hexamod:SpectralAdrenaline+1","hexamod:HeatMetal+1"],"picked":"hexamod:ThirdSeal","floor":38},{"not_picked":["hexamod:ShieldOfDarkness","hexamod:ThermalTransfer+1"],"picked":"hexamod:GhostLash+1","floor":38},{"not_picked":["hexamod:AdvancingGuard+1","hexamod:HauntingEcho"],"picked":"hexamod:BurningTouch+1","floor":40},{"not_picked":["hexamod:InspiringFlames","hexamod:StepThrough+1"],"picked":"hexamod:TimeWarp","floor":40},{"not_picked":["hexamod:BurningTouch","hexamod:StepThrough"],"picked":"hexamod:NightmareStrike+1","floor":40},{"not_picked":["hexamod:GhostOfSpirePast+1","hexamod:GhostflameBarrier"],"picked":"hexamod:BurningTouch+1","floor":43},{"not_picked":["hexamod:GhostflameBarrier+1","hexamod:GhostShield+1"],"picked":"hexamod:FourthSeal","floor":43},{"not_picked":["hexamod:HexaLevel","hexamod:InspiringFlames"],"picked":"hexamod:TimeOfNeed","floor":44},{"not_picked":["hexamod:GhostLash","hexamod:NightmareStrike"],"picked":"hexamod:EmpoweredFlame","floor":44},{"not_picked":["hexamod:NightmareStrike","hexamod:AdvancingGuard+1"],"picked":"hexamod:SpectersWail+1","floor":44},{"not_picked":["hexamod:ThermalTransfer+1","hexamod:NightmareStrike"],"picked":"hexamod:SkipABeat+1","floor":45},{"not_picked":["hexamod:EtherealExpedition+1","hexamod:NightmareGuise","hexamod:NightmareStrike"],"picked":"SKIP","floor":45},{"not_picked":["hexamod:GhostShield","hexamod:ShieldOfDarkness+1","hexamod:SpectersWail"],"picked":"SKIP","floor":45},{"not_picked":["hexamod:GhostflameBarrier+1","hexamod:InspiringFlames+1"],"picked":"hexamod:Firestarter+1","floor":46},{"not_picked":["hexamod:GhostflameBarrier","hexamod:HeatMetal"],"picked":"hexamod:GhostLash+1","floor":46},{"not_picked":["hexamod:AdvancingGuard+1","hexamod:Hexaguard+1"],"picked":"hexamod:SpectersWail+1","floor":47},{"not_picked":["hexamod:ChargedBarrage","hexamod:SpectralAdrenaline"],"picked":"hexamod:FourthSeal","floor":49},{"not_picked":["hexamod:PhantomCloak+1","hexamod:InspiringFlames+1"],"picked":"hexamod:EmpoweredFlame+1","floor":49},{"not_picked":["hexamod:AdvancingGuard+1","hexamod:InspiringFlames+1","hexamod:ParanormalForm"],"picked":"SKIP","floor":49},{"not_picked":["hexamod:BacktrackSmack","hexamod:Haunt+1"],"picked":"hexamod:Firestarter+1","floor":53},{"not_picked":["hexamod:Firestarter","hexamod:GhostShield"],"picked":"hexamod:SpectersWail+1","floor":53},{"not_picked":["hexamod:ThermalTransfer+1","hexamod:Rewind","hexamod:InspiringFlames"],"picked":"SKIP","floor":53}],"player_experience":158836,"relics_obtained":[{"floor":7.0,"key":"Bag of Marbles"},{"floor":9.0,"key":"Bag of Preparation"},{"floor":13.0,"key":"Mercury Hourglass"},{"floor":20.0,"key":"Centennial Puzzle"},{"floor":23.0,"key":"Regal Pillow"},{"floor":30.0,"key":"MutagenicStrength"},{"floor":34.0,"key":"ReplayFunnel"},{"floor":34.0,"key":"Replay:Bottled Snecko"},{"floor":34.0,"key":"Turnip"},{"floor":40,"key":"Golden Egg"},{"floor":41,"key":"Pear"},{"floor":44,"key":"PreservedInsect"},{"floor":53,"key":"Pen Nib"}],"event_choices":[{"damage_healed":0.0,"max_hp_gain":0.0,"max_hp_loss":0.0,"gold_gain":0.0,"event_name":"Vampires","player_choice":"Ignored","floor":19.0,"gold_loss":0.0,"damage_taken":0.0},{"damage_healed":0,"gold_gain":300,"player_choice":"Gold","damage_taken":0,"max_hp_gain":0,"max_hp_loss":0,"event_name":"Wheel of Change","floor":39,"gold_loss":0}],"is_beta":false,"boss_relics":[{"not_picked":["Empty Cage","Snecko Eye"],"picked":"bronze:MakeshiftBattery"},{"not_picked":["Philosopher\u0027s Stone","Pandora\u0027s Box"],"picked":"Replay:Grab Bag"},{"not_picked":["Fusion Hammer","ReplayTheSpireMod:Onyx Gauntlets"],"picked":"hexamod:IceCube"},{"not_picked":["Cursed Key","Velvet Choker"],"picked":"Sozu"},{"not_picked":["SacredBark","Replay:Drink Me"],"picked":"Calling Bell"}],"items_purged_floors":[4,4,4,4,54,54],"is_endless":false,"potions_floor_spawned":[2,3,5,9,12,15,16,21,23,25,30,36,37,46,49,53],"ascension_level":0}}