{"host":"y0i0tbisecj7yjyn","time":1614139798,"event":{"mods":["2.2 Compatiblity","AchievementEnabler","AlwaysNeverKeys","BaseMod","Better Third Choice","BetterRewards","Colored Map","Colored Powertips","Curses Come First","Disable Question Mark Monsters","Displayed Cursed Tome","Highlight Path","Keyboard Shortcuts","Minty Spire (QoL Compilation)","Quick Restart","Random Character Button","Rare Cards Sparkle","Relic Stats","Reliquary","Smile Girya","StSLib","SuperFastMode","Transform Curses","Weighted Paths"],"gold_per_floor":[118,78,94,94,94,94,127,127,153,183,183,259,259,274,274,374,374,385,335,355,375,387,387,387],"floor_reached":23,"language":"ENG","playtime":1243,"items_purged":[],"score":283,"play_id":"511aab9a-18ac-46f3-a375-161962168346","local_time":"20210223220958","is_ascension_mode":true,"campfire_choices":[{"data":"All Out Attack","floor":6.0,"key":"SMITH"},{"data":"Neutralize","floor":8.0,"key":"SMITH"},{"data":"Survivor","floor":15.0,"key":"SMITH"}],"circlet_count":0,"master_deck":["Strike_G","Strike_G","Strike_G","Strike_G","Strike_G","Defend_G","Defend_G","Defend_G","Defend_G","Defend_G","Survivor+1","Neutralize+1","Backstab","All Out Attack+1","Burn","Dagger Spray","Deadly Poison","PiercingWail"],"relics":["Ring of the Snake","NeowsBlessing","reliquary:Sideboard","Blood Vial","reliquary:Boomerang","Mango","Darkstone Periapt","Akabeko","Cursed Key"],"acts_visited":["Exordium","TheCity"],"potions_floor_usage":[22],"damage_taken":[{"damage":0.0,"enemies":"2 Louse","floor":1.0,"turns":1.0},{"damage":0.0,"enemies":"Cultist","floor":3.0,"turns":1.0},{"damage":0.0,"enemies":"Gremlin Nob","floor":7.0,"turns":1.0},{"damage":39.0,"enemies":"Lagavulin","floor":10.0,"turns":8.0},{"damage":0.0,"enemies":"Jaw Worm","floor":14.0,"turns":3.0},{"damage":23.0,"enemies":"The Guardian","floor":16.0,"turns":13.0},{"damage":0.0,"enemies":"3 Byrds","floor":18.0,"turns":3.0},{"damage":21.0,"enemies":"Shell Parasite","floor":20.0,"turns":5.0},{"damage":27,"enemies":"Centurion and Healer","floor":21,"turns":8},{"damage":15,"enemies":"Sentry and Sphere","floor":22,"turns":6},{"damage":32,"enemies":"Book of Stabbing","floor":23,"turns":5}],"seed_played":"-8800610729119253116","potions_obtained":[{"floor":2.0,"key":"Fruit Juice"},{"floor":2.0,"key":"Strength Potion"},{"floor":2.0,"key":"EssenceOfSteel"},{"floor":3.0,"key":"Ancient Potion"},{"floor":7.0,"key":"Energy Potion"},{"floor":16.0,"key":"Explosive Potion"},{"floor":18.0,"key":"Block Potion"}],"is_trial":false,"path_per_floor":["M","?","M","?","?","R","E","R","T","E","?","T","?","M","R","B",null,"M","?","M","M","M","E"],"character_chosen":"THE_SILENT","items_purchased":[],"campfire_rested":0,"item_purchase_floors":[],"current_hp_per_floor":[70,75,75,75,75,75,75,75,75,50,50,50,43,45,45,24,89,89,89,68,43,30,0,0],"gold":387,"neow_bonus":"THREE_ENEMY_KILL","is_daily":false,"chose_seed":false,"campfire_upgraded":3,"win_rate":0.0,"timestamp":1614139798,"path_taken":["M","?","M","?","?","R","E","R","T","E","?","?","?","M","R","BOSS","M","?","?","M","M","E"],"items_purchased_type":[],"build_version":"2020-12-22","purchased_purges":0,"victory":false,"max_hp_per_floor":[70,75,75,75,75,75,75,75,75,89,89,89,89,89,89,89,89,89,89,89,89,89,89,89],"relic_stats":{"Blood Vial":10,"Darkstone Periapt":0,"counters":[11,54],"Cursed Key":0,"obtain_stats":[{"Blood Vial":7,"Darkstone Periapt":12,"reliquary:Boomerang":9,"NeowsBlessing":0,"reliquary:Sideboard":5,"Mango":10,"Cursed Key":17,"Akabeko":13,"Ring of the Snake":0},{"Blood Vial":3,"Darkstone Periapt":4,"reliquary:Boomerang":3,"NeowsBlessing":0,"reliquary:Sideboard":2,"Mango":4,"Cursed Key":6,"Akabeko":4,"Ring of the Snake":0},{"Blood Vial":3,"Darkstone Periapt":11,"reliquary:Boomerang":3,"NeowsBlessing":0,"reliquary:Sideboard":2,"Mango":11,"Cursed Key":27,"Akabeko":11,"Ring of the Snake":0}],"Ring of the Snake":[22]},"card_choices":[{"not_picked":["PiercingWail","Dagger Spray"],"picked":"Backstab","floor":1.0},{"not_picked":["Heel Hook","PiercingWail"],"picked":"All Out Attack","floor":3.0},{"not_picked":["Setup","Underhanded Strike"],"picked":"Dagger Spray","floor":7.0},{"not_picked":["Grand Finale","Outmaneuver"],"picked":"Deadly Poison","floor":10.0},{"not_picked":["Choke","Dodge and Roll"],"picked":"Endless Agony","floor":14.0},{"not_picked":["Malaise","Doppelganger"],"picked":"A Thousand Cuts","floor":16.0},{"not_picked":["Deadly Poison","Endless Agony"],"picked":"Underhanded Strike","floor":18.0},{"not_picked":["Dagger Throw","Cloak And Dagger"],"picked":"Riddle With Holes+1","floor":20.0},{"not_picked":["Dodge and Roll+1","PiercingWail"],"picked":"Caltrops","floor":21},{"not_picked":["Masterful Stab","Slice"],"picked":"Dagger Spray","floor":22}],"player_experience":544282,"relics_obtained":[{"floor":7.0,"key":"Blood Vial"},{"floor":9.0,"key":"reliquary:Boomerang"},{"floor":10.0,"key":"Mango"},{"floor":12.0,"key":"Darkstone Periapt"}],"event_choices":[{"damage_healed":0.0,"max_hp_gain":0.0,"max_hp_loss":0.0,"gold_gain":0.0,"event_name":"The Woman in Blue","player_choice":"Bought 3 Potions","floor":2.0,"gold_loss":0.0,"damage_taken":0.0},{"damage_healed":75.0,"max_hp_gain":0.0,"max_hp_loss":75.0,"gold_gain":0.0,"event_name":"betterThird:BetterShining","player_choice":"Embrace Burn","floor":4.0,"gold_loss":0.0,"damage_taken":0.0},{"damage_healed":0.0,"max_hp_gain":0.0,"max_hp_loss":0.0,"gold_gain":0.0,"event_name":"Big Fish","player_choice":"Box","floor":5.0,"gold_loss":0.0,"damage_taken":0.0,"relics_obtained":["reliquary:Sideboard"],"cards_obtained":["Regret"]},{"damage_healed":0.0,"max_hp_gain":0.0,"max_hp_loss":0.0,"gold_gain":0.0,"cards_transformed":["Regret"],"event_name":"Living Wall","player_choice":"Change","floor":11.0,"gold_loss":0.0,"damage_taken":0.0,"cards_obtained":["PiercingWail"]},{"damage_healed":0.0,"max_hp_gain":0.0,"max_hp_loss":0.0,"gold_gain":0.0,"event_name":"betterThird:BetterScrap","player_choice":"Relic ","floor":13.0,"gold_loss":0.0,"damage_taken":7.0,"cards_obtained":["Uppercut"]},{"damage_healed":0.0,"max_hp_gain":0.0,"max_hp_loss":0.0,"gold_gain":0.0,"event_name":"The Joust","player_choice":"Bet on Murderer","floor":19.0,"gold_loss":50.0,"damage_taken":0.0}],"is_beta":false,"boss_relics":[{"not_picked":["Sozu","Runic Pyramid"],"picked":"Cursed Key"}],"items_purged_floors":[],"is_endless":false,"potions_floor_spawned":[3,7,16,18],"killed_by":"Book of Stabbing","ascension_level":3}}