{"host":"kh6fvhxn285ncg0o","time":1614143099,"event":{"mods":["Act Like it!","BaseMod","Colored Map","Friendly Minions","Keyboard Shortcuts","Minty Spire (QoL Compilation)","Quick Restart","Relic Stats","StSLib","SuperFastMode","UnlockEverythingMod"],"gold_per_floor":[114,39,55,205,280,313,313,357,357,393,413,413,413,434,434,527,527,546,546,564,588,607,648,668,686,686,686,727,743,777,805,817,829,829],"floor_reached":33,"language":"KOR","playtime":803,"items_purged":["Strike_R"],"score":708,"play_id":"72073047-446f-4764-9c77-0a75159a2199","local_time":"20210224140459","is_ascension_mode":true,"campfire_choices":[{"data":"Body Slam","floor":12.0,"key":"SMITH"},{"floor":15.0,"key":"REST"},{"floor":27,"key":"REST"},{"data":"Dark Embrace","floor":32,"key":"SMITH"}],"circlet_count":0,"master_deck":["AscendersBane","Strike_R","Defend_R","Defend_R","Defend_R","Defend_R","Bash","Power Through","Doubt","Flame Barrier+1","True Grit+1","Body Slam+1","Decay","True Grit+1","Immolate","Havoc+1","Dropkick+1","Immolate+1","Battle Trance+1","Dark Embrace+1","Shockwave+1","Fire Breathing","Dual Wield+1","Sever Soul","Warcry+1","Battle Trance+1","Feel No Pain"],"relics":["Burning Blood","NeowsBlessing","Toxic Egg 2","Golden Idol","Nunchaku","Mercury Hourglass","StoneCalendar","Astrolabe","Sundial","The Courier","Bag of Marbles","MawBank"],"acts_visited":["Exordium","TheCity"],"potions_floor_usage":[30,33],"damage_taken":[{"damage":0.0,"enemies":"Small Slimes","floor":1.0,"turns":1.0},{"damage":0.0,"enemies":"Jaw Worm","floor":3.0,"turns":1.0},{"damage":0.0,"enemies":"3 Sentries","floor":6.0,"turns":2.0},{"damage":44.0,"enemies":"Gremlin Nob","floor":8.0,"turns":5.0},{"damage":20.0,"enemies":"3 Sentries","floor":10.0,"turns":9.0},{"damage":0.0,"enemies":"2 Louse","floor":11.0,"turns":3.0},{"damage":9.0,"enemies":"Looter","floor":14.0,"turns":4.0},{"damage":15.0,"enemies":"The Guardian","floor":16.0,"turns":13.0},{"damage":0.0,"enemies":"3 Byrds","floor":18.0,"turns":3.0},{"damage":1.0,"enemies":"Spheric Guardian","floor":20.0,"turns":4.0},{"damage":3.0,"enemies":"3 Cultists","floor":21.0,"turns":3.0},{"damage":0.0,"enemies":"Snake Plant","floor":22.0,"turns":3.0},{"damage":25.0,"enemies":"Gremlin Leader","floor":23.0,"turns":5.0},{"damage":28.0,"enemies":"Shelled Parasite and Fungi","floor":24.0,"turns":7.0},{"damage":6.0,"enemies":"Snecko","floor":25.0,"turns":5.0},{"damage":25,"enemies":"Book of Stabbing","floor":28,"turns":6},{"damage":2,"enemies":"Cultist and Chosen","floor":29,"turns":3},{"damage":23,"enemies":"Slavers","floor":30,"turns":2},{"damage":11,"enemies":"Snake Plant","floor":31,"turns":4},{"damage":30,"enemies":"Automaton","floor":33,"turns":6}],"seed_played":"3875604785416628809","potions_obtained":[{"floor":3.0,"key":"HeartOfIron"},{"floor":6.0,"key":"Strength Potion"},{"floor":14.0,"key":"PowerPotion"},{"floor":16.0,"key":"FearPotion"},{"floor":21.0,"key":"GamblersBrew"},{"floor":23.0,"key":"DistilledChaos"},{"floor":24.0,"key":"SkillPotion"},{"floor":25.0,"key":"GamblersBrew"},{"floor":30,"key":"Regen Potion"}],"is_trial":false,"path_per_floor":["M","$","M","?","?","E","?","E","T","E","M","R","?","M","R","B",null,"M","T","M","M","M","E","M","M","T","R","E","M","E","M","R","B"],"character_chosen":"IRONCLAD","items_purchased":[],"campfire_rested":2,"item_purchase_floors":[],"current_hp_per_floor":[74,74,75,75,64,70,68,30,30,16,22,22,22,19,39,30,59,65,65,68,68,68,49,27,27,27,47,28,32,15,10,10,0,0],"gold":829,"neow_bonus":"THREE_ENEMY_KILL","is_daily":false,"chose_seed":false,"campfire_upgraded":2,"win_rate":0.0,"timestamp":1614143099,"path_taken":["M","$","M","?","?","E","?","E","T","E","M","R","?","M","R","BOSS","M","?","M","?","M","E","M","M","T","R","E","M","E","M","R","BOSS"],"items_purchased_type":[],"build_version":"2020-12-22","purchased_purges":1,"victory":false,"max_hp_per_floor":[75,75,75,75,75,75,68,68,68,68,68,68,68,68,68,68,68,68,68,68,68,68,68,68,68,68,68,68,68,68,68,68,68,68],"relic_stats":{"Nunchaku":[8],"counters":[20,85],"Golden Idol":97,"Sundial":[6],"Astrolabe":["Havoc","Dropkick","Immolate"],"StoneCalendar":[52],"MawBank":36,"obtain_stats":[{"Nunchaku":8,"NeowsBlessing":0,"Golden Idol":7,"Sundial":19,"Astrolabe":17,"StoneCalendar":10,"The Courier":23,"Bag of Marbles":28,"Toxic Egg 2":6,"MawBank":30,"Burning Blood":0,"Mercury Hourglass":9},{"Nunchaku":4,"NeowsBlessing":0,"Golden Idol":3,"Sundial":9,"Astrolabe":8,"StoneCalendar":5,"The Courier":13,"Bag of Marbles":16,"Toxic Egg 2":3,"MawBank":18,"Burning Blood":0,"Mercury Hourglass":4},{"Nunchaku":9,"NeowsBlessing":0,"Golden Idol":4,"Sundial":39,"Astrolabe":37,"StoneCalendar":18,"The Courier":53,"Bag of Marbles":70,"Toxic Egg 2":4,"MawBank":75,"Burning Blood":0,"Mercury Hourglass":9}],"Burning Blood":98,"Mercury Hourglass":[310]},"card_choices":[{"not_picked":["Warcry","Headbutt"],"picked":"Power Through","floor":3.0},{"not_picked":["True Grit+1","Feel No Pain"],"picked":"Flame Barrier+1","floor":6.0},{"not_picked":["Evolve","Sword Boomerang"],"picked":"True Grit+1","floor":8.0},{"not_picked":["Havoc+1","Uppercut"],"picked":"Body Slam","floor":10.0},{"not_picked":["Armaments+1","Cleave"],"picked":"True Grit+1","floor":14.0},{"not_picked":["Brutality","Juggernaut"],"picked":"Immolate","floor":16.0},{"not_picked":["Searing Blow","Combust"],"picked":"Battle Trance+1","floor":18.0},{"not_picked":["Heavy Blade","Shockwave+1"],"picked":"Dark Embrace","floor":20.0},{"not_picked":["Perfected Strike","Sword Boomerang"],"picked":"Shockwave+1","floor":21.0},{"not_picked":["Sword Boomerang","Armaments+1"],"picked":"Fire Breathing","floor":22.0},{"not_picked":["Clash","Sword Boomerang","Armaments+1"],"picked":"SKIP","floor":23.0},{"not_picked":["Intimidate+1","Dark Embrace"],"picked":"Dual Wield+1","floor":24.0},{"not_picked":["Wild Strike","Uppercut","Twin Strike"],"picked":"SKIP","floor":25.0},{"not_picked":["Twin Strike+1","Limit Break+1"],"picked":"Sever Soul","floor":28},{"not_picked":["Rampage","Twin Strike"],"picked":"Warcry+1","floor":29},{"not_picked":["Pommel Strike","Impervious+1"],"picked":"Battle Trance+1","floor":30},{"not_picked":["Shockwave+1","Sever Soul"],"picked":"Feel No Pain","floor":31}],"player_experience":1505190,"relics_obtained":[{"floor":6.0,"key":"Toxic Egg 2"},{"floor":8.0,"key":"Nunchaku"},{"floor":9.0,"key":"Mercury Hourglass"},{"floor":10.0,"key":"StoneCalendar"},{"floor":19.0,"key":"Sundial"},{"floor":23.0,"key":"The Courier"},{"floor":28,"key":"Bag of Marbles"},{"floor":30,"key":"MawBank"}],"event_choices":[{"damage_healed":0.0,"max_hp_gain":0.0,"max_hp_loss":0.0,"gold_gain":150.0,"event_name":"Liars Game","player_choice":"AGREE","floor":4.0,"gold_loss":0.0,"damage_taken":0.0,"cards_obtained":["Doubt"]},{"damage_healed":0.0,"max_hp_gain":0.0,"max_hp_loss":0.0,"gold_gain":75.0,"event_name":"World of Goop","player_choice":"Gather Gold","floor":5.0,"gold_loss":0.0,"damage_taken":11.0},{"damage_healed":0.0,"max_hp_gain":0.0,"max_hp_loss":7.0,"gold_gain":0.0,"event_name":"Golden Idol","player_choice":"Lose Max HP","floor":7.0,"gold_loss":0.0,"damage_taken":0.0,"relics_obtained":["Golden Idol"]},{"damage_healed":0.0,"max_hp_gain":0.0,"max_hp_loss":0.0,"gold_gain":0.0,"event_name":"Wheel of Change","player_choice":"Cursed","floor":13.0,"gold_loss":0.0,"damage_taken":0.0,"cards_obtained":["Decay"]}],"is_beta":false,"boss_relics":[{"not_picked":["Calling Bell","Ectoplasm"],"picked":"Astrolabe"}],"items_purged_floors":[2],"is_endless":false,"potions_floor_spawned":[3,6,14,16,21,23,24,25,30],"killed_by":"Automaton","ascension_level":20}}