{"host":"8av5he6utbys9oi5","time":1614161033,"event":{"mods":["BaseMod","Marisa£®ÏF”Í°°ƒß¿Ì…≥£©","Minty Spire (QoL Compilation)","Replay The Spire","StSLib"],"gold_per_floor":[117,117,117,197,216,249,249,304,353,353,399,193,236,272,272,411,411,459,484,274,274,67,67,67,67,67,105,156,194,194,255,255,396,396,440,514,539,662,687,687,726,726,749,797,832,301,350,384,384,424,424,424,22,109,151],"floor_reached":56,"language":"ZHS","playtime":3447,"items_purged":["Defend_MRS","Sickly","Strike_MRS","DC+1"],"score":1195,"play_id":"fb09263b-ee02-4de7-9ca3-e09f3aa723f6","local_time":"20210224180353","is_ascension_mode":false,"campfire_choices":[{"floor":10.0,"key":"REST"},{"floor":15.0,"key":"REST"},{"data":"CollectingQuirk","floor":23.0,"key":"SMITH"},{"data":"CollectingQuirk","floor":25.0,"key":"SMITH"},{"floor":32.0,"key":"REST"},{"data":"PropBag","floor":40.0,"key":"SMITH"},{"data":"OrrerysSun","floor":42.0,"key":"SMITH"},{"floor":49,"key":"RECALL"},{"data":"GravityBeat","floor":52,"key":"SMITH"}],"circlet_count":0,"master_deck":["Strike_MRS","Defend_MRS","Defend_MRS","Defend_MRS","MasterSpark","UpSweep","MilkyWay+1","PropBag+1","Robbery","GrandCross","TreasureHunter","LuminesStrike","UltimateShortwave+1","CollectingQuirk+1","SporeBomb+1","CollectingQuirk+1","Master of Strategy+1","ManaConvection+1","PowerUp+1","OrrerysSun+1","EarthLightRay+1","GravityBeat+1","MagicChant+1","BinaryStars+1"],"relics":["MiniHakkero","NeowsBlessing","Pen Nib","ReplayTheSpireMod:Lightbulb","Replay:Bandana","Ornamental Fan","Replay:Rubber Ducky","Gremlin Food","Unceasing Top","Painkiller Herb","ReplayTheSpireMod:CursedCoin","Replay:Mystery Machine","GremlinMask","Tiny Chest","Gambling Chip","Sozu","Incense Burner","Simple Rune","Toy Ornithopter","Replay:Baseball","Blood Vial","Replay:Wax Seal","Frozen Egg 2","Medical Kit","ReplayTheSpireMod:Shallot","Blue Doll","Centennial Puzzle","ReplayTheSpireMod:TigerMarble"],"acts_visited":["Exordium","TheCity","TheBeyond","TheEnding"],"potions_floor_usage":[50,55],"damage_taken":[{"damage":0.0,"enemies":"Small Slimes","floor":1.0,"turns":1.0},{"damage":0.0,"enemies":"2 Louse","floor":5.0,"turns":1.0},{"damage":0.0,"enemies":"Gremlin Nob","floor":6.0,"turns":1.0},{"damage":31.0,"enemies":"Lagavulin","floor":8.0,"turns":5.0},{"damage":0.0,"enemies":"Cultist","floor":13.0,"turns":2.0},{"damage":6.0,"enemies":"Looter","floor":14.0,"turns":3.0},{"damage":56.0,"enemies":"Hexaghost","floor":16.0,"turns":10.0},{"damage":1.0,"enemies":"Chosen","floor":18.0,"turns":4.0},{"damage":3.0,"enemies":"Spheric Guardian","floor":19.0,"turns":3.0},{"damage":0.0,"enemies":"Cultist and Chosen","floor":27.0,"turns":4.0},{"damage":8.0,"enemies":"Centurion and Healer","floor":28.0,"turns":3.0},{"damage":26.0,"enemies":"Snecko","floor":29.0,"turns":5.0},{"damage":9.0,"enemies":"3 Cultists","floor":31.0,"turns":3.0},{"damage":8.0,"enemies":"Automaton","floor":33.0,"turns":6.0},{"damage":0.0,"enemies":"3 Darklings","floor":35.0,"turns":2.0},{"damage":6.0,"enemies":"2 Orb Walkers","floor":36.0,"turns":2.0},{"damage":0.0,"enemies":"Orb Walker","floor":38.0,"turns":2.0},{"damage":0.0,"enemies":"3 Darklings","floor":39.0,"turns":1.0},{"damage":0.0,"enemies":"Nemesis","floor":41.0,"turns":4.0},{"damage":0.0,"enemies":"Reptomancer","floor":44.0,"turns":2.0},{"damage":0.0,"enemies":"Jaw Worm Horde","floor":45.0,"turns":1.0},{"damage":45.0,"enemies":"Nemesis","floor":47.0,"turns":5.0},{"damage":0,"enemies":"Writhing Mass","floor":48,"turns":3},{"damage":17,"enemies":"Replay:Hell Engine","floor":50,"turns":4},{"damage":0,"enemies":"Shield and Spear","floor":54,"turns":3},{"damage":59,"enemies":"The Heart","floor":55,"turns":6}],"seed_played":"-7103755652983129024","potions_obtained":[{"floor":4.0,"key":"Flashbang"},{"floor":4.0,"key":"Energy Potion"},{"floor":5.0,"key":"Regen Potion"},{"floor":8.0,"key":"Toxic Potion"},{"floor":16.0,"key":"BottledSpark"},{"floor":33.0,"key":"PowerPotion"}],"is_trial":false,"path_per_floor":["M","?","?","?","M","E","?","E","T","R","T","$","M","M","R","B",null,"?","?","T","?","T","T","?","T","T","?","?","?","?","?","T","B",null,"?","?","T","?","?","T","E","T","T","E","?","T","E","?","T","B",null,"T","T","E","B",null],"character_chosen":"MARISA","items_purchased":["TreasureHunter","LuminesStrike","ReplayTheSpireMod:CursedCoin","CollectingQuirk","Master of Strategy","Replay:Mystery Machine","ManaConvection+1","Replay:Wax Seal","Frozen Egg 2","Medical Kit","BinaryStars+1","Centennial Puzzle"],"campfire_rested":3,"item_purchase_floors":[12,12,20,20,20,22,22,46,46,46,53,53],"current_hp_per_floor":[75,68,61,43,43,43,48,17,17,41,41,41,41,35,59,18,80,79,76,76,76,76,76,76,76,76,76,68,42,42,33,57,49,80,80,74,74,74,80,80,80,80,80,80,80,80,35,43,43,33,80,80,80,80,26],"gold":151,"neow_bonus":"THREE_ENEMY_KILL","is_daily":false,"chose_seed":false,"campfire_upgraded":5,"win_rate":0.0,"timestamp":1614161033,"path_taken":["M","?","?","?","?","E","?","E","T","R","?","$","M","M","R","BOSS","?","?","T","?","T","T","?","T","T","?","?","?","?","?","T","BOSS","?","?","?","?","?","T","E","T","T","E","?","T","E","?","T","BOSS","T","T","E","BOSS"],"items_purchased_type":["Card","Card","Relic","Card","Card","Relic","Card","Relic","Relic","Relic","Card","Relic"],"build_version":"2020-12-22","purchased_purges":4,"victory":true,"max_hp_per_floor":[75,75,75,75,75,75,80,80,80,80,80,80,80,80,80,80,80,80,80,80,80,80,80,80,80,80,80,80,80,80,80,80,80,80,80,80,80,80,80,80,80,80,80,80,80,80,80,80,80,80,80,80,80,80,80],"card_choices":[{"not_picked":["MysteriousBeam","DoubleSpark"],"picked":"MilkyWay","floor":1.0},{"not_picked":["MilkyWay","GalacticHalo"],"picked":"PropBag","floor":4.0},{"not_picked":["6A","NonDirectionalLaser"],"picked":"Robbery","floor":5.0},{"not_picked":["DarkSpark","GalacticHalo"],"picked":"GrandCross","floor":6.0},{"not_picked":["GravityBeat","Singularity","UnstableBomb"],"picked":"SKIP","floor":8.0},{"not_picked":["NonDirectionalLaser","FairyDestructionRay"],"picked":"UltimateShortwave","floor":13.0},{"not_picked":["WitchLeyline","LuminesStrike","EnergyRecoil"],"picked":"SKIP","floor":14.0},{"not_picked":["ManaRampage","CasketOfStar"],"picked":"CollectingQuirk","floor":16.0},{"not_picked":["UnstableBomb","WitchLeyline+1","Acceleration"],"picked":"SKIP","floor":18.0},{"not_picked":["Robbery","GalacticHalo"],"picked":"SporeBomb+1","floor":19.0},{"not_picked":["ShootTheMoon+1","AsteroidBelt","FinalSpark"],"picked":"SKIP","floor":27.0},{"not_picked":["ShootingEcho+1","AsteroidBelt"],"picked":"DC+1","floor":28.0},{"not_picked":["FairyDestructionRay","MilkyWay"],"picked":"PowerUp+1","floor":29.0},{"not_picked":["Acceleration","PowerUp"],"picked":"OrrerysSun","floor":31.0},{"not_picked":["OneTimeOff","PowerUp","EventHorizon+1"],"picked":"SKIP","floor":35.0},{"not_picked":["GravityBeat+1","AlicesGift"],"picked":"EarthLightRay+1","floor":36.0},{"not_picked":["GravityBeat","LuminesStrike","WitchLeyline+1"],"picked":"SKIP","floor":38.0},{"not_picked":["OpenUniverse","GrandCross+1"],"picked":"GravityBeat","floor":39.0},{"not_picked":["UnstableBomb","PulseMagic","MilkyWay+1"],"picked":"SKIP","floor":41.0},{"not_picked":["FairyDestructionRay","SuperNova","SporeBomb+1"],"picked":"SKIP","floor":44.0},{"not_picked":["NonDirectionalLaser","UnstableBomb","MilkyWay"],"picked":"SKIP","floor":45.0},{"not_picked":["Acceleration","WitchLeyline+1"],"picked":"MagicChant+1","floor":47.0},{"not_picked":["ShootingEcho","WitchLeyline","NonDirectionalLaser"],"picked":"SKIP","floor":48},{"not_picked":["MysteriousBeam","JA","UnstableBomb"],"picked":"SKIP","floor":54}],"player_experience":198801,"relics_obtained":[{"floor":4.0,"key":"ReplayTheSpireMod:Lightbulb"},{"floor":6.0,"key":"Replay:Bandana"},{"floor":8.0,"key":"Ornamental Fan"},{"floor":9.0,"key":"Replay:Rubber Ducky"},{"floor":11.0,"key":"Gremlin Food"},{"floor":16.0,"key":"Unceasing Top"},{"floor":26.0,"key":"Tiny Chest"},{"floor":33.0,"key":"Gambling Chip"},{"floor":36.0,"key":"Incense Burner"},{"floor":37.0,"key":"Simple Rune"},{"floor":41.0,"key":"Toy Ornithopter"},{"floor":41.0,"key":"Replay:Baseball"},{"floor":44.0,"key":"Blood Vial"},{"floor":47.0,"key":"ReplayTheSpireMod:Shallot"},{"floor":47.0,"key":"Blue Doll"},{"floor":54,"key":"ReplayTheSpireMod:TigerMarble"}],"event_choices":[{"damage_healed":0.0,"max_hp_gain":0.0,"max_hp_loss":0.0,"gold_gain":0.0,"event_name":"Scrap Ooze","player_choice":"Success","floor":2.0,"gold_loss":0.0,"damage_taken":7.0,"relics_obtained":["Pen Nib"]},{"cards_removed":["Strike_MRS"],"damage_healed":0.0,"max_hp_gain":0.0,"max_hp_loss":0.0,"gold_gain":0.0,"event_name":"Golden Wing","player_choice":"Card Removal","floor":3.0,"gold_loss":0.0,"damage_taken":7.0},{"damage_healed":0.0,"max_hp_gain":5.0,"max_hp_loss":0.0,"gold_gain":0.0,"event_name":"Big Fish","player_choice":"Donut","floor":7.0,"gold_loss":0.0,"damage_taken":0.0},{"cards_removed":["Strike_MRS"],"damage_healed":0.0,"max_hp_gain":0.0,"max_hp_loss":0.0,"gold_gain":0.0,"event_name":"Back to Basics","player_choice":"Elegance","floor":21.0,"gold_loss":0.0,"damage_taken":0.0},{"damage_healed":0.0,"max_hp_gain":0.0,"max_hp_loss":0.0,"gold_gain":0.0,"event_name":"FaceTrader","player_choice":"Trade","floor":24.0,"gold_loss":0.0,"damage_taken":0.0,"relics_obtained":["GremlinMask"]},{"damage_healed":0.0,"max_hp_gain":0.0,"max_hp_loss":0.0,"gold_gain":0.0,"event_name":"Upgrade Shrine","player_choice":"Upgraded","floor":30.0,"gold_loss":0.0,"damage_taken":0.0,"cards_upgraded":["UltimateShortwave"]},{"damage_healed":0.0,"max_hp_gain":0.0,"max_hp_loss":0.0,"gold_gain":0.0,"event_name":"Mysterious Sphere","player_choice":"Fight","floor":36.0,"gold_loss":0.0,"damage_taken":0.0}],"is_beta":false,"boss_relics":[{"not_picked":["Runic Dome","Cursed Key"],"picked":"Painkiller Herb"},{"not_picked":["Coffee Dripper","Velvet Choker"],"picked":"Sozu"}],"items_purged_floors":[12,20,46,53],"is_endless":false,"potions_floor_spawned":[5,8,16,28,29,33,44,45,47,48,54],"ascension_level":0}}