{"host":"3j2m8n0ywf988fwb","time":1614141649,"event":{"mods":["2.2 Compatiblity","AchievementEnabler","Aspiration","BaseMod","Bestiary","Better Altar","Better Match","Better Note","Better Sensory Stone","Better Skull","Better Third Choice","CCEM2","Colored Map","Colored Powertips","Conspire","Dark Map","Googly Eyes","Halation","HexUI Lib","Highlight Path","Hubris","Infinite Spire","Jedi Mod","Marked Mod","Minty Spire (QoL Compilation)","Monster B Gone","Permanent Neow","Random Character Button","Relic Filter Mod","Relic Stats","Reliquary","Replay The Spire","Shop Mod","StS++","StSLib","Unceasing Turn Reminder","Weighted Paths","everything is the same but u backflip on backflip"],"gold_per_floor":[113,113,131,131,145,162,191,204,204,214,214,247,322,322,322,322,322],"floor_reached":16,"language":"ENG","playtime":476,"items_purged":[],"score":134,"play_id":"6b44d792-867a-4509-98ca-2f9a792b122e","local_time":"20210223224049","is_ascension_mode":true,"campfire_choices":[{"data":"Anger","floor":11,"key":"SMITH"},{"data":"Searing Blow","floor":15,"key":"SMITH"},{"data":"Searing Blow+1","floor":15,"key":"SMITH"}],"circlet_count":0,"master_deck":["Strike_R","Strike_R","Strike_R","Defend_R","Defend_R","Defend_R","Defend_R","Bash","Anger+1","Shrug It Off","Rupture+1","Havoc","Pommel Strike","Searing Blow+2"],"relics":["Burning Blood","NlothsMask","PreservedInsect","Replay:Arrowhead","Bottled Flame"],"acts_visited":["Exordium"],"potions_floor_usage":[],"damage_taken":[{"damage":7,"enemies":"Small Slimes","floor":1,"turns":4},{"damage":12,"enemies":"infinitespire:Voidling","floor":3,"turns":4},{"damage":0,"enemies":"Jaw Worm","floor":5,"turns":3},{"damage":9,"enemies":"Exordium Thugs","floor":6,"turns":6},{"damage":20,"enemies":"Replay:BlueRogue","floor":7,"turns":8},{"damage":16,"enemies":"3 Louse","floor":8,"turns":5},{"damage":4,"enemies":"Looter","floor":10,"turns":3},{"damage":32,"enemies":"Gremlin Nob","floor":12,"turns":4},{"damage":30,"enemies":"Slime Boss","floor":16,"turns":6}],"seed_played":"-3716379590768850142","potions_obtained":[{"floor":5,"key":"EssenceOfSteel"},{"floor":7,"key":"SmokeBomb"},{"floor":12,"key":"EntropicBrew"}],"is_trial":false,"path_per_floor":["M","?","M","?","M","M","E","M","T","M","R","E","?","T","R","B"],"character_chosen":"IRONCLAD","items_purchased":[],"campfire_rested":0,"item_purchase_floors":[],"current_hp_per_floor":[79,79,73,73,79,76,62,52,52,54,54,28,28,28,28,0,0],"gold":322,"neow_bonus":"REMOVE_CARD","is_daily":false,"chose_seed":false,"campfire_upgraded":3,"win_rate":0.0,"timestamp":1614141649,"path_taken":["M","?","?","?","?","M","E","M","T","M","R","E","?","?","R","BOSS"],"items_purchased_type":[],"build_version":"2020-12-22","purchased_purges":0,"victory":false,"max_hp_per_floor":[80,80,80,80,80,80,80,80,80,80,80,80,80,80,80,80,80],"relic_stats":{"counters":[9,43],"PreservedInsect":22,"obtain_stats":[{"Bottled Flame":14,"PreservedInsect":7,"Burning Blood":0,"Replay:Arrowhead":12,"NlothsMask":2},{"Bottled Flame":8,"PreservedInsect":5,"Burning Blood":0,"Replay:Arrowhead":8,"NlothsMask":1},{"Bottled Flame":37,"PreservedInsect":25,"Burning Blood":0,"Replay:Arrowhead":37,"NlothsMask":4}],"Burning Blood":48},"card_choices":[{"not_picked":["Wild Strike","Shrug It Off"],"picked":"Anger","floor":1},{"not_picked":["Armaments","hubris:ReadiedAction"],"picked":"Shrug It Off","floor":3},{"not_picked":["Defy Death","Perfected Strike"],"picked":"Havoc","floor":5},{"not_picked":["Run Through","Intimidate"],"picked":"Pommel Strike","floor":6},{"not_picked":["Bloodletting","StSpp:Betrayal","jedi:suffering"],"picked":"SKIP","floor":7},{"not_picked":["Dark Embrace","True Grit","Armaments"],"picked":"SKIP","floor":8},{"not_picked":["StSpp:TheBiggerTheyAre","StSpp:MuscleMemory","Run Through"],"picked":"SKIP","floor":10},{"not_picked":["Spot Weakness","Wild Strike"],"picked":"Searing Blow","floor":12}],"player_experience":792446,"relics_obtained":[{"floor":7,"key":"PreservedInsect"},{"floor":12,"key":"Replay:Arrowhead"},{"floor":14,"key":"Bottled Flame"}],"event_choices":[{"damage_healed":0,"gold_gain":0,"player_choice":"Trade","damage_taken":0,"relics_obtained":["NlothsMask"],"max_hp_gain":0,"max_hp_loss":0,"event_name":"FaceTrader","floor":2,"gold_loss":0},{"damage_healed":0,"gold_gain":75,"player_choice":"Gained Gold","damage_taken":0,"max_hp_gain":0,"max_hp_loss":0,"event_name":"Golden Wing","floor":13,"gold_loss":0}],"is_beta":false,"boss_relics":[],"items_purged_floors":[],"is_endless":false,"potions_floor_spawned":[5,7,12],"killed_by":"Slime Boss","ascension_level":4}}