{"host":"5h6e4l6hpn0p5lap","time":1614192786,"event":{"mods":["AchievementEnabler","BaseMod","Better Altar","Better Match","Better Sensory Stone","Better Skull","Better Third Choice","Colored Map","Filter the Spire","Minty Spire (QoL Compilation)","StSLib"],"gold_per_floor":[111,111,126,144,162,189,91,91,141,141,14,28,56,71,71,167,167,177,191,205,205,205],"floor_reached":21,"language":"ENG","playtime":1059,"items_purged":["Strike_R","Strike_R"],"score":280,"play_id":"4153a547-fb87-4164-a700-f18f0f2926e0","local_time":"20210224135306","is_ascension_mode":true,"campfire_choices":[{"data":"Body Slam","floor":8,"key":"SMITH"},{"data":"True Grit","floor":10,"key":"SMITH"},{"data":"Wild Strike","floor":15,"key":"SMITH"}],"circlet_count":0,"master_deck":["Strike_R","Defend_R","Defend_R","Defend_R","Bash","Wild Strike+1","Anger","True Grit+1","Sentinel","Flame Barrier","Body Slam+1","Armaments","Cleave","Immolate","Headbutt","Fiend Fire","Rampage+1","Clothesline+1","Warcry+1","Sword Boomerang+1","Shrug It Off+1"],"relics":["Burning Blood","Letter Opener","Toy Ornithopter","Anchor","Astrolabe"],"acts_visited":["Exordium","TheCity"],"potions_floor_usage":[6,12,12,13,16,16,18],"damage_taken":[{"damage":6,"enemies":"Cultist","floor":1,"turns":3},{"damage":4,"enemies":"Jaw Worm","floor":3,"turns":3},{"damage":9,"enemies":"2 Louse","floor":4,"turns":2},{"damage":3,"enemies":"2 Fungi Beasts","floor":5,"turns":4},{"damage":20,"enemies":"3 Sentries","floor":6,"turns":10},{"damage":8,"enemies":"Lots of Slimes","floor":12,"turns":6},{"damage":17,"enemies":"Lagavulin","floor":13,"turns":6},{"damage":9,"enemies":"Red Slaver","floor":14,"turns":4},{"damage":71,"enemies":"The Guardian","floor":16,"turns":18},{"damage":11,"enemies":"Chosen","floor":18,"turns":6},{"damage":28,"enemies":"Shell Parasite","floor":19,"turns":6},{"damage":19,"enemies":"Snecko","floor":20,"turns":6},{"damage":42,"enemies":"Shelled Parasite and Fungi","floor":21,"turns":5}],"seed_played":"5439990944396412592","potions_obtained":[{"floor":2,"key":"PowerPotion"},{"floor":2,"key":"Block Potion"},{"floor":2,"key":"LiquidMemories"},{"floor":4,"key":"BlessingOfTheForge"},{"floor":6,"key":"Regen Potion"},{"floor":13,"key":"DistilledChaos"},{"floor":14,"key":"SpeedPotion"},{"floor":18,"key":"BloodPotion"}],"is_trial":false,"path_per_floor":["M","?","M","M","M","E","$","R","T","R","$","M","E","M","R","B",null,"M","M","M","M"],"character_chosen":"IRONCLAD","items_purchased":["Body Slam","Armaments"],"campfire_rested":0,"item_purchase_floors":[7,11],"current_hp_per_floor":[72,72,74,71,74,60,60,60,60,60,60,80,69,66,66,11,63,79,57,44,2,2],"gold":205,"neow_bonus":"THREE_CARDS","is_daily":false,"chose_seed":false,"campfire_upgraded":3,"win_rate":0.0,"timestamp":1614192786,"path_taken":["M","?","M","?","M","E","?","R","T","R","$","?","E","M","R","BOSS","M","M","?","M"],"items_purchased_type":["Card","Card"],"build_version":"2020-12-22","purchased_purges":2,"victory":false,"max_hp_per_floor":[80,80,80,80,80,80,80,80,80,80,80,80,80,80,80,80,80,80,80,80,80,80],"card_choices":[{"not_picked":["Feel No Pain","Rage"],"picked":"Wild Strike","floor":0},{"not_picked":["Warcry","Sword Boomerang"],"picked":"Anger","floor":1},{"not_picked":["Rage","Pummel"],"picked":"True Grit","floor":3},{"not_picked":["True Grit","Clash"],"picked":"Sentinel","floor":4},{"not_picked":["Evolve","Anger","Clash"],"picked":"SKIP","floor":5},{"not_picked":["Seeing Red","Clothesline"],"picked":"Flame Barrier","floor":6},{"not_picked":["Clash","Disarm"],"picked":"Cleave","floor":12},{"not_picked":["Ghostly Armor","Sword Boomerang"],"picked":"Immolate","floor":13},{"not_picked":["Clothesline","Heavy Blade"],"picked":"Headbutt","floor":14},{"not_picked":["Impervious","Brutality"],"picked":"Fiend Fire","floor":16},{"not_picked":["Dropkick","Cleave"],"picked":"Sword Boomerang+1","floor":18},{"not_picked":["Sentinel","Uppercut+1"],"picked":"Shrug It Off+1","floor":19},{"not_picked":["Heavy Blade","Cleave","True Grit"],"picked":"SKIP","floor":20}],"player_experience":1169021,"relics_obtained":[{"floor":6,"key":"Letter Opener"},{"floor":9,"key":"Toy Ornithopter"},{"floor":13,"key":"Anchor"}],"event_choices":[{"damage_healed":0,"gold_gain":0,"player_choice":"Got Potions","damage_taken":0,"max_hp_gain":0,"max_hp_loss":0,"event_name":"Lab","floor":2,"gold_loss":0}],"is_beta":false,"boss_relics":[{"not_picked":["Velvet Choker","Empty Cage"],"picked":"Astrolabe"}],"items_purged_floors":[7,11],"is_endless":false,"potions_floor_spawned":[4,5,6,13,14,18],"killed_by":"Shelled Parasite and Fungi","ascension_level":9}}