{"host":"8i4doyxqctgl5qb0","time":1614158416,"event":{"mods":["AchievementEnabler","BaseMod","Block Reminder","Colored Powertips","Minty Spire (QoL Compilation)","Permanent Neow","Potion Indicator Mod","Rare Cards Sparkle","StSLib","Together in Spire"],"gold_per_floor":[117,117,129,47,64,64,80,80,80,80,100,110,110,124,124,228,228,246,246,264,264,46,46,64,11,11,111,131,131,147,0,0,99,99,115,165,165,246,3,36,36,69,93,93,103,103,138,158,158,158],"floor_reached":51,"language":"ZHS","playtime":3533,"items_purged":["Pain","Writhe"],"score":475,"play_id":"bc946f38-252b-4a81-a95a-0b62cb2739e9","local_time":"20210224172016","is_ascension_mode":false,"campfire_choices":[{"data":"Loop","floor":6.0,"key":"SMITH"},{"data":"Zap","floor":8.0,"key":"SMITH"},{"data":"Double Energy","floor":10.0,"key":"SMITH"},{"floor":15.0,"key":"REST"},{"floor":23.0,"key":"REST"},{"data":"Biased Cognition","floor":29.0,"key":"SMITH"},{"floor":32.0,"key":"REST"},{"data":"Machine Learning","floor":41.0,"key":"SMITH"},{"floor":44,"key":"REST"},{"data":"Heatsinks","floor":46,"key":"SMITH"},{"data":"Barrage","floor":49,"key":"SMITH"}],"circlet_count":0,"master_deck":["Defend_B","Defend_B","Defend_B","Zap+1","Dualcast","Double Energy+1","Barrage+1","Loop+1","Static Discharge","Static Discharge","White Noise+1","Heatsinks+1","Biased Cognition+1","Ball Lightning+1","Cold Snap+1","Skim+1","Hologram+1","Bite","Bite","Bite","Bite","Bite","Chill+1","Steam+1","Conserve Battery+1","Steam+1","Conserve Battery+1","Machine Learning+1","Beam Cell+1","Parasite","Beam Cell+1"],"relics":["Cracked Core","WarpedTongs","Toxic Egg 2","Astrolabe","InkBottle","Regal Pillow","Pantograph","Busted Crown","WingedGreaves","Pear","OrangePellets","Happy Flower","Dream Catcher","Ancient Tea Set","Juzu Bracelet"],"acts_visited":[],"potions_floor_usage":[42,50,50],"damage_taken":[{"damage":1.0,"enemies":"Jaw Worm","floor":1.0,"turns":3.0},{"damage":2.0,"enemies":"Cultist","floor":3.0,"turns":3.0},{"damage":18.0,"enemies":"2 Louse","floor":5.0,"turns":3.0},{"damage":9.0,"enemies":"Exordium Wildlife","floor":7.0,"turns":2.0},{"damage":4.0,"enemies":"2 Fungi Beasts","floor":11.0,"turns":3.0},{"damage":21.0,"enemies":"Exordium Thugs","floor":12.0,"turns":3.0},{"damage":12.0,"enemies":"Blue Slaver","floor":14.0,"turns":3.0},{"damage":7.0,"enemies":"Slime Boss","floor":16.0,"turns":4.0},{"damage":8.0,"enemies":"Shell Parasite","floor":18.0,"turns":2.0},{"damage":31.0,"enemies":"2 Thieves","floor":20.0,"turns":3.0},{"damage":6.0,"enemies":"Shelled Parasite and Fungi","floor":24.0,"turns":4.0},{"damage":0.0,"enemies":"Cultist and Chosen","floor":28.0,"turns":4.0},{"damage":30.0,"enemies":"3 Cultists","floor":30.0,"turns":5.0},{"damage":6.0,"enemies":"Automaton","floor":33.0,"turns":6.0},{"damage":0.0,"enemies":"3 Shapes","floor":35.0,"turns":2.0},{"damage":8.0,"enemies":"Mind Bloom Boss Battle","floor":36.0,"turns":7.0},{"damage":2.0,"enemies":"Reptomancer","floor":40.0,"turns":4.0},{"damage":71,"enemies":"Nemesis","floor":42,"turns":7},{"damage":0,"enemies":"Orb Walker","floor":45,"turns":3},{"damage":3,"enemies":"Giant Head","floor":47,"turns":5},{"damage":13,"enemies":"Sphere and 2 Shapes","floor":48,"turns":3},{"damage":3,"enemies":"Donu and Deca","floor":50,"turns":5}],"seed_played":"5460270964939448361","potions_obtained":[{"floor":1.0,"key":"BlessingOfTheForge"},{"floor":7.0,"key":"FairyPotion"},{"floor":16.0,"key":"Weak Potion"},{"floor":20.0,"key":"AttackPotion"},{"floor":28.0,"key":"SpeedPotion"},{"floor":30.0,"key":"PowerPotion"},{"floor":35.0,"key":"Weak Potion"},{"floor":40.0,"key":"BlessingOfTheForge"},{"floor":42,"key":"BlessingOfTheForge"}],"is_trial":false,"path_per_floor":["M","?","M","$","M","R","M","R","T","R","M","M","?","M","R","B",null,"M","?","M","?","$","R","M","$","T","?","M","R","M","?","R","B",null,"M","?","?","T","$","E","R","E","T","R","M","R","E","M","R","B",null],"character_chosen":"DEFECT","items_purchased":["Loop","Regal Pillow","Conserve Battery+1","OrangePellets"],"campfire_rested":4,"item_purchase_floors":[4,22,25,39],"current_hp_per_floor":[81,81,79,79,61,61,52,52,52,52,48,27,32,20,46,39,87,79,60,37,37,37,60,60,60,60,60,60,60,37,37,60,56,60,60,60,60,70,70,70,70,22,22,58,64,64,67,61,61,67],"gold":158,"neow_bonus":"TEN_PERCENT_HP_BONUS","is_daily":false,"chose_seed":false,"campfire_upgraded":7,"win_rate":0.0,"timestamp":1614158416,"path_taken":["M","?","M","$","M","R","?","R","T","R","M","M","?","M","R","BOSS","M","?","M","?","$","R","?","$","T","?","M","R","?","?","R","BOSS","M","?","?","?","$","E","R","E","T","R","M","R","E","M","R","BOSS"],"items_purchased_type":["Card","Relic","Card","Relic"],"build_version":"2020-12-22","purchased_purges":2,"victory":true,"max_hp_per_floor":[82,82,82,82,82,82,82,82,82,82,82,82,87,87,87,87,87,87,60,60,60,60,60,60,60,60,60,60,60,60,60,60,60,60,60,60,60,70,70,70,70,70,70,70,70,70,70,70,70,70],"card_choices":[{"not_picked":["Darkness","Barrage"],"picked":"Double Energy","floor":1.0},{"not_picked":["Cold Snap","Rebound"],"picked":"Barrage","floor":3.0},{"not_picked":["Compile Driver","Doom and Gloom"],"picked":"Static Discharge","floor":5.0},{"not_picked":["Coolheaded","Cold Snap","Gash"],"picked":"SKIP","floor":7.0},{"not_picked":["Sweeping Beam","Compile Driver"],"picked":"Static Discharge","floor":11.0},{"not_picked":["Genetic Algorithm+1","Heatsinks"],"picked":"White Noise+1","floor":12.0},{"not_picked":["Aggregate+1","Ball Lightning"],"picked":"Heatsinks","floor":14.0},{"not_picked":["Fission+1","Seek+1"],"picked":"Biased Cognition","floor":16.0},{"not_picked":["Stack+1","Sweeping Beam"],"picked":"Hologram+1","floor":18.0},{"not_picked":["Blizzard+1","Beam Cell+1"],"picked":"Chill+1","floor":20.0},{"not_picked":["Darkness+1","Static Discharge"],"picked":"Steam+1","floor":24.0},{"not_picked":["Steam Power+1","Streamline"],"picked":"Steam+1","floor":28.0},{"not_picked":["Cold Snap","Sweeping Beam"],"picked":"Conserve Battery+1","floor":30.0},{"not_picked":["Fission+1","Meteor Strike"],"picked":"Machine Learning","floor":33.0},{"not_picked":["Gash+1"],"picked":"SKIP","floor":35.0},{"not_picked":["Darkness+1"],"picked":"SKIP","floor":40.0},{"not_picked":["Darkness+1"],"picked":"SKIP","floor":42},{"not_picked":[],"picked":"Beam Cell+1","floor":44},{"not_picked":["Cold Snap"],"picked":"SKIP","floor":45},{"not_picked":["Cold Snap+1"],"picked":"SKIP","floor":47},{"not_picked":[],"picked":"Beam Cell+1","floor":48}],"player_experience":202952,"relics_obtained":[{"floor":9.0,"key":"Toxic Egg 2"},{"floor":26.0,"key":"Pantograph"},{"floor":36.0,"key":"WingedGreaves"},{"floor":38.0,"key":"Pear"},{"floor":40.0,"key":"Happy Flower"},{"floor":42,"key":"Dream Catcher"},{"floor":43,"key":"Ancient Tea Set"},{"floor":47,"key":"Juzu Bracelet"}],"event_choices":[{"damage_healed":0.0,"max_hp_gain":0.0,"max_hp_loss":0.0,"gold_gain":0.0,"event_name":"Accursed Blacksmith","player_choice":"Rummage","floor":2.0,"gold_loss":0.0,"damage_taken":0.0,"relics_obtained":["WarpedTongs"],"cards_obtained":["Pain"]},{"damage_healed":0.0,"max_hp_gain":5.0,"max_hp_loss":0.0,"gold_gain":0.0,"event_name":"Big Fish","player_choice":"Donut","floor":13.0,"gold_loss":0.0,"damage_taken":0.0},{"damage_healed":0.0,"max_hp_gain":0.0,"max_hp_loss":27.0,"gold_gain":0.0,"event_name":"Vampires","player_choice":"Became a vampire","floor":19.0,"gold_loss":0.0,"damage_taken":0.0,"cards_obtained":["Bite","Bite","Bite","Bite","Bite"]},{"damage_healed":0.0,"max_hp_gain":0.0,"max_hp_loss":0.0,"gold_gain":0.0,"event_name":"The Mausoleum","player_choice":"Opened","floor":21.0,"gold_loss":0.0,"damage_taken":0.0,"relics_obtained":["InkBottle"],"cards_obtained":["Writhe"]},{"damage_healed":0.0,"max_hp_gain":0.0,"max_hp_loss":0.0,"gold_gain":100.0,"event_name":"Golden Shrine","player_choice":"Pray","floor":27.0,"gold_loss":0.0,"damage_taken":0.0},{"damage_healed":0.0,"max_hp_gain":0.0,"max_hp_loss":0.0,"gold_gain":0.0,"event_name":"Masked Bandits","player_choice":"Paid Fearfully","floor":31.0,"gold_loss":147.0,"damage_taken":0.0},{"damage_healed":0.0,"max_hp_gain":0.0,"max_hp_loss":0.0,"gold_gain":0.0,"event_name":"MindBloom","player_choice":"Fight","floor":36.0,"gold_loss":0.0,"damage_taken":0.0},{"damage_healed":0.0,"max_hp_gain":0.0,"max_hp_loss":0.0,"gold_gain":0.0,"event_name":"Tomb of Lord Red Mask","player_choice":"Ignored","floor":37.0,"gold_loss":0.0,"damage_taken":0.0}],"is_beta":false,"boss_relics":[{"not_picked":["Velvet Choker","Snecko Eye"],"picked":"Astrolabe"},{"not_picked":["Runic Dome","Pandora\u0027s Box"],"picked":"Busted Crown"}],"items_purged_floors":[22,39],"is_endless":false,"potions_floor_spawned":[1,7,16,20,28,30,33,35,40,42],"ascension_level":0}}