{"host":"gjfulft9y42c2y2c","time":1614163363,"event":{"mods":["AchievementEnabler","BaseMod","Colored Map","DeckTracker","Keyboard Shortcuts","Minty Spire (QoL Compilation)","Permanent Neow","StSLib","SuperFastMode","everything is the same but u backflip on backflip"],"gold_per_floor":[115,115,133,152,165,194,194,43,120,138,169,169,69,86,86,86,86],"floor_reached":16,"language":"KOR","playtime":742,"items_purged":["Strike_R","Strike_R"],"score":224,"play_id":"d1c04841-1b79-41a9-8dc3-ef2ccc9b71af","local_time":"20210224194243","is_ascension_mode":true,"campfire_choices":[{"floor":7,"key":"REST"},{"data":"Evolve","floor":15,"key":"SMITH"}],"circlet_count":0,"master_deck":["AscendersBane","Strike_R","Strike_R","Defend_R","Defend_R","Defend_R","Defend_R","Bash","Apotheosis+1","Shrug It Off","True Grit","Evolve+1","Clothesline","Entrench","Shrug It Off"],"relics":["Burning Blood","Dead Branch","Eternal Feather","Red Skull"],"acts_visited":["Exordium"],"potions_floor_usage":[6,16,16],"damage_taken":[{"damage":4,"enemies":"Small Slimes","floor":1,"turns":4},{"damage":0,"enemies":"Cultist","floor":3,"turns":4},{"damage":2,"enemies":"Jaw Worm","floor":4,"turns":4},{"damage":0,"enemies":"Blue Slaver","floor":5,"turns":6},{"damage":39,"enemies":"Gremlin Nob","floor":6,"turns":4},{"damage":13,"enemies":"Large Slime","floor":10,"turns":9},{"damage":21,"enemies":"3 Sentries","floor":11,"turns":7},{"damage":3,"enemies":"Looter","floor":14,"turns":3},{"damage":58,"enemies":"Slime Boss","floor":16,"turns":11}],"seed_played":"5097056608888461897","potions_obtained":[{"floor":1,"key":"Swift Potion"},{"floor":4,"key":"LiquidMemories"},{"floor":10,"key":"BlessingOfTheForge"}],"is_trial":false,"path_per_floor":["M","?","M","M","M","E","R","$","T","M","E","?","$","M","R","B"],"character_chosen":"IRONCLAD","items_purchased":["Evolve"],"campfire_rested":1,"item_purchase_floors":[8],"current_hp_per_floor":[52,52,58,62,68,35,57,57,57,50,35,35,35,38,47,0,0],"gold":86,"neow_bonus":"RANDOM_COLORLESS_2","is_daily":false,"chose_seed":false,"campfire_upgraded":1,"win_rate":0.0,"timestamp":1614163363,"path_taken":["M","?","M","M","M","E","R","$","T","M","E","?","$","M","R","BOSS"],"items_purchased_type":["Card"],"build_version":"2020-12-22","purchased_purges":2,"victory":false,"max_hp_per_floor":[75,75,75,75,75,75,75,75,75,75,75,75,75,75,75,75,75],"card_choices":[{"not_picked":["Secret Weapon","Magnetism"],"picked":"Apotheosis","floor":0},{"not_picked":["Havoc","Spot Weakness"],"picked":"Shrug It Off","floor":1},{"not_picked":["Warcry","Burning Pact","Havoc"],"picked":"SKIP","floor":3},{"not_picked":["Headbutt","Sword Boomerang"],"picked":"True Grit","floor":4},{"not_picked":["Sword Boomerang","Thunderclap","Entrench"],"picked":"SKIP","floor":5},{"not_picked":["Limit Break","Perfected Strike","Flex"],"picked":"SKIP","floor":6},{"not_picked":["Dropkick","Sever Soul"],"picked":"Clothesline","floor":10},{"not_picked":["Blood for Blood","Bloodletting","Hemokinesis"],"picked":"SKIP","floor":11},{"not_picked":["Battle Trance","Heavy Blade"],"picked":"Shrug It Off","floor":14}],"player_experience":286631,"relics_obtained":[{"floor":6,"key":"Dead Branch"},{"floor":9,"key":"Eternal Feather"},{"floor":11,"key":"Red Skull"}],"event_choices":[{"damage_healed":0,"gold_gain":0,"player_choice":"Grow","damage_taken":0,"max_hp_gain":0,"max_hp_loss":0,"event_name":"Living Wall","floor":2,"gold_loss":0,"cards_upgraded":["Apotheosis"]},{"damage_healed":0,"gold_gain":0,"cards_transformed":["Strike_R"],"player_choice":"Transformed","damage_taken":0,"max_hp_gain":0,"max_hp_loss":0,"event_name":"Transmorgrifier","floor":12,"gold_loss":0,"cards_obtained":["Entrench"]}],"is_beta":false,"boss_relics":[],"items_purged_floors":[8,13],"is_endless":false,"potions_floor_spawned":[1,4,10],"killed_by":"Slime Boss","ascension_level":20}}