{"host":"bun66rhxl4zngnso","time":1614143160,"event":{"mods":["2.2 Compatiblity","AchievementEnabler","Act Like it!","Arknights","BaseMod","KOR Keyword Fix","KinomotoSakuraMod(ÙÊñýÜâ?)","Koishi","Marisa£¨Ùöéë¡¡Øª×âÞÞ£©","Minty Spire (QoL Compilation)","Permanent Neow","Reimu£¨ÚÏ???£©","Remilia£¨?Ú·×é?£©","StSLib","SuperFastMode","The Runesmith","The Servant 0.9.4","Youmu£¨ûëÛÞèí?£©"],"gold_per_floor":[118,118,118,118,132,151,151,165,165,165,165],"floor_reached":10,"language":"KOR","playtime":593,"items_purged":[],"score":58,"play_id":"05c21b40-939d-4c66-8736-a9e5d67fad75","local_time":"20210224140600","is_ascension_mode":false,"campfire_choices":[{"data":"Koishi:MassHysteria","floor":7,"key":"SMITH"}],"circlet_count":0,"master_deck":["Koishi:BasicStrike","Koishi:BasicStrike","Koishi:BasicStrike","Koishi:BasicStrike","Koishi:BasicDefend","Koishi:BasicDefend","Koishi:BasicDefend","Koishi:BasicDefend","Koishi:Provoke+1","Koishi:HauntingSlash","Koishi:SubconsciousSweep","Koishi:SpiritedAway","Koishi:ImGoingToCallYouNow","Good Instincts","Koishi:Provoke","Koishi:FidgetySnatcher","Koishi:EmbersOfLove","Koishi:MassHysteria+1","Koishi:DNAsFlaw"],"relics":["Koishi:ImaginaryFriend","Golden Idol","AntiCross"],"acts_visited":["Exordium"],"potions_floor_usage":[5,6,10],"damage_taken":[{"damage":11.0,"enemies":"ats:Genji","floor":1.0,"turns":5.0},{"damage":10,"enemies":"Small Slimes","floor":5,"turns":2},{"damage":1,"enemies":"Jaw Worm","floor":6,"turns":3},{"damage":4,"enemies":"Exordium Wildlife","floor":8,"turns":3},{"damage":43,"enemies":"Lagavulin","floor":10,"turns":6}],"seed_played":"-5958642826500673828","potions_obtained":[{"floor":1.0,"key":"LiquidMemories"},{"floor":5,"key":"GrandPatriotsElixir:ReiMu"},{"floor":8,"key":"GamblersBrew"}],"is_trial":false,"path_per_floor":["M","?","?","?","M","M","R","M","T","E"],"character_chosen":"KOISHI","items_purchased":[],"campfire_rested":0,"item_purchase_floors":[],"current_hp_per_floor":[56,56,40,40,36,39,39,41,41,0,0],"gold":165,"neow_bonus":"TEN_PERCENT_HP_BONUS","is_daily":false,"chose_seed":false,"campfire_upgraded":1,"win_rate":0.0,"timestamp":1614143160,"path_taken":["M","?","?","?","?","M","R","M","T","E"],"items_purchased_type":[],"build_version":"2020-12-22","purchased_purges":0,"victory":false,"max_hp_per_floor":[66,66,66,66,66,66,66,66,66,66,66],"card_choices":[{"not_picked":["Koishi:ReflexRadar","Koishi:DNAsFlaw"],"picked":"Koishi:SubconsciousSweep","floor":1.0},{"not_picked":["Koishi:FleetingPhantom","Koishi:ParalyzingFear"],"picked":"Koishi:EmbersOfLove","floor":5},{"not_picked":["Koishi:MindNumbingTerror","Koishi:SubterraneanRose"],"picked":"Koishi:MassHysteria","floor":6},{"not_picked":["Koishi:HeartfeltFancy","Koishi:SubconsciousSweep"],"picked":"Koishi:DNAsFlaw","floor":8}],"player_experience":9852,"relics_obtained":[{"floor":9,"key":"AntiCross"}],"event_choices":[{"damage_healed":0.0,"max_hp_gain":0.0,"max_hp_loss":0.0,"gold_gain":0.0,"event_name":"Living Wall","player_choice":"Grow","floor":2.0,"gold_loss":0.0,"damage_taken":0.0,"cards_upgraded":["Koishi:Provoke"]},{"damage_healed":0.0,"max_hp_gain":0.0,"max_hp_loss":0.0,"gold_gain":0.0,"event_name":"Golden Idol","player_choice":"Take Damage","floor":3.0,"gold_loss":0.0,"damage_taken":16.0,"relics_obtained":["Golden Idol"]},{"damage_healed":0,"gold_gain":0,"player_choice":"5 cards matched","damage_taken":0,"max_hp_gain":0,"max_hp_loss":0,"event_name":"Match and Keep!","floor":4,"gold_loss":0,"cards_obtained":["Koishi:SpiritedAway","Koishi:ImGoingToCallYouNow","Good Instincts","Koishi:Provoke","Koishi:FidgetySnatcher"]}],"is_beta":false,"boss_relics":[],"items_purged_floors":[],"is_endless":false,"potions_floor_spawned":[1,5,8],"killed_by":"Lagavulin","ascension_level":0}}