{"host":"p9fmk1zxjhqthrxg","time":1614207546,"event":{"mods":["BaseMod","Bestiary","Colored Map","Colored Powertips","Highlight Path","Minty Spire (QoL Compilation)","Random Character Button","Rare Cards Sparkle","StSLib"],"gold_per_floor":[114,114,127,127,127,161,178,189,189,2,13,39,55,69,69,164,164,182,182,182,8,24,43,117,17,17,116,116,133,133,133],"floor_reached":30,"language":"ENG","playtime":1441,"items_purged":[],"score":242,"play_id":"2f12a159-5da2-44e6-8b18-e70a271d13b5","local_time":"20210224165906","is_ascension_mode":false,"campfire_choices":[{"floor":15,"key":"REST"},{"data":"Infinite Blades","floor":28,"key":"SMITH"}],"circlet_count":0,"master_deck":["Strike_G+1","Strike_G+1","Strike_G+1","Strike_G+1","Strike_G+1","Defend_G+1","Defend_G+1","Defend_G+1","Defend_G+1","Defend_G+1","Survivor","Neutralize+1","Acrobatics","Dagger Spray","Acrobatics","Well Laid Plans","Doppelganger","Apotheosis","Backstab","Heel Hook","Cloak And Dagger","Poisoned Stab","Tools of the Trade","Infinite Blades+1","Shame","Bane","Dash","Flying Knee","Deflect","Caltrops","Slice+1"],"relics":["Ring of the Snake","Pen Nib","Ancient Tea Set","Oddly Smooth Stone","Darkstone Periapt","Pantograph","WristBlade","Anchor","Strange Spoon","Eternal Feather","Tiny Chest"],"acts_visited":["Exordium","TheCity"],"potions_floor_usage":[6,8,12,12,16,22,29],"damage_taken":[{"damage":4,"enemies":"Cultist","floor":1,"turns":4},{"damage":0,"enemies":"Jaw Worm","floor":3,"turns":5},{"damage":23,"enemies":"3 Sentries","floor":6,"turns":7},{"damage":6,"enemies":"2 Louse","floor":7,"turns":3},{"damage":12,"enemies":"Gremlin Gang","floor":8,"turns":4},{"damage":0,"enemies":"3 Louse","floor":11,"turns":4},{"damage":13,"enemies":"Gremlin Nob","floor":12,"turns":4},{"damage":7,"enemies":"Large Slime","floor":13,"turns":4},{"damage":0,"enemies":"Exordium Wildlife","floor":14,"turns":4},{"damage":36,"enemies":"The Guardian","floor":16,"turns":11},{"damage":27,"enemies":"2 Thieves","floor":18,"turns":3},{"damage":16,"enemies":"Shell Parasite","floor":22,"turns":5},{"damage":17,"enemies":"Centurion and Healer","floor":23,"turns":6},{"damage":0,"enemies":"Cultist and Chosen","floor":29,"turns":4},{"damage":39,"enemies":"Slavers","floor":30,"turns":3}],"seed_played":"6598486384397078290","potions_obtained":[{"floor":1,"key":"Fire Potion"},{"floor":5,"key":"SkillPotion"},{"floor":5,"key":"CunningPotion"},{"floor":7,"key":"FairyPotion"},{"floor":11,"key":"Explosive Potion"},{"floor":13,"key":"SkillPotion"},{"floor":18,"key":"Block Potion"},{"floor":22,"key":"Weak Potion"},{"floor":23,"key":"Strength Potion"}],"is_trial":false,"path_per_floor":["M","T","M","?","?","E","M","M","T","$","M","E","M","M","R","B",null,"M","?","?","$","M","M","T","$","T","?","R","M","E"],"character_chosen":"THE_SILENT","items_purchased":["Apotheosis","Strange Spoon","Bane","Deflect","Caltrops"],"campfire_rested":1,"item_purchase_floors":[10,21,21,25,25],"current_hp_per_floor":[66,66,66,52,52,29,23,11,11,11,11,21,14,14,35,24,70,43,43,49,49,33,16,16,16,16,16,34,34,0,0],"gold":133,"neow_bonus":"RANDOM_COMMON_RELIC","is_daily":false,"chose_seed":false,"campfire_upgraded":1,"win_rate":0.0,"timestamp":1614207546,"path_taken":["M","?","?","?","?","E","?","M","T","$","M","E","M","M","R","BOSS","M","?","?","?","M","?","?","$","T","?","R","?","E"],"items_purchased_type":["Card","Relic","Card","Card","Card"],"build_version":"2020-12-22","purchased_purges":0,"victory":false,"max_hp_per_floor":[70,70,70,70,70,70,70,70,70,70,70,70,70,70,70,70,70,70,70,76,76,76,76,76,76,76,76,76,76,76,76],"card_choices":[{"not_picked":["Endless Agony","Prepared"],"picked":"Acrobatics","floor":1},{"not_picked":["Expertise","Caltrops"],"picked":"Dagger Spray","floor":3},{"not_picked":["Underhanded Strike","Dodge and Roll"],"picked":"Acrobatics","floor":6},{"not_picked":["Underhanded Strike","Dagger Throw"],"picked":"Well Laid Plans","floor":7},{"not_picked":["Deflect","Sucker Punch"],"picked":"Doppelganger","floor":8},{"not_picked":["Setup","Sucker Punch"],"picked":"Backstab","floor":11},{"not_picked":["Cloak And Dagger","Poisoned Stab"],"picked":"Heel Hook","floor":12},{"not_picked":["Accuracy","Prepared"],"picked":"Cloak And Dagger","floor":13},{"not_picked":["Cloak And Dagger","Acrobatics"],"picked":"Poisoned Stab","floor":14},{"not_picked":["Wraith Form v2","Glass Knife"],"picked":"Tools of the Trade","floor":16},{"not_picked":["Catalyst","Sucker Punch+1"],"picked":"Infinite Blades","floor":18},{"not_picked":["Accuracy","Sucker Punch"],"picked":"Dash","floor":22},{"not_picked":["Poisoned Stab","Acrobatics"],"picked":"Flying Knee","floor":23},{"not_picked":["Dodge and Roll","Poisoned Stab+1"],"picked":"Slice+1","floor":29}],"player_experience":154574,"relics_obtained":[{"floor":2,"key":"Ancient Tea Set"},{"floor":6,"key":"Oddly Smooth Stone"},{"floor":9,"key":"Darkstone Periapt"},{"floor":12,"key":"Pantograph"},{"floor":24,"key":"Eternal Feather"},{"floor":26,"key":"Tiny Chest"}],"event_choices":[{"damage_healed":0,"gold_gain":0,"player_choice":"Entered Light","damage_taken":14,"max_hp_gain":0,"max_hp_loss":0,"event_name":"Shining Light","floor":4,"gold_loss":0,"cards_upgraded":["Defend_G","Neutralize"]},{"damage_healed":0,"gold_gain":0,"player_choice":"Got Potions","damage_taken":0,"max_hp_gain":0,"max_hp_loss":0,"event_name":"Lab","floor":5,"gold_loss":0},{"damage_healed":0,"gold_gain":0,"player_choice":"Simplicity","damage_taken":0,"max_hp_gain":0,"max_hp_loss":0,"event_name":"Back to Basics","floor":19,"gold_loss":0,"cards_upgraded":["Strike_G","Strike_G","Strike_G","Strike_G","Strike_G","Defend_G","Defend_G","Defend_G","Defend_G"]},{"damage_healed":0,"gold_gain":0,"player_choice":"Stole Relic","damage_taken":0,"relics_obtained":["Anchor"],"max_hp_gain":0,"max_hp_loss":0,"event_name":"Addict","floor":20,"gold_loss":0,"cards_obtained":["Shame"]},{"damage_healed":0,"gold_gain":99,"player_choice":"Stole From Cult","damage_taken":0,"max_hp_gain":0,"max_hp_loss":0,"event_name":"Nest","floor":27,"gold_loss":0}],"is_beta":false,"boss_relics":[{"not_picked":["Runic Pyramid","Snecko Eye"],"picked":"WristBlade"}],"items_purged_floors":[],"is_endless":false,"potions_floor_spawned":[1,7,11,13,18,22,23],"killed_by":"Slavers","ascension_level":0}}