{"host":"mi0eibewekhugwl1","time":1614172343,"event":{"mods":["AchievementEnabler","BaseMod","Colored Map","Colored Powertips","DeckTracker","Keyboard Shortcuts","Minty Spire (QoL Compilation)","Quick Restart","Rare Cards Sparkle","Relic Stats","StSLib","SuperFastMode","everything is the same but u backflip on backflip"],"gold_per_floor":[115,30,41,52,71,71,100,100,100,116,116,41,97,112,112,183,183,203,203,203],"floor_reached":19,"language":"KOR","playtime":356,"items_purged":[],"score":338,"play_id":"6ae73090-0f6b-4075-a476-8ed8436f1e65","local_time":"20210224221223","is_ascension_mode":true,"campfire_choices":[{"data":"Masterful Stab","floor":6,"key":"SMITH"},{"data":"Neutralize","floor":8,"key":"SMITH"},{"data":"Masterful Stab","floor":11,"key":"SMITH"},{"data":"Survivor","floor":15,"key":"SMITH"}],"circlet_count":0,"master_deck":["AscendersBane","Strike_G","Strike_G","Strike_G","Strike_G","Defend_G","Defend_G","Defend_G","Defend_G","Defend_G","Survivor+1","Neutralize+1","Quick Slash","Masterful Stab+1","Flying Knee","PiercingWail","Masterful Stab+1","Die Die Die","Acrobatics"],"relics":["Ring of the Serpent","NeowsBlessing","Pen Nib"],"acts_visited":["Exordium","TheCity"],"potions_floor_usage":[7,16,16,16],"damage_taken":[{"damage":0,"enemies":"Small Slimes","floor":1,"turns":1},{"damage":0,"enemies":"2 Louse","floor":3,"turns":1},{"damage":0,"enemies":"Jaw Worm","floor":4,"turns":1},{"damage":17,"enemies":"Exordium Thugs","floor":5,"turns":6},{"damage":19,"enemies":"3 Sentries","floor":7,"turns":8},{"damage":9,"enemies":"Gremlin Gang","floor":10,"turns":4},{"damage":0,"enemies":"Blue Slaver","floor":14,"turns":3},{"damage":15,"enemies":"Hexaghost","floor":16,"turns":9},{"damage":21,"enemies":"2 Thieves","floor":18,"turns":4},{"damage":23,"enemies":"3 Byrds","floor":19,"turns":5}],"seed_played":"-3838925165562519978","potions_obtained":[{"floor":3,"key":"CultistPotion"},{"floor":5,"key":"EntropicBrew"},{"floor":7,"key":"PowerPotion"},{"floor":18,"key":"PowerPotion"}],"is_trial":false,"path_per_floor":["M","$","M","M","M","R","E","R","T","M","R","?","?","M","R","B",null,"M","M"],"character_chosen":"THE_SILENT","items_purchased":["Masterful Stab"],"campfire_rested":0,"item_purchase_floors":[2],"current_hp_per_floor":[59,59,59,59,42,42,23,23,23,14,14,14,14,14,14,19,54,33,10,10],"gold":203,"neow_bonus":"THREE_ENEMY_KILL","is_daily":false,"chose_seed":false,"campfire_upgraded":4,"win_rate":0.0,"timestamp":1614172343,"path_taken":["M","$","M","M","M","R","E","R","T","M","R","?","?","M","R","BOSS","M","M"],"items_purchased_type":["Card"],"build_version":"2020-12-22","purchased_purges":0,"victory":false,"max_hp_per_floor":[66,66,66,66,66,66,66,66,66,66,66,66,66,66,66,66,66,66,66,66],"relic_stats":{"counters":[10,42],"Pen Nib":[5],"obtain_stats":[{"NeowsBlessing":0,"Pen Nib":7,"Ring of the Serpent":17,"Ring of the Snake":0},{"NeowsBlessing":0,"Pen Nib":5,"Ring of the Serpent":8,"Ring of the Snake":0},{"NeowsBlessing":0,"Pen Nib":17,"Ring of the Serpent":33,"Ring of the Snake":0}]},"card_choices":[{"not_picked":["All Out Attack","Dodge and Roll"],"picked":"Quick Slash","floor":1},{"not_picked":["Reflex","Finisher","Deflect"],"picked":"SKIP","floor":3},{"not_picked":["Flying Knee","Flechettes","Distraction"],"picked":"SKIP","floor":4},{"not_picked":["Flechettes","Distraction"],"picked":"Flying Knee","floor":4},{"not_picked":["Dodge and Roll","Distraction","Sucker Punch"],"picked":"SKIP","floor":5},{"not_picked":["Deflect","Backflip"],"picked":"PiercingWail","floor":7},{"not_picked":["Underhanded Strike","Slice"],"picked":"Masterful Stab","floor":10},{"not_picked":["Quick Slash","All Out Attack","Expertise"],"picked":"SKIP","floor":14},{"not_picked":["Night Terror","Wraith Form v2"],"picked":"Die Die Die","floor":16},{"not_picked":["Catalyst","Prepared"],"picked":"Acrobatics","floor":18}],"player_experience":1822420,"relics_obtained":[{"floor":7,"key":"Pen Nib"}],"event_choices":[{"cards_removed":["Strike_G"],"damage_healed":0,"gold_gain":0,"player_choice":"Card Removal","damage_taken":0,"max_hp_gain":0,"max_hp_loss":0,"event_name":"The Cleric","floor":12,"gold_loss":75},{"damage_healed":0,"gold_gain":56,"player_choice":"Gained Gold","damage_taken":0,"max_hp_gain":0,"max_hp_loss":0,"event_name":"Golden Wing","floor":13,"gold_loss":0}],"is_beta":false,"boss_relics":[{"not_picked":["Runic Pyramid","Ectoplasm"],"picked":"Ring of the Serpent"}],"items_purged_floors":[],"is_endless":false,"potions_floor_spawned":[3,5,7,14,18],"killed_by":"3 Byrds","ascension_level":20}}