{"host":"2yqfi47fogfu1ic4","time":1614180594,"event":{"mods":["AchievementEnabler","BaseMod","Colored Map","Colored Powertips","Highlight Path","Minty Spire (QoL Compilation)","Permanent Neow","Relic Stats","StSLib"],"gold_per_floor":[112,132,145,158,4,31,31,58,83,113,123,123,134,168,168,241,241,259,184,184,201,219,252,252,252,252],"floor_reached":25,"language":"DEU","playtime":2584,"items_purged":["Defend_G"],"score":581,"play_id":"9c8b05e4-67b3-4221-94ae-37264354aca7","local_time":"20210224162954","is_ascension_mode":true,"campfire_choices":[{"data":"Venomology","floor":7.0,"key":"SMITH"},{"data":"Leg Sweep","floor":12.0,"key":"SMITH"},{"data":"Footwork","floor":15,"key":"SMITH"},{"floor":24,"key":"REST"}],"circlet_count":0,"master_deck":["AscendersBane","Strike_G","Defend_G","Defend_G","Defend_G","Defend_G","Survivor","Neutralize+1","Quick Slash+1","Cloak And Dagger+1","Accuracy+1","Cloak And Dagger","Dagger Spray+1","Venomology+1","Leg Sweep+1","Footwork+1","PiercingWail","Cloak And Dagger","Backflip","Adrenaline","Acrobatics"],"relics":["Astrolabe","Singing Bowl","Art of War","Tiny Chest","Strawberry","Runic Dome","Nilry\u0027s Codex","Whetstone"],"acts_visited":["Exordium","TheCity"],"potions_floor_usage":[16,18,21,22,22,23,23,25],"damage_taken":[{"damage":0.0,"enemies":"Cultist","floor":1.0,"turns":4.0},{"damage":0.0,"enemies":"Jaw Worm","floor":2.0,"turns":4.0},{"damage":1.0,"enemies":"Small Slimes","floor":3.0,"turns":4.0},{"damage":0.0,"enemies":"3 Louse","floor":4.0,"turns":5.0},{"damage":7.0,"enemies":"3 Sentries","floor":6.0,"turns":5.0},{"damage":0.0,"enemies":"Lagavulin","floor":8.0,"turns":9.0},{"damage":8.0,"enemies":"3 Sentries","floor":10.0,"turns":8.0},{"damage":0.0,"enemies":"Exordium Wildlife","floor":11.0,"turns":3.0},{"damage":0.0,"enemies":"Exordium Thugs","floor":13.0,"turns":6.0},{"damage":9,"enemies":"Lagavulin","floor":14,"turns":9},{"damage":26,"enemies":"The Guardian","floor":16,"turns":10},{"damage":2,"enemies":"2 Thieves","floor":18,"turns":4},{"damage":0,"enemies":"Shell Parasite","floor":21,"turns":5},{"damage":13,"enemies":"Chosen and Byrds","floor":22,"turns":4},{"damage":22,"enemies":"Gremlin Leader","floor":23,"turns":8},{"damage":43,"enemies":"Slavers","floor":25,"turns":8}],"seed_played":"-6503818632715666227","potions_obtained":[{"floor":2.0,"key":"CunningPotion"},{"floor":6.0,"key":"CultistPotion"},{"floor":10.0,"key":"Swift Potion"},{"floor":16,"key":"FearPotion"},{"floor":18,"key":"Swift Potion"}],"is_trial":false,"path_per_floor":["M","M","M","M","$","E","R","E","T","E","M","R","M","E","R","B",null,"M","?","?","M","M","E","R","E"],"character_chosen":"THE_SILENT","items_purchased":["Footwork"],"campfire_rested":1,"item_purchase_floors":[5],"current_hp_per_floor":[59,59,58,58,58,53,53,53,53,45,45,45,47,47,47,21,65,65,65,44,44,33,13,38,0,0],"gold":252,"neow_bonus":"BOSS_RELIC","is_daily":false,"chose_seed":false,"campfire_upgraded":3,"win_rate":0.0,"timestamp":1614180594,"path_taken":["M","M","?","M","$","E","R","E","T","E","M","R","M","E","R","BOSS","M","?","?","M","M","E","R","E"],"items_purchased_type":["Card"],"build_version":"2020-12-22","purchased_purges":1,"victory":false,"max_hp_per_floor":[66,66,66,66,66,68,68,68,68,68,68,68,70,79,79,79,79,81,81,81,81,83,85,85,85,85],"relic_stats":{"Singing Bowl":12,"counters":[16,96],"Astrolabe":["Quick Slash","Cloak And Dagger","Accuracy"],"Tiny Chest":0,"Art of War":[10],"Whetstone":["Dagger Spray","Neutralize"],"obtain_stats":[{"Runic Dome":17,"Singing Bowl":6,"Nilry\u0027s Codex":20,"Astrolabe":0,"Strawberry":14,"Tiny Chest":10,"Art of War":8,"Whetstone":23,"Ring of the Snake":0},{"Runic Dome":11,"Singing Bowl":5,"Nilry\u0027s Codex":12,"Astrolabe":0,"Strawberry":10,"Tiny Chest":7,"Art of War":6,"Whetstone":15,"Ring of the Snake":0},{"Runic Dome":67,"Singing Bowl":22,"Nilry\u0027s Codex":71,"Astrolabe":0,"Strawberry":57,"Tiny Chest":39,"Art of War":31,"Whetstone":88,"Ring of the Snake":0}]},"card_choices":[{"not_picked":["PiercingWail","Sucker Punch"],"picked":"Cloak And Dagger","floor":1.0},{"not_picked":["Underhanded Strike","Dagger Throw"],"picked":"Dagger Spray","floor":2.0},{"not_picked":["Outmaneuver","Bane"],"picked":"Venomology","floor":3.0},{"not_picked":["Prepared","Bane"],"picked":"Leg Sweep","floor":4.0},{"not_picked":["Underhanded Strike","Expertise","All Out Attack"],"picked":"Singing Bowl","floor":6.0},{"not_picked":["Riddle With Holes","Sucker Punch"],"picked":"PiercingWail","floor":8.0},{"not_picked":["Flechettes","Dagger Spray"],"picked":"Cloak And Dagger","floor":10.0},{"not_picked":["Cloak And Dagger","Deflect"],"picked":"Backflip","floor":11.0},{"not_picked":["Acrobatics","Skewer","Riddle With Holes"],"picked":"Singing Bowl","floor":13.0},{"not_picked":["Flying Knee","Noxious Fumes","All Out Attack"],"picked":"Singing Bowl","floor":14},{"not_picked":["Corpse Explosion","Envenom"],"picked":"Adrenaline","floor":16},{"not_picked":["Dagger Throw","Flying Knee","Distraction"],"picked":"Singing Bowl","floor":18},{"not_picked":["Underhanded Strike+1","Tactician"],"picked":"Acrobatics","floor":21},{"not_picked":["Infinite Blades","Bane","Flying Knee"],"picked":"Singing Bowl","floor":22},{"not_picked":["Well Laid Plans","Cloak And Dagger","Corpse Explosion"],"picked":"Singing Bowl","floor":23}],"player_experience":1991889,"relics_obtained":[{"floor":6.0,"key":"Singing Bowl"},{"floor":8.0,"key":"Art of War"},{"floor":10.0,"key":"Tiny Chest"},{"floor":14,"key":"Strawberry"},{"floor":20,"key":"Nilry\u0027s Codex"},{"floor":23,"key":"Whetstone"}],"event_choices":[{"cards_removed":["Strike_G"],"damage_healed":0,"gold_gain":0,"player_choice":"Gave Gold","damage_taken":0,"max_hp_gain":0,"max_hp_loss":0,"event_name":"Beggar","floor":19,"gold_loss":75},{"damage_healed":0,"gold_gain":0,"player_choice":"Obtained Book","damage_taken":21,"max_hp_gain":0,"max_hp_loss":0,"event_name":"Cursed Tome","floor":20,"gold_loss":0}],"is_beta":false,"boss_relics":[{"not_picked":["Sozu","Tiny House"],"picked":"Runic Dome"}],"items_purged_floors":[5],"is_endless":false,"potions_floor_spawned":[2,6,10,13,16,18],"killed_by":"Slavers","ascension_level":20}}