{"host":"k7mar46pww1g9iom","time":1614207515,"event":{"mods":["AchievementEnabler","BaseMod","BetterRewards","Colored Powertips","Custom Start","DeckTracker","Downfall","Hermit","Hubris","Marisa????????","Minty Spire (QoL Compilation)","Rare Cards Sparkle","Relic Stats","Replay The Spire","StSLib","The Animator","The Cursed","The Runesmith","The Servant 0.9.4","The Wild Card"],"gold_per_floor":[211,231,89,89,100,65,76,111,135,135,146,174,174,174,174,273,273,289,307,406,325,325,325,325,325,393,393,495,495,495,255,255,359,359,376,163,123,123,123,123,135,135,135,135,135,155,155,1,1,1],"floor_reached":51,"language":"ENG","playtime":1646,"items_purged":[],"score":944,"play_id":"7352794e-73c0-41a4-997e-cea9d809f45b","local_time":"20210224235835","is_ascension_mode":false,"campfire_choices":[{"floor":10,"key":"REST"},{"floor":13,"key":"REST"},{"floor":15,"key":"REST"},{"data":"Limit Break","floor":23,"key":"SMITH"},{"floor":27,"key":"REST"},{"floor":32,"key":"RECALL"},{"data":"Reaper","floor":40,"key":"SMITH"},{"data":"Flex","floor":44,"key":"SMITH"},{"floor":47,"key":"REST"}],"circlet_count":0,"master_deck":["Strike_R","Strike_R","Strike_R+1","Strike_R","Strike_R","Defend_R","Defend_R+1","Defend_R","Bash","Flex+1","Limit Break+1","Headbutt","Bloodletting+1","hubris:SharpeningStone","Feed","Ghostly Armor","Berserk+1","ReplayTheSpireMod:Muscle Training","Entrench","Metallicize","Heavy Blade","ReplayTheSpireMod:Splinters","Perfected Strike+1","Second Wind","Necronomicurse","Flex","Thunderclap","Reaper+1","Inflame","Rage+1","Replay:Parry+1","ReplayTheSpireMod:LeadingStrike","Power Through+1","Run Through+1","Burning Pact+1","Thunderclap","hubris:CleavingFinish+1","Heavy Blade","Cleave+1"],"relics":["Black Blood","Lantern","Gremlin Food","Juzu Bracelet","Runesmith:Nanobots","Pear","Oddly Smooth Stone","hubris:Towel","Necronomicon","Lee\u0027s Waffle","hubris:MysteriousPyramids","Spirit Poop","Orrery"],"acts_visited":["Exordium","TheCity","TheBeyond"],"potions_floor_usage":[8,12,12,46,50,50],"damage_taken":[{"damage":1,"enemies":"Cultist","floor":1,"turns":4},{"damage":3,"enemies":"Small Slimes","floor":2,"turns":4},{"damage":10,"enemies":"Jaw Worm","floor":5,"turns":4},{"damage":17,"enemies":"Exordium Thugs","floor":7,"turns":5},{"damage":49,"enemies":"Lagavulin","floor":8,"turns":8},{"damage":21,"enemies":"3 Louse","floor":11,"turns":4},{"damage":23,"enemies":"Gremlin Nob","floor":12,"turns":4},{"damage":54,"enemies":"Slime Boss","floor":16,"turns":11},{"damage":19,"enemies":"Shell Parasite","floor":18,"turns":7},{"damage":54,"enemies":"3 Byrds","floor":19,"turns":8},{"damage":75,"enemies":"Pondfish","floor":33,"turns":14},{"damage":64,"enemies":"3 Shapes","floor":35,"turns":8},{"damage":0,"enemies":"Orb Walker","floor":41,"turns":1},{"damage":19,"enemies":"Writhing Mass","floor":46,"turns":5},{"damage":155,"enemies":"Donu and Deca","floor":50,"turns":9}],"seed_played":"6452790470195082427","potions_obtained":[{"floor":2,"key":"Block Potion"},{"floor":7,"key":"SteroidPotion"},{"floor":11,"key":"SkillPotion"},{"floor":12,"key":"Venom Potion"},{"floor":33,"key":"BloodPotion"},{"floor":41,"key":"Block Potion"},{"floor":46,"key":"Weak Potion"}],"is_trial":false,"path_per_floor":["M","M","$","?","M","?","M","E","T","R","M","E","R","T","R","B",null,"M","M","?","$","?","R","?","?","T","R","?","?","?","$","R","B",null,"M","$","?","?","?","R","M","?","T","R","?","M","R","$","R","B",null],"character_chosen":"IRONCLAD","items_purchased":["Limit Break","Metallicize","Lee\u0027s Waffle","Flex","Thunderclap","Rage","Replay:Parry","ReplayTheSpireMod:LeadingStrike","Orrery"],"campfire_rested":5,"item_purchase_floors":[3,21,31,31,31,36,36,36,48],"current_hp_per_floor":[80,80,80,73,69,80,69,26,26,50,35,21,45,45,69,24,86,76,31,31,31,31,31,31,13,23,55,55,55,39,114,114,45,114,62,62,62,62,62,62,74,74,74,74,74,76,110,110,110,17],"gold":1,"neow_bonus":"HUNDRED_GOLD","is_daily":false,"chose_seed":false,"campfire_upgraded":3,"win_rate":0.0,"timestamp":1614207515,"path_taken":["M","M","$","?","M","?","M","E","T","R","?","E","R","?","R","BOSS","M","M","?","$","?","R","?","?","T","R","?","?","?","$","R","BOSS","M","$","?","?","?","R","M","?","T","R","?","M","R","?","R","BOSS"],"items_purchased_type":["Card","Card","Relic","Card","Card","Card","Card","Card","Relic"],"build_version":"2020-12-22","purchased_purges":0,"victory":true,"max_hp_per_floor":[80,80,80,80,80,80,80,80,80,80,80,83,83,83,83,86,86,89,92,92,92,92,92,92,97,107,107,107,107,107,114,114,114,114,114,114,114,114,114,114,114,114,114,114,114,114,114,114,114,114],"relic_stats":{"Lee\u0027s Waffle":75,"counters":[15,96],"Black Blood":106,"Juzu Bracelet":4,"Necronomicon":[17],"obtain_stats":[{"Gremlin Food":8,"Lantern":4,"Runesmith:Nanobots":14,"Lee\u0027s Waffle":31,"Pear":26,"Oddly Smooth Stone":28,"Black Blood":34,"Spirit Poop":45,"Juzu Bracelet":12,"hubris:Towel":29,"hubris:MysteriousPyramids":43,"Burning Blood":0,"Orrery":48,"Necronomicon":30},{"Gremlin Food":5,"Lantern":2,"Runesmith:Nanobots":7,"Lee\u0027s Waffle":10,"Pear":10,"Oddly Smooth Stone":10,"Black Blood":11,"Spirit Poop":13,"Juzu Bracelet":7,"hubris:Towel":10,"hubris:MysteriousPyramids":13,"Burning Blood":0,"Orrery":14,"Necronomicon":10},{"Gremlin Food":25,"Lantern":8,"Runesmith:Nanobots":33,"Lee\u0027s Waffle":59,"Pear":59,"Oddly Smooth Stone":59,"Black Blood":73,"Spirit Poop":82,"Juzu Bracelet":33,"hubris:Towel":59,"hubris:MysteriousPyramids":82,"Burning Blood":0,"Orrery":87,"Necronomicon":59}]},"card_choices":[{"not_picked":["True Grit","Burning Pact","Wild Strike"],"picked":"SKIP","floor":1},{"not_picked":["Sword Boomerang","Entrench"],"picked":"Flex","floor":2},{"not_picked":["Wild Strike","ReplayTheSpireMod:Corrosion Curse"],"picked":"Headbutt","floor":5},{"not_picked":["Intimidate","Clothesline"],"picked":"Bloodletting","floor":7},{"not_picked":["ReplayTheSpireMod:Strike From Hell","Reckless Charge"],"picked":"hubris:SharpeningStone","floor":8},{"not_picked":["Perfected Strike","Uppercut"],"picked":"Feed","floor":11},{"not_picked":["Clothesline","Run Through"],"picked":"Ghostly Armor","floor":12},{"not_picked":["Corruption","Hemogenesis"],"picked":"Berserk","floor":16},{"not_picked":["Twin Strike","Battle Trance"],"picked":"ReplayTheSpireMod:Muscle Training","floor":18},{"not_picked":["Dual Wield","Disarm"],"picked":"Entrench","floor":19},{"not_picked":["Flame Barrier+1","Iron Wave+1"],"picked":"Perfected Strike","floor":28},{"not_picked":["Metallicize","ReplayTheSpireMod:Strike From Hell+1"],"picked":"Second Wind","floor":28},{"not_picked":["Corruption","Bludgeon"],"picked":"Reaper","floor":33},{"not_picked":["ReplayTheSpireMod:Muscle Training","Heavy Blade"],"picked":"Inflame","floor":35},{"not_picked":["Fire Breathing+1","Sentinel+1"],"picked":"Power Through+1","floor":41},{"not_picked":["Clash","hubris:ReadiedAction"],"picked":"Run Through+1","floor":46},{"not_picked":["Eclipse","Wild Strike"],"picked":"Burning Pact+1","floor":48},{"not_picked":["Life Link","Entrench"],"picked":"Thunderclap","floor":48},{"not_picked":["Clash+1","Shrug It Off+1"],"picked":"hubris:CleavingFinish+1","floor":48},{"not_picked":["Fire Breathing","Defy Death+1"],"picked":"Heavy Blade","floor":48},{"not_picked":["Armaments","Pommel Strike+1"],"picked":"Cleave+1","floor":48}],"player_experience":189893,"relics_obtained":[{"floor":8,"key":"Gremlin Food"},{"floor":12,"key":"Juzu Bracelet"},{"floor":14,"key":"Runesmith:Nanobots"},{"floor":26,"key":"Pear"},{"floor":28,"key":"Oddly Smooth Stone"},{"floor":30,"key":"Necronomicon"},{"floor":43,"key":"hubris:MysteriousPyramids"}],"event_choices":[{"damage_healed":0,"gold_gain":0,"player_choice":"Success","damage_taken":7,"relics_obtained":["Lantern"],"max_hp_gain":0,"max_hp_loss":0,"event_name":"Scrap Ooze","floor":4,"gold_loss":0},{"damage_healed":20,"gold_gain":0,"player_choice":"Healed","damage_taken":0,"max_hp_gain":0,"max_hp_loss":0,"event_name":"The Cleric","floor":6,"gold_loss":35},{"damage_healed":0,"gold_gain":99,"player_choice":"Stole From Cult","damage_taken":0,"max_hp_gain":0,"max_hp_loss":0,"event_name":"Nest","floor":20,"gold_loss":0},{"damage_healed":0,"gold_gain":0,"player_choice":"Ignored","damage_taken":0,"max_hp_gain":0,"max_hp_loss":0,"event_name":"N\u0027loth","floor":22,"gold_loss":0},{"damage_healed":0,"gold_gain":0,"player_choice":"Read","damage_taken":0,"max_hp_gain":0,"max_hp_loss":0,"event_name":"The Library","floor":24,"gold_loss":0,"cards_obtained":["Heavy Blade"]},{"damage_healed":0,"gold_gain":0,"player_choice":"Shed Blood","damage_taken":23,"max_hp_gain":5,"max_hp_loss":0,"event_name":"Forgotten Altar","floor":25,"gold_loss":0},{"damage_healed":0,"gold_gain":0,"player_choice":"Obtained Book","damage_taken":16,"max_hp_gain":0,"max_hp_loss":0,"event_name":"Cursed Tome","floor":30,"gold_loss":0},{"damage_healed":0,"gold_gain":0,"player_choice":"Upgraded Two","damage_taken":0,"max_hp_gain":0,"max_hp_loss":0,"event_name":"Designer","floor":37,"gold_loss":40,"cards_upgraded":["Replay:Parry","Perfected Strike"]},{"cards_removed":["Defend_R"],"damage_healed":0,"gold_gain":0,"player_choice":"Removed Skill","damage_taken":0,"max_hp_gain":0,"max_hp_loss":0,"event_name":"Falling","floor":38,"gold_loss":0},{"damage_healed":0,"gold_gain":0,"player_choice":"Ignored","damage_taken":0,"max_hp_gain":0,"max_hp_loss":0,"event_name":"NoteForYourself","floor":39,"gold_loss":0},{"cards_removed":["Hallucinations"],"damage_healed":0,"gold_gain":0,"player_choice":"Offered Curse","damage_taken":0,"relics_obtained":["Spirit Poop"],"max_hp_gain":0,"max_hp_loss":0,"event_name":"Bonfire Elementals","floor":45,"gold_loss":0}],"is_beta":false,"boss_relics":[{"not_picked":["Replay:Drink Me","Kintsugi","Busted Crown"]},{"not_picked":["Ooze Armor","Black Star"],"picked":"Black Blood"}],"items_purged_floors":[],"is_endless":false,"potions_floor_spawned":[2,7,11,12,33,41,46],"ascension_level":0}}