{"host":"fujxx38qt1kwucvg","time":1614156249,"event":{"mods":["AchievementEnabler","BaseMod","Colored Powertips","Highlight Path","Library of Ruina","Library of Ruina Extra","Minty Spire (QoL Compilation)","Quick Restart","StSLib"],"gold_per_floor":[117,134,149,5,15,49,49,68,120,195,228,239,269,269,269,374,374,385,240,258,274,287,318,331,360,360,386,386,386,413,426,426,523,523,538,548,598,215,233,258,269,309,309,322,352,366,377,420,420,420,420,420,420,6,41,41],"floor_reached":57,"language":"KOR","playtime":2495,"items_purged":["SearingSword+1","FeatherShield"],"score":2161,"play_id":"38d3bdd3-6be0-477a-b6bb-5613b299dcb7","local_time":"20210224174409","is_ascension_mode":true,"campfire_choices":[{"data":"DegradedLock","floor":7,"key":"SMITH"},{"floor":15,"key":"RECALL"},{"data":"SearingSword","floor":29,"key":"SMITH"},{"data":"Faith","floor":32,"key":"SMITH"},{"data":"DegradedPillar","floor":49,"key":"SMITH"},{"data":"DegradedPillar","floor":53,"key":"SMITH"}],"circlet_count":0,"master_deck":["DegradedFairy","DegradedFairy","DegradedFairy","DegradedChain","DegradedChain","DegradedLock+1","DegradedPillar+1","DegradedPillar+1","DegradedShockwave+1","SharpenedBlade+1","FrontalAssault+1","GrazeTheGrass","ClassAndRespect","HandleRequest+1","GrazeTheGrass+1","Outburst","Faith+1","CoordinatedAssault+1","WaitUp+1","SenseQuarry+1","Apotheosis","Commandeering"],"relics":["PageOfLibrarian","Potion Belt","PageOfWayBackHome","PageOfScarecrow","Boot","Philosopher\u0027s Stone","Omamori","Gremlin Horn","Singing Bowl","Blue Candle","Nunchaku","PageOfScorchedGirl","Black Star","PageOfMountain","Sling","PreservedInsect","CeramicFish","PageOfThreeBirds","Centennial Puzzle","Akabeko","PageOfSnowWhitesApple","Bag of Preparation","MealTicket","Art of War","PageOfBloodbath","Happy Flower","Turnip","War Paint"],"acts_visited":["Exordium","TheCity","TheBeyond","TheEnding"],"potions_floor_usage":[],"damage_taken":[{"damage":0,"enemies":"Cultist","floor":1,"turns":2},{"damage":0,"enemies":"Jaw Worm","floor":2,"turns":1},{"damage":0,"enemies":"Small Slimes","floor":3,"turns":2},{"damage":0,"enemies":"Exordium Thugs","floor":5,"turns":2},{"damage":0,"enemies":"Gremlin Nob","floor":6,"turns":2},{"damage":0,"enemies":"Large Slime","floor":8,"turns":2},{"damage":0,"enemies":"3 Sentries","floor":11,"turns":2},{"damage":0,"enemies":"3 Louse","floor":12,"turns":1},{"damage":0,"enemies":"Gremlin Nob","floor":13,"turns":1},{"damage":0,"enemies":"Slime Boss","floor":16,"turns":1},{"damage":0,"enemies":"Spheric Guardian","floor":18,"turns":1},{"damage":0,"enemies":"3 Byrds","floor":20,"turns":2},{"damage":0,"enemies":"Snecko","floor":21,"turns":1},{"damage":0,"enemies":"Cultist and Chosen","floor":22,"turns":1},{"damage":0,"enemies":"Gremlin Leader","floor":23,"turns":1},{"damage":0,"enemies":"Snake Plant","floor":24,"turns":1},{"damage":0,"enemies":"Book of Stabbing","floor":25,"turns":1},{"damage":0,"enemies":"Gremlin Leader","floor":27,"turns":1},{"damage":0,"enemies":"Slavers","floor":30,"turns":1},{"damage":0,"enemies":"Shelled Parasite and Fungi","floor":31,"turns":1},{"damage":0,"enemies":"KingOfGreed","floor":33,"turns":5},{"damage":8,"enemies":"3 Shapes","floor":35,"turns":1},{"damage":0,"enemies":"3 Darklings","floor":36,"turns":1},{"damage":0,"enemies":"Mind Bloom Boss Battle","floor":37,"turns":1},{"damage":5,"enemies":"Sphere and 2 Shapes","floor":39,"turns":1},{"damage":0,"enemies":"Reptomancer","floor":40,"turns":1},{"damage":0,"enemies":"Jaw Worm Horde","floor":41,"turns":1},{"damage":0,"enemies":"Giant Head","floor":42,"turns":1},{"damage":0,"enemies":"Maw","floor":44,"turns":1},{"damage":0,"enemies":"Reptomancer","floor":45,"turns":1},{"damage":0,"enemies":"3 Darklings","floor":46,"turns":1},{"damage":0,"enemies":"Transient","floor":47,"turns":1},{"damage":0,"enemies":"Nemesis","floor":48,"turns":1},{"damage":0,"enemies":"Awakened One","floor":50,"turns":2},{"damage":32,"enemies":"Awakened One","floor":51,"turns":11},{"damage":0,"enemies":"Shield and Spear","floor":55,"turns":1},{"damage":5,"enemies":"The Heart","floor":56,"turns":3}],"seed_played":"-7847343506627112199","potions_obtained":[{"floor":2,"key":"LiquidMemories"},{"floor":6,"key":"Swift Potion"},{"floor":8,"key":"BlessingOfTheForge"},{"floor":11,"key":"DuplicationPotion"},{"floor":13,"key":"Fire Potion"}],"is_trial":false,"path_per_floor":["M","M","M","$","M","E","R","M","T","?","E","M","E","?","R","B",null,"M","$","M","M","M","E","M","E","T","E","?","R","E","M","R","B",null,"M","M","?","$","M","E","M","E","T","M","E","M","M","E","R","B",null,null,"R","$","E","B",null],"character_chosen":"Librarian","items_purchased":["Potion Belt","Omamori","Sling","PreservedInsect","Apotheosis","Happy Flower"],"campfire_rested":0,"item_purchase_floors":[4,19,38,38,54,54],"current_hp_per_floor":[60,60,60,60,60,60,60,60,60,49,49,49,49,49,49,49,90,90,90,90,90,90,90,90,90,90,92,92,92,92,94,94,96,96,90,90,92,92,89,91,93,93,93,95,97,99,101,101,101,101,69,114,114,114,114,109],"gold":41,"neow_bonus":"UPGRADE_CARD","is_daily":false,"chose_seed":false,"campfire_upgraded":5,"win_rate":0.0,"timestamp":1614156249,"path_taken":["M","M","M","$","M","E","R","M","T","?","E","M","E","?","R","BOSS","M","$","M","?","M","E","M","E","T","E","?","R","E","M","R","BOSS","M","M","?","$","M","E","M","E","T","M","E","M","M","E","R","BOSS","R","$","E","BOSS"],"items_purchased_type":["Relic","Relic","Relic","Relic","Card","Relic"],"build_version":"2020-12-22","purchased_purges":2,"victory":true,"max_hp_per_floor":[90,90,90,90,90,90,90,90,90,90,90,90,90,90,90,90,90,90,90,90,90,90,90,90,90,90,92,92,92,92,94,94,96,96,98,98,100,100,102,104,106,106,106,108,110,112,114,114,114,114,114,114,114,114,114,114],"card_choices":[{"not_picked":["QuickSuppression","Diversion","Unlock1","GreatSerpentsImpact","DesperateStruggle","BindingChains","CircusKnives","WillOfThePrescript"],"picked":"SharpenedBlade","floor":1},{"not_picked":["TrimTheIngredients","PinpointShot","HighKick","DefenseOrder","Execute_lor","UnavoidableGaze","SinglePointStab","FaintMemories","IdentifyWeakpoint"],"picked":"SKIP","floor":2},{"not_picked":["Castigation","Pound","PuppetBlockade","EnergyConversion","Leap_lor","Rewind","EnergyStrike","SharpSwipe"],"picked":"FrontalAssault","floor":3},{"not_picked":["EnergyCycle","QuickSuppression","ToWhereThePrescriptPoints","Standoff","Multislash","AbsorbImpact","Diversion","FleshFillet"],"picked":"GrazeTheGrass","floor":5},{"not_picked":["EnergyCycle","Feast","Track","IllEndYou","Creak","NightInTheBackstreets","MultiHit","ScratchThat","FleetFootsteps"],"picked":"SKIP","floor":6},{"not_picked":["FleetEdge","Rampage_lor","EndlessBattle","GrazeTheGrass","BlowItUp","ForcefulGesture","FierceCharge","Multislash","ExtremeEdge"],"picked":"SKIP","floor":8},{"not_picked":["AutomatedMovement","NightInTheBackstreets","HardRehearsal","IllEndYou","ScratchThat","SnakesPrey","FlowOfTheSword","Thrust","HandlingWork"],"picked":"SKIP","floor":11},{"not_picked":["FierceOnslaught","BindingArms","SkyClearingCut","Multislash","FrontalAssault","NightInTheBackstreets","Laceration","DefenseOrder","Slice_lor"],"picked":"SKIP","floor":12},{"not_picked":["ToWhereThePrescriptPoints","SmokingPipe","MindCrush","UpbeatPerformance","Parry","Parry2","BlazingStrike","ElectricShock"],"picked":"SearingSword","floor":13},{"not_picked":["EnergyBeam","Transpierce"],"picked":"Suppress","floor":16},{"not_picked":["StrongStrike","CoordinatedAssault","ViolentFlame","ButterflySlash+1","VenomousFangs+1","EndlessBattle","Rewind","RulesOfTheBackstreets","DesperateStruggle"],"picked":"SKIP","floor":18},{"not_picked":["DefenseOrder","Diversion","NonstopAssault","DesperateStruggle","Rewind","DimensionalRift","BiAn+1","MirageStorm"],"picked":"ClassAndRespect","floor":20},{"not_picked":["PreemptiveStrike","FleetEdge","UnavoidableGaze","GuardingStance","VioletBlade","EndlessBattle+1","IngredientHunt","FleetFootsteps"],"picked":"HandleRequest+1","floor":21},{"not_picked":["Reload","PreparedMind+1","DefenseOrder","RatsGuideToSurvival+1","SpearedSweep","VioletBlade","Unlock1","AsThePrescriptOrders","Eject"],"picked":"SKIP","floor":22},{"not_picked":["OpportunitySpotted+1","DarkCloud","StrikeDown+1","SharpenedBlade+1","TraceOfFumes","Parry","BlazingStrike","PreemptiveStrike+1","FeatherShield+1"],"picked":"SKIP","floor":23},{"not_picked":["BiAn","ToOvercomeCrisis","FleetEdge","SharpSwipe+1","AsThePrescriptOrders","UndertakePrescript+1","Leap_lor","YourShield"],"picked":"GrazeTheGrass+1","floor":24},{"not_picked":["VenomousFangs+1","ClassAndRespect","WildCard","NonstopAssault","ForcefulGesture","HandleRequest+1","Clone+1","SuanNi"],"picked":"Outburst","floor":25},{"not_picked":["BladeWhirl","Cruelty","MindPrepared","Leap_lor","EnergyStrike+1","SnakeSlit","Parry+1","TendonChords","FeatherShield"],"picked":"Singing Bowl","floor":27},{"not_picked":["DesperateStruggle","Leap_lor","HardRehearsal","EnergyCycle","PuppetBlockade","Rewind","IronWall","LawAndOrder"],"picked":"Faith","floor":30},{"not_picked":["BladeWhirl","Brawl","EnergyCycle","SpearedSweep","TrimTheIngredients","Overcharge","GutHarvesting","FervidEmotions","SunsetBlade"],"picked":"Singing Bowl","floor":31},{"not_picked":["Decapitation","SilentNight","Castigation"],"picked":"Singing Bowl","floor":33},{"not_picked":["FrontalAssault+1","UnavoidableGaze","Concentration+1","Unlock1+1","Retaliate","Rampage_lor+1","GuidanceOfTheGears+1","FervidEmotions+1","GreatSerpentsImpact"],"picked":"Singing Bowl","floor":35},{"not_picked":["DeepDrag","Struggle+1","WillOfThePrescript","StrongStrike+1","UndertakePrescript","AsThePrescriptOrders","EnergyCycle+1","FendThisOffIfYouCan+1"],"picked":"CoordinatedAssault+1","floor":36},{"not_picked":["FleetFootsteps+1","MultiBlock+1","FlamingDragonFist","Thrust+1","FendThisOffIfYouCan","FeatherShield+1","FlowOfTheSword+1","SerpentSwordTechnique+1","TendonChords+1"],"picked":"Singing Bowl","floor":37},{"not_picked":["Bvapour+1","SnakesPrey+1","ProselytesBlade+1","FeatherShield","UndertakePrescript","DefenseOrder","SmokingPipe","AsThePrescriptOrders","CookingPrep+1"],"picked":"Singing Bowl","floor":39},{"not_picked":["Diversion","FleshFillet","Clone","GoinFirst","Riposte+1","ElectricShock","LeRegole","NightInTheBackstreets","Zzzzzap+1"],"picked":"Singing Bowl","floor":40},{"not_picked":["ViolentFlame+1","ForcefulGesture","EnergyStrike+1","Endure","FleetFootsteps","WrathOfTorment","UnavoidableGaze","Creak","FlyingSword+1"],"picked":"Singing Bowl","floor":41},{"not_picked":["SpearedSweep","UnforgettableMelody","QuickSuppression","SnakesPrey","PinpointShot+1","DefenseOrder+1","ChargeUp","SerpentSwordTechnique+1"],"picked":"WaitUp+1","floor":42},{"not_picked":["SerpentSwordTechnique","UnavoidableGaze+1","LossOfSenses","Multislash","Thrust","EnergyShield+1","TrimTheIngredients","MindPrepared","VioletBlade"],"picked":"Singing Bowl","floor":44},{"not_picked":["Standoff+1","Punishment","FaintMemories","KeepItFresh","BlazingStrike","DarkCloud","YoureAHindrance+1","ConcentratedFire+1","Pound+1"],"picked":"Singing Bowl","floor":45},{"not_picked":["Rewind","ViolentFlame+1","Eject+1","GrazeTheGrass","StayCalm","WildCard","StrikeDown","CircusKnives+1","BiAn"],"picked":"Singing Bowl","floor":46},{"not_picked":["Decapitation","SerpentSwordTechnique","DriedUp+1","FeelinGood","BattleCommand","HighKick","BiAn","KeepItFresh","Rewind+1"],"picked":"Singing Bowl","floor":47},{"not_picked":["CoordinatedAssault","Quickness","TheArtOfRapidSteps","Reload","TendonChords","Standoff","NonstopAssault+1","ShrineToMusic+1"],"picked":"SenseQuarry","floor":48},{"not_picked":["Slice_lor","SummaryJudgment+1","InkOver","MultiBlock+1","Mutilate+1","Bvapour","GrazeTheGrass","SunsetBlade"],"picked":"Commandeering","floor":55}],"player_experience":173568,"relics_obtained":[{"floor":6,"key":"PageOfWayBackHome"},{"floor":11,"key":"PageOfScarecrow"},{"floor":13,"key":"Boot"},{"floor":23,"key":"Gremlin Horn"},{"floor":25,"key":"Singing Bowl"},{"floor":26,"key":"Blue Candle"},{"floor":27,"key":"Nunchaku"},{"floor":30,"key":"PageOfScorchedGirl"},{"floor":37,"key":"PageOfMountain"},{"floor":40,"key":"CeramicFish"},{"floor":40,"key":"PageOfThreeBirds"},{"floor":42,"key":"Centennial Puzzle"},{"floor":42,"key":"Akabeko"},{"floor":43,"key":"PageOfSnowWhitesApple"},{"floor":45,"key":"Bag of Preparation"},{"floor":45,"key":"MealTicket"},{"floor":48,"key":"Art of War"},{"floor":48,"key":"PageOfBloodbath"},{"floor":55,"key":"Turnip"},{"floor":55,"key":"War Paint"}],"event_choices":[{"damage_healed":0,"gold_gain":75,"player_choice":"Gather Gold","damage_taken":11,"max_hp_gain":0,"max_hp_loss":0,"event_name":"World of Goop","floor":10,"gold_loss":0},{"damage_healed":0,"gold_gain":0,"player_choice":"Upgraded","damage_taken":0,"max_hp_gain":0,"max_hp_loss":0,"event_name":"Upgrade Shrine","floor":14,"gold_loss":0,"cards_upgraded":["SharpenedBlade"]},{"damage_healed":0,"gold_gain":0,"cards_transformed":["Suppress"],"player_choice":"Transformed","damage_taken":0,"max_hp_gain":0,"max_hp_loss":0,"event_name":"Transmorgrifier","floor":28,"gold_loss":0,"cards_obtained":["FeatherShield"]},{"damage_healed":0,"gold_gain":0,"player_choice":"Fight","damage_taken":0,"max_hp_gain":0,"max_hp_loss":0,"event_name":"MindBloom","floor":37,"gold_loss":0}],"is_beta":false,"boss_relics":[{"not_picked":["Fusion Hammer","Runic Dome"],"picked":"Philosopher\u0027s Stone"},{"not_picked":["Runic Pyramid","Cursed Key"],"picked":"Black Star"}],"items_purged_floors":[38,54],"is_endless":false,"potions_floor_spawned":[2,6,8,11,13,16,18,23,27,31,33,36,37,40,41,44,47],"ascension_level":2}}