{"host":"3p4eynvdmgjf7qvn","time":1614165628,"event":{"mods":["Aspiration","BaseMod","Better Note","Better Skull","Colored Map","Colored Powertips","Downfall","Hermit","Hubris","Minty Spire (QoL Compilation)","Relic Stats","Robot Space Explorer","StSLib","The Bug Knight","The Disciple","The Forsaken","The Hierophant","The Jungle","The Marked","The Necromancer","TheBandit"],"gold_per_floor":[115,40,5,5,24,58,70,103,130,130,158,158,170,183,183,287,287,298,298,298,316,316,316,350,350,350,383,89,103,130,144,144,241,241,260,260,32,79,79,106,116,116,143,143,174,186,213,213,213,213,213,213,20,55,55],"floor_reached":56,"language":"ENG","playtime":5520,"items_purged":["Strike_B","Hyperbeam"],"score":1386,"play_id":"5bc76d3d-3ccb-4f36-a5a2-10ab9ee1067e","local_time":"20210224122028","is_ascension_mode":true,"campfire_choices":[{"data":"Loop","floor":12,"key":"SMITH"},{"data":"aspiration:Polymerization","floor":15,"key":"SMITH"},{"data":"Redo","floor":23,"key":"SMITH"},{"data":"Buffer","floor":25,"key":"SMITH"},{"floor":32,"key":"REST"},{"floor":42,"key":"REST"},{"floor":44,"key":"RECALL"},{"data":"Shame","floor":49,"key":"PURGE"},{"data":"Multi-Cast","floor":52,"key":"PURGE"}],"circlet_count":0,"master_deck":["Strike_B","Defend_B","Defend_B+1","Defend_B+1","Defend_B","Zap","Dualcast","Redo+1","Loop+1","aspiration:Polymerization","Ball Lightning","aspiration:Polymerization+1","Cold Snap","Redo","Capacitor+1","Redo+1","Study","Buffer+1","Streamline","FTL","Storm","Seek","Fusion+1","Aggregate","Consume+1","Madness","Madness","Cold Snap+1","White Noise","downfall:Malfunctioning","Storm","Capacitor+1"],"relics":["FrozenCore","Mango","Pear","hubris:PeanutButter","Omamori","downfall:ExtraCursedKey","Unceasing Top","SlaversCollar","War Paint","aspiration:Lifesprig","Toy Ornithopter","PreservedInsect","aspiration:AnachronicSnailShell","Gremlin Horn","HollowMod:PaleOreRelic","Peace Pipe","aspiration:FaultyCoupler","DollysMirror","aspiration:MysteriousAuxiliaryCore"],"acts_visited":["Exordium","TheCity","TheBeyond","TheEnding"],"potions_floor_usage":[13,16,24,24,29,30,33,38,45,50,50],"damage_taken":[{"damage":11,"enemies":"Jaw Worm","floor":1,"turns":3},{"damage":0,"enemies":"Small Slimes","floor":5,"turns":3},{"damage":16,"enemies":"Lagavulin","floor":6,"turns":7},{"damage":1,"enemies":"Cultist","floor":7,"turns":3},{"damage":25,"enemies":"3 Sentries","floor":8,"turns":8},{"damage":0,"enemies":"HollowMod:MossKnight","floor":11,"turns":5},{"damage":0,"enemies":"Exordium Thugs","floor":13,"turns":3},{"damage":0,"enemies":"Exordium Wildlife","floor":14,"turns":3},{"damage":6,"enemies":"The Guardian","floor":16,"turns":6},{"damage":0,"enemies":"Chosen","floor":18,"turns":4},{"damage":6,"enemies":"3 Byrds","floor":21,"turns":5},{"damage":29,"enemies":"Slavers","floor":24,"turns":4},{"damage":19,"enemies":"Gremlin Leader","floor":27,"turns":7},{"damage":6,"enemies":"Cultist and Chosen","floor":29,"turns":5},{"damage":5,"enemies":"Book of Stabbing","floor":30,"turns":4},{"damage":26,"enemies":"Sentry and Sphere","floor":31,"turns":6},{"damage":6,"enemies":"Champ","floor":33,"turns":7},{"damage":16,"enemies":"3 Shapes","floor":35,"turns":5},{"damage":49,"enemies":"2 Orb Walkers","floor":38,"turns":5},{"damage":3,"enemies":"Giant Head","floor":40,"turns":6},{"damage":4,"enemies":"3 Darklings","floor":41,"turns":7},{"damage":0,"enemies":"Nemesis","floor":45,"turns":7},{"damage":2,"enemies":"4 Shapes","floor":46,"turns":3},{"damage":33,"enemies":"Reptomancer","floor":47,"turns":4},{"damage":19,"enemies":"Donu and Deca","floor":50,"turns":7},{"damage":9,"enemies":"Shield and Spear","floor":54,"turns":4},{"damage":38,"enemies":"The Heart","floor":55,"turns":6}],"seed_played":"934503665310698092","potions_obtained":[{"floor":5,"key":"CultistPotion"},{"floor":6,"key":"Weak Potion"},{"floor":8,"key":"Ancient Potion"},{"floor":11,"key":"Block Potion"},{"floor":14,"key":"SpeedPotion"},{"floor":16,"key":"SteroidPotion"},{"floor":18,"key":"champ:CounterPotion"},{"floor":21,"key":"champ:CounterPotion"},{"floor":27,"key":"Fruit Juice"},{"floor":29,"key":"Guardian:BlockOnCardUsePotion"},{"floor":31,"key":"SneckoOil"},{"floor":40,"key":"SkillPotion"},{"floor":41,"key":"SteroidPotion"},{"floor":46,"key":"FearPotion"},{"floor":54,"key":"GamblersBrew"}],"is_trial":false,"path_per_floor":["M","$","?","?","M","E","M","E","T","?","E","R","M","M","R","B",null,"M","?","?","M","?","R","E","R","T","E","$","M","E","M","R","B",null,"M","?","$","?","?","E","M","R","T","R","E","M","E","?","R","B",null,"R","$","E","B",null],"character_chosen":"DEFECT","items_purchased":["FTL","aspiration:Lifesprig","PreservedInsect","Aggregate","DollysMirror","Explosive Potion"],"campfire_rested":2,"item_purchase_floors":[28,28,37,37,53,53],"current_hp_per_floor":[71,71,82,89,89,83,82,57,57,57,57,57,57,57,57,51,106,106,106,106,100,100,100,71,71,71,52,52,51,46,20,53,52,111,95,95,95,51,37,34,30,63,63,63,68,66,33,33,33,24,111,111,111,102,64],"gold":55,"neow_bonus":"TEN_PERCENT_HP_BONUS","is_daily":false,"chose_seed":false,"campfire_upgraded":4,"win_rate":0.0,"timestamp":1614165628,"path_taken":["M","$","?","?","?","E","M","E","T","?","E","R","M","M","R","BOSS","M","?","?","M","?","R","E","R","T","E","$","M","E","M","R","BOSS","M","?","$","?","?","E","M","R","T","R","E","M","E","?","R","BOSS","R","$","E","BOSS"],"items_purchased_type":["Card","Relic","Relic","Card","Relic","Potion"],"build_version":"2020-12-22","purchased_purges":2,"victory":true,"max_hp_per_floor":[82,82,82,96,96,106,106,106,106,106,106,106,106,106,106,106,106,106,106,106,106,106,106,106,106,106,106,106,111,111,111,111,111,111,111,111,111,111,111,111,111,111,111,111,111,111,111,111,111,111,111,111,111,111,111],"relic_stats":{"Peace Pipe":2,"Gremlin Horn":[10,10],"counters":[27,135],"PreservedInsect":298,"War Paint":["Defend_B","Defend_B"],"obtain_stats":[{"aspiration:Lifesprig":28,"Pear":6,"Gremlin Horn":40,"Mango":4,"PreservedInsect":37,"Omamori":9,"War Paint":24,"FrozenCore":34,"Peace Pipe":45,"SlaversCollar":17,"DollysMirror":53,"aspiration:AnachronicSnailShell":38,"hubris:PeanutButter":8,"downfall:ExtraCursedKey":10,"HollowMod:PaleOreRelic":43,"aspiration:MysteriousAuxiliaryCore":54,"Cracked Core":0,"Unceasing Top":11,"Toy Ornithopter":30,"aspiration:FaultyCoupler":47},{"aspiration:Lifesprig":13,"Pear":3,"Gremlin Horn":20,"Mango":1,"PreservedInsect":18,"Omamori":5,"War Paint":12,"FrozenCore":17,"Peace Pipe":22,"SlaversCollar":9,"DollysMirror":25,"aspiration:AnachronicSnailShell":19,"hubris:PeanutButter":5,"downfall:ExtraCursedKey":5,"HollowMod:PaleOreRelic":21,"aspiration:MysteriousAuxiliaryCore":26,"Cracked Core":0,"Unceasing Top":6,"Toy Ornithopter":15,"aspiration:FaultyCoupler":24},{"aspiration:Lifesprig":61,"Pear":13,"Gremlin Horn":99,"Mango":3,"PreservedInsect":88,"Omamori":24,"War Paint":54,"FrozenCore":83,"Peace Pipe":112,"SlaversCollar":41,"DollysMirror":125,"aspiration:AnachronicSnailShell":93,"hubris:PeanutButter":24,"downfall:ExtraCursedKey":24,"HollowMod:PaleOreRelic":105,"aspiration:MysteriousAuxiliaryCore":129,"Cracked Core":0,"Unceasing Top":29,"Toy Ornithopter":70,"aspiration:FaultyCoupler":119}],"Unceasing Top":[72],"Toy Ornithopter":25,"FrozenCore":[36]},"card_choices":[{"not_picked":["Steam","Cold Snap"],"picked":"Redo","floor":1},{"not_picked":["hubris:Ukulele","Compile Driver"],"picked":"Loop","floor":5},{"not_picked":["hubris:PowerSurge","Amplify"],"picked":"aspiration:Polymerization","floor":6},{"not_picked":["Heatsinks","Rebound"],"picked":"Sunder","floor":7},{"not_picked":["Compile Driver","Rip and Tear"],"picked":"Ball Lightning","floor":8},{"not_picked":["Scrape","hubris:Ukulele"],"picked":"aspiration:Polymerization","floor":11},{"not_picked":["Turbo","Hello World"],"picked":"Cold Snap","floor":13},{"not_picked":["Compile Driver","Coolheaded"],"picked":"Redo","floor":14},{"not_picked":["Meteor Strike","hubris:DoWhile"],"picked":"Multi-Cast","floor":16},{"not_picked":["Ball Lightning","Undo"],"picked":"Capacitor+1","floor":18},{"not_picked":["Steam","Go for the Eyes","Redo"],"picked":"SKIP","floor":21},{"not_picked":["Biased Cognition","Undo"],"picked":"Buffer","floor":24},{"not_picked":["Hologram","Reprogram"],"picked":"Streamline","floor":27},{"not_picked":["Sweeping Beam+1","Reprogram+1"],"picked":"Storm","floor":29},{"not_picked":["Rebound","Barrage","aspiration:Polymerization"],"picked":"SKIP","floor":30},{"not_picked":["Gash","Barrage+1","Redo"],"picked":"SKIP","floor":31},{"not_picked":["Biased Cognition","hubris:Prefetch"],"picked":"Seek","floor":33},{"not_picked":["Steam Power+1","Conserve Battery"],"picked":"Fusion+1","floor":35},{"not_picked":["Conserve Battery","Rip and Tear"],"picked":"Consume+1","floor":38},{"not_picked":["hubris:PowerSurge+1","Tempest+1"],"picked":"Cold Snap+1","floor":40},{"not_picked":["Stack+1","Rebound+1"],"picked":"White Noise","floor":41},{"not_picked":["Stack","Recycle+1","Genetic Algorithm"],"picked":"SKIP","floor":45},{"not_picked":["Cold Snap+1","Go for the Eyes+1","Thunder Strike"],"picked":"SKIP","floor":46},{"not_picked":["Force Field","Self Repair+1"],"picked":"Storm","floor":47},{"not_picked":["Rip and Tear+1","Multi-Cast","Conserve Battery"],"picked":"SKIP","floor":54}],"player_experience":354066,"relics_obtained":[{"floor":6,"key":"Pear"},{"floor":8,"key":"hubris:PeanutButter"},{"floor":9,"key":"Omamori"},{"floor":11,"key":"Unceasing Top"},{"floor":24,"key":"War Paint"},{"floor":30,"key":"Toy Ornithopter"},{"floor":38,"key":"aspiration:AnachronicSnailShell"},{"floor":40,"key":"Gremlin Horn"},{"floor":43,"key":"HollowMod:PaleOreRelic"},{"floor":45,"key":"Peace Pipe"},{"floor":47,"key":"aspiration:FaultyCoupler"},{"floor":54,"key":"aspiration:MysteriousAuxiliaryCore"}],"event_choices":[{"damage_healed":20,"gold_gain":0,"player_choice":"Healed","damage_taken":0,"max_hp_gain":0,"max_hp_loss":0,"event_name":"The Cleric","floor":3,"gold_loss":35},{"damage_healed":0,"gold_gain":0,"player_choice":"Success","damage_taken":7,"relics_obtained":["Mango"],"max_hp_gain":0,"max_hp_loss":0,"event_name":"Scrap Ooze","floor":4,"gold_loss":0},{"damage_healed":0,"gold_gain":0,"cards_transformed":["Strike_B","Strike_B"],"player_choice":"Became Test Subject","damage_taken":0,"max_hp_gain":0,"max_hp_loss":0,"event_name":"Drug Dealer","floor":19,"gold_loss":0,"cards_obtained":["Redo","Hyperbeam"]},{"damage_healed":0,"gold_gain":0,"player_choice":"Read","damage_taken":0,"max_hp_gain":0,"max_hp_loss":0,"event_name":"The Library","floor":20,"gold_loss":0,"cards_obtained":["Study"]},{"cards_removed":["Sunder"],"damage_healed":0,"gold_gain":0,"player_choice":"Removed Attack","damage_taken":0,"max_hp_gain":0,"max_hp_loss":0,"event_name":"Falling","floor":36,"gold_loss":0},{"damage_healed":0,"gold_gain":0,"player_choice":"Fight","damage_taken":0,"max_hp_gain":0,"max_hp_loss":0,"event_name":"Mysterious Sphere","floor":38,"gold_loss":0},{"damage_healed":0,"gold_gain":0,"player_choice":"Embrace Madness","damage_taken":14,"max_hp_gain":0,"max_hp_loss":0,"event_name":"Winding Halls","floor":39,"gold_loss":0,"cards_obtained":["Madness","Madness"]},{"damage_healed":0,"gold_gain":0,"player_choice":"Ignored","damage_taken":0,"max_hp_gain":0,"max_hp_loss":0,"event_name":"Transmorgrifier","floor":48,"gold_loss":0}],"is_beta":false,"boss_relics":[{"not_picked":["aspiration:BursterCore","Runic Dome"],"picked":"SlaversCollar"},{"not_picked":["Tiny House","Coffee Dripper"],"picked":"FrozenCore"}],"items_purged_floors":[2,28],"is_endless":false,"potions_floor_spawned":[5,6,8,11,14,16,18,21,27,29,31,40,41,46,54],"ascension_level":1}}