{"host":"vk2xyavtylxbvrfq","time":1614198595,"event":{"mods":["Bard","BaseMod","Bestiary","Better Altar","Better Match","Better Note","Better Sensory Stone","Better Skull","Better Vampires","Block Reminder","Bossed Relics","Colored Map","Curses Come First","Displayed Cursed Tome","Downfall","Extra Virgin Snecko Oil","Fox Events","Hermit","Ironclad Rager","Marked Mod","Minty Spire (QoL Compilation)","Quick Restart","Rare Cards Sparkle","Relic Sorter","Reliquary","Robot Space Explorer","StSLib","The Hayseed","The Runesmith","Unceasing Turn Reminder"],"gold_per_floor":[113,77,77,77,3,3,20,46,73,85,85],"floor_reached":10,"language":"ENG","playtime":245,"items_purged":[],"score":90,"play_id":"72540238-6a92-47c2-b247-8052927ce3d3","local_time":"20210224152955","is_ascension_mode":true,"campfire_choices":[{"data":"hermit:Grudge","floor":6,"key":"SMITH"}],"circlet_count":0,"master_deck":["hermit:Strike_Hermit","hermit:Strike_Hermit","hermit:Strike_Hermit","hermit:Strike_Hermit","hermit:Defend_Hermit","hermit:Defend_Hermit","hermit:Defend_Hermit","hermit:Defend_Hermit","hermit:Snapshot","hermit:Covet","downfall:Icky","hermit:Reprieve+1","hermit:Grudge+1","hermit:Determination","Regret","hermit:Determination","hermit:EyeOfTheStorm","hermit:HoleUp"],"relics":["hermit:Momento","Bag of Preparation","Dead Branch","MawBank"],"acts_visited":["Exordium"],"potions_floor_usage":[],"damage_taken":[{"damage":6,"enemies":"2 Louse","floor":1,"turns":4},{"damage":13,"enemies":"Small Slimes","floor":7,"turns":5},{"damage":50,"enemies":"Gremlin Nob","floor":8,"turns":5},{"damage":8,"enemies":"3 Sentries","floor":10,"turns":4}],"seed_played":"-6428619310434157059","potions_obtained":[{"floor":7,"key":"sneckomod:MuddlingPotion"}],"is_trial":false,"path_per_floor":["M","$","?","?","$","R","M","E","T","E"],"character_chosen":"HERMIT","items_purchased":["hermit:Determination","hermit:Determination"],"campfire_rested":0,"item_purchase_floors":[2,5],"current_hp_per_floor":[62,62,62,62,62,62,61,19,19,11,11],"gold":85,"neow_bonus":"THREE_RARE_CARDS","is_daily":false,"chose_seed":false,"campfire_upgraded":1,"win_rate":0.0,"timestamp":1614198595,"path_taken":["M","$","?","?","$","R","?","E","T","E"],"items_purchased_type":["Card","Card"],"build_version":"2020-12-22","purchased_purges":0,"victory":false,"max_hp_per_floor":[75,75,75,75,75,75,75,75,75,75,75],"card_choices":[{"not_picked":["hermit:DeadOrAlive","hermit:OverwhelmingPower"],"picked":"hermit:Reprieve","floor":0},{"not_picked":["hermit:Showdown","hermit:Scavenge"],"picked":"hermit:Grudge","floor":1},{"not_picked":["hermit:Vantage","hermit:GoldenBullet"],"picked":"hermit:EyeOfTheStorm","floor":7},{"not_picked":["hermit:GoldenBullet","hermit:Gambit"],"picked":"hermit:HoleUp","floor":8}],"player_experience":1471630,"relics_obtained":[{"floor":8,"key":"Dead Branch"},{"floor":9,"key":"MawBank"}],"event_choices":[{"damage_healed":0,"gold_gain":0,"player_choice":"Grow","damage_taken":0,"max_hp_gain":0,"max_hp_loss":0,"event_name":"Living Wall","floor":3,"gold_loss":0,"cards_upgraded":["hermit:Reprieve"]},{"damage_healed":0,"gold_gain":0,"player_choice":"Box","damage_taken":0,"relics_obtained":["Bag of Preparation"],"max_hp_gain":0,"max_hp_loss":0,"event_name":"Big Fish","floor":4,"gold_loss":0,"cards_obtained":["Regret"]}],"is_beta":false,"boss_relics":[],"items_purged_floors":[],"is_endless":false,"potions_floor_spawned":[7],"killed_by":"3 Sentries","ascension_level":8}}