{"host":"lgow17wc5wawziz1","time":1614177097,"event":{"mods":["AchievementEnabler","Act Like it!","Aspiration","BaseMod","Better Third Choice","Colored Map","Friendly Minions","Gensokyo","Hubris","Kiyohime£¨?ýï£©","Minty Spire (QoL Compilation)","MostiFishMod","Permanent Neow","Quick Restart","Replay The Spire","StSLib","SuperFastMode","¡¼?Úª?ø«¡½REMEMod"],"gold_per_floor":[119,119,133,149,149,182,182,195,241,263,263,263,50,150,150,261,261,580,580,607,826,826,839,839,858,858,1108,493,493,51,86,86,491,491,711,727,423,450,460,493,493,56,56,65,65,65,5,30,30,30],"floor_reached":51,"language":"KOR","playtime":2137,"items_purged":["Grand Finale","REME_ShadowStrike","Prostrate"],"score":1098,"play_id":"a713d6c3-0aab-449e-a08b-612c83c00dd2","local_time":"20210224233137","is_ascension_mode":true,"campfire_choices":[{"data":"MostiFishMod:HellRitual","floor":7.0,"key":"SMITH"},{"data":"1","floor":12.0,"key":"LIFT"},{"data":"2","floor":15.0,"key":"LIFT"},{"data":"Omniscience","floor":24.0,"key":"SMITH"},{"floor":29.0,"key":"REST"},{"data":"3","floor":32.0,"key":"LIFT"},{"data":"MostiFishMod:Minus","floor":41.0,"key":"SMITH"},{"data":"MostiFishMod:Minus+1","floor":45.0,"key":"SMITH"},{"data":"MostiFishMod:Minus+2","floor":49,"key":"SMITH"}],"circlet_count":0,"master_deck":["Defend_P","Defend_P","Eruption+1","Vigilance+1","MostiFishMod:HellRitual+1","Meditate","FlurryOfBlows","FlurryOfBlows","MentalFortress+1","Swivel","Omniscience+1","EmptyFist","Skewer","Evaluate","Gensokyo:ManorOfTheDishes+1","Gensokyo:LockedMedkit","Evaluate","EmptyBody+1","MostiFishMod:Minus+3","Protect+1","Replay:Bootleg Shield Generator+1","BowlingBash+1","REME_ProfessionalPlagiarism","Gensokyo:SalamanderShield","FearNoEvil"],"relics":["PureWater","REME_ComplimentaryCards","DaveBox","Girya","Juzu Bracelet","Gensokyo:OccultBall","SynthV:TestCard","hubris:EvacipatedBox","Replay:Bottled Snecko","CeramicFish","MostiFishMod:AdaptiveDefenses","ReplayTheSpireMod:DimensionalGlitch","Blue Doll","Gensokyo:SongOfSouls","hubris:Towel","Gremlin Horn","REME_CardOfGreed","Technique","BargainBundle","ReplayTheSpireMod:Shallot","ReplayTheSpireMod:TigerMarble","hubris:TerracottaHorce","Replay:Mystery Machine","TheAbacus","MostiFishMod:Haymaker","Anchor","hubris:BottledRain"],"acts_visited":["Gensokyo:Gensokyo","Gensokyo:Gensokyoer","Gensokyo:Gensokyoest"],"potions_floor_usage":[],"damage_taken":[{"damage":2.0,"enemies":"Gensokyo:3_Fairies","floor":1.0,"turns":4.0},{"damage":2.0,"enemies":"Gensokyo:Python","floor":3.0,"turns":3.0},{"damage":3.0,"enemies":"Gensokyo:2_Kodama","floor":4.0,"turns":3.0},{"damage":0.0,"enemies":"Gensokyo:Mamizou","floor":6.0,"turns":7.0},{"damage":0.0,"enemies":"Gensokyo:VengefulSpirit","floor":8.0,"turns":2.0},{"damage":8.0,"enemies":"Gensokyo:5_Fairies","floor":10.0,"turns":5.0},{"damage":16.0,"enemies":"Gensokyo:Kokoro","floor":16.0,"turns":10.0},{"damage":13.0,"enemies":"Gensokyo:AngelMirror","floor":18.0,"turns":7.0},{"damage":25.0,"enemies":"Gensokyo:3_Dogs","floor":21.0,"turns":1.0},{"damage":9.0,"enemies":"Gensokyo:Swordslinger","floor":23.0,"turns":5.0},{"damage":3.0,"enemies":"Gensokyo:Slime_Group","floor":25.0,"turns":3.0},{"damage":22.0,"enemies":"Gensokyo:Koishi","floor":31.0,"turns":5.0},{"damage":23.0,"enemies":"Gensokyo:Eiki","floor":33.0,"turns":7.0},{"damage":0.0,"enemies":"Gensokyo:AncientGuardian","floor":35.0,"turns":6.0},{"damage":0.0,"enemies":"Gensokyo:3_Boulders","floor":36.0,"turns":4.0},{"damage":0.0,"enemies":"Gensokyo:Dusk_and_Dawn","floor":38.0,"turns":5.0},{"damage":0.0,"enemies":"Gensokyo:4_Bats","floor":39.0,"turns":1.0},{"damage":1.0,"enemies":"Gensokyo:Doremy","floor":40.0,"turns":5.0},{"damage":0,"enemies":"Gensokyo:SeedOfUnknown","floor":48,"turns":5},{"damage":0,"enemies":"Gensokyo:Scarlet_Devils","floor":50,"turns":6}],"seed_played":"-4040669727332509758","potions_obtained":[{"floor":3.0,"key":"BlessingOfTheForge"},{"floor":4.0,"key":"BlessingOfTheForge"},{"floor":10.0,"key":"SpeedPotion"},{"floor":16.0,"key":"ColorlessPotion"},{"floor":18.0,"key":"LiquidMemories"},{"floor":23.0,"key":"Swift Potion"},{"floor":25.0,"key":"Dexterity Potion"},{"floor":38.0,"key":"BottledMiracle"},{"floor":39.0,"key":"Elixir"}],"is_trial":false,"path_per_floor":["M","?","M","M","$","E","R","M","T","M","?","R","COS","?","R","B",null,"M","?","?","M","?","M","R","M","T","?","COS","R","$","E","R","B",null,"M","M","$","M","M","E","R","$","T","?","R","?","?","M","R","B",null],"character_chosen":"WATCHER","items_purchased":["hubris:EvacipatedBox","BargainBundle","Evaluate","ReplayTheSpireMod:Shallot","Strength Potion","StancePotion","TheAbacus","Replay:Bootleg Shield Generator+1","Anchor","REME_ProfessionalPlagiarism"],"campfire_rested":1,"item_purchase_floors":[5,30,30,30,30,30,37,37,42,42],"current_hp_per_floor":[45,52,50,47,28,28,28,28,28,20,20,20,20,20,20,18,59,53,53,53,35,35,33,33,30,30,30,30,50,50,35,35,19,56,68,68,68,68,68,67,67,67,67,67,67,67,67,67,67,67],"gold":30,"neow_bonus":"ONE_RARE_RELIC","is_daily":false,"chose_seed":false,"campfire_upgraded":5,"win_rate":0.0,"timestamp":1614177097,"path_taken":["M","?","M","M","?","E","R","M","T","M","?","R","COS","?","R","BOSS","M","?","?","M","?","M","R","M","T","?","COS","R","$","E","R","BOSS","M","M","$","M","M","E","R","$","T","?","R","?","?","M","R","BOSS"],"items_purchased_type":["Relic","Relic","Card","Relic","Potion","Potion","Relic","Card","Relic","Card"],"build_version":"2020-12-22","purchased_purges":3,"victory":true,"max_hp_per_floor":[72,72,72,72,72,72,72,72,72,72,72,72,72,72,72,72,72,72,72,72,72,72,72,72,72,72,68,68,68,68,68,68,68,68,68,68,68,68,68,68,68,68,68,68,68,68,68,68,68,68],"card_choices":[{"not_picked":["Protect","WindmillStrike"],"picked":"Meditate","floor":1.0},{"not_picked":["CrushJoints","ReachHeaven","MostiFishMod:ScryFuture","CutThroughFate"],"picked":"FlurryOfBlows","floor":3.0},{"not_picked":["Evaluate","Replay:Anticipation","Halt","Replay:AtTheReady"],"picked":"FlurryOfBlows","floor":4.0},{"not_picked":["Vengeance","Worship","JustLucky","REME_MusicOfDeath"],"picked":"MentalFortress","floor":6.0},{"not_picked":["FlurryOfBlows","WindmillStrike","MostiFishMod:Nomercy","Wallop"],"picked":"Prostrate","floor":8.0},{"not_picked":["FlurryOfBlows","Protect","ClearTheMind","MasterReality"],"picked":"Swivel","floor":10.0},{"not_picked":["MostiFishMod:StarLaLaLa","MasterReality","MostiFishMod:StarHerder","MostiFishMod:DisColor"],"picked":"Omniscience","floor":16.0},{"not_picked":["PathToVictory+1","BowlingBash","ThirdEye","Sanctity"],"picked":"EmptyFist","floor":18.0},{"not_picked":["Replay:AtTheReady+1","EmptyMind","DeceiveReality","Replay:BluntJabs+1","Consecrate"],"picked":"SKIP","floor":21.0},{"not_picked":["Wireheading","FlyingSleeves+1","ReachHeaven","CrushJoints+1","FlurryOfBlows+1"],"picked":"SKIP","floor":23.0},{"not_picked":["Fasting2","JustLucky","ClearTheMind","WheelKick"],"picked":"Evaluate","floor":25.0},{"not_picked":["MentalFortress","CrushJoints","Prostrate","MostiFishMod:OutWit"],"picked":"EmptyBody+1","floor":31.0},{"not_picked":["Brilliance","SpiritShield","MostiFishMod:Moonprays","Judgement"],"picked":"MostiFishMod:Minus","floor":33.0},{"not_picked":["JustLucky","Conclude","PathToVictory","Devotion"],"picked":"Protect+1","floor":35.0},{"not_picked":["FlyingSleeves+1","EmptyFist","Vengeance+1","Blasphemy","Wireheading+1"],"picked":"SKIP","floor":36.0},{"not_picked":["Protect+1","Conclude+1","Nirvana","Replay:ManipulateFuture"],"picked":"BowlingBash+1","floor":38.0},{"not_picked":["LikeWater","Evaluate","FollowUp","JustLucky","CutThroughFate"],"picked":"SKIP","floor":39.0},{"not_picked":["Replay:Cycle+1","PathToVictory","WindmillStrike+1","Vengeance+1","Replay:AtTheReady"],"picked":"SKIP","floor":40.0},{"not_picked":["Gensokyo:MorningMist","Gensokyo:UnhurriedMind"],"picked":"Gensokyo:SalamanderShield","floor":44.0},{"not_picked":["Crescendo","FollowUp","Alpha","TalkToTheHand"],"picked":"FearNoEvil","floor":48}],"player_experience":364840,"relics_obtained":[{"floor":1.0,"key":"SynthV:TestCard"},{"floor":6.0,"key":"Replay:Bottled Snecko"},{"floor":9.0,"key":"CeramicFish"},{"floor":16.0,"key":"Gensokyo:OccultBall"},{"floor":23.0,"key":"Gensokyo:OccultBall"},{"floor":26.0,"key":"Gremlin Horn"},{"floor":31.0,"key":"ReplayTheSpireMod:TigerMarble"},{"floor":33.0,"key":"Gensokyo:OccultBall"},{"floor":40.0,"key":"MostiFishMod:Haymaker"},{"floor":43.0,"key":"hubris:BottledRain"}],"event_choices":[],"is_beta":false,"boss_relics":[{"not_picked":["BloodWine","Honey Jar","RhineFirstAidKit"],"picked":"ReplayTheSpireMod:DimensionalGlitch"},{"not_picked":["HereWithMe","Calling Bell","PatriotShield"],"picked":"hubris:TerracottaHorce"}],"items_purged_floors":[30,37,42],"is_endless":false,"potions_floor_spawned":[3,4,10,16,18,23,25,31,38,39,48],"ascension_level":7}}