{"host":"yx5rao87132cy5xq","time":1614204856,"event":{"mods":["2.2 Compatiblity","AchievementEnabler","BaseMod","Bestiary","Colored Map","Colored Powertips","Highlight Path","Minty Spire (QoL Compilation)","Quick Restart","Relic Stats","Slay-I","SuperFastMode"],"gold_per_floor":[114,125,125,144,69,95,110,140,140,140,157,232,265,230,230,331,331,342,360,97,187,203,203,234,244,244,276,295,295,329,329,329,429,429,443,443,453,468,468,468,468],"floor_reached":40,"language":"ENG","playtime":2155,"items_purged":["Pain","Strike_G"],"score":594,"play_id":"34f0d345-5e9b-4004-b901-0395f57f5769","local_time":"20210224231416","is_ascension_mode":true,"campfire_choices":[{"data":"Blade Dance","floor":10.0,"key":"SMITH"},{"floor":15.0,"key":"REST"},{"floor":23.0,"key":"REST"},{"data":"Survivor","floor":29.0,"key":"SMITH"},{"data":"Phantasmal Killer","floor":32.0,"key":"SMITH"}],"circlet_count":0,"master_deck":["Strike_G","Strike_G","Strike_G","Strike_G","Defend_G","Defend_G","Defend_G+1","Defend_G","Defend_G+1","Survivor+1","Neutralize","Finesse","Predator","Caltrops","Dagger Spray","Cloak And Dagger","Deadly Poison","Blade Dance+1","Well Laid Plans","Leg Sweep","Night Terror","Backstab","Caltrops","Dark Shackles","Bouncing Flask+1","Backflip","Backflip+1","Phantasmal Killer+1","Wraith Form v2","Acrobatics+1"],"relics":["Ring of the Snake","WarpedTongs","War Paint","Regal Pillow","StrikeDummy","HornCleat","WristBlade","Ancient Tea Set","Bag of Marbles","Nloth\u0027s Gift","Snecko Eye"],"acts_visited":["Exordium","TheCity","TheBeyond"],"potions_floor_usage":[33,38],"damage_taken":[{"damage":0.0,"enemies":"Jaw Worm","floor":1.0,"turns":6.0},{"damage":0.0,"enemies":"Cultist","floor":2.0,"turns":3.0},{"damage":2.0,"enemies":"Small Slimes","floor":4.0,"turns":3.0},{"damage":28.0,"enemies":"Gremlin Nob","floor":6.0,"turns":5.0},{"damage":0.0,"enemies":"3 Louse","floor":7.0,"turns":2.0},{"damage":10.0,"enemies":"3 Sentries","floor":8.0,"turns":9.0},{"damage":0.0,"enemies":"Lots of Slimes","floor":11.0,"turns":1.0},{"damage":0.0,"enemies":"Gremlin Nob","floor":13.0,"turns":2.0},{"damage":0.0,"enemies":"Slime Boss","floor":16.0,"turns":8.0},{"damage":8.0,"enemies":"Chosen","floor":18.0,"turns":4.0},{"damage":10.0,"enemies":"2 Thieves","floor":19.0,"turns":3.0},{"damage":8.0,"enemies":"Snake Plant","floor":22.0,"turns":4.0},{"damage":8.0,"enemies":"Slavers","floor":24.0,"turns":6.0},{"damage":4.0,"enemies":"3 Cultists","floor":25.0,"turns":4.0},{"damage":6.0,"enemies":"Book of Stabbing","floor":27.0,"turns":5.0},{"damage":0.0,"enemies":"Snecko","floor":28.0,"turns":3.0},{"damage":0.0,"enemies":"Gremlin Leader","floor":30.0,"turns":6.0},{"damage":29,"enemies":"Champ","floor":33,"turns":9},{"damage":0,"enemies":"3 Shapes","floor":35,"turns":3},{"damage":2,"enemies":"Orb Walker","floor":37,"turns":2},{"damage":6,"enemies":"Jaw Worm Horde","floor":38,"turns":3},{"damage":84,"enemies":"Giant Head","floor":40,"turns":7}],"seed_played":"2057648292883294794","potions_obtained":[{"floor":1.0,"key":"Swift Potion"},{"floor":2.0,"key":"Regen Potion"},{"floor":8.0,"key":"FearPotion"},{"floor":13.0,"key":"SteroidPotion"},{"floor":16.0,"key":"LiquidMemories"},{"floor":19.0,"key":"SkillPotion"},{"floor":24.0,"key":"Weak Potion"},{"floor":30.0,"key":"SneckoOil"},{"floor":33,"key":"Poison Potion"},{"floor":37,"key":"CunningPotion"}],"is_trial":false,"path_per_floor":["M","M","?","M","$","E","M","E","T","R","M","?","E","?","R","B",null,"M","M","$","?","M","R","E","M","T","E","M","R","E","?","R","B",null,"M","?","M","M","?","E"],"character_chosen":"THE_SILENT","items_purchased":["Caltrops","Dark Shackles"],"campfire_rested":2,"item_purchase_floors":[20,20],"current_hp_per_floor":[70,70,70,68,68,49,49,39,39,39,39,28,28,45,70,70,70,62,52,52,34,40,70,62,58,58,52,52,52,52,52,52,23,70,70,80,78,72,72,0,0],"gold":468,"neow_bonus":"RANDOM_COLORLESS","is_daily":false,"chose_seed":false,"campfire_upgraded":3,"win_rate":0.0,"timestamp":1614204856,"path_taken":["M","M","?","M","$","E","?","E","T","R","M","?","E","?","R","BOSS","M","M","$","?","?","R","E","M","T","E","M","R","E","?","R","BOSS","M","?","M","?","?","E"],"items_purchased_type":["Card","Card"],"build_version":"2020-12-22","purchased_purges":2,"victory":false,"max_hp_per_floor":[70,70,70,70,70,70,70,70,70,70,70,70,70,70,70,70,70,70,70,70,70,70,70,70,70,70,70,70,70,70,70,70,70,70,70,80,80,80,80,80,80],"relic_stats":{"Regal Pillow":13,"counters":[22,98],"Snecko Eye":[39,39,29,27],"Nloth\u0027s Gift":1,"War Paint":["Defend_G","Defend_G"],"obtain_stats":[{"Regal Pillow":8,"HornCleat":13,"WristBlade":17,"Snecko Eye":34,"Pen Nib":27,"Bag of Marbles":30,"Nloth\u0027s Gift":31,"War Paint":6,"StrikeDummy":9,"Ancient Tea Set":24,"Ring of the Snake":0,"WarpedTongs":3},{"Regal Pillow":6,"HornCleat":8,"WristBlade":9,"Snecko Eye":18,"Pen Nib":15,"Bag of Marbles":17,"Nloth\u0027s Gift":17,"War Paint":4,"StrikeDummy":6,"Ancient Tea Set":13,"Ring of the Snake":0,"WarpedTongs":2},{"Regal Pillow":28,"HornCleat":31,"WristBlade":39,"Snecko Eye":83,"Pen Nib":65,"Bag of Marbles":74,"Nloth\u0027s Gift":74,"War Paint":17,"StrikeDummy":28,"Ancient Tea Set":56,"Ring of the Snake":0,"WarpedTongs":9}],"Ring of the Snake":[44],"WarpedTongs":[89]},"card_choices":[{"not_picked":["Madness","Swift Strike"],"picked":"Finesse","floor":0.0},{"not_picked":["Choke","Dagger Throw"],"picked":"Predator","floor":1.0},{"not_picked":["PiercingWail","Dodge and Roll"],"picked":"Caltrops","floor":2.0},{"not_picked":["Skewer","Sucker Punch"],"picked":"Dagger Spray","floor":4.0},{"not_picked":["Venomology","Underhanded Strike"],"picked":"Cloak And Dagger","floor":6.0},{"not_picked":["Underhanded Strike","Bane"],"picked":"Deadly Poison","floor":7.0},{"not_picked":["Deadly Poison","Prepared"],"picked":"Blade Dance","floor":8.0},{"not_picked":["Dodge and Roll","Outmaneuver"],"picked":"Well Laid Plans","floor":11.0},{"not_picked":["Bane","Quick Slash"],"picked":"Leg Sweep","floor":13.0},{"not_picked":["Storm of Steel","Doppelganger"],"picked":"Night Terror","floor":16.0},{"not_picked":["Dodge and Roll","Crippling Poison"],"picked":"Backstab","floor":18.0},{"not_picked":["Well Laid Plans","Skewer","Predator"],"picked":"SKIP","floor":19.0},{"not_picked":["Backstab+1","Underhanded Strike+1"],"picked":"Bouncing Flask+1","floor":22.0},{"not_picked":["Dodge and Roll","Riddle With Holes","Sucker Punch"],"picked":"SKIP","floor":24.0},{"not_picked":["Sucker Punch","Catalyst"],"picked":"Backflip","floor":25.0},{"not_picked":["Underhanded Strike+1","Slice+1"],"picked":"Backflip+1","floor":27.0},{"not_picked":["Backflip","Acrobatics","Sucker Punch+1"],"picked":"SKIP","floor":28.0},{"not_picked":["Dash","Tactician"],"picked":"Phantasmal Killer","floor":30.0},{"not_picked":["Night Terror","Storm of Steel"],"picked":"Corpse Explosion","floor":33},{"not_picked":["Tactician+1","Infinite Blades+1"],"picked":"Wraith Form v2","floor":35},{"not_picked":["Outmaneuver","Underhanded Strike+1","Poisoned Stab+1"],"picked":"SKIP","floor":37},{"not_picked":["Bane+1","Dagger Spray+1"],"picked":"Acrobatics+1","floor":38}],"player_experience":1177235,"relics_obtained":[{"floor":6.0,"key":"War Paint"},{"floor":8.0,"key":"Regal Pillow"},{"floor":9.0,"key":"StrikeDummy"},{"floor":13.0,"key":"HornCleat"},{"floor":24.0,"key":"Ancient Tea Set"},{"floor":27.0,"key":"Pen Nib"},{"floor":30.0,"key":"Bag of Marbles"}],"event_choices":[{"damage_healed":0.0,"max_hp_gain":0.0,"max_hp_loss":0.0,"gold_gain":0.0,"event_name":"Accursed Blacksmith","player_choice":"Rummage","floor":3.0,"gold_loss":0.0,"damage_taken":0.0,"relics_obtained":["WarpedTongs"],"cards_obtained":["Pain"]},{"damage_healed":0.0,"max_hp_gain":0.0,"max_hp_loss":0.0,"gold_gain":75.0,"event_name":"World of Goop","player_choice":"Gather Gold","floor":12.0,"gold_loss":0.0,"damage_taken":11.0},{"damage_healed":17.0,"max_hp_gain":0.0,"max_hp_loss":0.0,"gold_gain":0.0,"event_name":"The Cleric","player_choice":"Healed","floor":14.0,"gold_loss":35.0,"damage_taken":0.0},{"damage_healed":0.0,"max_hp_gain":0.0,"max_hp_loss":0.0,"gold_gain":90.0,"event_name":"Knowing Skull","player_choice":"GOLD POTION ","floor":21.0,"potions_obtained":["Regen Potion"],"gold_loss":0.0,"damage_taken":18.0,"cards_obtained":[]},{"damage_healed":0.0,"max_hp_gain":0.0,"max_hp_loss":0.0,"gold_gain":0.0,"event_name":"N\u0027loth","player_choice":"Traded Relic","floor":31.0,"relics_lost":["Pen Nib"],"gold_loss":0.0,"damage_taken":0.0,"relics_obtained":["Nloth\u0027s Gift"]},{"cards_removed":["Corpse Explosion"],"damage_healed":0,"gold_gain":0,"player_choice":"Offered Rare","damage_taken":0,"max_hp_gain":10,"max_hp_loss":0,"event_name":"Bonfire Elementals","floor":36,"gold_loss":0},{"damage_healed":0,"gold_gain":0,"player_choice":"0 cards matched","damage_taken":0,"max_hp_gain":0,"max_hp_loss":0,"event_name":"Match and Keep!","floor":39,"gold_loss":0,"cards_obtained":[]}],"is_beta":false,"boss_relics":[{"not_picked":["Busted Crown","Ring of the Serpent"],"picked":"WristBlade"},{"not_picked":["Astrolabe","Tiny House"],"picked":"Snecko Eye"}],"items_purged_floors":[5,20],"is_endless":false,"potions_floor_spawned":[1,2,8,13,16,19,24,30,33,37],"killed_by":"Giant Head","ascension_level":1}}