{"host":"4gkev1dtxxhiue3x","time":1614176713,"event":{"mods":["AchievementEnabler","BaseMod","Better Altar","Better Match","Better Note","Better Sensory Stone","Better Skull","Better Third Choice","Colored Powertips","Friendly Minions","Hermit","Minty Spire (QoL Compilation)","Relic Stats","Robot Space Explorer","Shop Mod","StSLib","The Disciple","The Hierophant"],"gold_per_floor":[115,65,78,3,16,49,49,66,66,83,111,131,166,166,166,265,265,284,284,284,303,303,303,329,329,329,362,287,287,287,77,77,172,172,184,459,459,119,132,160,160,160,237,237,254,286,286,286,286,286,286,286,55,81,81,81],"floor_reached":55,"language":"ENG","playtime":3637,"items_purged":["Strike_B","Regret","Zap"],"score":984,"play_id":"ce640407-5b02-4585-99a1-bcd5cb502f29","local_time":"20210224152513","is_ascension_mode":true,"campfire_choices":[{"floor":7,"key":"REST"},{"floor":15,"key":"REST"},{"floor":23,"key":"REST"},{"floor":25,"key":"REST"},{"floor":32,"key":"RECALL"},{"floor":42,"key":"REST"},{"floor":49,"key":"REST"},{"floor":52,"key":"DIG"}],"circlet_count":0,"master_deck":["Defend_B","Defend_B","Dualcast","Tempest","Tempest","Gash","Static Discharge+1","Static Discharge","Undo","Core Surge+1","All For One+1","Double Energy","Thunder Strike+1","CurseOfTheBell","Chill+1","Gash+1","All For One+1","Gash+1","Conserve Battery","Gash+1","Seek","Turbo+1","Thunder Strike+1","Beam Cell+1","Echo Form+1","Go for the Eyes+1","Beam Cell+1","Echo Form+1","Parasite","Hologram+1","Hologram+1","Storm+1","Stack+1"],"relics":["Fusion Hammer","Eternal Feather","Pantograph","Molten Egg 2","Emotion Chip","Potion Belt","Lantern","Calling Bell","Juzu Bracelet","Blue Candle","Turnip","Frozen Egg 2","Nunchaku","Bird Faced Urn","Nilry\u0027s Codex","Runic Pyramid","Smiling Mask","Bottled Tornado","Mummified Hand","Ancient Tea Set","MealTicket","Shovel","Blood Vial","Gremlin Horn","Centennial Puzzle"],"acts_visited":["Exordium","TheCity","TheBeyond","TheEnding"],"potions_floor_usage":[11,16,21,45,46,46,54,55,55],"damage_taken":[{"damage":4,"enemies":"Jaw Worm","floor":1,"turns":3},{"damage":1,"enemies":"Cultist","floor":3,"turns":3},{"damage":0,"enemies":"2 Louse","floor":5,"turns":2},{"damage":20,"enemies":"Lagavulin","floor":6,"turns":6},{"damage":6,"enemies":"Blue Slaver","floor":8,"turns":3},{"damage":12,"enemies":"2 Fungi Beasts","floor":10,"turns":3},{"damage":22,"enemies":"3 Sentries","floor":11,"turns":6},{"damage":10,"enemies":"Gremlin Gang","floor":12,"turns":3},{"damage":4,"enemies":"Lagavulin","floor":13,"turns":6},{"damage":10,"enemies":"Slime Boss","floor":16,"turns":6},{"damage":17,"enemies":"Shell Parasite","floor":18,"turns":4},{"damage":1,"enemies":"3 Byrds","floor":21,"turns":2},{"damage":32,"enemies":"Book of Stabbing","floor":24,"turns":4},{"damage":12,"enemies":"Gremlin Leader","floor":27,"turns":6},{"damage":12,"enemies":"Champ","floor":33,"turns":6},{"damage":0,"enemies":"3 Shapes","floor":35,"turns":2},{"damage":12,"enemies":"3 Darklings","floor":39,"turns":4},{"damage":7,"enemies":"Nemesis","floor":40,"turns":3},{"damage":23,"enemies":"Writhing Mass","floor":45,"turns":5},{"damage":20,"enemies":"Reptomancer","floor":46,"turns":4},{"damage":48,"enemies":"Donu and Deca","floor":50,"turns":4},{"damage":54,"enemies":"Shield and Spear","floor":54,"turns":5},{"damage":85,"enemies":"The Heart","floor":55,"turns":5}],"seed_played":"7339473271780878470","potions_obtained":[{"floor":1,"key":"SpeedPotion"},{"floor":10,"key":"CultistPotion"},{"floor":12,"key":"SkillPotion"},{"floor":16,"key":"AttackPotion"},{"floor":21,"key":"Fire Potion"},{"floor":27,"key":"Ancient Potion"},{"floor":33,"key":"SteroidPotion"},{"floor":39,"key":"Strength Potion"},{"floor":45,"key":"ColorlessPotion"},{"floor":54,"key":"AttackPotion"}],"is_trial":false,"path_per_floor":["M","?","M","$","M","E","R","M","T","M","E","M","E","?","R","B",null,"M","?","?","M","?","R","E","R","T","E","?","?","?","$","R","B",null,"M","?","?","$","M","E","?","R","T","T","M","E","?","?","R","B",null,"R","$","E","B"],"character_chosen":"DEFECT","items_purchased":["Thunder Strike+1","Beam Cell+1","Bottled Tornado","Beam Cell+1","Storm+1","PowerPotion","SkillPotion"],"campfire_rested":6,"item_purchase_floors":[31,31,38,38,53,53,53],"current_hp_per_floor":[71,71,70,70,70,50,75,69,69,57,35,25,21,10,41,56,70,53,53,53,52,52,75,43,75,75,63,63,47,75,75,75,67,73,73,73,73,73,65,62,16,56,56,56,35,17,17,17,57,31,64,75,75,25,0,0],"gold":81,"neow_bonus":"BOSS_RELIC","is_daily":false,"chose_seed":false,"campfire_upgraded":0,"win_rate":0.0,"timestamp":1614176713,"path_taken":["M","?","M","$","M","E","R","M","T","M","E","M","E","?","R","BOSS","M","?","?","M","?","R","E","R","T","E","?","?","?","$","R","BOSS","M","?","?","$","M","E","?","R","T","?","M","E","?","?","R","BOSS","R","$","E","BOSS"],"items_purchased_type":["Card","Card","Relic","Card","Card","Potion","Potion"],"build_version":"2020-12-22","purchased_purges":3,"victory":false,"max_hp_per_floor":[75,75,75,75,75,75,75,75,75,75,75,75,75,75,75,75,75,75,75,75,75,75,75,75,75,75,75,75,75,75,75,75,75,75,75,75,75,75,75,75,75,75,75,75,75,75,75,75,75,75,75,75,75,75,75,75],"relic_stats":{"Gremlin Horn":[0,0],"counters":[23,95],"Blue Candle":[7],"Eternal Feather":86,"Juzu Bracelet":5,"Smiling Mask":125,"Blood Vial":4,"Emotion Chip":[75,62,13,0,0],"Nunchaku":[10],"Centennial Puzzle":[3],"Shovel":1,"Mummified Hand":[22],"Pantograph":66,"Bird Faced Urn":[34],"MealTicket":0,"Turnip":[4],"obtain_stats":[{"Lantern":14,"Gremlin Horn":52,"Nilry\u0027s Codex":29,"Juzu Bracelet":17,"Bottled Tornado":38,"Smiling Mask":37,"Ancient Tea Set":41,"Blood Vial":46,"Emotion Chip":13,"Nunchaku":26,"Centennial Puzzle":54,"Shovel":44,"Mummified Hand":40,"Pantograph":9,"MealTicket":41,"Fusion Hammer":0,"Cracked Core":0,"Runic Pyramid":34,"Potion Belt":14,"Blue Candle":17,"Eternal Feather":6,"Frozen Egg 2":24,"Calling Bell":17,"Bird Faced Urn":27,"Molten Egg 2":11,"Turnip":17},{"Lantern":9,"Gremlin Horn":21,"Nilry\u0027s Codex":14,"Juzu Bracelet":10,"Bottled Tornado":16,"Smiling Mask":16,"Ancient Tea Set":18,"Blood Vial":20,"Emotion Chip":9,"Nunchaku":13,"Centennial Puzzle":22,"Shovel":18,"Mummified Hand":18,"Pantograph":5,"MealTicket":18,"Fusion Hammer":0,"Cracked Core":0,"Runic Pyramid":15,"Potion Belt":9,"Blue Candle":10,"Eternal Feather":4,"Frozen Egg 2":13,"Calling Bell":10,"Bird Faced Urn":14,"Molten Egg 2":7,"Turnip":10},{"Lantern":35,"Gremlin Horn":85,"Nilry\u0027s Codex":57,"Juzu Bracelet":41,"Bottled Tornado":65,"Smiling Mask":65,"Ancient Tea Set":72,"Blood Vial":81,"Emotion Chip":35,"Nunchaku":51,"Centennial Puzzle":90,"Shovel":72,"Mummified Hand":72,"Pantograph":17,"MealTicket":72,"Fusion Hammer":0,"Cracked Core":0,"Runic Pyramid":63,"Potion Belt":35,"Blue Candle":41,"Eternal Feather":14,"Frozen Egg 2":51,"Calling Bell":41,"Bird Faced Urn":57,"Molten Egg 2":26,"Turnip":41}]},"card_choices":[{"not_picked":["Barrage","Redo"],"picked":"Tempest","floor":1},{"not_picked":["Turbo","Go for the Eyes"],"picked":"Tempest","floor":3},{"not_picked":["Skim","Streamline"],"picked":"Gash","floor":5},{"not_picked":["Compile Driver","Rebound"],"picked":"Static Discharge","floor":6},{"not_picked":["Leap","Redo"],"picked":"Static Discharge","floor":8},{"not_picked":["Coolheaded","Glacier"],"picked":"Undo","floor":10},{"not_picked":["Turbo","Go for the Eyes+1"],"picked":"Core Surge+1","floor":11},{"not_picked":["Scrape+1","Compile Driver+1"],"picked":"All For One+1","floor":12},{"not_picked":["Melter+1","Beam Cell+1"],"picked":"Double Energy","floor":13},{"not_picked":["Buffer","Creative AI"],"picked":"Thunder Strike+1","floor":16},{"not_picked":["Loop","Rebound+1"],"picked":"Chill+1","floor":18},{"not_picked":["Compile Driver+1","Glacier+1"],"picked":"Conserve Battery","floor":21},{"not_picked":["Genetic Algorithm+1","Beam Cell+1"],"picked":"Seek","floor":24},{"not_picked":["Glacier","Ball Lightning+1"],"picked":"Turbo+1","floor":27},{"not_picked":["Reboot","Fission"],"picked":"Echo Form+1","floor":33},{"not_picked":["Steam Power","Consume"],"picked":"Go for the Eyes+1","floor":35},{"not_picked":["Barrage+1","Go for the Eyes+1","Redo+1"],"picked":"SKIP","floor":39},{"not_picked":["Coolheaded+1","Electrodynamics+1"],"picked":"Echo Form+1","floor":40},{"not_picked":["Lockon+1","Storm+1"],"picked":"Hologram+1","floor":45},{"not_picked":["Beam Cell+1","Coolheaded"],"picked":"Hologram+1","floor":46},{"not_picked":["Ball Lightning+1","BootSequence+1"],"picked":"Stack+1","floor":54}],"player_experience":273499,"relics_obtained":[{"floor":6,"key":"Eternal Feather"},{"floor":9,"key":"Pantograph"},{"floor":11,"key":"Molten Egg 2"},{"floor":13,"key":"Emotion Chip"},{"floor":17,"key":"Juzu Bracelet"},{"floor":17,"key":"Blue Candle"},{"floor":17,"key":"Turnip"},{"floor":24,"key":"Frozen Egg 2"},{"floor":26,"key":"Nunchaku"},{"floor":27,"key":"Bird Faced Urn"},{"floor":29,"key":"Nilry\u0027s Codex"},{"floor":40,"key":"Mummified Hand"},{"floor":44,"key":"Shovel"},{"floor":46,"key":"Blood Vial"},{"floor":52,"key":"Gremlin Horn"},{"floor":54,"key":"Centennial Puzzle"}],"event_choices":[{"cards_removed":["Strike_B"],"damage_healed":0,"gold_gain":0,"player_choice":"Card Removal","damage_taken":0,"max_hp_gain":0,"max_hp_loss":0,"event_name":"The Cleric","floor":2,"gold_loss":50},{"damage_healed":0,"gold_gain":1,"player_choice":"Relic Relic ","damage_taken":11,"max_hp_gain":0,"max_hp_loss":0,"event_name":"betterThird:BetterScrap","floor":14,"gold_loss":0,"cards_obtained":["Reflex"]},{"damage_healed":0,"gold_gain":0,"cards_transformed":["Strike_B","Strike_B"],"player_choice":"Became Test Subject","damage_taken":0,"max_hp_gain":0,"max_hp_loss":0,"event_name":"Drug Dealer","floor":19,"gold_loss":0,"cards_obtained":["Gash","All For One"]},{"damage_healed":0,"gold_gain":0,"player_choice":"Copied","damage_taken":0,"max_hp_gain":0,"max_hp_loss":0,"event_name":"Duplicator","floor":20,"gold_loss":0,"cards_obtained":["Gash"]},{"damage_healed":0,"gold_gain":0,"player_choice":"Read","damage_taken":0,"max_hp_gain":0,"max_hp_loss":0,"event_name":"The Library","floor":22,"gold_loss":0,"cards_obtained":["Gash"]},{"cards_removed":["Defend_B"],"damage_healed":0,"gold_gain":0,"player_choice":"Gave Gold","damage_taken":0,"max_hp_gain":0,"max_hp_loss":0,"event_name":"Beggar","floor":28,"gold_loss":75},{"damage_healed":0,"gold_gain":0,"player_choice":"Obtained Book","damage_taken":16,"max_hp_gain":0,"max_hp_loss":0,"event_name":"Cursed Tome","floor":29,"gold_loss":0},{"damage_healed":28,"gold_gain":0,"player_choice":"Full Heal","damage_taken":0,"max_hp_gain":0,"max_hp_loss":0,"event_name":"Wheel of Change","floor":30,"gold_loss":0},{"damage_healed":0,"gold_gain":275,"player_choice":"Desecrate","damage_taken":0,"max_hp_gain":0,"max_hp_loss":0,"event_name":"Golden Shrine","floor":36,"gold_loss":0,"cards_obtained":["Regret"]},{"damage_healed":0,"gold_gain":0,"player_choice":"Gave Potion","damage_taken":0,"relics_obtained":["Smiling Mask"],"max_hp_gain":0,"max_hp_loss":0,"event_name":"WeMeetAgain","floor":37,"gold_loss":0},{"damage_healed":0,"gold_gain":0,"player_choice":"RE UP RE ","damage_taken":52,"relics_obtained":["Ancient Tea Set","MealTicket"],"max_hp_gain":0,"max_hp_loss":0,"event_name":"betterSkull:BetterSkull","floor":41,"gold_loss":0,"cards_upgraded":["Static Discharge"]},{"cards_removed":["Defend_B"],"damage_healed":0,"gold_gain":0,"player_choice":"Removed Skill","damage_taken":0,"max_hp_gain":0,"max_hp_loss":0,"event_name":"Falling","floor":47,"gold_loss":0},{"damage_healed":0,"gold_gain":0,"player_choice":"Ignored","damage_taken":0,"max_hp_gain":0,"max_hp_loss":0,"event_name":"Mysterious Sphere","floor":48,"gold_loss":0}],"is_beta":false,"boss_relics":[{"not_picked":["Runic Dome","Ectoplasm"],"picked":"Calling Bell"},{"not_picked":["Empty Cage","Inserter"],"picked":"Runic Pyramid"}],"items_purged_floors":[4,38,53],"is_endless":false,"potions_floor_spawned":[1,10,12,16,21,27,33,39,45,54],"killed_by":"The Heart","ascension_level":5}}