{"host":"ju1b3c4x8n2jtjm7","time":1614125539,"event":{"mods":["AchievementEnabler","BaseMod","Colored Map","Colored Powertips","Highlight Path","Minty Spire (QoL Compilation)","Quick Restart","Rare Cards Sparkle","Relic Stats","StSLib"],"gold_per_floor":[12,30,30,45,120,120,160,160,231,250,264,308,308,323,323,323,323],"floor_reached":16,"language":"ENG","playtime":776,"items_purged":[],"score":179,"play_id":"7e08a3b5-69ed-48a0-87dd-b356b32f6900","local_time":"20210224011219","is_ascension_mode":true,"campfire_choices":[{"floor":6.0,"key":"REST"},{"data":"Flex","floor":8.0,"key":"SMITH"},{"floor":13,"key":"REST"},{"data":"Shrug It Off","floor":15,"key":"SMITH"}],"circlet_count":0,"master_deck":["AscendersBane","Strike_R","Strike_R","Strike_R","Strike_R","Defend_R","Defend_R","Defend_R","Bash","Flex+1","Feel No Pain","Heavy Blade","Shrug It Off+1","Carnage","Power Through","Cleave"],"relics":["Burning Blood","Golden Idol","Centennial Puzzle","Singing Bowl","Prayer Wheel"],"acts_visited":["Exordium"],"potions_floor_usage":[11],"damage_taken":[{"damage":1.0,"enemies":"Small Slimes","floor":1.0,"turns":5.0},{"damage":8.0,"enemies":"2 Louse","floor":2.0,"turns":3.0},{"damage":18.0,"enemies":"Jaw Worm","floor":4.0,"turns":5.0},{"damage":25.0,"enemies":"Gremlin Nob","floor":7.0,"turns":4.0},{"damage":23,"enemies":"Large Slime","floor":10,"turns":10},{"damage":6,"enemies":"Looter","floor":11,"turns":2},{"damage":12,"enemies":"3 Sentries","floor":12,"turns":8},{"damage":17,"enemies":"Lots of Slimes","floor":14,"turns":5},{"damage":33,"enemies":"The Guardian","floor":16,"turns":6}],"seed_played":"6620470704672740106","potions_obtained":[{"floor":7.0,"key":"SmokeBomb"},{"floor":10,"key":"FearPotion"}],"is_trial":false,"path_per_floor":["M","M","?","M","?","R","E","R","T","M","M","E","R","M","R","B"],"character_chosen":"IRONCLAD","items_purchased":[],"campfire_rested":2,"item_purchase_floors":[],"current_hp_per_floor":[77,75,55,43,32,56,37,37,37,22,22,18,43,32,32,0,0],"gold":323,"neow_bonus":"REMOVE_TWO","is_daily":false,"chose_seed":false,"campfire_upgraded":2,"win_rate":0.0,"timestamp":1614125539,"path_taken":["M","M","?","M","?","R","E","R","T","M","M","E","R","M","R","BOSS"],"items_purchased_type":[],"build_version":"2020-12-22","purchased_purges":0,"victory":false,"max_hp_per_floor":[80,80,80,80,80,80,80,80,80,82,82,84,84,84,84,84,84],"relic_stats":{"Centennial Puzzle":[15],"Singing Bowl":4,"counters":[9,48],"Golden Idol":30,"Prayer Wheel":1,"obtain_stats":[{"Centennial Puzzle":7,"Singing Bowl":9,"Golden Idol":3,"Prayer Wheel":12,"Burning Blood":0},{"Centennial Puzzle":4,"Singing Bowl":4,"Golden Idol":2,"Prayer Wheel":7,"Burning Blood":0},{"Centennial Puzzle":17,"Singing Bowl":17,"Golden Idol":8,"Prayer Wheel":37,"Burning Blood":0}],"Burning Blood":48},"card_choices":[{"not_picked":["Clothesline","Twin Strike"],"picked":"Flex","floor":1.0},{"not_picked":["Clothesline","Armaments"],"picked":"Feel No Pain","floor":2.0},{"not_picked":["Fiend Fire","Twin Strike"],"picked":"Heavy Blade","floor":4.0},{"not_picked":["Body Slam","Bloodletting"],"picked":"Shrug It Off","floor":7.0},{"not_picked":["Dual Wield","Uppercut","Wild Strike"],"picked":"Singing Bowl","floor":10},{"not_picked":["True Grit","Iron Wave"],"picked":"Carnage","floor":11},{"not_picked":["Juggernaut","Anger","Clash"],"picked":"Singing Bowl","floor":12},{"not_picked":["Iron Wave","True Grit"],"picked":"Power Through","floor":14},{"not_picked":["Clash","Reckless Charge"],"picked":"Cleave","floor":14}],"player_experience":510277,"relics_obtained":[{"floor":7.0,"key":"Centennial Puzzle"},{"floor":9.0,"key":"Singing Bowl"},{"floor":12,"key":"Prayer Wheel"}],"event_choices":[{"damage_healed":0.0,"max_hp_gain":0.0,"max_hp_loss":0.0,"gold_gain":0.0,"event_name":"Golden Idol","player_choice":"Take Damage","floor":3.0,"gold_loss":0.0,"damage_taken":20.0,"relics_obtained":["Golden Idol"]},{"damage_healed":0.0,"max_hp_gain":0.0,"max_hp_loss":0.0,"gold_gain":75.0,"event_name":"World of Goop","player_choice":"Gather Gold","floor":5.0,"gold_loss":0.0,"damage_taken":11.0}],"is_beta":false,"boss_relics":[],"items_purged_floors":[],"is_endless":false,"potions_floor_spawned":[7,10],"killed_by":"The Guardian","ascension_level":12}}