{"host":"y2ptgajoxt8nh64w","time":1614150869,"event":{"mods":["10 clothes from DAL","100% Spire Juice","AchievementEnabler","Act Like it!","Arknights","BaseMod","Better Vampires","CapriCore","Colored Map","Colored Powertips","Conspire","DeckTracker","Energized Spire","Friendly Minions","Gensokyo","GifTheSpireLib","Hallownest","Highlight Path","Koishi","Marisa（F雨　魔理沙）","Minty Spire (QoL Compilation)","Quick Restart","Rare Cards Sparkle","Reimu（博丽灵梦）","Relic Stats","Remilia（蕾米莉亚）","Ring Of Destiny","RumiaBox-露米娅的神秘盒子","Ryuuou龙王","StSLib","The Immortal","The Servant 0.9.4","Waifu the Spire","WarShipGirlsR/战舰少女R mod","Wide Potions","Youmu（魂魄妖梦）","【功能Mod】混沌之环修复补丁","【功能Mod】聪明的最终Boss","【遗物卡牌】REMEMod","老伊莉雅"],"gold_per_floor":[116,116,69,169,186,212,212,212,212,212,212,240,254,231,231,333,333,350,364,364,383,383,383,383,150,226,239,103,28,28,40,40,137,137,157,69,116,16,33,33,52,52,79,99,112,37,37,47,47,47,47,47,47,75,75,75],"floor_reached":55,"language":"ZHS","playtime":2662,"items_purged":["RingOfDestiny:Strike_MB","RingOfDestiny:Strike_MB","RingOfDestiny:BlackFuneral","RingOfDestiny:LoomingDeath"],"score":713,"play_id":"073af00b-c2bf-441d-a05d-bd504d5a760f","local_time":"20210224151429","is_ascension_mode":false,"campfire_choices":[{"floor":8,"key":"REST"},{"floor":15,"key":"REST"},{"data":"RingOfDestiny:BloodyLeakage","floor":23,"key":"SMITH"},{"data":"RingOfDestiny:DeathLeakage","floor":30,"key":"SMITH"},{"floor":32,"key":"REST"},{"floor":40,"key":"RECALL"},{"data":"RingOfDestiny:DeathLeakage","floor":49,"key":"SMITH"},{"data":"RingOfDestiny:DeathLeakage","floor":52,"key":"SMITH"}],"circlet_count":0,"master_deck":["RingOfDestiny:Strike_MB+1","RingOfDestiny:DeathLeakage+1","RingOfDestiny:DeathLeakage+1","RingOfDestiny:DarkShield+1","RingOfDestiny:GrowBullet","RingOfDestiny:InnerFocus","RingOfDestiny:Reload","RingOfDestiny:Determination","RingOfDestiny:DevilKiss","RingOfDestiny:Underhand","RingOfDestiny:MoonCurtain","RingOfDestiny:BloodyLeakage+1","RingOfDestiny:DeathLeakage+1","RingOfDestiny:DeathLeakage","RingOfDestiny:EtchSpirit","RingOfDestiny:QuickDraw","RingOfDestiny:Apoptosis+1","RingOfDestiny:DeathLeakage","RingOfDestiny:DeathLeakage+1","RingOfDestiny:BlackLight+1"],"relics":["RingOfDestiny:Flintlock","REME_ComplimentaryCards","DALC_SIX","RingOfDestiny:Bow","Meat on the Bone","DALC_TEN","RingOfDestiny:LeatherShoes","Incense Burner","Membership Card","REME_HourglassOfDeath","TheAbacus","REME_DuelDisc","TungstenRod","PreservedInsect","REME_CardOfGreed","DALC_FIVE"],"acts_visited":["RingOfDestiny:IdeologyCorridor","RingOfDestiny:KnowledgeHall","RingOfDestiny:WisdomThrone","RingOfDestiny:BlackNoah"],"potions_floor_usage":[16,33,33,37,45,50],"damage_taken":[{"damage":11,"enemies":"Jaw Worm","floor":1,"turns":3},{"damage":0,"enemies":"Small Slimes","floor":5,"turns":4},{"damage":48,"enemies":"RingOfDestiny:TalkingChest","floor":6,"turns":6},{"damage":18,"enemies":"RingOfDestiny:TheMonitor","floor":12,"turns":5},{"damage":0,"enemies":"3 Louse","floor":13,"turns":1},{"damage":78,"enemies":"The Guardian","floor":16,"turns":11},{"damage":23,"enemies":"Shell Parasite","floor":18,"turns":4},{"damage":34,"enemies":"Spheric Guardian","floor":19,"turns":4},{"damage":15,"enemies":"Centurion and Healer","floor":21,"turns":7},{"damage":21,"enemies":"Snake Plant","floor":27,"turns":3},{"damage":18,"enemies":"Shelled Parasite and Fungi","floor":31,"turns":3},{"damage":50,"enemies":"Champ","floor":33,"turns":7},{"damage":50,"enemies":"3 Darklings","floor":35,"turns":9},{"damage":50,"enemies":"2 Orb Walkers","floor":37,"turns":3},{"damage":5,"enemies":"Orb Walker","floor":39,"turns":2},{"damage":8,"enemies":"4 Shapes","floor":41,"turns":2},{"damage":0,"enemies":"Jaw Worm Horde","floor":44,"turns":1},{"damage":0,"enemies":"3 Darklings","floor":45,"turns":2},{"damage":12,"enemies":"Writhing Mass","floor":48,"turns":2},{"damage":71,"enemies":"Awakened One","floor":50,"turns":6},{"damage":36,"enemies":"RingOfDestiny:Fyra","floor":54,"turns":3},{"damage":120,"enemies":"RingOfDestiny:Rita","floor":55,"turns":7}],"seed_played":"-9031024106454103570","potions_obtained":[{"floor":1,"key":"DistilledChaos"},{"floor":18,"key":"SkillPotion"},{"floor":35,"key":"Swift Potion"},{"floor":44,"key":"LiquidBronze"},{"floor":45,"key":"REME_GoldPotion"}],"is_trial":false,"path_per_floor":["M","?","$","?","M","E","T","R","T","?","?","E","M","?","R","B",null,"M","M","?","M","?","R","?","$","T","M","$","?","R","M","R","B",null,"M","$","?","$","M","R","M","?","T","M","M","$","$","M","R","B",null,"R","$","E","B"],"character_chosen":"MagicBullet","items_purchased":["RingOfDestiny:Determination","BlessingOfTheForge","Membership Card","RingOfDestiny:DeathLeakage","TheAbacus","RingOfDestiny:QuickDraw","RingOfDestiny:DeathLeakage","REME_CardOfGreed"],"campfire_rested":3,"item_purchase_floors":[3,25,25,28,28,36,38,46],"current_hp_per_floor":[96,75,75,75,75,27,27,59,59,59,64,46,58,58,91,25,112,89,67,67,64,64,64,64,64,64,55,55,55,55,49,82,44,112,62,62,24,24,41,41,45,45,45,67,77,77,77,75,75,26,112,112,112,76,0,0],"gold":75,"neow_bonus":"TEN_PERCENT_HP_BONUS","is_daily":false,"chose_seed":false,"campfire_upgraded":4,"win_rate":0.0,"timestamp":1614150869,"path_taken":["M","?","$","?","?","E","?","R","T","?","?","E","M","?","R","BOSS","M","M","?","?","?","R","?","?","T","M","$","?","R","?","R","BOSS","M","$","?","$","M","R","M","?","T","M","?","?","$","M","R","BOSS","R","$","E","BOSS"],"items_purchased_type":["Card","Potion","Relic","Card","Relic","Card","Card","Relic"],"build_version":"2020-12-22","purchased_purges":4,"victory":false,"max_hp_per_floor":[107,107,107,107,107,107,107,107,107,107,112,112,112,112,112,112,112,112,112,112,112,112,112,112,112,112,112,112,112,112,112,112,112,112,112,112,112,112,112,112,112,112,112,112,112,112,112,112,112,112,112,112,112,112,112,112],"relic_stats":{"TheAbacus":[90],"counters":[22,94],"PreservedInsect":68,"obtain_stats":[{"DALC_TEN":17,"RingOfDestiny:Flintlock":0,"RingOfDestiny:Bow":9,"DALC_SIX":6,"REME_DuelDisc":34,"PreservedInsect":43,"Incense Burner":22,"RingOfDestiny:LeatherShoes":20,"TheAbacus":28,"REME_HourglassOfDeath":26,"Membership Card":25,"REME_CardOfGreed":46,"TungstenRod":37,"DALC_FIVE":54,"REME_ComplimentaryCards":0,"Meat on the Bone":12},{"DALC_TEN":6,"RingOfDestiny:Flintlock":0,"RingOfDestiny:Bow":3,"DALC_SIX":3,"REME_DuelDisc":12,"PreservedInsect":16,"Incense Burner":9,"RingOfDestiny:LeatherShoes":8,"TheAbacus":10,"REME_HourglassOfDeath":9,"Membership Card":9,"REME_CardOfGreed":18,"TungstenRod":14,"DALC_FIVE":21,"REME_ComplimentaryCards":0,"Meat on the Bone":4},{"DALC_TEN":30,"RingOfDestiny:Flintlock":0,"RingOfDestiny:Bow":13,"DALC_SIX":13,"REME_DuelDisc":57,"PreservedInsect":73,"Incense Burner":45,"RingOfDestiny:LeatherShoes":38,"TheAbacus":47,"REME_HourglassOfDeath":45,"Membership Card":45,"REME_CardOfGreed":76,"TungstenRod":69,"DALC_FIVE":87,"REME_ComplimentaryCards":0,"Meat on the Bone":18}],"TungstenRod":41,"Meat on the Bone":144},"card_choices":[{"not_picked":["RingOfDestiny:Enchantment","RingOfDestiny:DarkShield"],"picked":"RingOfDestiny:Reload","floor":1},{"not_picked":["RingOfDestiny:SleepingBullet","RingOfDestiny:Crimson"],"picked":"RingOfDestiny:DevilKiss","floor":5},{"not_picked":["RingOfDestiny:BreakBullet","RingOfDestiny:PhantasmalAssailants"],"picked":"RingOfDestiny:BlackFuneral","floor":6},{"not_picked":["RingOfDestiny:ForgeBullet","RingOfDestiny:Determination","RingOfDestiny:CovertOperation"],"picked":"SKIP","floor":12},{"not_picked":["RingOfDestiny:DoomsdayMark","RingOfDestiny:Enchantment"],"picked":"RingOfDestiny:Underhand","floor":13},{"not_picked":["RingOfDestiny:NightPendant","RingOfDestiny:BlackFuneral"],"picked":"RingOfDestiny:MoonCurtain","floor":16},{"not_picked":["RingOfDestiny:PhantasmalAssailants+1","RingOfDestiny:Residual","RingOfDestiny:DarkShield"],"picked":"SKIP","floor":18},{"not_picked":["RingOfDestiny:QuickDraw","RingOfDestiny:BulletZero"],"picked":"RingOfDestiny:BloodyLeakage","floor":19},{"not_picked":["RingOfDestiny:Flash","RingOfDestiny:SleepingBullet"],"picked":"RingOfDestiny:DeathLeakage","floor":21},{"not_picked":["RingOfDestiny:Flash","RingOfDestiny:DarkShield","RingOfDestiny:DevilKiss"],"picked":"SKIP","floor":27},{"not_picked":["RingOfDestiny:BlastBullet","RingOfDestiny:RiteOfOrigin"],"picked":"RingOfDestiny:EtchSpirit","floor":31},{"not_picked":["RingOfDestiny:Epilogue","RingOfDestiny:AmmoRain","RingOfDestiny:TrackingBullet+1"],"picked":"SKIP","floor":35},{"not_picked":["RingOfDestiny:RapidFire","RingOfDestiny:SolidEtch+1"],"picked":"RingOfDestiny:Apoptosis+1","floor":37},{"not_picked":["RingOfDestiny:Flash","RingOfDestiny:RestraintRing"],"picked":"RingOfDestiny:DeathLeakage+1","floor":39},{"not_picked":["RingOfDestiny:SolidEtch","RingOfDestiny:Enchantment","RingOfDestiny:GrowBullet+1"],"picked":"SKIP","floor":41},{"not_picked":["RingOfDestiny:Strafing+1","RingOfDestiny:Flash","RingOfDestiny:DarkShield"],"picked":"SKIP","floor":44},{"not_picked":["RingOfDestiny:QuickDraw","RingOfDestiny:ForgeBullet+1","RingOfDestiny:Apoptosis+1"],"picked":"SKIP","floor":45},{"not_picked":["RingOfDestiny:Crimson+1","RingOfDestiny:Strafing"],"picked":"RingOfDestiny:BlackLight+1","floor":48},{"not_picked":["RingOfDestiny:Apoptosis+1","RingOfDestiny:DeathTrack","RingOfDestiny:Potential"],"picked":"SKIP","floor":54}],"player_experience":15921,"relics_obtained":[{"floor":6,"key":"DALC_SIX"},{"floor":9,"key":"RingOfDestiny:Bow"},{"floor":12,"key":"Meat on the Bone"},{"floor":26,"key":"REME_HourglassOfDeath"},{"floor":37,"key":"TungstenRod"},{"floor":43,"key":"PreservedInsect"},{"floor":54,"key":"DALC_FIVE"}],"event_choices":[{"damage_healed":0,"gold_gain":0,"player_choice":"Entered Light","damage_taken":21,"max_hp_gain":0,"max_hp_loss":0,"event_name":"Shining Light","floor":2,"gold_loss":0,"cards_upgraded":["RingOfDestiny:Strike_MB","RingOfDestiny:DarkShield"]},{"damage_healed":0,"gold_gain":100,"player_choice":"Pray","damage_taken":0,"max_hp_gain":0,"max_hp_loss":0,"event_name":"Golden Shrine","floor":4,"gold_loss":0},{"damage_healed":0,"gold_gain":0,"player_choice":"Leave","damage_taken":0,"max_hp_gain":0,"max_hp_loss":0,"event_name":"conspire:Investor","floor":10,"gold_loss":0},{"damage_healed":0,"gold_gain":0,"player_choice":"Donut","damage_taken":0,"max_hp_gain":5,"max_hp_loss":0,"event_name":"Big Fish","floor":11,"gold_loss":0},{"damage_healed":0,"gold_gain":0,"player_choice":"Left Gold","damage_taken":0,"max_hp_gain":0,"max_hp_loss":0,"event_name":"World of Goop","floor":14,"gold_loss":23},{"cards_removed":["RingOfDestiny:RestraintRing"],"damage_healed":0,"gold_gain":0,"player_choice":"Gave Card","damage_taken":0,"relics_obtained":["RingOfDestiny:LeatherShoes"],"max_hp_gain":0,"max_hp_loss":0,"event_name":"WeMeetAgain","floor":20,"gold_loss":0},{"damage_healed":0,"gold_gain":0,"player_choice":"Opened","damage_taken":0,"relics_obtained":["Incense Burner"],"max_hp_gain":0,"max_hp_loss":0,"event_name":"The Mausoleum","floor":22,"gold_loss":0},{"damage_healed":0,"gold_gain":0,"player_choice":"Read","damage_taken":0,"max_hp_gain":0,"max_hp_loss":0,"event_name":"The Library","floor":24,"gold_loss":0,"cards_obtained":["RingOfDestiny:LoomingDeath"]},{"cards_removed":["RingOfDestiny:Defend_MB"],"damage_healed":0,"gold_gain":0,"player_choice":"Gave Gold","damage_taken":0,"max_hp_gain":0,"max_hp_loss":0,"event_name":"Beggar","floor":29,"gold_loss":75},{"damage_healed":0,"gold_gain":0,"player_choice":"Fight","damage_taken":0,"max_hp_gain":0,"max_hp_loss":0,"event_name":"Mysterious Sphere","floor":37,"gold_loss":0},{"damage_healed":0,"gold_gain":0,"player_choice":"Bought 0 Potions","damage_taken":0,"max_hp_gain":0,"max_hp_loss":0,"event_name":"The Woman in Blue","floor":42,"gold_loss":0}],"is_beta":false,"boss_relics":[{"not_picked":["energizedSpire:OgreHead","conspire:SeveredTorchhead"],"picked":"DALC_TEN"},{"not_picked":["energizedSpire:DeadBattery","conspire:RoyalGoblet"],"picked":"REME_DuelDisc"}],"items_purged_floors":[25,28,36,38],"is_endless":false,"potions_floor_spawned":[1,18,21,31,35,44,45],"killed_by":"RingOfDestiny:Rita","ascension_level":0}}