{"host":"h4s2ow0cl6kdwaz8","time":1614165030,"event":{"mods":["AchievementEnabler","BaseMod","Bestiary","Colored Map","Minty Spire (QoL Compilation)","Permanent Neow","Relic Stats"],"gold_per_floor":[111,125,138,148,164,164,193,193,244,260,260,295,295,327,327,425,425,438,438,12,23,40,69,88,88,88,88,103,118,133,160,160,265,265,281,281,281,292,292,322,322,78,78,89,104,133,133,151,151,151],"floor_reached":51,"language":"ENG","playtime":3471,"items_purged":["Strike_R","Strike_R"],"score":771,"play_id":"0ef62f91-0730-4436-b021-604bec26c69b","local_time":"20210224111030","is_ascension_mode":false,"campfire_choices":[{"data":"Barricade","floor":6,"key":"SMITH"},{"data":"Body Slam","floor":8,"key":"SMITH"},{"floor":11,"key":"REST"},{"data":"True Grit","floor":13,"key":"SMITH"},{"data":"Body Slam","floor":15,"key":"SMITH"},{"floor":25,"key":"REST"},{"floor":27,"key":"REST"},{"data":"Armaments","floor":32,"key":"SMITH"},{"floor":49,"key":"REST"}],"circlet_count":0,"master_deck":["Strike_R","Defend_R","Defend_R","Defend_R","Defend_R","Bash","Barricade+1","Shrug It Off","Flame Barrier","Body Slam+1","Clothesline","Feel No Pain","Wild Strike","Body Slam+1","Immolate","Armaments+1","Feel No Pain","Sentinel+1","Warcry","True Grit+1","Juggernaut","True Grit","True Grit+1","Fire Breathing","Juggernaut","Ghostly Armor","Impervious"],"relics":["Burning Blood","Mercury Hourglass","Pear","Ancient Tea Set","Black Star","Toy Ornithopter","Dream Catcher","Lantern","Gremlin Horn","Torii","Art of War","Tiny Chest","Fusion Hammer","Bag of Preparation","Bronze Scales","Bottled Flame","Mummified Hand","Girya","CeramicFish","Orichalcum"],"acts_visited":["Exordium","TheCity","TheBeyond"],"potions_floor_usage":[7,12,23,23,33,35,40],"damage_taken":[{"damage":11,"enemies":"Jaw Worm","floor":1,"turns":2},{"damage":17,"enemies":"Cultist","floor":2,"turns":5},{"damage":6,"enemies":"2 Louse","floor":3,"turns":3},{"damage":4,"enemies":"2 Fungi Beasts","floor":4,"turns":5},{"damage":2,"enemies":"Looter","floor":5,"turns":4},{"damage":27,"enemies":"Gremlin Nob","floor":7,"turns":5},{"damage":13,"enemies":"Lots of Slimes","floor":10,"turns":3},{"damage":12,"enemies":"3 Sentries","floor":12,"turns":7},{"damage":3,"enemies":"Lagavulin","floor":14,"turns":9},{"damage":22,"enemies":"The Guardian","floor":16,"turns":9},{"damage":34,"enemies":"3 Byrds","floor":18,"turns":4},{"damage":8,"enemies":"Chosen","floor":21,"turns":5},{"damage":17,"enemies":"Shelled Parasite and Fungi","floor":22,"turns":8},{"damage":27,"enemies":"Slavers","floor":23,"turns":4},{"damage":18,"enemies":"Snake Plant","floor":24,"turns":7},{"damage":2,"enemies":"Sentry and Sphere","floor":28,"turns":8},{"damage":10,"enemies":"Centurion and Healer","floor":29,"turns":8},{"damage":8,"enemies":"Snake Plant","floor":30,"turns":2},{"damage":19,"enemies":"Gremlin Leader","floor":31,"turns":7},{"damage":44,"enemies":"Collector","floor":33,"turns":12},{"damage":10,"enemies":"3 Darklings","floor":35,"turns":5},{"damage":0,"enemies":"3 Shapes","floor":38,"turns":4},{"damage":70,"enemies":"Reptomancer","floor":40,"turns":7},{"damage":1,"enemies":"Jaw Worm Horde","floor":44,"turns":4},{"damage":0,"enemies":"3 Darklings","floor":45,"turns":4},{"damage":0,"enemies":"Giant Head","floor":46,"turns":8},{"damage":0,"enemies":"Maw","floor":48,"turns":7},{"damage":29,"enemies":"Time Eater","floor":50,"turns":11}],"seed_played":"7930148384773245369","potions_obtained":[{"floor":2,"key":"DuplicationPotion"},{"floor":3,"key":"Fire Potion"},{"floor":4,"key":"BlessingOfTheForge"},{"floor":7,"key":"HeartOfIron"},{"floor":23,"key":"Explosive Potion"},{"floor":24,"key":"Explosive Potion"},{"floor":29,"key":"DistilledChaos"},{"floor":40,"key":"AttackPotion"},{"floor":44,"key":"Energy Potion"}],"is_trial":false,"path_per_floor":["M","M","M","M","M","R","E","R","T","M","R","E","R","E","R","B",null,"M","?","$","M","M","E","M","R","T","R","M","M","M","E","R","B",null,"M","?","?","M","?","E","T","$","T","M","M","E","?","M","R","B",null],"character_chosen":"IRONCLAD","items_purchased":["Toy Ornithopter","Dream Catcher","Armaments","Impervious"],"campfire_rested":4,"item_purchase_floors":[20,20,20,42],"current_hp_per_floor":[75,64,64,66,70,70,49,49,49,42,66,70,70,73,73,57,90,62,62,62,60,49,38,26,53,53,80,84,80,78,65,65,32,90,87,87,87,90,90,26,26,26,26,31,37,43,43,49,76,53],"gold":151,"neow_bonus":"ONE_RANDOM_RARE_CARD","is_daily":false,"chose_seed":false,"campfire_upgraded":5,"win_rate":0.0,"timestamp":1614165030,"path_taken":["M","M","M","M","M","R","E","R","T","M","R","E","R","E","R","BOSS","M","?","$","M","M","E","M","R","T","R","?","M","M","E","R","BOSS","M","?","?","M","?","E","?","?","T","?","M","E","?","M","R","BOSS"],"items_purchased_type":["Relic","Relic","Card","Card"],"build_version":"2020-12-22","purchased_purges":2,"victory":true,"max_hp_per_floor":[80,80,80,80,80,80,80,80,80,80,80,90,90,90,90,90,90,90,90,90,90,90,90,90,90,90,90,90,90,90,90,90,90,90,90,90,90,90,90,90,90,90,90,90,90,90,90,90,90,90],"relic_stats":{"Gremlin Horn":[25,25],"Torii":22,"counters":[28,166],"CeramicFish":0,"Bag of Preparation":[10],"Orichalcum":[0],"Burning Blood":165,"Mercury Hourglass":[589],"Dream Catcher":3,"Mummified Hand":[33],"Bronze Scales":[127],"Tiny Chest":1,"Black Star":4,"Art of War":[15],"obtain_stats":[{"Girya":46,"Lantern":23,"Pear":12,"Gremlin Horn":23,"Torii":26,"CeramicFish":46,"Bag of Preparation":40,"Orichalcum":47,"Ancient Tea Set":14,"Burning Blood":0,"Mercury Hourglass":7,"Dream Catcher":20,"Bottled Flame":41,"Mummified Hand":43,"Bronze Scales":40,"Tiny Chest":31,"Fusion Hammer":34,"Black Star":17,"Art of War":31,"Toy Ornithopter":20},{"Girya":26,"Lantern":14,"Pear":8,"Gremlin Horn":14,"Torii":15,"CeramicFish":26,"Bag of Preparation":23,"Orichalcum":26,"Ancient Tea Set":9,"Burning Blood":0,"Mercury Hourglass":6,"Dream Catcher":11,"Bottled Flame":23,"Mummified Hand":23,"Bronze Scales":23,"Tiny Chest":19,"Fusion Hammer":20,"Black Star":10,"Art of War":19,"Toy Ornithopter":11},{"Girya":148,"Lantern":73,"Pear":34,"Gremlin Horn":73,"Torii":80,"CeramicFish":148,"Bag of Preparation":133,"Orichalcum":148,"Ancient Tea Set":43,"Burning Blood":0,"Mercury Hourglass":24,"Dream Catcher":56,"Bottled Flame":133,"Mummified Hand":133,"Bronze Scales":133,"Tiny Chest":105,"Fusion Hammer":117,"Black Star":52,"Art of War":105,"Toy Ornithopter":56}],"Toy Ornithopter":16},"card_choices":[{"not_picked":["Sword Boomerang","Shockwave"],"picked":"Shrug It Off","floor":1},{"not_picked":["Clothesline","Feel No Pain"],"picked":"Flame Barrier","floor":2},{"not_picked":["Sword Boomerang","Wild Strike"],"picked":"Body Slam","floor":3},{"not_picked":["Thunderclap","Disarm"],"picked":"Clothesline","floor":4},{"not_picked":["Shockwave","Bloodletting"],"picked":"Feel No Pain","floor":5},{"not_picked":["Sword Boomerang","Ghostly Armor"],"picked":"Carnage","floor":7},{"not_picked":["Sword Boomerang","Clash"],"picked":"Wild Strike","floor":10},{"not_picked":["Reaper","Combust"],"picked":"True Grit","floor":12},{"not_picked":["Searing Blow","Warcry"],"picked":"Body Slam","floor":14},{"not_picked":["Offering","Exhume"],"picked":"Immolate","floor":16},{"not_picked":["Pummel","Twin Strike+1","Perfected Strike"],"picked":"SKIP","floor":18},{"not_picked":["Pummel","Cleave"],"picked":"Feel No Pain","floor":21},{"not_picked":["Bloodletting","Perfected Strike+1"],"picked":"Sentinel+1","floor":22},{"not_picked":["Twin Strike","Sword Boomerang","Sentinel"],"picked":"SKIP","floor":23},{"not_picked":["Twin Strike","Sword Boomerang","Sentinel"],"picked":"SKIP","floor":23},{"not_picked":["Armaments","Second Wind"],"picked":"Warcry","floor":24},{"not_picked":["Pommel Strike","Perfected Strike"],"picked":"True Grit+1","floor":25},{"not_picked":["Sword Boomerang","Rage+1"],"picked":"Juggernaut","floor":27},{"not_picked":["Armaments","Sword Boomerang+1"],"picked":"True Grit","floor":28},{"not_picked":["Rage","Perfected Strike"],"picked":"True Grit+1","floor":29},{"not_picked":["Combust","True Grit","Brutality"],"picked":"SKIP","floor":30},{"not_picked":["Sword Boomerang+1","Body Slam"],"picked":"Fire Breathing","floor":31},{"not_picked":["Berserk","Brutality"],"picked":"Juggernaut","floor":33},{"not_picked":["Whirlwind+1","Hemokinesis+1","Iron Wave+1"],"picked":"SKIP","floor":35},{"not_picked":["Pommel Strike+1","Cleave"],"picked":"Ghostly Armor","floor":38},{"not_picked":["Rage","Flex+1","Dual Wield"],"picked":"SKIP","floor":40},{"not_picked":["Intimidate","Carnage+1","Twin Strike+1"],"picked":"SKIP","floor":44},{"not_picked":["Heavy Blade","Flex","Hemokinesis"],"picked":"SKIP","floor":45},{"not_picked":["Second Wind","Sword Boomerang+1","Blood for Blood+1"],"picked":"SKIP","floor":46},{"not_picked":["Rupture+1","Carnage+1","Hemokinesis+1"],"picked":"SKIP","floor":48}],"player_experience":188983,"relics_obtained":[{"floor":7,"key":"Mercury Hourglass"},{"floor":12,"key":"Pear"},{"floor":14,"key":"Ancient Tea Set"},{"floor":23,"key":"Lantern"},{"floor":23,"key":"Gremlin Horn"},{"floor":26,"key":"Torii"},{"floor":31,"key":"Art of War"},{"floor":31,"key":"Tiny Chest"},{"floor":40,"key":"Bag of Preparation"},{"floor":40,"key":"Bronze Scales"},{"floor":41,"key":"Bottled Flame"},{"floor":43,"key":"Mummified Hand"},{"floor":46,"key":"Girya"},{"floor":46,"key":"CeramicFish"}],"event_choices":[{"cards_removed":["Strike_R"],"damage_healed":0,"gold_gain":0,"player_choice":"Purged","damage_taken":0,"max_hp_gain":0,"max_hp_loss":0,"event_name":"Purifier","floor":19,"gold_loss":0},{"cards_removed":["Carnage"],"damage_healed":0,"gold_gain":0,"player_choice":"Removed Attack","damage_taken":0,"max_hp_gain":0,"max_hp_loss":0,"event_name":"Falling","floor":36,"gold_loss":0},{"damage_healed":0,"gold_gain":0,"player_choice":"Ignored","damage_taken":0,"max_hp_gain":0,"max_hp_loss":0,"event_name":"Tomb of Lord Red Mask","floor":37,"gold_loss":0},{"cards_removed":["Strike_R"],"damage_healed":0,"gold_gain":0,"player_choice":"Offered Basic","damage_taken":0,"max_hp_gain":0,"max_hp_loss":0,"event_name":"Bonfire Elementals","floor":39,"gold_loss":0},{"cards_removed":["True Grit"],"damage_healed":0,"gold_gain":0,"player_choice":"Gave Card","damage_taken":0,"relics_obtained":["Orichalcum"],"max_hp_gain":0,"max_hp_loss":0,"event_name":"WeMeetAgain","floor":47,"gold_loss":0}],"is_beta":false,"boss_relics":[{"not_picked":["Black Blood","Coffee Dripper"],"picked":"Black Star"},{"not_picked":["Empty Cage","Runic Cube"],"picked":"Fusion Hammer"}],"items_purged_floors":[20,42],"is_endless":false,"potions_floor_spawned":[2,3,4,7,23,24,29,40,44],"ascension_level":0}}