{"host":"avq773cl9g5msfol","time":1614198590,"event":{"mods":["100% Spire Juice","AchievementEnabler","Act Like it!","Ascension Unlocker","Aspiration","Astrologer","Bard","Bartender","BaseMod","Better Altar","Better Third Choice","BetterRewards","CapriCore","ChefMod","Colored Map","Colored Powertips","Conspire","Dio Mod","Downfall","Elementarium","Energized Spire","Extra Virgin Snecko Oil","Gensokyo","GifTheSpireLib","Hallownest","Hermit","Highlight Path","Hubris","Humility","Infinite Spire","Jorbs\u0027s Wanderer Trilogy","Koishi","Magitek Elite","Marisa????????","Marked Mod","Menagerie","Minty Spire (QoL Compilation)","Pale of the Ancients","Potionbrewer","Quarter Circle Forward PUNCH!","Rare Cards Sparkle","Reimu??????","Relic Stats","Reliquary","Remilia??????","Replay The Spire","Robot Space Explorer","SacredBarkPlus","Shade Mod","Shapeshifter Mod","Somnambulant","Spicy Shops","Spire Arcade","StSLib","The Administrix","The Blue Laboratory","The Bug Knight","The Construct","The Cursed","The Disciple","The Dragon Tamer","The Exalted","The Hayseed","The Hierophant","The Hydrologist","The Immortal","The Marked","The Mystic","The Problem Sleuth","The Runesmith","The Senshi","The Vixen","The Wild Card","TheFirefly","Wandering Minibosses","Wide Potions","vexMod"],"gold_per_floor":[126,126,195,229,280,311,331,331,331,403,271,289,300,346,346,420,420,434,533,533,552,566,601,601,629,629,629,722,803,803,1148,1148,1250,1250,1289,534,534,534],"floor_reached":39,"language":"ENG","playtime":2551,"items_purged":["EscapeVelocity+1","EventHorizon+1"],"score":2658,"play_id":"85264c49-1703-4688-8f25-5407803f885f","local_time":"20210225032950","is_ascension_mode":true,"campfire_choices":[{"data":"EnergyRecoil","floor":8,"key":"SMITH"},{"floor":15,"key":"REST"},{"data":"Orbital","floor":24,"key":"SMITH"},{"data":"infinitespire:Gouge","floor":27,"key":"SMITH"},{"data":"MasterSpark","floor":32,"key":"SMITH"}],"circlet_count":0,"master_deck":["AscendersBane","MasterSpark+1","UpSweep","WitchLeyline+1","Singularity+1","EscapeVelocity+1","OrrerysSun+1","BinaryStars+1","AsteroidBelt+1","JA+1","GalacticHalo+1","SuperPerseids+1","ManaConvection+1","EnergyFlow+1","DragonMeteor+1","Robbery+1","MagicChant+1","OortCloud+1","MilkyWay+1","GasGiant+1","ShootingEcho+1","6A+1","HandOfGreed+1","Acceleration+1","Replay:BasicMightCard+1","StarlightTyphoon+1","SporeBomb+1","MagicAbsorber+1","UltimateShortwave+1","EnergyRecoil+1","BlazingStar+1","Good Instincts+1","MillisecondPulsars+1","CollectingQuirk+1","Orbital+1","infinitespire:Gouge+1","CasketOfStar+1","FairyDestructionRay+1","Replay:Bootleg Shield Generator+1","AbsoluteMagnitude+1"],"relics":["MiniHakkero","Golden Egg","Quantum Egg","SimpleLauncher","HornCleat","hubris:SphereOfDissonance","Happy Flower","hubris:CuriousFeather","Membership Card","vexMod:HeadHunter","AmplifyWand","Ribbon","reliquary:WeakTea","PureWhite:ReiMu","infinitespire:ShieldingShard","ReplayTheSpireMod:TigerMarble","Pen Nib","Ornamental Fan","reliquary:Knoch","reliquary:FingerTrap","Coffee Dripper","wanderingMiniBosses:Blackblade","Pantograph","infinitespire:Satchel","Bag of Marbles","aspiration:RandomNobGenerator","ScarletDevilRocket","reliquary:CitrusReamer","Bromod:ArcaneAegis","hubris:FunFungus","reliquary:Bookmark","conspire:GiftBox"],"acts_visited":["Gensokyo:Gensokyo","Gensokyo:Gensokyoer","TheBeyond"],"potions_floor_usage":[3,6,19,25,38],"damage_taken":[{"damage":0,"enemies":"Gensokyo:3_Fairies","floor":1,"turns":3},{"damage":0,"enemies":"Gensokyo:Python","floor":3,"turns":1},{"damage":0,"enemies":"Gensokyo:Aya","floor":4,"turns":2},{"damage":0,"enemies":"Gensokyo:2_Kodama","floor":5,"turns":2},{"damage":0,"enemies":"Gensokyo:Mamizou","floor":6,"turns":1},{"damage":0,"enemies":"Gensokyo:LivingMonolith","floor":7,"turns":1},{"damage":1,"enemies":"Gensokyo:Cirno","floor":10,"turns":6},{"damage":0,"enemies":"Gensokyo:Gryphon_and_Rabbit","floor":12,"turns":1},{"damage":0,"enemies":"Gensokyo:CorruptedTreant","floor":13,"turns":1},{"damage":0,"enemies":"Gensokyo:Mamizou","floor":14,"turns":4},{"damage":0,"enemies":"Gensokyo:Yukari","floor":16,"turns":4},{"damage":0,"enemies":"Gensokyo:Chomper","floor":18,"turns":2},{"damage":0,"enemies":"Gensokyo:3_Dogs","floor":19,"turns":6},{"damage":0,"enemies":"Gensokyo:Swordslinger","floor":21,"turns":2},{"damage":0,"enemies":"Gensokyo:Chomper_and_Gloop","floor":22,"turns":2},{"damage":0,"enemies":"Gensokyo:Reisen","floor":23,"turns":2},{"damage":0,"enemies":"Gensokyo:Tenshi","floor":25,"turns":2},{"damage":0,"enemies":"Gensokyo:3_Gloops","floor":28,"turns":3},{"damage":0,"enemies":"Gensokyo:Reisen","floor":29,"turns":2},{"damage":0,"enemies":"Gensokyo:Tenshi","floor":31,"turns":1},{"damage":0,"enemies":"Gensokyo:Eternal_Rivals","floor":33,"turns":5},{"damage":0,"enemies":"Orb Walker","floor":35,"turns":1},{"damage":0,"enemies":"hubris:GrandSnecko","floor":37,"turns":2},{"damage":0,"enemies":"conspire:OrnateMirror","floor":38,"turns":3}],"seed_played":"-5703948344905573130","potions_obtained":[{"floor":5,"key":"blueLaboratory:FruitPunch"},{"floor":23,"key":"Adrenaline Potion"},{"floor":25,"key":"Adrenaline Potion"}],"is_trial":false,"path_per_floor":["M","?","M","E","M","E","M","R","T","E","$","M","M","E","R","B",null,"M","M","AVR","M","M","E","R","E","T","R","M","E","?","E","R","B",null,"M","$","B","B",null],"character_chosen":"MARISA","items_purchased":["SimpleLauncher","HornCleat","hubris:SphereOfDissonance","JA","GalacticHalo","SuperPerseids","ManaConvection","Happy Flower","hubris:CuriousFeather","Membership Card","blueLaboratory:FruitPunch","potionbrewer:StunPotion","EnergyFlow+1","vexMod:HeadHunter","DragonMeteor","AmplifyWand","Robbery","MagicChant","OortCloud","MilkyWay+1","GasGiant","ShootingEcho","Ribbon","6A","reliquary:WeakTea","HandOfGreed","Acceleration","PureWhite:ReiMu","qcfpunch:Challenger_Coin","Replay:BasicMightCard","StarlightTyphoon","infinitespire:ShieldingShard","ReplayTheSpireMod:TigerMarble","SporeBomb","MagicAbsorber","Flashbang","Good Instincts","reliquary:FingerTrap","FairyDestructionRay","Replay:Bootleg Shield Generator","reliquary:CitrusReamer","Bromod:ArcaneAegis","hubris:FunFungus","reliquary:Bookmark","conspire:GiftBox"],"campfire_rested":1,"item_purchase_floors":[0,0,0,0,0,0,0,0,0,0,0,0,0,0,0,0,0,0,0,0,0,0,0,0,0,0,0,0,0,0,0,0,0,0,0,0,11,11,36,36,36,36,36,36,36],"current_hp_per_floor":[63,67,67,70,70,72,72,72,72,71,71,71,71,71,72,72,72,72,72,72,72,72,72,72,72,72,72,72,72,72,72,72,72,72,72,72,72,72],"gold":534,"neow_bonus":"","is_daily":false,"chose_seed":false,"campfire_upgraded":4,"win_rate":0.0,"timestamp":1614198590,"path_taken":["M","?","M","E","M","E","M","R","T","E","?","?","M","E","R","BOSS","M","M","AVR","M","M","E","R","E","T","R","M","E","?","E","R","BOSS","M","$","BOSS","BOSS"],"items_purchased_type":["Relic","Relic","Relic","Card","Card","Card","Card","Relic","Relic","Relic","Potion","Potion","Card","Relic","Card","Relic","Card","Card","Card","Card","Card","Card","Relic","Card","Relic","Card","Card","Relic","Potion","Card","Card","Relic","Relic","Card","Card","Potion","Card","Relic","Card","Card","Relic","Relic","Relic","Relic","Relic"],"build_version":"2020-12-22","purchased_purges":2,"victory":true,"max_hp_per_floor":[70,70,70,70,70,72,72,72,72,72,72,72,72,72,72,72,72,72,72,72,72,72,72,72,72,72,72,72,72,72,72,72,72,72,72,72,72,72],"relic_stats":{"Happy Flower":[19],"counters":[219,648],"Ornamental Fan":[44],"Pantograph":0,"Pen Nib":[8],"obtain_stats":[{"construct:FoamFinger":0,"ScarletDevilRocket":34,"downfall:HeartBlessingGreen":35,"qcfpunch:Red_Beret":35,"Replay:Wanted Poster":34,"vexMod:InvisibilityCloak":0,"infinitespire:ShieldingShard":0,"qcfpunch:Lotus_Statue":24,"Replay:Bronze Core":17,"HandDrill":0,"reliquary:FingerTrap":11,"Replay:Bottled Steam":8,"HollowMod:QueensCombRelic":12,"DemoMod:OrangeGuonStone":23,"Pen Nib":4,"Akabeko":45,"potionbrewer:Torch":38,"vexMod:GhostlyGear":0,"reliquary:Bookmark":36,"infinitespire:Broken Mirror":4,"Bird Faced Urn":46,"Tintinnabulum":12,"Snecko Eye":24,"MiniHakkero":0,"Regal Pillow":42,"Bromod:ArcanePistoleer":23,"hubris:EmptyBottle":0,"Ancient Tea Set":41,"Gensokyo:PortableGap":17,"Pet Ghost":3,"Cleaning_Rag":27,"qcfpunch:Wild_Herbs_Ointment":41,"hubris:Backtick":34,"infinitespire:Bottled Soul":47,"aspiration:AnachronicSnailShell":46,"Toolbox":37,"hubris:CuriousFeather":0,"energizedSpire:HugeHouse":17,"aspiration:FutureDiary":0,"Guardian:BottledAnomaly":0,"InkBottle":52,"aspiration:ChemicalBlood":20,"Potion Belt":31,"DemoMod:Antibody":26,"PreservedInsect":4,"hexamod:InflammatoryLetter":41,"aspiration:RandomNobGenerator":34,"infinitespire:Lucky Rock":13,"hubris:Towel":29,"Ornamental Fan":22,"Slimebound:AbsorbEndCombat":0,"Garlic":26,"Art of War":27,"infinitespire:Midas Blood":43,"Ice Cream":0,"DemoMod:BlueGuonStone":0,"Calipers":0,"Gremlin Horn":40,"DemoMod:GlassGuonStoneRelic":2,"theSenshi:FeatherClipsRelic":13,"DemoMod:RiddleOfLead":17,"qcfpunch:Unceasing_Flame":43,"DemoMod:MonsterBlood":42,"DemoMod:ClearGuonStone":0,"hexamod:SpiritBrand":0,"Replay:Grab Bag":17,"hexamod:TheBrokenSeal":3,"wanderingMiniBosses:MasterThiefsPresence":13,"hubris:FruitBowl":3,"potionbrewer:BhaskarasWheel":17,"vexMod:PaidLearning":0,"hexamod:MatchstickCase":8,"OrangePellets":29,"conspire:GiftBox":36,"PaintedHorse:ReiMu":4,"infinitespire:EmpoweringShard":0,"reliquary:Knoch":10,"aspiration:HatOfInfinitePower":11,"Mirror":0,"Enchiridion":4,"Juzu Bracelet":41,"Empty Cage":5,"DemoMod:SevenLeafClover":26,"hubris:Icosahedron":19,"downfall:HeartBlessingBlue":18,"downfall:KnowingSkull":20,"TheVixenMod:UmbreonRelic":37,"SimpleLauncher":0,"qcfpunch:Army_Boots":26,"vexMod:FocusSash":30,"Medical Kit":14,"ShroomBag":0,"Pondfish Scales":0,"wanderingMiniBosses:CarrionFlame":22,"infinitespire:Satchel":29,"hubris:BundleOfHerbs":41,"Bag of Marbles":43,"Membership Card":0,"DemoMod:WaxWing":17,"potionbrewer:Keyblade":19,"hexamod:IceCube":34,"RuthlessExorcism:ReiMu":25,"Moonworks:BrokenBomb":0,"Golden Egg":1,"Bromod:ArcaneNullifier":43,"wanderingMiniBosses:OtherGremlinHorn":4,"Ginger":29,"Bromod:ArcaneAegis":36,"Old Coin":41,"aspiration:PoetsPen":34,"Ribbon":0,"vexMod:EndlessSickness":34,"construct:RocketBooster":0,"HollowMod:JonisBlessing":53,"hubris:SphereOfDissonance":0,"reliquary:WeakTea":0,"aspiration:FrozenJewel":14,"Elementarium:GoldenMirage":20,"DemoMod:GundromedaStrain":48,"Elementarium:ElementariumTrophy":33,"Pandora\u0027s Box":4,"MysticCrockPot":0,"hubris:TenFootPole":14,"infinitespire:Cupcake":34,"AmplifyWand":0,"qcfpunch:Spiky_Bracers":0,"aspiration:Lifesprig":7,"Moonworks:GoldenDie":0,"hierophant:PropheticMaskRelic":3,"Blue Doll":10,"wanderingMiniBosses:AbyssPearl":15,"Cursed Key":17,"White_Cape":26,"Gensokyo:LunaticRedEyes":4,"hubris:EvacipatedBox":3,"Replay:Rubber Ducky":39,"Silver_Glasses":17,"WingedGreaves":4,"hubris:FunFungus":36,"construct:ClawGrip":34,"Slimebound:SelfDamagePreventRelic":22,"downfall:HeartBlessingRed":18,"DemoMod:WeirdEgg":0,"Thread and Needle":0,"The Courier":6,"infinitespire:CheckeredPen":8,"aspiration:PocketMushroom":0,"PureWhite:ReiMu":0,"CrazyTorch:ReiMu":45,"ReplayTheSpireMod:Lightbulb":37,"hubris:CrystalStatue":34,"Tea:ReiMu":24,"Vajra":12,"HornCleat":0,"reliquary:CitrusReamer":36,"Mastiff:ReiMu":0,"qcfpunch:Red_Gi":38,"aspiration:ArtOfWarUpgrade":44,"conspire:Dentures":41,"Guardian:BottledStasis":0,"Happy Flower":0,"aspiration:Nostalgia":3,"Dead Branch":0,"Oddly Smooth Stone":44,"Guardian:ModeShifter":0,"infinitespire:Beetle Shell":0,"conspire:Boomerang":42,"War Paint":40,"Question Card":0,"Replay:Baseball":28,"wanderingMiniBosses:Blackblade":19,"Shuriken":0,"energizedSpire:NeverEndingSparkler":17,"Bronze Scales":26,"Moonworks:Homemark":0,"ReplayTheSpireMod:TigerMarble":7,"Grinning Jar":21,"Meat on the Bone":9,"Bromod:ArcaneAvenger":44,"ReplayFunnel":6,"theSenshi:SuperSailorFukuRelic":0,"SlipperyGoo":0,"qcfpunch:Not_Strongest_Fighting_Style_Guidebook":41,"Incense Burner":0,"hubris:SlimyHat":0,"Hallownest:DreamNailRelic":8,"DemoMod:WhiteGuonStone":40,"ClockworkSouvenir":45,"Frozen Eye":25,"Pantograph":23,"Genji_Glove":26,"qcfpunch:Wrestler\u0027s_Cloak":39,"Bromod:ArcaneGuardian":26,"aspiration:Legacy_Headhunter":43,"Gremlin Food":0,"hubris:DisguiseKit":45,"BargainBundle":28,"ReplayTheSpireMod:Ninjato":22,"Replay:Towering Pillar of Hats":0,"aspiration:FetidBarrel":0,"Quantum Egg":1,"vexMod:ConsolationPrize":24,"qcfpunch:White_Boots":0,"theWildCard:VelvetContract":0,"Golden_Hairpin":34,"CaptainsWheel":0,"Anchor":0,"Chronometer":0,"vexMod:HeadHunter":0,"qcfpunch:Red_Headband":24,"Coffee Dripper":17},{"construct:FoamFinger":123,"ScarletDevilRocket":216,"downfall:HeartBlessingGreen":93,"qcfpunch:Red_Beret":43,"Replay:Wanted Poster":93,"vexMod:InvisibilityCloak":25,"infinitespire:ShieldingShard":170,"qcfpunch:Lotus_Statue":86,"Replay:Bronze Core":178,"HandDrill":170,"reliquary:FingerTrap":202,"Replay:Bottled Steam":175,"HollowMod:QueensCombRelic":158,"DemoMod:OrangeGuonStone":12,"Pen Nib":198,"Akabeko":147,"potionbrewer:Torch":45,"vexMod:GhostlyGear":149,"reliquary:Bookmark":217,"infinitespire:Broken Mirror":2,"Bird Faced Urn":98,"Tintinnabulum":7,"Snecko Eye":113,"MiniHakkero":170,"Regal Pillow":190,"Bromod:ArcanePistoleer":37,"hubris:EmptyBottle":25,"Ancient Tea Set":45,"Gensokyo:PortableGap":60,"Pet Ghost":27,"Cleaning_Rag":181,"qcfpunch:Wild_Herbs_Ointment":189,"hubris:Backtick":43,"infinitespire:Bottled Soul":192,"aspiration:AnachronicSnailShell":191,"Toolbox":68,"hubris:CuriousFeather":195,"energizedSpire:HugeHouse":134,"aspiration:FutureDiary":0,"Guardian:BottledAnomaly":51,"InkBottle":101,"aspiration:ChemicalBlood":179,"Potion Belt":41,"DemoMod:Antibody":180,"PreservedInsect":27,"hexamod:InflammatoryLetter":96,"aspiration:RandomNobGenerator":216,"infinitespire:Lucky Rock":57,"hubris:Towel":89,"Ornamental Fan":11,"Slimebound:AbsorbEndCombat":0,"Garlic":39,"Art of War":181,"infinitespire:Midas Blood":146,"Ice Cream":51,"DemoMod:BlueGuonStone":25,"Calipers":153,"Gremlin Horn":189,"DemoMod:GlassGuonStoneRelic":1,"theSenshi:FeatherClipsRelic":109,"DemoMod:RiddleOfLead":60,"qcfpunch:Unceasing_Flame":190,"DemoMod:MonsterBlood":69,"DemoMod:ClearGuonStone":25,"hexamod:SpiritBrand":51,"Replay:Grab Bag":178,"hexamod:TheBrokenSeal":53,"wanderingMiniBosses:MasterThiefsPresence":133,"hubris:FruitBowl":154,"potionbrewer:BhaskarasWheel":9,"vexMod:PaidLearning":123,"hexamod:MatchstickCase":54,"OrangePellets":40,"conspire:GiftBox":217,"PaintedHorse:ReiMu":151,"infinitespire:EmpoweringShard":51,"reliquary:Knoch":202,"aspiration:HatOfInfinitePower":56,"Mirror":170,"Enchiridion":125,"Juzu Bracelet":21,"Empty Cage":76,"DemoMod:SevenLeafClover":39,"hubris:Icosahedron":84,"downfall:HeartBlessingBlue":84,"downfall:KnowingSkull":10,"TheVixenMod:UmbreonRelic":143,"SimpleLauncher":170,"qcfpunch:Army_Boots":39,"vexMod:FocusSash":139,"Medical Kit":133,"ShroomBag":170,"Pondfish Scales":25,"wanderingMiniBosses:CarrionFlame":162,"infinitespire:Satchel":214,"hubris:BundleOfHerbs":189,"Bag of Marbles":71,"Membership Card":51,"DemoMod:WaxWing":34,"potionbrewer:Keyblade":60,"hexamod:IceCube":67,"RuthlessExorcism:ReiMu":63,"Moonworks:BrokenBomb":149,"Golden Egg":0,"Bromod:ArcaneNullifier":120,"wanderingMiniBosses:OtherGremlinHorn":2,"Ginger":15,"Bromod:ArcaneAegis":217,"Old Coin":45,"aspiration:PoetsPen":18,"Ribbon":51,"vexMod:EndlessSickness":117,"construct:RocketBooster":74,"HollowMod:JonisBlessing":101,"hubris:SphereOfDissonance":195,"reliquary:WeakTea":195,"aspiration:FrozenJewel":133,"Elementarium:GoldenMirage":113,"DemoMod:GundromedaStrain":23,"Elementarium:ElementariumTrophy":117,"Pandora\u0027s Box":2,"MysticCrockPot":123,"hubris:TenFootPole":32,"infinitespire:Cupcake":167,"AmplifyWand":195,"qcfpunch:Spiky_Bracers":51,"aspiration:Lifesprig":28,"Moonworks:GoldenDie":153,"hierophant:PropheticMaskRelic":104,"Blue Doll":130,"wanderingMiniBosses:AbyssPearl":83,"Cursed Key":84,"White_Cape":113,"Gensokyo:LunaticRedEyes":53,"hubris:EvacipatedBox":154,"Replay:Rubber Ducky":68,"Silver_Glasses":178,"WingedGreaves":53,"hubris:FunFungus":217,"construct:ClawGrip":185,"Slimebound:SelfDamagePreventRelic":11,"downfall:HeartBlessingRed":84,"DemoMod:WeirdEgg":51,"Thread and Needle":149,"The Courier":127,"infinitespire:CheckeredPen":29,"aspiration:PocketMushroom":170,"PureWhite:ReiMu":74,"CrazyTorch:ReiMu":22,"ReplayTheSpireMod:Lightbulb":68,"hubris:CrystalStatue":43,"Tea:ReiMu":62,"Vajra":81,"HornCleat":170,"reliquary:CitrusReamer":217,"Mastiff:ReiMu":149,"qcfpunch:Red_Gi":144,"aspiration:ArtOfWarUpgrade":190,"conspire:Dentures":145,"Guardian:BottledStasis":25,"Happy Flower":25,"aspiration:Nostalgia":104,"Dead Branch":102,"Oddly Smooth Stone":22,"Guardian:ModeShifter":25,"infinitespire:Beetle Shell":170,"conspire:Boomerang":146,"War Paint":21,"Question Card":25,"Replay:Baseball":14,"wanderingMiniBosses:Blackblade":208,"Shuriken":51,"energizedSpire:NeverEndingSparkler":111,"Bronze Scales":137,"Moonworks:Homemark":149,"ReplayTheSpireMod:TigerMarble":106,"Grinning Jar":113,"Meat on the Bone":30,"Bromod:ArcaneAvenger":72,"ReplayFunnel":174,"theSenshi:SuperSailorFukuRelic":25,"SlipperyGoo":123,"qcfpunch:Not_Strongest_Fighting_Style_Guidebook":120,"Incense Burner":25,"hubris:SlimyHat":25,"Hallownest:DreamNailRelic":106,"DemoMod:WhiteGuonStone":21,"ClockworkSouvenir":22,"Frozen Eye":62,"Pantograph":211,"Genji_Glove":39,"qcfpunch:Wrestler\u0027s_Cloak":95,"Bromod:ArcaneGuardian":163,"aspiration:Legacy_Headhunter":190,"Gremlin Food":149,"hubris:DisguiseKit":22,"BargainBundle":138,"ReplayTheSpireMod:Ninjato":62,"Replay:Towering Pillar of Hats":51,"aspiration:FetidBarrel":25,"Quantum Egg":0,"vexMod:ConsolationPrize":113,"qcfpunch:White_Boots":51,"theWildCard:VelvetContract":102,"Golden_Hairpin":141,"CaptainsWheel":149,"Anchor":149,"Chronometer":123,"vexMod:HeadHunter":74,"qcfpunch:Red_Headband":12,"Coffee Dripper":206},{"construct:FoamFinger":362,"ScarletDevilRocket":642,"downfall:HeartBlessingGreen":285,"qcfpunch:Red_Beret":120,"Replay:Wanted Poster":285,"vexMod:InvisibilityCloak":71,"infinitespire:ShieldingShard":520,"qcfpunch:Lotus_Statue":256,"Replay:Bronze Core":539,"HandDrill":520,"reliquary:FingerTrap":605,"Replay:Bottled Steam":530,"HollowMod:QueensCombRelic":469,"DemoMod:OrangeGuonStone":33,"Pen Nib":595,"Akabeko":438,"potionbrewer:Torch":126,"vexMod:GhostlyGear":448,"reliquary:Bookmark":643,"infinitespire:Broken Mirror":8,"Bird Faced Urn":302,"Tintinnabulum":17,"Snecko Eye":345,"MiniHakkero":520,"Regal Pillow":577,"Bromod:ArcanePistoleer":99,"hubris:EmptyBottle":71,"Ancient Tea Set":126,"Gensokyo:PortableGap":173,"Pet Ghost":76,"Cleaning_Rag":547,"qcfpunch:Wild_Herbs_Ointment":572,"hubris:Backtick":120,"infinitespire:Bottled Soul":581,"aspiration:AnachronicSnailShell":578,"Toolbox":193,"hubris:CuriousFeather":589,"energizedSpire:HugeHouse":404,"aspiration:FutureDiary":0,"Guardian:BottledAnomaly":143,"InkBottle":316,"aspiration:ChemicalBlood":541,"Potion Belt":110,"DemoMod:Antibody":544,"PreservedInsect":76,"hexamod:InflammatoryLetter":292,"aspiration:RandomNobGenerator":642,"infinitespire:Lucky Rock":163,"hubris:Towel":266,"Ornamental Fan":28,"Slimebound:AbsorbEndCombat":0,"Garlic":107,"Art of War":547,"infinitespire:Midas Blood":435,"Ice Cream":143,"DemoMod:BlueGuonStone":71,"Calipers":455,"Gremlin Horn":571,"DemoMod:GlassGuonStoneRelic":4,"theSenshi:FeatherClipsRelic":337,"DemoMod:RiddleOfLead":173,"qcfpunch:Unceasing_Flame":577,"DemoMod:MonsterBlood":197,"DemoMod:ClearGuonStone":71,"hexamod:SpiritBrand":143,"Replay:Grab Bag":539,"hexamod:TheBrokenSeal":150,"wanderingMiniBosses:MasterThiefsPresence":399,"hubris:FruitBowl":457,"potionbrewer:BhaskarasWheel":23,"vexMod:PaidLearning":362,"hexamod:MatchstickCase":154,"OrangePellets":108,"conspire:GiftBox":643,"PaintedHorse:ReiMu":451,"infinitespire:EmpoweringShard":143,"reliquary:Knoch":605,"aspiration:HatOfInfinitePower":158,"Mirror":520,"Enchiridion":369,"Juzu Bracelet":62,"Empty Cage":217,"DemoMod:SevenLeafClover":107,"hubris:Icosahedron":251,"downfall:HeartBlessingBlue":251,"downfall:KnowingSkull":25,"TheVixenMod:UmbreonRelic":431,"SimpleLauncher":520,"qcfpunch:Army_Boots":107,"vexMod:FocusSash":423,"Medical Kit":399,"ShroomBag":520,"Pondfish Scales":71,"wanderingMiniBosses:CarrionFlame":488,"infinitespire:Satchel":636,"hubris:BundleOfHerbs":572,"Bag of Marbles":203,"Membership Card":143,"DemoMod:WaxWing":91,"potionbrewer:Keyblade":173,"hexamod:IceCube":192,"RuthlessExorcism:ReiMu":181,"Moonworks:BrokenBomb":448,"Golden Egg":0,"Bromod:ArcaneNullifier":356,"wanderingMiniBosses:OtherGremlinHorn":8,"Ginger":42,"Bromod:ArcaneAegis":643,"Old Coin":126,"aspiration:PoetsPen":52,"Ribbon":143,"vexMod:EndlessSickness":352,"construct:RocketBooster":213,"HollowMod:JonisBlessing":316,"hubris:SphereOfDissonance":589,"reliquary:WeakTea":589,"aspiration:FrozenJewel":399,"Elementarium:GoldenMirage":345,"DemoMod:GundromedaStrain":66,"Elementarium:ElementariumTrophy":352,"Pandora\u0027s Box":8,"MysticCrockPot":362,"hubris:TenFootPole":86,"infinitespire:Cupcake":511,"AmplifyWand":589,"qcfpunch:Spiky_Bracers":143,"aspiration:Lifesprig":78,"Moonworks:GoldenDie":455,"hierophant:PropheticMaskRelic":328,"Blue Doll":387,"wanderingMiniBosses:AbyssPearl":246,"Cursed Key":251,"White_Cape":345,"Gensokyo:LunaticRedEyes":151,"hubris:EvacipatedBox":457,"Replay:Rubber Ducky":193,"Silver_Glasses":539,"WingedGreaves":151,"hubris:FunFungus":643,"construct:ClawGrip":559,"Slimebound:SelfDamagePreventRelic":28,"downfall:HeartBlessingRed":251,"DemoMod:WeirdEgg":143,"Thread and Needle":448,"The Courier":378,"infinitespire:CheckeredPen":81,"aspiration:PocketMushroom":520,"PureWhite:ReiMu":213,"CrazyTorch:ReiMu":64,"ReplayTheSpireMod:Lightbulb":193,"hubris:CrystalStatue":120,"Tea:ReiMu":178,"Vajra":238,"HornCleat":520,"reliquary:CitrusReamer":643,"Mastiff:ReiMu":448,"qcfpunch:Red_Gi":432,"aspiration:ArtOfWarUpgrade":577,"conspire:Dentures":434,"Guardian:BottledStasis":71,"Happy Flower":71,"aspiration:Nostalgia":328,"Dead Branch":325,"Oddly Smooth Stone":64,"Guardian:ModeShifter":71,"infinitespire:Beetle Shell":520,"conspire:Boomerang":435,"War Paint":62,"Question Card":71,"Replay:Baseball":38,"wanderingMiniBosses:Blackblade":623,"Shuriken":143,"energizedSpire:NeverEndingSparkler":343,"Bronze Scales":413,"Moonworks:Homemark":448,"ReplayTheSpireMod:TigerMarble":331,"Grinning Jar":345,"Meat on the Bone":83,"Bromod:ArcaneAvenger":207,"ReplayFunnel":526,"theSenshi:SuperSailorFukuRelic":71,"SlipperyGoo":362,"qcfpunch:Not_Strongest_Fighting_Style_Guidebook":356,"Incense Burner":71,"hubris:SlimyHat":71,"Hallownest:DreamNailRelic":331,"DemoMod:WhiteGuonStone":62,"ClockworkSouvenir":64,"Frozen Eye":178,"Pantograph":629,"Genji_Glove":107,"qcfpunch:Wrestler\u0027s_Cloak":289,"Bromod:ArcaneGuardian":498,"aspiration:Legacy_Headhunter":577,"Gremlin Food":448,"hubris:DisguiseKit":64,"BargainBundle":416,"ReplayTheSpireMod:Ninjato":178,"Replay:Towering Pillar of Hats":143,"aspiration:FetidBarrel":71,"Quantum Egg":0,"vexMod:ConsolationPrize":345,"qcfpunch:White_Boots":143,"theWildCard:VelvetContract":325,"Golden_Hairpin":428,"CaptainsWheel":448,"Anchor":448,"Chronometer":362,"vexMod:HeadHunter":213,"qcfpunch:Red_Headband":33,"Coffee Dripper":615}]},"card_choices":[{"not_picked":["DC","6A","OortCloud"],"picked":"SKIP","floor":1},{"not_picked":["EnergyFlow","MagicAbsorber","GalacticHalo"],"picked":"SKIP","floor":3},{"not_picked":["SatelliteIllusion","SuperNova"],"picked":"UltimateShortwave","floor":4},{"not_picked":["WitchOfGreed","PropBag","AsteroidBelt"],"picked":"SKIP","floor":4},{"not_picked":["GrandCross","DoubleSpark","GravityBeat"],"picked":"SKIP","floor":5},{"not_picked":["FinalSpark","SatelliteIllusion","ManaRampage"],"picked":"SKIP","floor":6},{"not_picked":["FinalSpark","DragonMeteor","PowerUp"],"picked":"SKIP","floor":6},{"not_picked":["GalacticHalo","ChargingUp"],"picked":"EnergyRecoil","floor":7},{"not_picked":["EscapeVelocity","TreasureHunter"],"picked":"BlazingStar","floor":10},{"not_picked":["DoubleSpark","ChargeUpSpray","WitchOfGreed"],"picked":"SKIP","floor":10},{"not_picked":["DoubleSpark","EarthLightRay","PowerUp"],"picked":"SKIP","floor":12},{"not_picked":["OpenUniverse","SporeBomb","GrandCross"],"picked":"SKIP","floor":13},{"not_picked":["EscapeVelocity","SuperNova"],"picked":"MillisecondPulsars","floor":14},{"not_picked":["PowerUp","DC","UnstableBomb"],"picked":"SKIP","floor":14},{"not_picked":["UltimateShortwave","BlazingStar"],"picked":"CollectingQuirk","floor":16},{"not_picked":["IllusionStar","GrandCross","SuperPerseids"],"picked":"SKIP","floor":18},{"not_picked":["LuminesStrike","DragonMeteor"],"picked":"Orbital","floor":19},{"not_picked":["wanderingMiniBosses:FinaleOfPromise"],"picked":"SKIP","floor":19},{"not_picked":["OpenUniverse","WitchOfGreed","MysteriousBeam+1"],"picked":"SKIP","floor":21},{"not_picked":["DC","GravityBeat","EventHorizon+1"],"picked":"SKIP","floor":22},{"not_picked":["StarDustReverie","AbsoluteMagnitude","ManaRampage"],"picked":"SKIP","floor":23},{"not_picked":["AsteroidBelt","EnergyFlow+1","FairyDestructionRay"],"picked":"SKIP","floor":23},{"not_picked":["TreasureHunter","UltimateShortwave","StarDustReverie"],"picked":"SKIP","floor":25},{"not_picked":["DoubleSpark+1","EarthLightRay","IllusionStar"],"picked":"SKIP","floor":25},{"not_picked":["GravityBeat","EscapeVelocity","PowerUp"],"picked":"SKIP","floor":28},{"not_picked":["GravityBeat","EscapeVelocity","PowerUp"],"picked":"SKIP","floor":28},{"not_picked":["CollectingQuirk","UltimateShortwave","SuperNova"],"picked":"SKIP","floor":29},{"not_picked":["Orbital+1","EarthLightRay","PulseMagic"],"picked":"SKIP","floor":29},{"not_picked":["JA","BlazingStar"],"picked":"CasketOfStar","floor":31},{"not_picked":["GasGiant","6A","MagicChant"],"picked":"SKIP","floor":31},{"not_picked":["GravityBeat","EventHorizon+1","Acceleration"],"picked":"SKIP","floor":35},{"not_picked":["SatelliteIllusion","JA"],"picked":"AbsoluteMagnitude","floor":36}],"player_experience":1504375,"relics_obtained":[{"floor":4,"key":"Pen Nib"},{"floor":6,"key":"Ornamental Fan"},{"floor":10,"key":"reliquary:Knoch"},{"floor":19,"key":"wanderingMiniBosses:Blackblade"},{"floor":23,"key":"Pantograph"},{"floor":29,"key":"infinitespire:Satchel"},{"floor":31,"key":"Bag of Marbles"}],"event_choices":[],"is_beta":false,"boss_relics":[{"not_picked":["ReplayTheSpireMod:DimensionalGlitch","Runic Pyramid"],"picked":"Coffee Dripper"},{"not_picked":["reliquary:RedCape","RedLine:ReiMu"],"picked":"aspiration:RandomNobGenerator"}],"items_purged_floors":[0,0],"is_endless":false,"potions_floor_spawned":[3,5,6,10,18,23,25,28,31,35],"ascension_level":20,"is_humility":true}}