{"host":"3z4ju2qnfrhpg6py","time":1614188410,"event":{"mods":["Act Like it!","Arknights","BaseMod","Colored Powertips","Minty Spire (QoL Compilation)","Spicy Shops","StSLib","UnlockEverythingMod","Wide Potions","noobMod","¡¾ÒÅÎï¿¨ÅÆ¡¿REMEMod"],"gold_per_floor":[114,130,150,100,100,131,148,176,176,188,200,227,240,256,256,383,383,400,400,252,252,37,72,72,101,125,125,125,159,159,175,175,277,277,287,298,311,356,376,403,457,484,533,559,559,570,570,600,600,600,600,600,0,33,33],"floor_reached":56,"language":"ZHS","playtime":2328,"items_purged":["Normality","Injury"],"score":2197,"play_id":"c6325828-a586-46e3-952d-f1e4150bbe1d","local_time":"20210225014010","is_ascension_mode":true,"campfire_choices":[{"data":"REME_AllRoundStrike","floor":15,"key":"SMITH"},{"data":"ats:Emotion Absorption","floor":24,"key":"SMITH"},{"data":"ats:Ignite","floor":27,"key":"SMITH"},{"data":"ats:Absolute Focus","floor":32,"key":"SMITH"},{"data":"ats:Flame Of Heaven","floor":45,"key":"SMITH"},{"data":"ats:Assault Order","floor":47,"key":"SMITH"},{"floor":49,"key":"RECALL"},{"data":"ats:Durian","floor":52,"key":"SMITH"}],"circlet_count":0,"master_deck":["ats:Strike C+1","ats:Strike G+1","ats:Strike S","ats:Armor Crushing Shot","ats:Defend","ats:Defend","ats:Defend","ats:Emotion Absorption+1","REME_AllRoundStrike+1","ats:Leaping Hammer","ats:Flexible Camouflage","ats:Leaping Hammer","ats:Curse Doll","ats:Sashimi Platter","ats:Ignite+1","ats:Powerful Strike","ats:Thorns","ats:Absolute Focus+1","ats:Sunburst+1","ats:Volcano+1","ats:Assault Order+1","Injury","ats:Ignite+1","ats:Apocalypse","ats:Very Hot Blade+1","ats:Very Hot Blade+1","ats:Emotion Absorption+1","ats:Apocalypse","ats:Phantom+1","ats:Chain Hook+1","ats:Durian+1","ats:Ignite+1","ats:Flame Of Heaven+1","ats:Very Hot Blade+1","ats:Red Shift+1","ats:Guardian Obelisk","ats:Song Of Battle"],"relics":["ats:Sanity","REME_ComplimentaryCards","ice","ats:Originium","ats:Berate","CaptainsWheel","Molten Egg 2","REME_ChargedStone","Nilry\u0027s Codex","ats:Rhine Circuitry","Potion Belt","Pen Nib","Dead Branch","Bronze Scales","Lantern","Meat on the Bone","ats:Tactical Delivery","PreservedInsect","Ginger","Whetstone","Blood Vial","Gremlin Horn","Akabeko","Membership Card","REME_CardOfGreed","REME_HandOfSuture","ats:Spiritual Recovery","Bag of Marbles"],"acts_visited":["Exordium","TheCity","TheBeyond","TheEnding"],"potions_floor_usage":[16,38,55,55,55,55,55,55,55,55,55,55,55,55,55,55],"damage_taken":[{"damage":14,"enemies":"Small Slimes","floor":1,"turns":3},{"damage":7,"enemies":"2 Louse","floor":2,"turns":2},{"damage":16,"enemies":"Cultist","floor":3,"turns":4},{"damage":55,"enemies":"3 Sentries","floor":6,"turns":6},{"damage":13,"enemies":"Blue Slaver","floor":7,"turns":2},{"damage":15,"enemies":"Gremlin Nob","floor":8,"turns":3},{"damage":14,"enemies":"3 Louse","floor":10,"turns":2},{"damage":0,"enemies":"Large Slime","floor":11,"turns":1},{"damage":0,"enemies":"Lagavulin","floor":12,"turns":2},{"damage":14,"enemies":"Red Slaver","floor":13,"turns":2},{"damage":0,"enemies":"Blue Slaver","floor":14,"turns":1},{"damage":0,"enemies":"Hexaghost","floor":16,"turns":3},{"damage":0,"enemies":"3 Byrds","floor":18,"turns":2},{"damage":14,"enemies":"Book of Stabbing","floor":23,"turns":2},{"damage":22,"enemies":"Slavers","floor":25,"turns":2},{"damage":0,"enemies":"Gremlin Leader","floor":29,"turns":2},{"damage":12,"enemies":"Chosen","floor":31,"turns":2},{"damage":7,"enemies":"Champ","floor":33,"turns":3},{"damage":2,"enemies":"Orb Walker","floor":35,"turns":1},{"damage":5,"enemies":"3 Darklings","floor":36,"turns":2},{"damage":0,"enemies":"Spire Growth","floor":37,"turns":1},{"damage":25,"enemies":"Sphere and 2 Shapes","floor":38,"turns":2},{"damage":19,"enemies":"4 Shapes","floor":39,"turns":2},{"damage":0,"enemies":"Giant Head","floor":40,"turns":3},{"damage":16,"enemies":"2 Orb Walkers","floor":41,"turns":2},{"damage":5,"enemies":"Nemesis","floor":42,"turns":1},{"damage":0,"enemies":"Giant Head","floor":44,"turns":2},{"damage":0,"enemies":"Jaw Worm Horde","floor":46,"turns":1},{"damage":0,"enemies":"Reptomancer","floor":48,"turns":2},{"damage":22,"enemies":"Awakened One","floor":50,"turns":4},{"damage":19,"enemies":"Shield and Spear","floor":54,"turns":2},{"damage":29,"enemies":"The Heart","floor":55,"turns":3}],"seed_played":"6765659677592890348","potions_obtained":[{"floor":1,"key":"EntropicBrew"},{"floor":6,"key":"Energy Potion"},{"floor":7,"key":"REME_GoldPotion"},{"floor":8,"key":"ats:Flame Arts Potion"},{"floor":25,"key":"Swift Potion"},{"floor":29,"key":"REME_GoldPotion"},{"floor":33,"key":"Fire Potion"},{"floor":38,"key":"GamblersBrew"},{"floor":39,"key":"DuplicationPotion"},{"floor":41,"key":"GamblersBrew"},{"floor":42,"key":"ColorlessPotion"},{"floor":48,"key":"BlessingOfTheForge"},{"floor":54,"key":"PowerPotion"}],"is_trial":false,"path_per_floor":["M","M","M","?","?","E","M","E","T","M","M","E","M","M","R","B",null,"M","?","$","?","$","E","R","E","T","R","?","E","?","M","R","B",null,"M","M","M","M","M","E","?","E","T","E","R","M","R","E","R","B",null,"R","$","E","B",null],"character_chosen":"DOCTOR_CLASS","items_purchased":["ats:Rhine Circuitry","Potion Belt","Pen Nib","ats:Guardian Obelisk","ats:Song Of Battle","Membership Card","REME_CardOfGreed","REME_HandOfSuture","ats:Spiritual Recovery","Strength Potion"],"campfire_rested":0,"item_purchase_floors":[20,22,22,53,53,53,53,53,53,53],"current_hp_per_floor":[51,44,28,28,21,32,19,17,17,80,80,80,66,66,66,66,82,82,66,66,66,66,52,52,30,30,30,30,39,39,44,44,60,90,88,87,87,89,83,91,79,91,91,97,97,117,117,120,120,106,118,118,118,103,102],"gold":33,"neow_bonus":"RANDOM_COLORLESS_2","is_daily":false,"chose_seed":false,"campfire_upgraded":7,"win_rate":0.0,"timestamp":1614188410,"path_taken":["M","M","M","?","?","E","M","E","T","M","M","E","M","M","R","BOSS","M","?","$","?","$","E","R","E","T","R","?","E","?","M","R","BOSS","M","?","M","M","M","E","?","E","T","E","R","M","R","E","R","BOSS","R","$","E","BOSS"],"items_purchased_type":["Relic","Relic","Relic","Card","Card","Relic","Relic","Relic","Relic","Potion"],"build_version":"2020-12-22","purchased_purges":2,"victory":true,"max_hp_per_floor":[72,72,72,72,72,76,77,78,78,80,80,80,81,81,81,87,87,93,93,93,93,93,95,95,97,97,97,97,97,97,99,99,100,100,101,101,101,111,117,117,119,119,119,119,119,119,119,120,120,122,122,122,122,123,174],"card_choices":[{"not_picked":["Transmutation","Thinking Ahead"],"picked":"REME_AllRoundStrike","floor":0},{"not_picked":["ats:Guard Mode","ats:Explosion Area Strengthen"],"picked":"ats:Leaping Hammer","floor":1},{"not_picked":["ats:Encircling Forest","ats:Thorns"],"picked":"ats:Flexible Camouflage","floor":2},{"not_picked":["ats:Guard Mode","ats:Shell Defense"],"picked":"ats:Leaping Hammer","floor":3},{"not_picked":["ats:Part Time Job","ats:Explosion Area Strengthen"],"picked":"ats:Curse Doll","floor":6},{"not_picked":["ats:Shadow Raid","ats:Spore Proliferation"],"picked":"ats:Sashimi Platter","floor":7},{"not_picked":["ats:Closed Bolt Burst Fire","ats:True Silver Slash"],"picked":"ats:Ignite","floor":8},{"not_picked":["ats:Explosion Area Strengthen","ats:Charging Defense"],"picked":"ats:Powerful Strike","floor":10},{"not_picked":["ats:Chain Hook","ats:Shell Defense"],"picked":"ats:Thorns","floor":11},{"not_picked":["ats:Shell Defense","ats:Apocalypse"],"picked":"ats:Absolute Focus","floor":12},{"not_picked":["ats:Guard Mode","ats:Calcification"],"picked":"ats:Sunburst+1","floor":13},{"not_picked":["ats:Counter Healing Mode","ats:Explosion Area Strengthen+1","ats:Revitalization"],"picked":"SKIP","floor":14},{"not_picked":["ats:Echo Reverb","ats:True Silver Slash+1"],"picked":"ats:Volcano+1","floor":16},{"not_picked":["ats:Revitalization+1","ats:Neurotoxin"],"picked":"ats:Assault Order","floor":18},{"not_picked":["ats:Rat Pack","ats:Revitalization+1"],"picked":"ats:Apocalypse","floor":23},{"not_picked":["ats:Leaping Hammer+1","ats:Serious Mode+1"],"picked":"ats:Very Hot Blade+1","floor":25},{"not_picked":["ats:Guard Mode+1","ats:Hook Shot"],"picked":"ats:Very Hot Blade+1","floor":29},{"not_picked":["ats:Leaping Hammer+1","ats:Steam Pump"],"picked":"ats:Apocalypse","floor":31},{"not_picked":["ats:Shell Defense","ats:Powerful Strike+1","ats:Explosion Area Strengthen+1"],"picked":"SKIP","floor":35},{"not_picked":["ats:Shell Defense+1","ats:Part Time Job"],"picked":"ats:Phantom+1","floor":36},{"not_picked":["ats:Shell Defense+1","ats:Cat Scratch+1","ats:Magnetic Hammer+1"],"picked":"SKIP","floor":37},{"not_picked":["ats:Explosion Area Strengthen+1","ats:Poison Spread+1"],"picked":"ats:Chain Hook+1","floor":38},{"not_picked":["ats:Blood Oath+1","ats:Shell Defense+1","ats:Cat Scratch+1"],"picked":"SKIP","floor":39},{"not_picked":["ats:Shell Defense+1","ats:Revitalization"],"picked":"ats:Durian","floor":40},{"not_picked":["ats:Explosion Area Strengthen+1","ats:Support Order"],"picked":"ats:Ignite+1","floor":41},{"not_picked":["ats:Very Hot Blade+1","ats:Counter Healing Mode"],"picked":"ats:Flame Of Heaven","floor":42},{"not_picked":["ats:Cat Scratch+1","ats:Wolf Pack+1","ats:Revitalization"],"picked":"SKIP","floor":44},{"not_picked":["ats:Composite Medical Shells+1","ats:Magnetic Hammer+1"],"picked":"ats:Very Hot Blade+1","floor":46},{"not_picked":["ats:Spore Proliferation+1","ats:Magnetic Hammer+1"],"picked":"ats:Red Shift+1","floor":48},{"not_picked":["ats:Leaping Hammer+1","ats:Powerful Strike+1","ats:Closed Bolt Burst Fire+1"],"picked":"SKIP","floor":54}],"player_experience":41306,"relics_obtained":[{"floor":6,"key":"ats:Originium"},{"floor":6,"key":"ats:Berate"},{"floor":8,"key":"ats:Originium"},{"floor":8,"key":"CaptainsWheel"},{"floor":12,"key":"ats:Originium"},{"floor":12,"key":"Molten Egg 2"},{"floor":19,"key":"Nilry\u0027s Codex"},{"floor":23,"key":"ats:Originium"},{"floor":23,"key":"Dead Branch"},{"floor":25,"key":"Bronze Scales"},{"floor":26,"key":"Lantern"},{"floor":29,"key":"Meat on the Bone"},{"floor":40,"key":"PreservedInsect"},{"floor":41,"key":"Ginger"},{"floor":42,"key":"Whetstone"},{"floor":43,"key":"Blood Vial"},{"floor":44,"key":"Gremlin Horn"},{"floor":48,"key":"Akabeko"},{"floor":54,"key":"Bag of Marbles"}],"event_choices":[{"cards_removed":["REME_ProfessionalPlagiarism"],"damage_healed":0,"gold_gain":0,"player_choice":"Card Removal","damage_taken":0,"max_hp_gain":0,"max_hp_loss":0,"event_name":"The Cleric","floor":4,"gold_loss":50},{"cards_removed":["ats:Defend"],"damage_healed":0,"gold_gain":0,"player_choice":"Card Removal","damage_taken":7,"max_hp_gain":0,"max_hp_loss":0,"event_name":"Golden Wing","floor":5,"gold_loss":0},{"damage_healed":0,"gold_gain":0,"player_choice":"Obtained Book","damage_taken":16,"max_hp_gain":0,"max_hp_loss":0,"event_name":"Cursed Tome","floor":19,"gold_loss":0},{"damage_healed":0,"gold_gain":0,"cards_transformed":["Normality","ats:Strike V"],"player_choice":"Became Test Subject","damage_taken":0,"max_hp_gain":0,"max_hp_loss":0,"event_name":"Drug Dealer","floor":21,"gold_loss":0,"cards_obtained":["Injury","ats:Ignite"]},{"damage_healed":0,"gold_gain":0,"player_choice":"Ignored","damage_taken":0,"max_hp_gain":0,"max_hp_loss":0,"event_name":"Vampires","floor":28,"gold_loss":0},{"damage_healed":0,"gold_gain":0,"player_choice":"Copied","damage_taken":0,"max_hp_gain":0,"max_hp_loss":0,"event_name":"Duplicator","floor":30,"gold_loss":0,"cards_obtained":["ats:Emotion Absorption"]},{"damage_healed":0,"gold_gain":0,"player_choice":"Fight","damage_taken":0,"max_hp_gain":0,"max_hp_loss":0,"event_name":"Mysterious Sphere","floor":41,"gold_loss":0}],"is_beta":false,"boss_relics":[{"not_picked":["Ectoplasm","Tiny House"],"picked":"REME_ChargedStone"},{"not_picked":["REME_DemonsWealth","SacredBark"],"picked":"ats:Tactical Delivery"}],"items_purged_floors":[20,53],"is_endless":false,"potions_floor_spawned":[1,6,7,8,14,25,29,33,38,39,41,42,48,54],"ascension_level":9}}