{"host":"98zq812qbocdqs0d","time":1614196619,"event":{"mods":["BaseMod","GifTheSpireLib","Minty Spire (QoL Compilation)","Replay The Spire","StSLib","The Cursed","The Hierophant"],"gold_per_floor":[111,125,1,1,15,15,15,48,125,125,140,152,6,51,51,146,146,165,165,90,0,20,20,48,48,48,80,180,194,194,204,204,299,299,312,312,327,327,346,373,121,121,198,212,312,312,324,324,324,324],"floor_reached":51,"language":"ITA","playtime":7916,"items_purged":["Shame"],"score":673,"play_id":"b0233752-8ad5-4cf6-8b82-a3d0b78d9aca","local_time":"20210224205659","is_ascension_mode":true,"campfire_choices":[{"data":"Choke","floor":6,"key":"SMITH"},{"data":"After Image","floor":10,"key":"SMITH"},{"floor":15,"key":"REST"},{"data":"After Image","floor":23,"key":"SMITH"},{"data":"Cloak And Dagger","floor":25,"key":"SMITH"},{"floor":32,"key":"REST"},{"floor":46,"key":"REST"},{"floor":49,"key":"REST"}],"circlet_count":0,"master_deck":["Strike_G","Strike_G","Strike_G","Strike_G","Strike_G","Defend_G","Defend_G","Defend_G","Defend_G","Defend_G","Survivor","Neutralize+1","Calculated Gamble+1","Blade Dance","Accuracy+1","Blade Dance+1","Choke+1","After Image+1","Cloak And Dagger+1","Prepared+1","After Image+1","Reflex+1","Malaise+1","Blade Dance"],"relics":["Ring of the Snake","Regal Pillow","Meat on the Bone","Juzu Bracelet","Mercury Hourglass","Replay:Bronze Core","Iron Hammer","Gremlin Food","Shuriken","FossilizedHelix","Garlic","Fusion Hammer","Incense Burner","ReplayTheSpireMod:Ninjato","Mirror"],"acts_visited":["Exordium","TheCity","TheBeyond"],"potions_floor_usage":[24,27,29],"damage_taken":[{"damage":1,"enemies":"Small Slimes","floor":1,"turns":3},{"damage":2,"enemies":"Cultist","floor":2,"turns":5},{"damage":0,"enemies":"Jaw Worm","floor":5,"turns":3},{"damage":15,"enemies":"Lagavulin","floor":8,"turns":6},{"damage":2,"enemies":"Blue Slaver","floor":11,"turns":2},{"damage":0,"enemies":"Looter","floor":12,"turns":2},{"damage":11,"enemies":"Fading Forest","floor":16,"turns":11},{"damage":0,"enemies":"Shell Parasite","floor":18,"turns":5},{"damage":0,"enemies":"Chosen","floor":22,"turns":3},{"damage":9,"enemies":"Slavers","floor":24,"turns":6},{"damage":2,"enemies":"Replay:Snechameleon","floor":27,"turns":3},{"damage":0,"enemies":"Snake Plant","floor":29,"turns":5},{"damage":12,"enemies":"Snecko","floor":31,"turns":5},{"damage":8,"enemies":"Pondfish","floor":33,"turns":7},{"damage":0,"enemies":"Orb Walker","floor":35,"turns":2},{"damage":0,"enemies":"3 Darklings","floor":37,"turns":4},{"damage":0,"enemies":"Sphere and 2 Shapes","floor":39,"turns":4},{"damage":0,"enemies":"Reptomancer","floor":40,"turns":4},{"damage":0,"enemies":"Spire Growth","floor":44,"turns":3},{"damage":0,"enemies":"Transient","floor":47,"turns":5},{"damage":0,"enemies":"Replay:Hell Engine","floor":50,"turns":6}],"seed_played":"-5780853819223290517","potions_obtained":[{"floor":2,"key":"PowerPotion"},{"floor":11,"key":"SmokeBomb"},{"floor":12,"key":"Venom Potion"},{"floor":16,"key":"Swift Potion"},{"floor":27,"key":"Energy Potion"},{"floor":33,"key":"Dexterity Potion"},{"floor":37,"key":"Energy Potion"},{"floor":44,"key":"FairyPotion"}],"is_trial":false,"path_per_floor":["M","M","$","?","M","R","$","E","T","R","M","M","$","?","R","B",null,"M","?","$","?","M","R","E","R","T","E","?","M","?","M","R","B",null,"M","?","M","$","M","E","$","?","T","M","?","R","M","?","R","B",null],"character_chosen":"THE_SILENT","items_purchased":["Accuracy","Blade Dance","Juzu Bracelet","ReplayTheSpireMod:Ninjato"],"campfire_rested":4,"item_purchase_floors":[3,3,13,41],"current_hp_per_floor":[69,67,67,67,67,67,67,52,52,52,50,50,50,50,70,59,67,67,67,67,67,67,67,58,58,58,56,56,56,56,44,70,62,68,68,68,68,68,68,68,68,66,66,66,66,66,66,66,66,66],"gold":324,"neow_bonus":"RANDOM_EVENT","is_daily":false,"chose_seed":false,"campfire_upgraded":4,"win_rate":0.0,"timestamp":1614196619,"path_taken":["M","M","$","?","M","R","$","E","T","R","M","M","?","?","R","BOSS","M","?","$","?","M","R","E","R","T","E","?","M","?","M","R","BOSS","M","?","M","$","M","E","$","?","T","M","?","R","M","?","R","BOSS"],"items_purchased_type":["Card","Card","Relic","Relic"],"build_version":"2020-12-22","purchased_purges":1,"victory":true,"max_hp_per_floor":[70,70,70,70,70,70,70,70,70,70,70,70,70,70,70,70,70,70,70,70,70,70,70,70,70,70,70,70,70,70,70,70,70,70,70,70,70,70,70,70,70,66,66,66,66,66,66,66,66,66],"card_choices":[{"not_picked":["Dodge and Roll","Quick Slash"],"picked":"Calculated Gamble","floor":1},{"not_picked":["Flying Knee","Outmaneuver"],"picked":"Blade Dance","floor":2},{"not_picked":["Sucker Punch","Underhanded Strike"],"picked":"Choke","floor":5},{"not_picked":["PiercingWail","Storm of Steel"],"picked":"After Image","floor":8},{"not_picked":["Leg Sweep","Slice"],"picked":"Cloak And Dagger","floor":11},{"not_picked":["Riddle With Holes","Heel Hook"],"picked":"Prepared","floor":12},{"not_picked":["Grand Finale","ReplayTheSpireMod:Necrosis"],"picked":"After Image","floor":16},{"not_picked":["Deadly Poison","Cloak And Dagger","Sucker Punch"],"picked":"SKIP","floor":18},{"not_picked":["ReplayTheSpireMod:Speed Training","Setup","Outmaneuver"],"picked":"SKIP","floor":22},{"not_picked":["Prepared","Outmaneuver","Reflex"],"picked":"SKIP","floor":24},{"not_picked":["Slice","ReplayTheSpireMod:Exploit Weakness","Caltrops+1"],"picked":"SKIP","floor":27},{"not_picked":["Blade Dance","Acrobatics"],"picked":"Reflex+1","floor":29},{"not_picked":["Sucker Punch+1","Cloak And Dagger","Bane+1"],"picked":"SKIP","floor":31},{"not_picked":["Venomology","ReplayTheSpireMod:Necrosis"],"picked":"Malaise","floor":33},{"not_picked":["Acrobatics","Sucker Punch","Slice"],"picked":"SKIP","floor":35},{"not_picked":["ReplayTheSpireMod:Scrap Shanks","Poisoned Stab","Footwork"],"picked":"SKIP","floor":37},{"not_picked":["Riddle With Holes+1","Bane+1","Poisoned Stab"],"picked":"SKIP","floor":39},{"not_picked":["Calculated Gamble+1","Prepared+1","Deflect"],"picked":"SKIP","floor":40},{"not_picked":["ReplayTheSpireMod:Scrap Shanks","Backflip","Dagger Throw+1"],"picked":"SKIP","floor":44},{"not_picked":["Choke","Sucker Punch"],"picked":"Blade Dance","floor":47}],"player_experience":937940,"relics_obtained":[{"floor":8,"key":"Regal Pillow"},{"floor":9,"key":"Meat on the Bone"},{"floor":14,"key":"Mercury Hourglass"},{"floor":24,"key":"Gremlin Food"},{"floor":26,"key":"Shuriken"},{"floor":27,"key":"FossilizedHelix"},{"floor":40,"key":"Incense Burner"},{"floor":43,"key":"Mirror"}],"event_choices":[{"damage_healed":0,"gold_gain":0,"player_choice":"Grow","damage_taken":0,"max_hp_gain":0,"max_hp_loss":0,"event_name":"Living Wall","floor":0,"gold_loss":0,"cards_upgraded":["Neutralize"]},{"damage_healed":0,"gold_gain":0,"player_choice":"Upgraded","damage_taken":0,"max_hp_gain":0,"max_hp_loss":0,"event_name":"Upgrade Shrine","floor":4,"gold_loss":0,"cards_upgraded":["Accuracy"]},{"damage_healed":0,"gold_gain":0,"player_choice":"Stole Relic","damage_taken":0,"relics_obtained":["Iron Hammer"],"max_hp_gain":0,"max_hp_loss":0,"event_name":"Addict","floor":19,"gold_loss":0,"cards_obtained":["Shame"]},{"damage_healed":0,"gold_gain":0,"player_choice":"Paid Fearfully","damage_taken":0,"max_hp_gain":0,"max_hp_loss":0,"event_name":"Masked Bandits","floor":21,"gold_loss":90},{"damage_healed":0,"gold_gain":100,"player_choice":"Pray","damage_taken":0,"max_hp_gain":0,"max_hp_loss":0,"event_name":"Golden Shrine","floor":28,"gold_loss":0},{"damage_healed":0,"gold_gain":0,"player_choice":"Ignored","damage_taken":0,"max_hp_gain":0,"max_hp_loss":0,"event_name":"Tomb of Lord Red Mask","floor":36,"gold_loss":0},{"damage_healed":0,"gold_gain":0,"player_choice":"Max HP","damage_taken":0,"max_hp_gain":0,"max_hp_loss":4,"event_name":"Winding Halls","floor":42,"gold_loss":0},{"damage_healed":0,"gold_gain":100,"player_choice":"Pray","damage_taken":0,"max_hp_gain":0,"max_hp_loss":0,"event_name":"Golden Shrine","floor":45,"gold_loss":0},{"damage_healed":0,"gold_gain":0,"player_choice":"Upgraded","damage_taken":0,"max_hp_gain":0,"max_hp_loss":0,"event_name":"Upgrade Shrine","floor":48,"gold_loss":0,"cards_upgraded":["Blade Dance"]}],"is_beta":false,"boss_relics":[{"not_picked":["Black Star","Runic Pyramid"],"picked":"Replay:Bronze Core"},{"not_picked":["Empty Cage","Cursed Key"],"picked":"Fusion Hammer"}],"items_purged_floors":[20],"is_endless":false,"potions_floor_spawned":[2,11,12,16,22,27,33,37,44,47],"ascension_level":5}}