{"host":"Luke","time":1614173557,"event":{"mods":["BaseMod","Downfall","Hermit","Minty Spire (QoL Compilation)","StSLib","The Bug Knight","The Exalted"],"gold_per_floor":[110,129,129,129,4,38,38,38,64,88,88,88,88,117,117,117,117],"floor_reached":16,"language":"ENG","playtime":1010,"items_purged":["Regret"],"score":129,"play_id":"54080c21-2363-413f-8f6d-2e1c31fb34f5","local_time":"20210224133237","is_ascension_mode":false,"campfire_choices":[{"data":"HollowMod:FocusHealStart","floor":7,"key":"SMITH"},{"data":"HollowMod:NewJinnsSoul","floor":12,"key":"SMITH"},{"floor":15,"key":"REST"}],"circlet_count":0,"master_deck":["HollowMod:NailStrikeStart","HollowMod:NailStrikeStart","HollowMod:NailStrikeStart","HollowMod:NailStrikeStart","HollowMod:QuickDashStart","HollowMod:QuickDashStart","HollowMod:QuickDashStart","HollowMod:QuickDashStart","HollowMod:FocusHealStart+1","HollowMod:PogoStrike","HollowMod:FallenFury","HollowMod:GoodIntentions+1","HollowMod:NewJinnsSoul+1","HollowMod:ElderbugsWisdom","HollowMod:HornetsHelp"],"relics":["HollowMod:VesselMask","NeowsBlessing","Omamori","PreservedInsect","Bronze Scales","Ancient Tea Set","Pocketwatch"],"acts_visited":["Exordium"],"potions_floor_usage":[14,14],"damage_taken":[{"damage":0,"enemies":"Jaw Worm","floor":1,"turns":1},{"damage":0,"enemies":"2 Louse","floor":2,"turns":1},{"damage":0,"enemies":"Lagavulin","floor":6,"turns":1},{"damage":43,"enemies":"HollowMod:MossKnight","floor":14,"turns":16},{"damage":69,"enemies":"Hexaghost","floor":16,"turns":13}],"seed_played":"2948278586590068264","potions_obtained":[{"floor":1,"key":"bronze:BurnAndBuffPotion"},{"floor":2,"key":"champ:CounterPotion"}],"is_trial":false,"path_per_floor":["M","M","?","?","$","E","R","?","T","T","?","R","$","E","R","B"],"character_chosen":"THE_BUGKNIGHT","items_purchased":["HollowMod:NewJinnsSoul"],"campfire_rested":1,"item_purchase_floors":[5],"current_hp_per_floor":[75,75,75,75,75,75,75,75,75,75,63,63,63,32,54,0,0],"gold":117,"neow_bonus":"THREE_ENEMY_KILL","is_daily":false,"chose_seed":false,"campfire_upgraded":2,"win_rate":0.0,"timestamp":1614173557,"path_taken":["M","M","?","?","$","E","R","?","T","?","?","R","?","E","R","BOSS"],"items_purchased_type":["Card"],"build_version":"2020-12-18","purchased_purges":1,"victory":false,"max_hp_per_floor":[75,75,75,75,75,75,75,75,75,75,75,75,75,75,75,75,75],"card_choices":[{"not_picked":["HollowMod:HowlingWraiths","HollowMod:TaintedHusks"],"picked":"HollowMod:FallenFury","floor":1},{"not_picked":["HollowMod:CycloneSlash","HollowMod:InfectionAssault"],"picked":"HollowMod:GoodIntentions","floor":2},{"not_picked":["HollowMod:MantisMark","HollowMod:NewJinnsSoul"],"picked":"HollowMod:ElderbugsWisdom","floor":6},{"not_picked":["HollowMod:TaintedHusks","HollowMod:DescendingDark"],"picked":"HollowMod:HornetsHelp","floor":14}],"player_experience":775106,"relics_obtained":[{"floor":6,"key":"PreservedInsect"},{"floor":10,"key":"Bronze Scales"},{"floor":14,"key":"Pocketwatch"}],"event_choices":[{"damage_healed":0,"gold_gain":0,"player_choice":"Box","damage_taken":0,"relics_obtained":["Omamori"],"max_hp_gain":0,"max_hp_loss":0,"event_name":"Big Fish","floor":4,"gold_loss":0,"cards_obtained":["Regret"]},{"damage_healed":0,"gold_gain":0,"player_choice":"Grow","damage_taken":0,"max_hp_gain":0,"max_hp_loss":0,"event_name":"Living Wall","floor":8,"gold_loss":0,"cards_upgraded":["HollowMod:GoodIntentions"]},{"damage_healed":0,"gold_gain":0,"player_choice":"Success","damage_taken":12,"relics_obtained":["Ancient Tea Set"],"max_hp_gain":0,"max_hp_loss":0,"event_name":"Scrap Ooze","floor":11,"gold_loss":0}],"is_beta":true,"boss_relics":[],"items_purged_floors":[5],"is_endless":false,"potions_floor_spawned":[1,2],"killed_by":"Hexaghost","ascension_level":0}}