{"host":"eglukmwb6rueyn6u","time":1614171771,"event":{"mods":["AchievementEnabler","BaseMod","Colored Powertips","Highlight Path","Minty Spire (QoL Compilation)"],"gold_per_floor":[114,114,134,154,171,206,220,238,238,252,252,287,300,312,312,413,413,413,413],"floor_reached":18,"language":"ENG","playtime":4817,"items_purged":[],"score":253,"play_id":"19177a9a-764c-4d35-983c-4d77784728a2","local_time":"20210224150251","is_ascension_mode":false,"campfire_choices":[{"floor":11.0,"key":"REST"},{"data":"Eruption","floor":15,"key":"SMITH"}],"circlet_count":0,"master_deck":["Strike_P","Strike_P","Strike_P","Defend_P","Defend_P","Defend_P","Defend_P","Eruption+1","Vigilance","FollowUp","ReachHeaven","FearNoEvil","JustLucky","MentalFortress","EmptyFist","MasterReality","JustLucky","Protect","DeceiveReality","Consecrate","Halt","Scrawl"],"relics":["Runic Pyramid","Ice Cream","Thread and Needle","Lizard Tail","Snecko Eye"],"acts_visited":["Exordium","TheCity"],"potions_floor_usage":[18],"damage_taken":[{"damage":1.0,"enemies":"2 Louse","floor":1.0,"turns":3.0},{"damage":0.0,"enemies":"Cultist","floor":3.0,"turns":2.0},{"damage":0.0,"enemies":"Small Slimes","floor":4.0,"turns":2.0},{"damage":5.0,"enemies":"3 Louse","floor":5.0,"turns":3.0},{"damage":18.0,"enemies":"3 Sentries","floor":6.0,"turns":3.0},{"damage":3.0,"enemies":"Large Slime","floor":7.0,"turns":3.0},{"damage":13.0,"enemies":"Lots of Slimes","floor":8.0,"turns":3.0},{"damage":2.0,"enemies":"Gremlin Gang","floor":10.0,"turns":4.0},{"damage":0.0,"enemies":"Lagavulin","floor":12.0,"turns":4.0},{"damage":0,"enemies":"Exordium Thugs","floor":13,"turns":4},{"damage":0,"enemies":"Large Slime","floor":14,"turns":6},{"damage":0,"enemies":"Slime Boss","floor":16,"turns":3},{"damage":23,"enemies":"Spheric Guardian","floor":18,"turns":9}],"seed_played":"1280987682263844183","potions_obtained":[{"floor":3.0,"key":"BlessingOfTheForge"},{"floor":10.0,"key":"DistilledChaos"},{"floor":13,"key":"Explosive Potion"},{"floor":14,"key":"LiquidBronze"}],"is_trial":false,"path_per_floor":["M","?","M","M","M","E","M","M","T","M","R","E","M","M","R","B",null,"M"],"character_chosen":"WATCHER","items_purchased":[],"campfire_rested":1,"item_purchase_floors":[],"current_hp_per_floor":[71,71,71,71,66,48,45,32,32,30,51,51,51,51,51,51,72,49,49],"gold":413,"neow_bonus":"BOSS_RELIC","is_daily":false,"chose_seed":false,"campfire_upgraded":1,"win_rate":0.0,"timestamp":1614171771,"path_taken":["M","?","M","M","M","E","M","?","T","M","R","E","M","M","R","BOSS","M"],"items_purchased_type":[],"build_version":"2020-12-22","purchased_purges":0,"victory":false,"max_hp_per_floor":[72,72,72,72,72,72,72,72,72,72,72,72,72,72,72,72,72,72,72],"card_choices":[{"not_picked":["Pray","Protect"],"picked":"FollowUp","floor":1.0},{"not_picked":["CutThroughFate","MentalFortress"],"picked":"FearNoEvil","floor":3.0},{"not_picked":["ReachHeaven","FlurryOfBlows"],"picked":"JustLucky","floor":4.0},{"not_picked":["FlurryOfBlows","CrushJoints"],"picked":"MentalFortress","floor":5.0},{"not_picked":["BattleHymn","Collect"],"picked":"EmptyFist","floor":6.0},{"not_picked":["SashWhip","CutThroughFate"],"picked":"MasterReality","floor":7.0},{"not_picked":["Crescendo","EmptyBody"],"picked":"JustLucky","floor":8.0},{"not_picked":["Pray","CrushJoints"],"picked":"Protect","floor":10.0},{"not_picked":["ThirdEye","BowlingBash"],"picked":"DeceiveReality","floor":12.0},{"not_picked":["CutThroughFate","ThirdEye"],"picked":"Consecrate","floor":13},{"not_picked":["FearNoEvil","CrushJoints"],"picked":"Halt","floor":14},{"not_picked":["DeusExMachina","DevaForm"],"picked":"Scrawl","floor":16}],"player_experience":181055,"relics_obtained":[{"floor":6.0,"key":"Ice Cream"},{"floor":9.0,"key":"Thread and Needle"},{"floor":12.0,"key":"Lizard Tail"}],"event_choices":[{"damage_healed":0.0,"max_hp_gain":0.0,"max_hp_loss":0.0,"gold_gain":0.0,"cards_transformed":["Strike_P"],"event_name":"Transmorgrifier","player_choice":"Transformed","floor":2.0,"gold_loss":0.0,"damage_taken":0.0,"cards_obtained":["ReachHeaven"]}],"is_beta":false,"boss_relics":[{"not_picked":["Velvet Choker","SlaversCollar"],"picked":"Snecko Eye"}],"items_purged_floors":[],"is_endless":false,"potions_floor_spawned":[3,10,13,14,16],"killed_by":"Spheric Guardian","ascension_level":0}}