{"host":"qez74tnat1m51qn0","time":1614175310,"event":{"mods":["AchievementEnabler","BaseMod","Downfall","Googly Eyes","Minty Spire (QoL Compilation)","Random Character Button","Rare Cards Sparkle","StSLib"],"gold_per_floor":[99,99,99,99,274,274,323,338,353,368,368,394,418,434,452,452,452,452],"floor_reached":16,"language":"POL","playtime":619,"items_purged":[],"score":100,"play_id":"aec08404-0c41-4c05-b971-c495420f9c38","local_time":"20210224150150","is_ascension_mode":false,"campfire_choices":[{"data":"Slimebound:Split","floor":1,"key":"SMITH"},{"data":"Slimebound:Schlurp","floor":11,"key":"SMITH"}],"circlet_count":0,"master_deck":["Slimebound:Strike_Slimebound","Slimebound:Strike_Slimebound","Slimebound:Strike_Slimebound","Slimebound:Tackle","Slimebound:Defend_Slimebound","Slimebound:Defend_Slimebound","Slimebound:Defend_Slimebound","Slimebound:Defend_Slimebound","Slimebound:Split+1","Slimebound:CorrosiveSpit","Slimebound:Schlurp","Slimebound:PressTheAttack","Doubt","Slimebound:LeechEnergy","Slimebound:Schlurp+1","Slimebound:TongueLash","Slimebound:PressTheAttack","Slimebound:Gluttony","Slimebound:LeechEnergy","Slimebound:LevelUp"],"relics":["Slimebound:AbsorbEndCombat","downfall:HeartsMalice","MealTicket","Ornamental Fan"],"acts_visited":["Exordium"],"potions_floor_usage":[12,12,12,15,16],"damage_taken":[{"damage":0,"enemies":"2 Louse","floor":2,"turns":1},{"damage":0,"enemies":"Small Slimes","floor":3,"turns":1},{"damage":0,"enemies":"Jaw Worm","floor":6,"turns":1},{"damage":2,"enemies":"Blue Slaver","floor":8,"turns":3},{"damage":3,"enemies":"Large Slime","floor":9,"turns":4},{"damage":21,"enemies":"3 Louse","floor":10,"turns":3},{"damage":27,"enemies":"Gremlin Nob","floor":12,"turns":4},{"damage":6,"enemies":"2 Fungi Beasts","floor":14,"turns":3},{"damage":25,"enemies":"Gremlin Gang","floor":15,"turns":6},{"damage":10,"enemies":"SI_SHIV_ARCHETYPE","floor":16,"turns":3}],"seed_played":"-721080935149833669","potions_obtained":[{"floor":8,"key":"Explosive Potion"},{"floor":9,"key":"Ancient Potion"},{"floor":10,"key":"hexamod:SoulburnPotion"},{"floor":12,"key":"Slimebound:SpawnSlimePotion"},{"floor":15,"key":"DuplicationPotion"}],"is_trial":false,"path_per_floor":["R","M","M","?","?","M","T","M","M","M","R","E","T","M","M","B"],"character_chosen":"SLIMEBOUND","items_purchased":[],"campfire_rested":0,"item_purchase_floors":[],"current_hp_per_floor":[65,65,65,70,70,70,70,70,70,51,51,28,28,28,7,0,0,0],"gold":452,"neow_bonus":"THREE_ENEMY_KILL","is_daily":false,"chose_seed":false,"campfire_upgraded":2,"win_rate":0.0,"timestamp":1614175310,"path_taken":["R","M","M","?","?","M","T","M","M","M","R","E","?","M","M","BOSS"],"items_purchased_type":[],"build_version":"2020-12-22","purchased_purges":0,"victory":false,"max_hp_per_floor":[65,65,65,70,70,70,70,70,70,70,70,70,70,70,70,70,70,70],"card_choices":[{"not_picked":["Slimebound:ItLooksTasty","Slimebound:Equalize"],"picked":"Slimebound:Schlurp","floor":2},{"not_picked":["Slimebound:SlimeSpikes","Slimebound:SplitMire"],"picked":"Slimebound:PressTheAttack","floor":3},{"not_picked":["Slimebound:ForwardTackle","Slimebound:LivingWall"],"picked":"Slimebound:LeechEnergy","floor":6},{"not_picked":["Slimebound:LivingWall","Slimebound:Dissolve"],"picked":"Slimebound:Schlurp","floor":8},{"not_picked":["Slimebound:OozeBath","Slimebound:SplitMire"],"picked":"Slimebound:TongueLash","floor":9},{"not_picked":["Slimebound:GrowthPunch","Slimebound:SlimeSpikes"],"picked":"Slimebound:PressTheAttack","floor":10},{"not_picked":["Slimebound:Prepare","Slimebound:FinishingTackle"],"picked":"Slimebound:Gluttony","floor":12},{"not_picked":["Slimebound:Replication","Slimebound:ViciousTackle"],"picked":"Slimebound:LeechEnergy","floor":14},{"not_picked":["Slimebound:SplitMire","Slimebound:LivingWall"],"picked":"Slimebound:LevelUp","floor":15}],"player_experience":63459,"relics_obtained":[{"floor":7,"key":"MealTicket"},{"floor":12,"key":"Ornamental Fan"}],"event_choices":[{"damage_healed":0,"gold_gain":0,"player_choice":"Donut","damage_taken":0,"max_hp_gain":5,"max_hp_loss":0,"event_name":"Big Fish","floor":4,"gold_loss":0}],"is_beta":false,"boss_relics":[],"items_purged_floors":[],"is_endless":false,"potions_floor_spawned":[8,9,10,12,15],"killed_by":"SI_SHIV_ARCHETYPE","ascension_level":0}}