{"host":"2ifzph3yvi2kkz1c","time":1614192070,"event":{"mods":["BaseMod","BetterRewards","Colored Map","Conspire","Minty Spire (QoL Compilation)","Permanent Neow","Replay The Spire","StSLib"],"gold_per_floor":[111,124,124,147,170,213,213,213,213,213,213,213],"floor_reached":11,"language":"ENG","playtime":309,"items_purged":[],"score":131,"play_id":"b13d3aaf-d1c5-4d05-bde0-ce35ddb3c47b","local_time":"20210224134110","is_ascension_mode":true,"campfire_choices":[{"floor":7,"key":"REST"},{"data":"Zap","floor":8,"key":"SMITH"},{"data":"Dualcast","floor":10,"key":"SMITH"}],"circlet_count":0,"master_deck":["AscendersBane","Strike_B","Strike_B","Strike_B","Strike_B","Defend_B","Defend_B","Defend_B","Defend_B","Zap+1","Dualcast+1","Pot Of Greed","Conserve Battery","Pot Of Greed","Leap","Steam"],"relics":["Cracked Core","Grinning Jar","Golden Idol","WingedGreaves"],"acts_visited":["Exordium"],"potions_floor_usage":[6],"damage_taken":[{"damage":16,"enemies":"Small Slimes","floor":1,"turns":4},{"damage":2,"enemies":"Jaw Worm","floor":2,"turns":3},{"damage":0,"enemies":"2 Louse","floor":4,"turns":2},{"damage":13,"enemies":"Blue Slaver","floor":5,"turns":3},{"damage":29,"enemies":"3 Sentries","floor":6,"turns":9},{"damage":27,"enemies":"Gremlin Nob","floor":11,"turns":3}],"seed_played":"3674527979289542413","potions_obtained":[{"floor":2,"key":"DistilledChaos"}],"is_trial":false,"path_per_floor":["M","M","?","M","M","E","R","R","T","R","E"],"character_chosen":"DEFECT","items_purchased":[],"campfire_rested":1,"item_purchase_floors":[],"current_hp_per_floor":[48,46,46,46,33,4,23,23,23,23,0,0],"gold":213,"neow_bonus":"RANDOM_COMMON_RELIC","is_daily":false,"chose_seed":false,"campfire_upgraded":2,"win_rate":0.0,"timestamp":1614192070,"path_taken":["M","M","?","M","M","E","R","R","T","R","E"],"items_purchased_type":[],"build_version":"2020-12-22","purchased_purges":0,"victory":false,"max_hp_per_floor":[71,71,64,64,64,64,64,64,64,64,64,64],"card_choices":[{"not_picked":["Compile Driver","Turbo","Static Discharge"],"picked":"SKIP","floor":1},{"not_picked":["Beam Cell","Capacitor"],"picked":"Conserve Battery","floor":2},{"not_picked":["ReplaySolidLightProjector","Hello World","Rebound"],"picked":"SKIP","floor":4},{"not_picked":["Stack","Genetic Algorithm"],"picked":"Leap","floor":5},{"not_picked":["Aggregate","Scrape"],"picked":"Steam","floor":6}],"player_experience":379184,"relics_obtained":[{"floor":6,"key":"WingedGreaves"}],"event_choices":[{"damage_healed":0,"gold_gain":0,"player_choice":"Lose Max HP","damage_taken":0,"relics_obtained":["Golden Idol"],"max_hp_gain":0,"max_hp_loss":7,"event_name":"Golden Idol","floor":3,"gold_loss":0}],"is_beta":false,"boss_relics":[],"items_purged_floors":[],"is_endless":false,"potions_floor_spawned":[2],"killed_by":"Gremlin Nob","ascension_level":16}}