{"host":"7xbu8gt067z192g2","time":1614148128,"event":{"mods":["BaseMod","Better Note","BetterRewards","Colored Map","Colored Powertips","Downfall","Googly Eyes","Highlight Path","Infinite Spire","Minty Spire (QoL Compilation)","Rare Cards Sparkle","Replay The Spire","StSLib"],"gold_per_floor":[116,116,116,41,56,90,90,90,90,148,48,96,96,19,19,142,142,173,101,133,133,167,216,216,216,216,252,332,364,407,432,432,456,456],"floor_reached":33,"language":"ENG","playtime":1121,"items_purged":["Strike_R","Strike_R"],"score":408,"play_id":"f31e429c-c8a2-4b45-bae0-78e7eb7f7f9a","local_time":"20210224012848","is_ascension_mode":true,"campfire_choices":[{"data":"Wild Strike","floor":8,"key":"SMITH"},{"floor":13,"key":"REST"},{"data":"Battle Trance","floor":15,"key":"SMITH"},{"floor":24,"key":"REST"},{"floor":32,"key":"REST"}],"circlet_count":0,"master_deck":["Strike_R+1","Defend_R+1","Defend_R","Bash","Cleave","Wild Strike+1","Sword Boomerang","Warcry","Fire Breathing","Battle Trance+1","Offering","Thunderclap+1","ReplayTheSpireMod:Limb From Limb+1","Blood for Blood+1","Spot Weakness","Headbutt","Inflame+1","RitualDagger","Shrug It Off+1","Twin Strike"],"relics":["Burning Blood","NeowsBlessing","Replay:Bandana","Replay:Baseball","Charon\u0027s Ashes","Divine Protection","Astrolabe","Replay:Bottled Eggs","Frozen Egg 2","Bottled Lightning","Singing Bowl"],"acts_visited":["Exordium","TheCity"],"potions_floor_usage":[23,27,30,30,30,33],"damage_taken":[{"damage":0,"enemies":"Jaw Worm","floor":1,"turns":1},{"damage":0,"enemies":"Small Slimes","floor":5,"turns":1},{"damage":0,"enemies":"Lagavulin","floor":6,"turns":1},{"damage":19,"enemies":"3 Sentries","floor":10,"turns":6},{"damage":34,"enemies":"Gremlin Nob","floor":12,"turns":4},{"damage":30,"enemies":"Hexaghost","floor":16,"turns":9},{"damage":4,"enemies":"3 Byrds","floor":18,"turns":2},{"damage":0,"enemies":"Chosen","floor":20,"turns":4},{"damage":31,"enemies":"Snake Plant","floor":22,"turns":4},{"damage":31,"enemies":"Replay:Snechameleon","floor":23,"turns":3},{"damage":8,"enemies":"Centurion and Healer","floor":27,"turns":3},{"damage":15,"enemies":"Snecko","floor":29,"turns":4},{"damage":17,"enemies":"Book of Stabbing","floor":30,"turns":3},{"damage":16,"enemies":"Shelled Parasite and Fungi","floor":31,"turns":2},{"damage":88,"enemies":"Automaton","floor":33,"turns":6}],"seed_played":"-7769447945317099591","potions_obtained":[{"floor":5,"key":"SkillPotion"},{"floor":10,"key":"SkillPotion"},{"floor":12,"key":"PowerPotion"},{"floor":18,"key":"Fire Potion"},{"floor":23,"key":"LiquidMemories"},{"floor":29,"key":"LiquidBronze"},{"floor":30,"key":"BlessingOfTheForge"}],"is_trial":false,"path_per_floor":["M","?","?","$","M","E","?","R","T","E","$","E","R","$","R","B",null,"M","$","M","?","M","E","R","?","T","M","T","M","E","M","R","B"],"character_chosen":"IRONCLAD","items_purchased":["Battle Trance","Spot Weakness"],"campfire_rested":3,"item_purchase_floors":[14,19],"current_hp_per_floor":[80,80,80,80,80,80,64,64,64,51,51,23,47,47,47,23,66,68,68,74,74,49,24,48,42,42,40,40,31,22,14,39,0,0],"gold":456,"neow_bonus":"THREE_ENEMY_KILL","is_daily":false,"chose_seed":false,"campfire_upgraded":2,"win_rate":0.0,"timestamp":1614148128,"path_taken":["M","?","?","$","M","E","?","R","T","E","?","E","R","$","R","BOSS","M","$","?","?","M","E","R","?","T","M","?","M","E","M","R","BOSS"],"items_purchased_type":["Card","Card"],"build_version":"2020-12-22","purchased_purges":2,"victory":false,"max_hp_per_floor":[80,80,80,80,80,80,80,80,80,80,80,80,80,80,80,80,80,80,80,80,80,80,80,80,80,80,80,80,80,82,84,84,84,84],"card_choices":[{"not_picked":["Pommel Strike","Thunderclap"],"picked":"Cleave","floor":1},{"not_picked":["Body Slam","Armaments","ReplayTheSpireMod:LeadingStrike"],"picked":"SKIP","floor":5},{"not_picked":["Flex","Exhume"],"picked":"Sword Boomerang","floor":6},{"not_picked":["Armaments","Twin Strike"],"picked":"Warcry","floor":10},{"not_picked":["Sword Boomerang","Wild Strike"],"picked":"Fire Breathing","floor":12},{"not_picked":["Exhume","Demonic Infusion"],"picked":"Offering","floor":16},{"not_picked":["Entrench+1","Sword Boomerang","Rampage"],"picked":"SKIP","floor":18},{"not_picked":["Havoc","Clothesline"],"picked":"Headbutt","floor":20},{"not_picked":["Iron Wave","Demon Form"],"picked":"Inflame","floor":22},{"not_picked":["Second Wind","Whirlwind","Heavy Blade+1"],"picked":"SKIP","floor":23},{"not_picked":["Reckless Charge","Perfected Strike+1"],"picked":"Shrug It Off+1","floor":27},{"not_picked":["Anger","Iron Wave"],"picked":"Twin Strike","floor":29},{"not_picked":["Seeing Red","Clothesline","Body Slam"],"picked":"Singing Bowl","floor":30},{"not_picked":["True Grit","Thunderclap","Intimidate+1"],"picked":"Singing Bowl","floor":31}],"player_experience":233403,"relics_obtained":[{"floor":6,"key":"Replay:Bandana"},{"floor":9,"key":"Replay:Baseball"},{"floor":10,"key":"Charon\u0027s Ashes"},{"floor":12,"key":"Divine Protection"},{"floor":23,"key":"Replay:Bottled Eggs"},{"floor":26,"key":"Frozen Egg 2"},{"floor":28,"key":"Bottled Lightning"},{"floor":30,"key":"Singing Bowl"}],"event_choices":[{"damage_healed":0,"gold_gain":0,"cards_transformed":["Strike_R"],"player_choice":"Change","damage_taken":0,"max_hp_gain":0,"max_hp_loss":0,"event_name":"Living Wall","floor":2,"gold_loss":0,"cards_obtained":["Wild Strike"]},{"damage_healed":0,"gold_gain":0,"player_choice":"Ignored","damage_taken":0,"max_hp_gain":0,"max_hp_loss":0,"event_name":"Liars Game","floor":3,"gold_loss":0},{"damage_healed":0,"gold_gain":0,"player_choice":"Entered Light","damage_taken":16,"max_hp_gain":0,"max_hp_loss":0,"event_name":"Shining Light","floor":7,"gold_loss":0,"cards_upgraded":["Defend_R","Strike_R"]},{"damage_healed":0,"gold_gain":0,"player_choice":"Joined the Cult","damage_taken":6,"max_hp_gain":0,"max_hp_loss":0,"event_name":"Nest","floor":25,"gold_loss":0,"cards_obtained":["RitualDagger"]}],"is_beta":false,"boss_relics":[{"not_picked":["Replay:Bronze Core","Sozu"],"picked":"Astrolabe"}],"items_purged_floors":[4,11],"is_endless":false,"potions_floor_spawned":[5,10,12,18,23,29,30],"killed_by":"Automaton","ascension_level":5}}