{"host":"dhv3u8yhd2rnugsp","time":1614126024,"event":{"mods":["100% Spire Juice","BaseMod","Block Reminder","Colored Map","Googly Eyes","Highlight Path","Minty Spire (QoL Compilation)","Permanent Neow","Quick Restart","Random Character Button","StSLib"],"gold_per_floor":[119,119,142,161,1,1,1,1,24,43,43,43],"floor_reached":11,"language":"ENG","playtime":305,"items_purged":[],"score":126,"play_id":"b09805e8-f9e7-4586-b55d-55413d7fd513","local_time":"20210223182024","is_ascension_mode":true,"campfire_choices":[{"data":"Dagger Spray","floor":6,"key":"SMITH"},{"data":"Masterful Stab","floor":8,"key":"SMITH"}],"circlet_count":0,"master_deck":["AscendersBane","Strike_G","Strike_G","Strike_G","Strike_G","Defend_G","Defend_G","Defend_G","Defend_G","Defend_G","Survivor","Neutralize","Masterful Stab+1","Dagger Spray+1","Leg Sweep"],"relics":["Sozu","Golden Idol","PrismaticShard","Omamori"],"acts_visited":["Exordium"],"potions_floor_usage":[],"damage_taken":[{"damage":0,"enemies":"Small Slimes","floor":1,"turns":4},{"damage":1,"enemies":"Cultist","floor":3,"turns":4},{"damage":0,"enemies":"2 Louse","floor":4,"turns":2},{"damage":0,"enemies":"Red Slaver","floor":10,"turns":3},{"damage":62,"enemies":"Lagavulin","floor":11,"turns":12}],"seed_played":"6655309803142706406","potions_obtained":[],"is_trial":false,"path_per_floor":["M","?","M","M","$","R","?","R","T","M","E"],"character_chosen":"THE_SILENT","items_purchased":["PrismaticShard"],"campfire_rested":0,"item_purchase_floors":[5],"current_hp_per_floor":[59,59,58,58,58,58,58,58,58,58,0,0],"gold":43,"neow_bonus":"BOSS_RELIC","is_daily":false,"chose_seed":false,"campfire_upgraded":2,"win_rate":0.0,"timestamp":1614126024,"path_taken":["M","?","M","M","$","R","?","R","T","M","E"],"items_purchased_type":["Relic"],"build_version":"2020-12-22","purchased_purges":0,"victory":false,"max_hp_per_floor":[66,60,60,60,60,60,60,60,60,60,60,60],"card_choices":[{"not_picked":["Deflect","Dodge and Roll"],"picked":"Masterful Stab","floor":1},{"not_picked":["Backflip","Deadly Poison"],"picked":"Dagger Spray","floor":3},{"not_picked":["Quick Slash","Acrobatics"],"picked":"Leg Sweep","floor":4},{"not_picked":["Steam","Gash","Pray"],"picked":"SKIP","floor":10}],"player_experience":1674674,"relics_obtained":[{"floor":9,"key":"Omamori"}],"event_choices":[{"damage_healed":0,"gold_gain":0,"player_choice":"Lose Max HP","damage_taken":0,"relics_obtained":["Golden Idol"],"max_hp_gain":0,"max_hp_loss":6,"event_name":"Golden Idol","floor":2,"gold_loss":0},{"cards_removed":["Strike_G"],"damage_healed":0,"gold_gain":0,"player_choice":"Purged","damage_taken":0,"max_hp_gain":0,"max_hp_loss":0,"event_name":"Purifier","floor":7,"gold_loss":0}],"is_beta":false,"boss_relics":[],"items_purged_floors":[],"is_endless":false,"potions_floor_spawned":[],"killed_by":"Lagavulin","ascension_level":20}}