{"host":"6ve8qn5s1am4lo6s","time":1614174003,"event":{"mods":["AchievementEnabler","Act Like it!","BaseMod","Better Altar","Better Match","Better Note","Better Vampires","BetterRewards","CapriCore","Displayed Cursed Tome","Evolution","Minty Spire (QoL Compilation)","Permanent Neow","Relic Stats","StSLib","The Animator"],"gold_per_floor":[115,134,134,84,100,100,33,57,80,80,80,161,175,216,216,346,346,365,383,399,412,427,427,445,445,468,297,332,332,332,19,19,140,140,155,76,409,423,423,423,443,443,443,443,460,474,5,36,36,36,36,36,36,61,61],"floor_reached":56,"language":"ENG","playtime":4660,"items_purged":["Defend_G","Defend_G","Defend_G"],"score":1547,"play_id":"ad0c5e39-9f79-476f-bd58-976f8c223945","local_time":"20210224084003","is_ascension_mode":false,"campfire_choices":[{"floor":6.0,"key":"RECALL"},{"data":"Blur","floor":11.0,"key":"SMITH"},{"data":"Dagger Spray","floor":15.0,"key":"SMITH"},{"data":"Malaise","floor":23.0,"key":"SMITH"},{"data":"Cloak And Dagger","floor":25.0,"key":"SMITH"},{"data":"Neutralize","floor":29,"key":"SMITH"},{"data":"Cloak And Dagger","floor":32,"key":"SMITH"},{"data":"Accuracy","floor":40,"key":"SMITH"},{"data":"Cloak And Dagger","floor":42,"key":"SMITH"},{"data":"Cloak And Dagger","floor":44,"key":"SMITH"},{"data":"Backflip","floor":49,"key":"SMITH"},{"data":"Dash","floor":52,"key":"SMITH"}],"circlet_count":0,"master_deck":["Dagger Spray","Dagger Spray+1","Dagger Spray","Dagger Spray","Dagger Spray","Defend_G","Survivor","Neutralize+1","Cloak And Dagger+1","Blur+1","Cloak And Dagger+1","PiercingWail","Malaise+1","Accuracy+1","Backflip+1","Blur+1","Cloak And Dagger+1","Dash+1","Cloak And Dagger+1","Die Die Die+1","Cloak And Dagger+1","Accuracy+1","Cloak And Dagger+1","Deflect+1","Infinite Blades","Infinite Blades+1","Deflect+1"],"relics":["Ring of the Snake","EVO:Axolotl","Pocketwatch","Singing Bowl","MealTicket","Philosopher\u0027s Stone","Toy Ornithopter","Snake Skull","Molten Egg 2","Black Star","Kunai","Thread and Needle","Bronze Scales","Unceasing Top","Ornamental Fan","Mango"],"acts_visited":["Exordium","TheCity","TheBeyond","TheEnding"],"potions_floor_usage":[33,35,50,54,55,55],"damage_taken":[{"damage":0.0,"enemies":"2 Louse","floor":1.0,"turns":1.0},{"damage":0.0,"enemies":"Small Slimes","floor":2.0,"turns":2.0},{"damage":2.0,"enemies":"Jaw Worm","floor":5.0,"turns":3.0},{"damage":0.0,"enemies":"2 Fungi Beasts","floor":8.0,"turns":2.0},{"damage":3.0,"enemies":"3 Sentries","floor":12.0,"turns":4.0},{"damage":2.0,"enemies":"Blue Slaver","floor":13.0,"turns":3.0},{"damage":10.0,"enemies":"3 Sentries","floor":14.0,"turns":5.0},{"damage":16.0,"enemies":"Slime Boss","floor":16.0,"turns":8.0},{"damage":4.0,"enemies":"Shell Parasite","floor":18.0,"turns":7.0},{"damage":0.0,"enemies":"Chosen","floor":19.0,"turns":6.0},{"damage":5.0,"enemies":"Centurion and Healer","floor":20.0,"turns":8.0},{"damage":0.0,"enemies":"3 Cultists","floor":21.0,"turns":3.0},{"damage":15.0,"enemies":"Sentry and Sphere","floor":22.0,"turns":4.0},{"damage":6.0,"enemies":"Snake Plant","floor":24.0,"turns":8.0},{"damage":0,"enemies":"Book of Stabbing","floor":28,"turns":8},{"damage":45,"enemies":"Champ","floor":33,"turns":12},{"damage":0,"enemies":"3 Darklings","floor":35,"turns":4},{"damage":0,"enemies":"Orb Walker","floor":38,"turns":3},{"damage":15,"enemies":"Spire Growth","floor":41,"turns":4},{"damage":0,"enemies":"Transient","floor":45,"turns":5},{"damage":16,"enemies":"Sphere and 2 Shapes","floor":46,"turns":4},{"damage":0,"enemies":"Giant Head","floor":48,"turns":7},{"damage":23,"enemies":"Time Eater","floor":50,"turns":9},{"damage":45,"enemies":"Shield and Spear","floor":54,"turns":5},{"damage":74,"enemies":"The Heart","floor":55,"turns":9}],"seed_played":"-1956416229876242046","potions_obtained":[{"floor":2.0,"key":"Swift Potion"},{"floor":8.0,"key":"PowerPotion"},{"floor":13.0,"key":"SkillPotion"},{"floor":16.0,"key":"GamblersBrew"},{"floor":21.0,"key":"Regen Potion"},{"floor":22.0,"key":"CultistPotion"},{"floor":24.0,"key":"PowerPotion"},{"floor":33,"key":"Energy Potion"},{"floor":41,"key":"BlessingOfTheForge"},{"floor":45,"key":"LiquidMemories"},{"floor":48,"key":"SteroidPotion"},{"floor":54,"key":"Dexterity Potion"}],"is_trial":false,"path_per_floor":["M","M","?","?","M","R","$","M","T","?","R","?","M","E","R","B",null,"M","M","M","M","M","R","M","R","T","$","E","R","?","$","R","B",null,"M","$","?","M","?","R","M","R","T","R","M","M","$","E","R","B",null,"R","$","E","B",null],"character_chosen":"THE_SILENT","items_purchased":["Singing Bowl","Cloak And Dagger","Blur","Dash","Molten Egg 2","Cloak And Dagger","Accuracy","Infinite Blades","Thread and Needle"],"campfire_rested":0,"item_purchase_floors":[0,0,7,27,31,31,36,47,47],"current_hp_per_floor":[50,52,34,34,34,34,34,36,36,41,41,40,38,28,28,12,85,81,81,76,78,63,63,59,59,59,74,76,76,76,91,91,46,91,91,91,91,91,91,91,78,78,78,78,80,64,79,79,79,76,95,95,95,69,5],"gold":61,"neow_bonus":"","is_daily":false,"chose_seed":false,"campfire_upgraded":11,"win_rate":0.0,"timestamp":1614174003,"path_taken":["M","M","?","?","?","R","$","M","T","?","R","?","M","E","R","BOSS","M","M","M","M","M","R","M","R","T","$","E","R","?","$","R","BOSS","M","$","?","M","?","R","M","R","T","R","M","M","$","E","R","BOSS","R","$","E","BOSS"],"items_purchased_type":["Relic","Card","Card","Card","Relic","Card","Card","Card","Relic"],"build_version":"2020-12-22","purchased_purges":3,"victory":true,"max_hp_per_floor":[72,74,74,74,76,76,76,78,78,83,83,85,85,85,85,85,85,85,85,85,87,87,87,89,89,89,89,91,91,91,91,91,91,91,91,91,91,91,91,91,93,93,93,93,95,95,95,95,95,95,95,95,95,109,109],"relic_stats":{"Singing Bowl":20,"counters":[75,373],"Snake Skull":[0],"Ornamental Fan":[36],"Bronze Scales":[183],"MealTicket":45,"Black Star":2,"Kunai":[37],"obtain_stats":[{"Ice Cream":0,"TwistedFunnel":0,"Gremlin Horn":0,"Nilry\u0027s Codex":0,"Vajra":46,"EVO:Axolotl":0,"Bottled Tornado":0,"Blood Vial":0,"Sozu":17,"Centennial Puzzle":0,"HornCleat":54,"Philosopher\u0027s Stone":34,"MealTicket":12,"Kunai":0,"Happy Flower":25,"Blue Candle":0,"Oddly Smooth Stone":0,"Letter Opener":43,"Paper Crane":43,"Akabeko":0,"Runic Dome":0,"Bronze Scales":48,"Molten Egg 2":0,"Black Star":34,"Unceasing Top":48,"Pocketwatch":0,"Singing Bowl":0,"Mango":54,"Snake Skull":28,"Incense Burner":38,"Smiling Mask":23,"Burning Blood":0,"Nunchaku":0,"Dream Catcher":0,"Matryoshka":9,"Tiny Chest":26,"Red Mask":37,"Red Skull":0,"InkBottle":43,"Ring of the Snake":0,"Potion Belt":0,"Golden Idol":0,"Thread and Needle":47,"White Beast Statue":0,"Mercury Hourglass":6,"Anchor":0,"CaptainsWheel":7,"Ornamental Fan":54,"Turnip":0,"Ectoplasm":17,"Art of War":26,"Champion Belt":0,"Bottled Lightning":41,"TungstenRod":0,"Toy Ornithopter":26},{"Ice Cream":0,"TwistedFunnel":23,"Gremlin Horn":0,"Nilry\u0027s Codex":0,"Vajra":45,"EVO:Axolotl":0,"Bottled Tornado":0,"Blood Vial":0,"Sozu":8,"Centennial Puzzle":0,"HornCleat":49,"Philosopher\u0027s Stone":16,"MealTicket":55,"Kunai":0,"Happy Flower":34,"Blue Candle":0,"Oddly Smooth Stone":0,"Letter Opener":44,"Paper Crane":44,"Akabeko":0,"Runic Dome":0,"Bronze Scales":72,"Molten Egg 2":0,"Black Star":66,"Unceasing Top":72,"Pocketwatch":50,"Singing Bowl":50,"Mango":74,"Snake Skull":65,"Incense Burner":41,"Smiling Mask":12,"Burning Blood":0,"Nunchaku":0,"Dream Catcher":0,"Matryoshka":28,"Tiny Chest":34,"Red Mask":40,"Red Skull":0,"InkBottle":20,"Ring of the Snake":0,"Potion Belt":0,"Golden Idol":0,"Thread and Needle":71,"White Beast Statue":0,"Mercury Hourglass":27,"Anchor":0,"CaptainsWheel":4,"Ornamental Fan":74,"Turnip":23,"Ectoplasm":30,"Art of War":12,"Champion Belt":0,"Bottled Lightning":20,"TungstenRod":0,"Toy Ornithopter":64},{"Ice Cream":0,"TwistedFunnel":118,"Gremlin Horn":0,"Nilry\u0027s Codex":0,"Vajra":209,"EVO:Axolotl":0,"Bottled Tornado":0,"Blood Vial":0,"Sozu":35,"Centennial Puzzle":0,"HornCleat":231,"Philosopher\u0027s Stone":77,"MealTicket":251,"Kunai":0,"Happy Flower":167,"Blue Candle":0,"Oddly Smooth Stone":0,"Letter Opener":207,"Paper Crane":207,"Akabeko":0,"Runic Dome":0,"Bronze Scales":350,"Molten Egg 2":0,"Black Star":323,"Unceasing Top":350,"Pocketwatch":239,"Singing Bowl":239,"Mango":364,"Snake Skull":311,"Incense Burner":195,"Smiling Mask":54,"Burning Blood":0,"Nunchaku":0,"Dream Catcher":0,"Matryoshka":137,"Tiny Chest":167,"Red Mask":190,"Red Skull":0,"InkBottle":96,"Ring of the Snake":0,"Potion Belt":0,"Golden Idol":0,"Thread and Needle":343,"White Beast Statue":0,"Mercury Hourglass":134,"Anchor":0,"CaptainsWheel":18,"Ornamental Fan":364,"Turnip":118,"Ectoplasm":148,"Art of War":54,"Champion Belt":0,"Bottled Lightning":96,"TungstenRod":0,"Toy Ornithopter":303}],"Toy Ornithopter":20,"Unceasing Top":[2],"Ring of the Snake":[150],"Pocketwatch":[57]},"card_choices":[{"not_picked":["All Out Attack","Flying Knee","Dagger Throw"],"picked":"Singing Bowl","floor":1.0},{"not_picked":["Deadly Poison","Crippling Poison","Quick Slash"],"picked":"Singing Bowl","floor":2.0},{"not_picked":["Leg Sweep","Bane","Prepared"],"picked":"Singing Bowl","floor":5.0},{"not_picked":["Noxious Fumes","Well Laid Plans","Dagger Spray"],"picked":"Singing Bowl","floor":8.0},{"not_picked":["Underhanded Strike","Acrobatics","Quick Slash"],"picked":"Singing Bowl","floor":12.0},{"not_picked":["Acrobatics","Heel Hook"],"picked":"Cloak And Dagger","floor":13.0},{"not_picked":["Riddle With Holes","Dagger Spray"],"picked":"PiercingWail","floor":14.0},{"not_picked":["Tools of the Trade","Envenom"],"picked":"Malaise","floor":16.0},{"not_picked":["Riddle With Holes","Bane"],"picked":"Accuracy+1","floor":18.0},{"not_picked":["Riddle With Holes","Acrobatics"],"picked":"Backflip","floor":19.0},{"not_picked":["Dash","Backflip"],"picked":"Blur+1","floor":20.0},{"not_picked":["Flying Knee","All Out Attack","Heel Hook+1"],"picked":"Singing Bowl","floor":21.0},{"not_picked":["Flying Knee","Leg Sweep"],"picked":"Cloak And Dagger","floor":22.0},{"not_picked":["Endless Agony","Skewer+1","Backstab"],"picked":"Singing Bowl","floor":24.0},{"not_picked":["Sucker Punch","Outmaneuver","PiercingWail"],"picked":"Singing Bowl","floor":28},{"not_picked":["Bullet Time","Night Terror"],"picked":"Die Die Die+1","floor":33},{"not_picked":["All Out Attack+1","Predator+1"],"picked":"Cloak And Dagger+1","floor":35},{"not_picked":["Riddle With Holes+1","Well Laid Plans+1"],"picked":"Cloak And Dagger+1","floor":38},{"not_picked":["Poisoned Stab+1","Leg Sweep+1","Bane+1"],"picked":"Singing Bowl","floor":41},{"not_picked":["Backflip","Deadly Poison","Outmaneuver"],"picked":"Singing Bowl","floor":45},{"not_picked":["Choke+1","Acrobatics"],"picked":"Deflect+1","floor":46},{"not_picked":["Underhanded Strike+1","Acrobatics+1"],"picked":"Infinite Blades+1","floor":48},{"not_picked":["Bullet Time","Setup"],"picked":"Deflect+1","floor":54}],"player_experience":461340,"relics_obtained":[{"floor":12.0,"key":"MealTicket"},{"floor":26.0,"key":"Toy Ornithopter"},{"floor":28,"key":"Snake Skull"},{"floor":43,"key":"Kunai"},{"floor":48,"key":"Bronze Scales"},{"floor":48,"key":"Unceasing Top"},{"floor":54,"key":"Ornamental Fan"},{"floor":54,"key":"Mango"}],"event_choices":[{"damage_healed":0.0,"max_hp_gain":0.0,"max_hp_loss":0.0,"gold_gain":0.0,"event_name":"Golden Idol","player_choice":"Take Damage","floor":3.0,"gold_loss":0.0,"damage_taken":18.0,"relics_obtained":["Golden Idol"]},{"cards_removed":["Defend_G"],"damage_healed":0.0,"max_hp_gain":0.0,"max_hp_loss":0.0,"gold_gain":0.0,"event_name":"The Cleric","player_choice":"Card Removal","floor":4.0,"gold_loss":50.0,"damage_taken":0.0},{"damage_healed":0.0,"max_hp_gain":5.0,"max_hp_loss":0.0,"gold_gain":0.0,"event_name":"Big Fish","player_choice":"Donut","floor":10.0,"gold_loss":0.0,"damage_taken":0.0},{"damage_healed":0.0,"max_hp_gain":0.0,"max_hp_loss":0.0,"gold_gain":0.0,"event_name":"Dead Adventurer","player_choice":"Searched \u00271\u0027 times","floor":12.0,"gold_loss":0.0,"damage_taken":0.0},{"cards_removed":["Defend_G"],"damage_healed":0,"gold_gain":0,"player_choice":"Give","damage_taken":0,"max_hp_gain":0,"max_hp_loss":0,"event_name":"betterNote:BetterNote","floor":30,"gold_loss":0,"cards_obtained":["Strike_G"]},{"damage_healed":0,"gold_gain":333,"player_choice":"Gave Idol","damage_taken":0,"max_hp_gain":0,"max_hp_loss":0,"event_name":"The Moai Head","floor":37,"relics_lost":["Golden Idol"],"gold_loss":0},{"damage_healed":0,"gold_gain":0,"player_choice":"Ignored","damage_taken":0,"max_hp_gain":0,"max_hp_loss":0,"event_name":"Tomb of Lord Red Mask","floor":39,"gold_loss":0}],"is_beta":false,"boss_relics":[{"not_picked":["Ring of the Serpent","Astrolabe"],"picked":"Philosopher\u0027s Stone"},{"not_picked":["Pandora\u0027s Box","Velvet Choker"],"picked":"Black Star"}],"items_purged_floors":[0,27,47],"is_endless":false,"potions_floor_spawned":[2,8,13,16,21,22,24,33,41,45,48,54],"ascension_level":0}}