{"host":"3g4eblpl3h3xsaol","time":1614186871,"event":{"mods":["AchievementEnabler","Act Like it!","Aspiration","BaseMod","Better Third Choice","BetterRewards","Colored Powertips","Conspire","Downfall","Hallownest","Hubris","Infinite Spire","Mimic Mod","Minty Spire (QoL Compilation)","Pale of the Ancients","Ruina","StSLib","Td1madao Mod","The Bug Knight","The Cursed","TheBandit"],"gold_per_floor":[99,129,129,143,154,165,202,202,202,221,253,253,270,84,95,195,195,195,208,208,143,143,169,169,169,183,183,201,227,127,147,165,267,267,267,280,290,290,304,334,361,377,177,189,206,219,248,265,265,265,265],"floor_reached":49,"language":"ENG","playtime":2504,"items_purged":[],"score":618,"play_id":"40b1ecac-e0d5-4dc1-887a-0138301a2665","local_time":"20210224171431","is_ascension_mode":false,"campfire_choices":[{"data":"Slimebound:Split","floor":1.0,"key":"SMITH"},{"data":"Slimebound:SplitMire","floor":9.0,"key":"SMITH"},{"data":"Slimebound:MassFeed","floor":18.0,"key":"SMITH"},{"data":"Slimebound:SlimeBarrage","floor":25.0,"key":"SMITH"},{"floor":27.0,"key":"REST"},{"floor":30,"key":"REST"},{"floor":35,"key":"RECALL"},{"floor":43,"key":"REST"}],"circlet_count":1,"master_deck":["Slimebound:Strike_Slimebound","Slimebound:Strike_Slimebound","Slimebound:Strike_Slimebound","Slimebound:Tackle","Slimebound:Defend_Slimebound","Slimebound:Defend_Slimebound","Slimebound:Defend_Slimebound","Slimebound:Defend_Slimebound","Slimebound:Split+1","Slimebound:CorrosiveSpit","Slimebound:PressTheAttack","Slimebound:SplitMire+1","Slimebound:ViciousTackle","Slimebound:SlimeBarrage+1","Slimebound:Repurpose","Slimebound:LevelUp","Slimebound:ItLooksTasty","Slimebound:LeadByExample","Slimebound:SplitBruiser","Slimebound:ComboTackle","Slimebound:SplitLeeching","Slimebound:MassFeed+1","Slimebound:GoopSpray+1","Slimebound:Equalize","Slimebound:FinishingTackle","Slimebound:RainOfGoop+1","Slimebound:Equalize","Slimebound:SamplingLick","Slimebound:LivingWall","Slimebound:SplitAcid+1","Slimebound:SplitAcid","Slimebound:DisruptingSlam","Slimebound:LeechLife","Slimebound:GoopTackle+1","Slimebound:LivingWall","Slimebound:SplitAcid","Slimebound:GrowthPunch+1","Slimebound:FlameTackle","Slimebound:Nibble","Slimebound:GrowthPunch","Slimebound:FinishingTackle","Slimebound:LeechEnergy","Slimebound:RollThrough"],"relics":["Slimebound:AbsorbEndCombat","Orichalcum","Oddly Smooth Stone","Peace Pipe","Slimebound:SelfDamagePreventRelic","hubris:VirtuousBlindfold","Circlet","Blue Candle","aspiration:DSix","hubris:ToyBattleship","downfall:HeartBlessingGreen","hubris:Backtick","Burning Blood","hubris:Potato","downfall:HeartBlessingBlue","downfall:HeartBlessingRed","Sundial"],"acts_visited":["Hallownest:Greenpath","ruina:Briah","TheBeyond"],"potions_floor_usage":[33],"damage_taken":[{"damage":19.0,"enemies":"conspire:MimicChest","floor":2.0,"turns":4.0},{"damage":1.0,"enemies":"Hallownest:monsterHuskGuard","floor":4.0,"turns":3.0},{"damage":3.0,"enemies":"Hallownest:monsterHuskWarrior","floor":5.0,"turns":4.0},{"damage":6.0,"enemies":"2_ Uuma","floor":6.0,"turns":4.0},{"damage":6.0,"enemies":"Hallownest:monsterMossCharger","floor":7.0,"turns":4.0},{"damage":0.0,"enemies":"Hallownest:monsterMossCharger","floor":10.0,"turns":3.0},{"damage":16.0,"enemies":"Hallownest:eliteCrystalGuardian","floor":11.0,"turns":5.0},{"damage":7.0,"enemies":"Hallownest:Wandering_and_Horned","floor":13.0,"turns":3.0},{"damage":4.0,"enemies":"downfall:FleeingMerchant","floor":14.0,"turns":4.0},{"damage":7.0,"enemies":"Hallownest:monsterFoolEater","floor":15.0,"turns":4.0},{"damage":32.0,"enemies":"IC_STATUS_ARCHETYPE","floor":16.0,"turns":6.0},{"damage":12.0,"enemies":"ruina:2_Scarecrows","floor":19.0,"turns":3.0},{"damage":4.0,"enemies":"downfall:FleeingMerchant","floor":21.0,"turns":4.0},{"damage":30.0,"enemies":"Nightmare","floor":23.0,"turns":6.0},{"damage":24.0,"enemies":"ruina:Nosferatu","floor":26.0,"turns":4.0},{"damage":30.0,"enemies":"ruina:Woodsman","floor":28.0,"turns":4.0},{"damage":31.0,"enemies":"ruina:ServantOfWrath","floor":29.0,"turns":5.0},{"damage":21,"enemies":"ruina:KnightOfDespair","floor":31,"turns":5},{"damage":10,"enemies":"ruina:KingOfGreed","floor":32,"turns":5},{"damage":30,"enemies":"WA_ARCHETYPE_CALM","floor":33,"turns":7},{"damage":15,"enemies":"3 Shapes","floor":36,"turns":5},{"damage":11,"enemies":"Orb Walker","floor":37,"turns":3},{"damage":32,"enemies":"3 Darklings","floor":39,"turns":6},{"damage":46,"enemies":"HollowMod:StalkingDevout","floor":40,"turns":7},{"damage":30,"enemies":"4 Shapes","floor":42,"turns":4},{"damage":15,"enemies":"Spire Growth","floor":44,"turns":4},{"damage":54,"enemies":"Writhing Mass","floor":45,"turns":6},{"damage":11,"enemies":"Sphere and 2 Shapes","floor":46,"turns":4},{"damage":35,"enemies":"Nemesis","floor":47,"turns":5},{"damage":28,"enemies":"Spire Growth","floor":48,"turns":5},{"damage":43,"enemies":"Writhing Mass","floor":49,"turns":2}],"seed_played":"-3978354650315715315","potions_obtained":[{"floor":5.0,"key":"BlessingOfTheForge"},{"floor":6.0,"key":"Dexterity Potion"},{"floor":11.0,"key":"ColorlessPotion"},{"floor":13.0,"key":"SteroidPotion"},{"floor":28.0,"key":"Slimebound:SlimyTonguePotion"},{"floor":42,"key":"SpeedPotion"}],"is_trial":false,"path_per_floor":["R","?","?","M","M","M","MIM","?","R","M","E","?","M","$","M","B",null,"R","M","?","$","?","NM","T","R","M","R","M","E","R","M","M","B",null,"R","M","M","?","M","E","T","M","R","M","M","M","E","M","M"],"character_chosen":"SLIMEBOUND","items_purchased":["Slimebound:SelfDamagePreventRelic","Slimebound:ComboTackle","Slimebound:FinishingTackle"],"campfire_rested":3,"item_purchase_floors":[14,14,21],"current_hp_per_floor":[71,56,63,68,71,69,69,59,59,65,57,44,39,41,36,12,71,71,65,71,71,71,46,46,46,36,57,43,24,45,44,38,24,75,75,76,77,77,63,55,55,43,79,86,50,55,42,36,0,0,0],"gold":265,"neow_bonus":"TEN_PERCENT_HP_BONUS","is_daily":false,"chose_seed":false,"campfire_upgraded":4,"win_rate":0.0,"timestamp":1614186871,"path_taken":["R","?","?","M","?","M","MIM","?","R","M","E","?","M","$","M","BOSS","R","M","?","?","?","NM","T","R","?","R","M","E","R","M","M","BOSS","R","M","M","?","?","E","T","M","R","M","M","M","E","M","M"],"items_purchased_type":["Relic","Card","Card"],"build_version":"2020-12-22","purchased_purges":0,"victory":false,"max_hp_per_floor":[71,71,71,71,71,71,71,71,71,71,71,71,71,71,71,71,71,71,71,71,71,71,71,71,71,71,71,71,71,71,75,75,75,75,75,79,79,79,79,79,79,79,89,93,93,97,97,97,97,97,97],"card_choices":[{"not_picked":["Slimebound:GoopSpray","Slimebound:SlimeSpikes"],"picked":"Slimebound:PressTheAttack","floor":2.0},{"not_picked":["Slimebound:RollThrough","Slimebound:GoopSpray"],"picked":"Slimebound:SplitMire","floor":4.0},{"not_picked":["Slimebound:RainOfGoop","Slimebound:SplitMire"],"picked":"Slimebound:ViciousTackle","floor":5.0},{"not_picked":["Slimebound:SplitBruiser","Slimebound:SplitLeeching"],"picked":"Slimebound:SlimeBarrage","floor":6.0},{"not_picked":["Slimebound:LeechingTouch","Slimebound:FormOfPuddle"],"picked":"Slimebound:Repurpose","floor":7.0},{"not_picked":["Slimebound:SlimeBarrage","Slimebound:LeechEnergy"],"picked":"Slimebound:LevelUp","floor":10.0},{"not_picked":["Slimebound:SplitAcid","Slimebound:DuplicatedForm"],"picked":"Slimebound:ItLooksTasty","floor":11.0},{"not_picked":["Slimebound:Schlurp","Slimebound:SlimeSpikes"],"picked":"Slimebound:LeadByExample","floor":13.0},{"not_picked":["Slimebound:RollThrough","Slimebound:SlimeBarrage"],"picked":"Slimebound:SplitBruiser","floor":14.0},{"not_picked":["Slimebound:SlimeBrawl","Slimebound:LeechingTouch"],"picked":"Slimebound:SplitLeeching","floor":15.0},{"not_picked":["Slimebound:MassRepurpose","Slimebound:LeechLife"],"picked":"Slimebound:MassFeed","floor":16.0},{"not_picked":["Slimebound:ItLooksTasty","Slimebound:Prepare+1"],"picked":"Slimebound:GoopSpray+1","floor":19.0},{"not_picked":["Slimebound:GoopSpray","Slimebound:LevelUp"],"picked":"Slimebound:Equalize","floor":21.0},{"not_picked":["Slimebound:FirmFortitude","Slimebound:Schlurp"],"picked":"Slimebound:RainOfGoop+1","floor":23.0},{"not_picked":["Slimebound:RejuvenatingLick","Slimebound:RainOfGoop"],"picked":"Slimebound:SamplingLick","floor":26.0},{"not_picked":["Slimebound:SamplingLick","Slimebound:SplitLeeching"],"picked":"Slimebound:LivingWall","floor":28.0},{"not_picked":["Slimebound:RainOfGoop","Slimebound:FinishingTackle"],"picked":"Slimebound:SplitAcid+1","floor":29.0},{"not_picked":["Slimebound:SplitBruiser+1","Slimebound:SplitMire"],"picked":"Slimebound:SplitAcid","floor":31},{"not_picked":["Slimebound:ProtectTheBoss","Slimebound:ItLooksTasty+1"],"picked":"Slimebound:DisruptingSlam","floor":32},{"not_picked":["Slimebound:MassRepurpose","Slimebound:MassFeed"],"picked":"Slimebound:LeechLife","floor":33},{"not_picked":["Slimebound:Chomp+1","Slimebound:GoopSpray+1"],"picked":"Slimebound:GoopTackle+1","floor":36},{"not_picked":["Slimebound:SplitBruiser","Slimebound:Schlurp"],"picked":"Slimebound:LivingWall","floor":37},{"not_picked":["Slimebound:LevelUp","Slimebound:HauntingLick+1"],"picked":"Slimebound:SplitAcid","floor":39},{"not_picked":["Slimebound:WasteNot","Slimebound:SlimeSpikes"],"picked":"Slimebound:GrowthPunch+1","floor":40},{"not_picked":["Slimebound:SplitMire+1","Slimebound:SamplingLick+1"],"picked":"Slimebound:FlameTackle","floor":42},{"not_picked":["Slimebound:SlimeTap+1","Slimebound:LivingWall"],"picked":"Slimebound:Nibble","floor":44},{"not_picked":["Slimebound:RollThrough+1","Slimebound:Schlurp"],"picked":"Slimebound:GrowthPunch","floor":45},{"not_picked":["Slimebound:Chomp","Slimebound:PressTheAttack+1"],"picked":"Slimebound:FinishingTackle","floor":46},{"not_picked":["Slimebound:LeechLife","Slimebound:MassRepurpose"],"picked":"Slimebound:LeechEnergy","floor":47},{"not_picked":["Slimebound:Replication","Slimebound:SlimeTap+1"],"picked":"Slimebound:RollThrough","floor":48}],"player_experience":191798,"relics_obtained":[{"floor":2.0,"key":"Orichalcum"},{"floor":7.0,"key":"Oddly Smooth Stone"},{"floor":11.0,"key":"Peace Pipe"},{"floor":23.0,"key":"Blue Candle"},{"floor":24.0,"key":"aspiration:DSix"},{"floor":29.0,"key":"hubris:ToyBattleship"},{"floor":40,"key":"hubris:Potato"},{"floor":47,"key":"Sundial"}],"event_choices":[],"is_beta":false,"boss_relics":[{"not_picked":["Slimebound:TarBlob","hubris:GrandSneckoEye"],"picked":"hubris:VirtuousBlindfold"},{"not_picked":["infinitespire:Cupcake","Fusion Hammer"],"picked":"hubris:Backtick"}],"items_purged_floors":[],"is_endless":true,"potions_floor_spawned":[5,6,11,13,15,28,31,32,42,44,46,47],"killed_by":"Writhing Mass","ascension_level":0}}