{"host":"1y3caoxlf2txzqg0","time":1614177886,"event":{"mods":["Alarm Clock","BaseMod","Colored Map","DeckTracker","Downfall","GifTheSpireLib","Minty Spire (QoL Compilation)","Rare Cards Sparkle","Relic Stats","Spire Birthday Party","StSLib"],"gold_per_floor":[0,15,165,165,0,13,40,54,66,104,128,28,21,21,37,140,140,40,62,88,34,234,342,342,419,447,473,473,492,492,492,502,614,614,614,636,636,650,700,729,756,354,374,374,88,116,63,63,82,82],"floor_reached":51,"language":"DEU","playtime":9364,"items_purged":[],"score":779,"play_id":"2b756bb5-a787-4655-adf6-9ff6fc23a748","local_time":"20210224154446","is_ascension_mode":false,"campfire_choices":[{"floor":1.0,"key":"RECALL"},{"floor":12.0,"key":"REST"},{"data":"hexamod:EmpoweredFlame","floor":18.0,"key":"SMITH"},{"data":"hexamod:SoulSteal","floor":28.0,"key":"SMITH"},{"data":"hexamod:GhostflameBarrier","floor":30.0,"key":"SMITH"},{"data":"hexamod:GiftsFromTheDead","floor":35.0,"key":"SMITH"}],"circlet_count":0,"master_deck":["hexamod:Sear","hexamod:Float","hexamod:HauntingEcho+1","hexamod:FlamesFromBeyond","hexamod:FirstSeal","hexamod:EmpoweredFlame+1","hexamod:SecondSeal","hexamod:FirstSeal","hexamod:NightmareGuise","hexamod:Firestarter+1","hexamod:FastForward","hexamod:TimeOfNeed+1","hexamod:SpectersWail+1","hexamod:ChargedBarrage+1","hexamod:AdvancingGuard+1","hexamod:HeatCrush+1","hexamod:SoulSteal+1","hexamod:SixthSeal","hexamod:BurningTouch+1","hexamod:GhostflameBarrier+1","hexamod:PhantomFireball+1","hexamod:SwordOfDarkness","hexamod:HauntingEcho+1","hexamod:StepThrough+1","hexamod:GiftsFromTheDead+1","hexamod:ShieldOfDarkness","hexamod:GhostOfSpireFuture","hexamod:SixthSeal","hexamod:GhostLash+1","hexamod:TurnItUp","hexamod:HauntingEcho","hexamod:GhostflameBarrier","hexamod:AdvancingGuard","hexamod:Hexaguard+1","hexamod:BacktrackSmack+1","hexamod:HeatShield+1","hexamod:NecessarySacrifice+1","expansioncontent:DashGenerateEvil","hexamod:ThirdSeal","Parasite","hexamod:FastForward","hexamod:FourthSeal"],"relics":["hexamod:SpiritBrand","Lizard Tail","downfall:ShatteredFragment","Lee\u0027s Waffle","Happy Flower","Bronze Scales","downfall:HeartBlessingGreen","hexamod:IceCube","downfall:HeartBlessingRed","Thread and Needle","Matryoshka","Pantograph","Meat on the Bone","Pandora\u0027s Box","Art of War","Girya","Shuriken","Potion Belt","White Beast Statue","Guardian:GemstoneGun"],"acts_visited":["Exordium","TheCity","TheBeyond"],"potions_floor_usage":[49,50,50],"damage_taken":[{"damage":0.0,"enemies":"Small Slimes","floor":2.0,"turns":3.0},{"damage":0.0,"enemies":"downfall:FleeingMerchant","floor":5.0,"turns":4.0},{"damage":2.0,"enemies":"2 Louse","floor":6.0,"turns":2.0},{"damage":6.0,"enemies":"Jaw Worm","floor":8.0,"turns":3.0},{"damage":2.0,"enemies":"2 Fungi Beasts","floor":9.0,"turns":3.0},{"damage":42.0,"enemies":"3 Sentries","floor":10.0,"turns":12.0},{"damage":2.0,"enemies":"Blue Slaver","floor":11.0,"turns":3.0},{"damage":9.0,"enemies":"downfall:FleeingMerchant","floor":13.0,"turns":4.0},{"damage":0.0,"enemies":"Lots of Slimes","floor":15.0,"turns":3.0},{"damage":0.0,"enemies":"SI_SHIV_ARCHETYPE","floor":16.0,"turns":5.0},{"damage":0.0,"enemies":"Chosen","floor":19.0,"turns":4.0},{"damage":0.0,"enemies":"3 Byrds","floor":20.0,"turns":4.0},{"damage":9.0,"enemies":"downfall:FleeingMerchant","floor":21.0,"turns":4.0},{"damage":4.0,"enemies":"downfall:FleeingMerchant","floor":22.0,"turns":5.0},{"damage":11.0,"enemies":"Colosseum Nobs","floor":23.0,"turns":4.0},{"damage":0.0,"enemies":"downfall:FleeingMerchant","floor":25.0,"turns":4.0},{"damage":0.0,"enemies":"3 Cultists","floor":26.0,"turns":4.0},{"damage":0.0,"enemies":"Cultist and Chosen","floor":27.0,"turns":5.0},{"damage":0.0,"enemies":"Snecko","floor":29.0,"turns":4.0},{"damage":8.0,"enemies":"Snake Plant","floor":32.0,"turns":4.0},{"damage":30.0,"enemies":"WA_ARCHETYPE_CALM","floor":33.0,"turns":8.0},{"damage":0.0,"enemies":"3 Darklings","floor":36.0,"turns":5.0},{"damage":0.0,"enemies":"Orb Walker","floor":38.0,"turns":3.0},{"damage":24.0,"enemies":"Orb Walker","floor":39.0,"turns":5.0},{"damage":2.0,"enemies":"Reptomancer","floor":40.0,"turns":5.0},{"damage":6,"enemies":"Sphere and 2 Shapes","floor":43,"turns":3},{"damage":11,"enemies":"Writhing Mass","floor":46,"turns":4},{"damage":6,"enemies":"Spire Growth","floor":49,"turns":5},{"damage":58,"enemies":"IC_BLOCK_ARCHETYPE","floor":50,"turns":10}],"seed_played":"7215195018744362622","potions_obtained":[{"floor":6.0,"key":"Fruit Juice"},{"floor":10.0,"key":"Weak Potion"},{"floor":15.0,"key":"Explosive Potion"},{"floor":16.0,"key":"Energy Potion"},{"floor":20.0,"key":"Strength Potion"},{"floor":23.0,"key":"LiquidMemories"},{"floor":32.0,"key":"AttackPotion"},{"floor":38.0,"key":"hexamod:DoubleChargePotion"},{"floor":43,"key":"ColorlessPotion"},{"floor":46,"key":"Weak Potion"},{"floor":49,"key":"Weak Potion"}],"is_trial":false,"path_per_floor":["R","M","?","?","$","M","T","M","M","E","M","R","$","?","M","B",null,"R","M","M","$","?","?","T","$","M","M","R","M","R","?","M","B",null,"R","M","?","M","?","E","T","$","M","?","$","M","$","?","M","B",null],"character_chosen":"THE_SPIRIT","items_purchased":["Lee\u0027s Waffle","hexamod:HeatCrush","EntropicBrew","hexamod:BurningTouch","hexamod:GhostflameBarrier","hexamod:PhantomFireball","White Beast Statue","expansioncontent:DashGenerateEvil","Guardian:GemstoneGun","hexamod:FastForward"],"campfire_rested":1,"item_purchase_floors":[5,21,25,25,25,25,42,42,45,47],"current_hp_per_floor":[70,70,70,49,77,75,75,76,82,47,52,76,81,81,81,82,82,82,82,82,82,82,82,82,82,82,82,82,82,82,66,65,71,87,87,87,87,87,70,68,68,68,62,62,62,58,58,58,66,48],"gold":82,"neow_bonus":"ONE_RARE_RELIC","is_daily":false,"chose_seed":false,"campfire_upgraded":4,"win_rate":0.0,"timestamp":1614177886,"path_taken":["R","M","?","?","$","M","T","M","M","E","M","R","$","?","M","BOSS","R","M","M","$","?","?","T","$","M","M","R","M","R","?","M","BOSS","R","M","?","M","?","E","T","$","M","?","$","M","$","?","M","BOSS"],"items_purchased_type":["Relic","Card","Potion","Card","Card","Card","Relic","Card","Relic","Card"],"build_version":"2020-12-22","purchased_purges":0,"victory":true,"max_hp_per_floor":[70,70,70,70,77,77,77,77,82,82,82,82,82,82,82,82,82,82,82,82,82,82,82,82,82,82,82,82,82,82,87,87,87,87,87,87,87,87,87,87,87,87,87,87,87,87,87,87,87,87],"relic_stats":{"Lizard Tail":0,"Lee\u0027s Waffle":28,"Happy Flower":[41],"counters":[29,132],"Shuriken":[10],"Bronze Scales":[243],"Pantograph":43,"Pandora\u0027s Box":["hexamod:ShieldOfDarkness","hexamod:GhostOfSpireFuture","hexamod:SixthSeal","hexamod:GhostLash","hexamod:TurnItUp","hexamod:HauntingEcho","hexamod:GhostflameBarrier","hexamod:AdvancingGuard"],"Art of War":[0],"obtain_stats":[{"Potion Belt":41,"Girya":39,"Lee\u0027s Waffle":5,"downfall:ShatteredFragment":4,"Happy Flower":7,"downfall:HeartBlessingRed":18,"Guardian:GemstoneGun":45,"downfall:HeartBlessingGreen":12,"Thread and Needle":23,"White Beast Statue":42,"Lizard Tail":0,"Matryoshka":23,"Shuriken":40,"Bronze Scales":10,"Pantograph":24,"Pandora\u0027s Box":34,"Art of War":37,"hexamod:SpiritBrand":0,"hexamod:IceCube":17,"Meat on the Bone":24},{"Potion Belt":25,"Girya":24,"Lee\u0027s Waffle":2,"downfall:ShatteredFragment":1,"Happy Flower":3,"downfall:HeartBlessingRed":10,"Guardian:GemstoneGun":26,"downfall:HeartBlessingGreen":7,"Thread and Needle":15,"White Beast Statue":25,"Lizard Tail":0,"Matryoshka":15,"Shuriken":25,"Bronze Scales":6,"Pantograph":15,"Pandora\u0027s Box":21,"Art of War":22,"hexamod:SpiritBrand":0,"hexamod:IceCube":10,"Meat on the Bone":15},{"Potion Belt":110,"Girya":105,"Lee\u0027s Waffle":7,"downfall:ShatteredFragment":3,"Happy Flower":9,"downfall:HeartBlessingRed":42,"Guardian:GemstoneGun":113,"downfall:HeartBlessingGreen":30,"Thread and Needle":63,"White Beast Statue":110,"Lizard Tail":0,"Matryoshka":63,"Shuriken":110,"Bronze Scales":27,"Pantograph":63,"Pandora\u0027s Box":92,"Art of War":97,"hexamod:SpiritBrand":0,"hexamod:IceCube":42,"Meat on the Bone":63}],"Meat on the Bone":12},"card_choices":[{"not_picked":["hexamod:Haunt","hexamod:BacktrackSmack"],"picked":"hexamod:HauntingEcho","floor":2.0},{"not_picked":["hexamod:GhostflameInferno","hexamod:NecessarySacrifice"],"picked":"hexamod:FlamesFromBeyond","floor":5.0},{"not_picked":["hexamod:NightmareStrike","hexamod:SwordOfDarkness"],"picked":"hexamod:FirstSeal","floor":6.0},{"not_picked":["hexamod:ChargedBarrage","hexamod:HeatCrush"],"picked":"hexamod:EmpoweredFlame","floor":8.0},{"not_picked":["hexamod:DynamicBlow","hexamod:PowerFromBeyond"],"picked":"hexamod:SecondSeal","floor":9.0},{"not_picked":["hexamod:GhostLash","hexamod:EtherealExpedition"],"picked":"hexamod:FirstSeal","floor":10.0},{"not_picked":["hexamod:Firestarter","hexamod:SpectersWail"],"picked":"hexamod:NightmareGuise","floor":11.0},{"not_picked":["hexamod:RetreatToShadows","hexamod:CatchUp"],"picked":"hexamod:Firestarter","floor":13.0},{"not_picked":["hexamod:HauntingEcho","hexamod:BacktrackSmack"],"picked":"hexamod:FastForward","floor":15.0},{"not_picked":["hexamod:ParanormalForm","hexamod:UnleashSpirits"],"picked":"hexamod:TimeOfNeed","floor":16.0},{"not_picked":["hexamod:FlamesFromBeyond","hexamod:BacktrackSmack"],"picked":"hexamod:SpectersWail+1","floor":19.0},{"not_picked":["hexamod:SpectersWail","hexamod:Haunt"],"picked":"hexamod:ChargedBarrage+1","floor":20.0},{"not_picked":["hexamod:UnleashSpirits","hexamod:NightmareStrike"],"picked":"hexamod:AdvancingGuard+1","floor":21.0},{"not_picked":["hexamod:FirstSeal","hexamod:GhostflameBarrier"],"picked":"hexamod:SoulSteal","floor":23.0},{"not_picked":["hexamod:SpectersWail","hexamod:ParanormalForm"],"picked":"hexamod:SixthSeal","floor":25.0},{"not_picked":["hexamod:NightmareGuise","hexamod:BacktrackSmack"],"picked":"hexamod:SwordOfDarkness","floor":26.0},{"not_picked":["hexamod:HeatMetal","hexamod:SwordOfDarkness"],"picked":"hexamod:HauntingEcho+1","floor":27.0},{"not_picked":["hexamod:EtherealExpedition","hexamod:RecurringNightmare"],"picked":"hexamod:StepThrough","floor":29.0},{"not_picked":["hexamod:GhostLash","hexamod:NightmareStrike+1","hexamod:NightmareGuise"],"picked":"SKIP","floor":32.0},{"not_picked":["hexamod:GhostOfSpirePresent","hexamod:TurnItUp"],"picked":"hexamod:GiftsFromTheDead","floor":33.0},{"not_picked":["hexamod:GhostLash","hexamod:ChargedBarrage+1"],"picked":"hexamod:Hexaguard+1","floor":36.0},{"not_picked":["hexamod:Haunt","hexamod:SecondSeal"],"picked":"hexamod:BacktrackSmack+1","floor":38.0},{"not_picked":["hexamod:GhostShield","hexamod:BacktrackSmack"],"picked":"hexamod:HeatShield+1","floor":39.0},{"not_picked":["hexamod:PowerFromBeyond","hexamod:RecurringNightmare"],"picked":"hexamod:NecessarySacrifice+1","floor":40.0},{"not_picked":["hexamod:HauntingEcho+1","hexamod:Again"],"picked":"hexamod:ThirdSeal","floor":43},{"not_picked":["hexamod:PowerFromBeyond","hexamod:AdvancingGuard+1","hexamod:BurningTouch"],"picked":"SKIP","floor":46},{"not_picked":["hexamod:SpectralAdrenaline+1","hexamod:SpectersWail","hexamod:GhostLash"],"picked":"SKIP","floor":49},{"not_picked":["hexamod:NightmareStrike+1","hexamod:SecondSeal","hexamod:AdvancingGuard"],"picked":"SKIP","floor":49}],"player_experience":1056557,"relics_obtained":[{"floor":7.0,"key":"Happy Flower"},{"floor":10.0,"key":"Bronze Scales"},{"floor":23.0,"key":"Thread and Needle"},{"floor":23.0,"key":"Matryoshka"},{"floor":24.0,"key":"Pantograph"},{"floor":24.0,"key":"Meat on the Bone"},{"floor":37.0,"key":"Art of War"},{"floor":39.0,"key":"Girya"},{"floor":40.0,"key":"Shuriken"},{"floor":41.0,"key":"Potion Belt"}],"event_choices":[{"cards_removed":["downfall:Icky"],"damage_healed":0.0,"max_hp_gain":0.0,"max_hp_loss":0.0,"gold_gain":0.0,"event_name":"The Cleric","player_choice":"Card Removal","floor":14.0,"gold_loss":0.0,"damage_taken":0.0}],"is_beta":false,"boss_relics":[{"not_picked":["Empty Cage","Runic Pyramid"],"picked":"hexamod:IceCube"},{"not_picked":["Astrolabe","Cursed Key"],"picked":"Pandora\u0027s Box"}],"items_purged_floors":[],"is_endless":false,"potions_floor_spawned":[6,10,15,16,20,23,27,32,38,43,46,49],"ascension_level":0}}