{"host":"dztixnx9b0gu6w9i","time":1614203149,"event":{"mods":["BaseMod","Bestiary","Minty Spire (QoL Compilation)","Relic Stats","Slay the Relics Exporter","SpireBot","ojb\u0027s Better Paths Mod","ojb\u0027s Info Mod: The sequel"],"gold_per_floor":[111,111,111,111,127,127,127,38,38,67,84,84,119,139,139,213,213,226,245,160,212,167,205,205,234,234,252,111,138,168,168,168,249,249,278,304,328,328,16,16,50,50,50,91,117,158,158,178,178,178,178,178,178,13,50,50],"floor_reached":57,"language":"ENG","playtime":9067,"items_purged":["Regret","Strike_R"],"score":2787,"play_id":"7b79541f-6cde-4807-ad7d-b9e6e4fdab87","local_time":"20210224164549","is_ascension_mode":true,"campfire_choices":[{"data":"Whirlwind","floor":6,"key":"SMITH"},{"data":"Armaments","floor":15,"key":"SMITH"},{"data":"Battle Trance","floor":24,"key":"SMITH"},{"floor":32,"key":"REST"},{"data":"Feel No Pain","floor":40,"key":"SMITH"},{"data":"Juggernaut","floor":42,"key":"SMITH"},{"data":"Feel No Pain","floor":47,"key":"SMITH"},{"floor":49,"key":"RECALL"},{"data":"Feel No Pain","floor":53,"key":"SMITH"}],"circlet_count":0,"master_deck":["AscendersBane","Strike_R+1","Strike_R","Defend_R+1","Defend_R","Defend_R+1","Defend_R","Bash","Whirlwind+1","Battle Trance+1","Pommel Strike","Ghostly Armor","Inflame","Armaments+1","Immolate","Twin Strike+1","Burning Pact","Flame Barrier","Evolve","Hemokinesis","Corruption","Shrug It Off","Clothesline","Feel No Pain+1","Juggernaut+1","Dark Embrace","Armaments+1","Exhume","Feel No Pain+1","Shockwave","Ghostly Armor+1","Offering","Fiend Fire","Shrug It Off","Dual Wield+1","Feel No Pain+1","Body Slam","True Grit","Entrench","Battle Trance"],"relics":["Burning Blood","Tiny Chest","The Courier","Question Card","PreservedInsect","StrikeDummy","Blood Vial","Velvet Choker","Unceasing Top","CeramicFish","Incense Burner","Orrery","Whetstone","Bottled Tornado","Coffee Dripper","Calipers","Pocketwatch","Gremlin Horn","Dream Catcher","Pear","Red Skull"],"acts_visited":["Exordium","TheCity","TheBeyond","TheEnding"],"potions_floor_usage":[10,13,16,19,25,33,56],"damage_taken":[{"damage":4,"enemies":"Small Slimes","floor":1,"turns":5},{"damage":0,"enemies":"2 Louse","floor":5,"turns":2},{"damage":2,"enemies":"3 Sentries","floor":10,"turns":3},{"damage":0,"enemies":"Cultist","floor":11,"turns":2},{"damage":6,"enemies":"Lagavulin","floor":13,"turns":6},{"damage":0,"enemies":"Looter","floor":14,"turns":4},{"damage":51,"enemies":"Hexaghost","floor":16,"turns":8},{"damage":23,"enemies":"2 Thieves","floor":18,"turns":3},{"damage":0,"enemies":"Chosen","floor":19,"turns":3},{"damage":5,"enemies":"Gremlin Leader","floor":23,"turns":3},{"damage":10,"enemies":"Snecko","floor":25,"turns":3},{"damage":0,"enemies":"Cultist and Chosen","floor":29,"turns":8},{"damage":38,"enemies":"Book of Stabbing","floor":30,"turns":5},{"damage":34,"enemies":"Automaton","floor":33,"turns":10},{"damage":3,"enemies":"Orb Walker","floor":35,"turns":3},{"damage":2,"enemies":"3 Shapes","floor":36,"turns":6},{"damage":4,"enemies":"Transient","floor":37,"turns":6},{"damage":6,"enemies":"Mind Bloom Boss Battle","floor":41,"turns":5},{"damage":0,"enemies":"Reptomancer","floor":44,"turns":6},{"damage":14,"enemies":"Maw","floor":45,"turns":6},{"damage":0,"enemies":"Nemesis","floor":46,"turns":7},{"damage":19,"enemies":"Spire Growth","floor":48,"turns":6},{"damage":4,"enemies":"Time Eater","floor":50,"turns":8},{"damage":21,"enemies":"Donu and Deca","floor":51,"turns":9},{"damage":26,"enemies":"Shield and Spear","floor":55,"turns":6},{"damage":24,"enemies":"The Heart","floor":56,"turns":9}],"seed_played":"8968262845034928914","potions_obtained":[{"floor":4,"key":"SpeedPotion"},{"floor":4,"key":"BlessingOfTheForge"},{"floor":10,"key":"SkillPotion"},{"floor":11,"key":"Dexterity Potion"},{"floor":14,"key":"DistilledChaos"},{"floor":18,"key":"Block Potion"},{"floor":30,"key":"Explosive Potion"},{"floor":37,"key":"FearPotion"}],"is_trial":false,"path_per_floor":["M","?","?","?","M","R","T","$","T","E","M","?","E","M","R","B",null,"M","M","?","T","$","E","R","M","T","?","$","M","E","T","R","B",null,"M","M","M","?","$","R","?","R","T","E","M","E","R","M","R","B","B",null,"R","$","E","B",null],"character_chosen":"IRONCLAD","items_purchased":["Battle Trance","SteroidPotion","Orrery","Feel No Pain","Calipers","Offering","True Grit","Entrench"],"campfire_rested":1,"item_purchase_floors":[8,22,28,28,39,39,54,54],"current_hp_per_floor":[70,70,47,47,53,53,53,53,53,57,63,75,75,75,75,30,64,49,57,57,57,57,60,60,58,58,58,58,66,36,36,58,32,64,69,75,75,75,75,75,75,75,75,75,67,85,85,72,72,76,63,80,80,80,62,46],"gold":50,"neow_bonus":"RANDOM_COMMON_RELIC","is_daily":false,"chose_seed":false,"campfire_upgraded":7,"win_rate":0.0,"timestamp":1614203149,"path_taken":["M","?","?","?","M","R","?","?","T","E","M","?","E","M","R","BOSS","M","M","?","?","?","E","R","?","T","?","$","M","E","?","R","BOSS","M","M","M","?","$","R","?","R","T","E","M","E","R","M","R","BOSS","BOSS","R","$","E","BOSS"],"items_purchased_type":["Card","Potion","Relic","Card","Relic","Card","Card","Card"],"build_version":"2020-12-22","purchased_purges":2,"victory":true,"max_hp_per_floor":[75,75,75,75,75,75,75,75,75,75,75,75,75,75,75,75,75,75,75,75,75,75,75,75,75,75,75,75,75,75,75,75,75,75,75,75,75,75,75,75,75,75,75,75,75,85,85,85,85,85,85,85,85,85,85,85],"relic_stats":{"Gremlin Horn":[8,10],"counters":[26,142],"CeramicFish":216,"PreservedInsect":343,"Whetstone":["Twin Strike","Strike_R"],"Question Card":26,"Burning Blood":142,"Blood Vial":28,"Dream Catcher":0,"Tiny Chest":3,"obtain_stats":[{"Calipers":39,"Pear":46,"Gremlin Horn":43,"CeramicFish":21,"Velvet Choker":17,"The Courier":2,"PreservedInsect":9,"Incense Burner":23,"Whetstone":30,"Bottled Tornado":31,"Question Card":7,"Burning Blood":0,"Blood Vial":13,"Dream Catcher":44,"Orrery":28,"Tiny Chest":0,"Coffee Dripper":34,"StrikeDummy":10,"Unceasing Top":20,"Red Skull":55,"Pocketwatch":41},{"Calipers":17,"Pear":21,"Gremlin Horn":18,"CeramicFish":9,"Velvet Choker":7,"The Courier":1,"PreservedInsect":2,"Incense Burner":10,"Whetstone":13,"Bottled Tornado":13,"Question Card":2,"Burning Blood":0,"Blood Vial":5,"Dream Catcher":19,"Orrery":11,"Tiny Chest":0,"Coffee Dripper":14,"StrikeDummy":3,"Unceasing Top":9,"Red Skull":25,"Pocketwatch":18},{"Calipers":80,"Pear":104,"Gremlin Horn":85,"CeramicFish":36,"Velvet Choker":30,"The Courier":5,"PreservedInsect":7,"Incense Burner":39,"Whetstone":55,"Bottled Tornado":55,"Question Card":7,"Burning Blood":0,"Blood Vial":18,"Dream Catcher":91,"Orrery":42,"Tiny Chest":0,"Coffee Dripper":65,"StrikeDummy":10,"Unceasing Top":36,"Red Skull":133,"Pocketwatch":85}],"Unceasing Top":[1],"Pocketwatch":[69]},"card_choices":[{"not_picked":["True Grit","Entrench"],"picked":"Sever Soul","floor":1},{"not_picked":["Perfected Strike","Rage"],"picked":"Whirlwind","floor":5},{"not_picked":["Sever Soul","Infernal Blade","Bludgeon"],"picked":"Pommel Strike","floor":10},{"not_picked":["Body Slam","Headbutt","Pummel"],"picked":"Ghostly Armor","floor":11},{"not_picked":["Body Slam","Fire Breathing","Searing Blow"],"picked":"Inflame","floor":13},{"not_picked":["Cleave","Shrug It Off","Metallicize"],"picked":"Armaments","floor":14},{"not_picked":["Bludgeon","Limit Break","Demon Form"],"picked":"Immolate","floor":16},{"not_picked":["Anger","Fire Breathing","Evolve"],"picked":"Twin Strike","floor":18},{"not_picked":["Headbutt","Dropkick","Flex","Havoc"],"picked":"SKIP","floor":19},{"not_picked":["Pommel Strike","Bloodletting","Rampage"],"picked":"Burning Pact","floor":23},{"not_picked":["Rampage","Dark Embrace","Flex"],"picked":"Flame Barrier","floor":25},{"not_picked":["Shrug It Off","Double Tap","Infernal Blade"],"picked":"Corruption","floor":28},{"not_picked":["Headbutt","Thunderclap","Evolve+1"],"picked":"Shrug It Off","floor":28},{"not_picked":["Pommel Strike","Combust","Sword Boomerang"],"picked":"Clothesline","floor":28},{"not_picked":["Blood for Blood","Immolate","Pummel"],"picked":"Juggernaut","floor":28},{"not_picked":["True Grit","Iron Wave+1","Evolve"],"picked":"Dark Embrace","floor":28},{"not_picked":["Flex+1","Cleave","Havoc"],"picked":"Armaments+1","floor":29},{"not_picked":["Iron Wave","Twin Strike","Pummel","Heavy Blade"],"picked":"SKIP","floor":30},{"not_picked":["Limit Break","Berserk","Brutality"],"picked":"Exhume","floor":33},{"not_picked":["Havoc","Dark Embrace","Flex+1"],"picked":"Feel No Pain","floor":35},{"not_picked":["Twin Strike","Body Slam","Wild Strike"],"picked":"Shockwave","floor":36},{"not_picked":["Headbutt+1","Wild Strike","Pommel Strike"],"picked":"Ghostly Armor+1","floor":37},{"not_picked":["Rampage+1","Armaments","Seeing Red"],"picked":"Fiend Fire","floor":41},{"not_picked":["Perfected Strike+1","Wild Strike+1","Rampage"],"picked":"Shrug It Off","floor":44},{"not_picked":["Havoc","Flex+1","Clothesline"],"picked":"Dual Wield+1","floor":45},{"not_picked":["Iron Wave","Power Through+1","Reckless Charge"],"picked":"Feel No Pain","floor":46},{"not_picked":["Twin Strike+1","Dropkick","Perfected Strike"],"picked":"Body Slam","floor":48},{"not_picked":["Flex","Rupture+1","Havoc"],"picked":"Battle Trance","floor":55}],"player_experience":8809921,"relics_obtained":[{"floor":7,"key":"Question Card"},{"floor":9,"key":"PreservedInsect"},{"floor":10,"key":"StrikeDummy"},{"floor":13,"key":"Blood Vial"},{"floor":21,"key":"CeramicFish"},{"floor":23,"key":"Incense Burner"},{"floor":30,"key":"Whetstone"},{"floor":31,"key":"Bottled Tornado"},{"floor":41,"key":"Pocketwatch"},{"floor":43,"key":"Gremlin Horn"},{"floor":44,"key":"Dream Catcher"},{"floor":46,"key":"Pear"},{"floor":55,"key":"Red Skull"}],"event_choices":[{"damage_healed":0,"gold_gain":0,"player_choice":"Box","damage_taken":0,"relics_obtained":["The Courier"],"max_hp_gain":0,"max_hp_loss":0,"event_name":"Big Fish","floor":2,"gold_loss":0,"cards_obtained":["Regret"]},{"damage_healed":0,"gold_gain":0,"player_choice":"Entered Light","damage_taken":23,"max_hp_gain":0,"max_hp_loss":0,"event_name":"Shining Light","floor":3,"gold_loss":0,"cards_upgraded":["Defend_R","Defend_R"]},{"damage_healed":0,"gold_gain":0,"player_choice":"Got Potions","damage_taken":0,"max_hp_gain":0,"max_hp_loss":0,"event_name":"Lab","floor":4,"gold_loss":0},{"cards_removed":["Sever Soul"],"damage_healed":12,"gold_gain":0,"player_choice":"Offered Uncommon","damage_taken":0,"max_hp_gain":0,"max_hp_loss":0,"event_name":"Bonfire Elementals","floor":12,"gold_loss":0},{"damage_healed":0,"gold_gain":0,"player_choice":"Obtained Relic","damage_taken":0,"relics_obtained":["Unceasing Top"],"max_hp_gain":0,"max_hp_loss":0,"event_name":"Addict","floor":20,"gold_loss":85},{"damage_healed":0,"gold_gain":0,"cards_transformed":["Strike_R","Strike_R"],"player_choice":"Became Test Subject","damage_taken":0,"max_hp_gain":0,"max_hp_loss":0,"event_name":"Drug Dealer","floor":27,"gold_loss":0,"cards_obtained":["Evolve","Hemokinesis"]},{"damage_healed":0,"gold_gain":0,"player_choice":"Ignored","damage_taken":0,"max_hp_gain":0,"max_hp_loss":0,"event_name":"Tomb of Lord Red Mask","floor":38,"gold_loss":0},{"damage_healed":0,"gold_gain":0,"player_choice":"Fight","damage_taken":0,"max_hp_gain":0,"max_hp_loss":0,"event_name":"MindBloom","floor":41,"gold_loss":0}],"is_beta":false,"boss_relics":[{"not_picked":["Tiny House","Empty Cage"],"picked":"Velvet Choker"},{"not_picked":["Black Blood","Philosopher\u0027s Stone"],"picked":"Coffee Dripper"}],"items_purged_floors":[8,54],"is_endless":false,"potions_floor_spawned":[10,11,14,18,30,37,46,48],"ascension_level":20}}