{"host":"jt67skv49snb75sm","time":1614179708,"event":{"mods":["BaseMod","Bestiary","Minty Spire (QoL Compilation)","Relic Stats"],"gold_per_floor":[11,11,30,46,63,92,92,127,154,154,154,189,64,89,89,179,179,197,212,48,48,5,46,58,106,190,202,9,25,64,64,64,158,158,172,197,220,244,244,244,265,288,288,288,326,165,178,216,216,216,216,216,216,53,53,53],"floor_reached":55,"language":"ENG","playtime":3206,"items_purged":["Strike_R"],"score":2135,"play_id":"8e6a0808-262c-4670-beb7-e3f1d4399b9e","local_time":"20210224161508","is_ascension_mode":true,"campfire_choices":[{"data":"Headbutt","floor":11.0,"key":"SMITH"},{"data":"Rage","floor":15.0,"key":"SMITH"},{"floor":24.0,"key":"REST"},{"floor":32.0,"key":"RECALL"},{"floor":40.0,"key":"REST"},{"floor":49.0,"key":"REST"},{"floor":53.0,"key":"REST"}],"circlet_count":0,"master_deck":["AscendersBane","Strike_R","Strike_R","Defend_R","Defend_R","Defend_R","Bash","Headbutt+1","Bludgeon+1","Pommel Strike","Clothesline","Feel No Pain","Impervious","Spot Weakness","Rage+1","Flame Barrier","Iron Wave+1","Sword Boomerang+1","Limit Break","Body Slam+1","Reaper+1","Impervious","Whirlwind+1","True Grit+1","Hemokinesis+1","Iron Wave+1","Blood for Blood+1","Twin Strike+1","Heavy Blade+1","Inflame","Thunderclap+1","Reaper+1","Anger+1","Flex","Reaper+1","Entrench","Shockwave+1","Disarm","Bloodletting","Rage","Seeing Red+1","Metallicize","Seeing Red"],"relics":["Burning Blood","Dream Catcher","Golden Idol","Bag of Preparation","Toy Ornithopter","Molten Egg 2","Centennial Puzzle","Fusion Hammer","MawBank","Bottled Flame","MutagenicStrength","Orrery","StrikeDummy","Nloth\u0027s Gift","Runic Pyramid","Kunai","Bronze Scales","Akabeko","ClockworkSouvenir"],"acts_visited":["Exordium","TheCity","TheBeyond","TheEnding"],"potions_floor_usage":[],"damage_taken":[{"damage":0.0,"enemies":"Small Slimes","floor":1.0,"turns":3.0},{"damage":0.0,"enemies":"Cultist","floor":3.0,"turns":2.0},{"damage":5.0,"enemies":"2 Louse","floor":4.0,"turns":2.0},{"damage":12.0,"enemies":"Blue Slaver","floor":5.0,"turns":4.0},{"damage":0.0,"enemies":"Lagavulin","floor":6.0,"turns":2.0},{"damage":0.0,"enemies":"Gremlin Nob","floor":8.0,"turns":3.0},{"damage":20.0,"enemies":"Lagavulin","floor":12.0,"turns":5.0},{"damage":18.0,"enemies":"Exordium Thugs","floor":14.0,"turns":7.0},{"damage":33.0,"enemies":"The Guardian","floor":16.0,"turns":13.0},{"damage":10.0,"enemies":"Chosen","floor":18.0,"turns":4.0},{"damage":0.0,"enemies":"3 Byrds","floor":19.0,"turns":2.0},{"damage":44.0,"enemies":"Slavers","floor":23.0,"turns":5.0},{"damage":2.0,"enemies":"Gremlin Leader","floor":25.0,"turns":3.0},{"damage":5.0,"enemies":"Snake Plant","floor":29.0,"turns":2.0},{"damage":16.0,"enemies":"Slavers","floor":30.0,"turns":4.0},{"damage":100.0,"enemies":"Collector","floor":33.0,"turns":11.0},{"damage":6.0,"enemies":"3 Shapes","floor":35.0,"turns":3.0},{"damage":18.0,"enemies":"3 Darklings","floor":36.0,"turns":5.0},{"damage":18.0,"enemies":"4 Shapes","floor":37.0,"turns":3.0},{"damage":8.0,"enemies":"Transient","floor":38.0,"turns":6.0},{"damage":24.0,"enemies":"3 Darklings","floor":41.0,"turns":5.0},{"damage":16.0,"enemies":"4 Shapes","floor":42.0,"turns":3.0},{"damage":49.0,"enemies":"Giant Head","floor":45.0,"turns":7.0},{"damage":55.0,"enemies":"Sphere and 2 Shapes","floor":47.0,"turns":6.0},{"damage":30.0,"enemies":"Reptomancer","floor":48.0,"turns":7.0},{"damage":84.0,"enemies":"Donu and Deca","floor":50.0,"turns":9.0},{"damage":76.0,"enemies":"Awakened One","floor":51.0,"turns":10.0},{"damage":76,"enemies":"Shield and Spear","floor":55,"turns":3}],"seed_played":"-1941758843758451649","potions_obtained":[{"floor":1.0,"key":"Explosive Potion"},{"floor":4.0,"key":"Fire Potion"},{"floor":5.0,"key":"DistilledChaos"},{"floor":19.0,"key":"Fire Potion"},{"floor":25.0,"key":"LiquidBronze"},{"floor":29.0,"key":"EntropicBrew"},{"floor":33.0,"key":"CultistPotion"}],"is_trial":false,"path_per_floor":["M","?","M","M","M","E","?","E","T","T","R","E","$","M","R","B",null,"M","M","$","?","$","E","R","E","T","?","$","M","E","?","R","B",null,"M","M","M","M","?","R","M","M","T","?","E","$","M","E","R","B","B",null,"R","$","E"],"character_chosen":"IRONCLAD","items_purchased":["Iron Wave+1","Reaper+1","Whirlwind+1","Orrery","Inflame","Bronze Scales","ClockworkSouvenir"],"campfire_rested":4,"item_purchase_floors":[13,20,22,28,28,46,54],"current_hp_per_floor":[74,74,75,75,69,75,49,55,55,55,55,46,46,34,34,7,58,54,60,60,60,60,42,64,68,68,68,68,69,75,75,75,11,59,75,75,75,73,73,75,75,75,75,75,75,75,34,67,75,75,75,75,75,75,0,0],"gold":53,"neow_bonus":"TRANSFORM_TWO_CARDS","is_daily":false,"chose_seed":false,"campfire_upgraded":2,"win_rate":0.0,"timestamp":1614179708,"path_taken":["M","?","M","?","?","E","?","E","T","?","R","E","?","M","R","BOSS","M","M","$","?","?","E","R","E","T","?","$","M","E","?","R","BOSS","M","M","M","M","?","R","M","?","T","?","E","$","M","E","R","BOSS","BOSS","R","$","E"],"items_purchased_type":["Card","Card","Card","Relic","Card","Relic","Relic"],"build_version":"2020-12-22","purchased_purges":1,"victory":false,"max_hp_per_floor":[75,75,75,75,75,75,75,75,75,75,75,75,75,75,75,75,75,75,75,75,75,75,75,75,75,75,75,75,75,75,75,75,75,75,75,75,75,75,75,75,75,75,75,75,75,75,75,75,75,75,75,75,75,75,75,75],"relic_stats":{"Dream Catcher":4,"Centennial Puzzle":[60],"counters":[28,139],"Golden Idol":174,"Bronze Scales":[120],"Bag of Preparation":[44],"Nloth\u0027s Gift":4,"Kunai":[12],"MawBank":60,"obtain_stats":[{"Golden Idol":7,"Blue Candle":25,"Bag of Preparation":8,"MawBank":23,"Burning Blood":0,"Akabeko":48,"ClockworkSouvenir":54,"Dream Catcher":6,"Centennial Puzzle":12,"Bottled Flame":26,"MutagenicStrength":27,"Bronze Scales":46,"Orrery":28,"Molten Egg 2":10,"Fusion Hammer":17,"Nloth\u0027s Gift":31,"Kunai":45,"StrikeDummy":30,"Toy Ornithopter":9,"Runic Pyramid":34},{"Golden Idol":5,"Blue Candle":13,"Bag of Preparation":6,"MawBank":12,"Burning Blood":0,"Akabeko":25,"ClockworkSouvenir":27,"Dream Catcher":5,"Centennial Puzzle":7,"Bottled Flame":13,"MutagenicStrength":13,"Bronze Scales":23,"Orrery":13,"Molten Egg 2":6,"Fusion Hammer":9,"Nloth\u0027s Gift":15,"Kunai":23,"StrikeDummy":15,"Toy Ornithopter":6,"Runic Pyramid":16},{"Golden Idol":13,"Blue Candle":55,"Bag of Preparation":16,"MawBank":52,"Burning Blood":0,"Akabeko":117,"ClockworkSouvenir":136,"Dream Catcher":13,"Centennial Puzzle":21,"Bottled Flame":55,"MutagenicStrength":55,"Bronze Scales":104,"Orrery":55,"Molten Egg 2":16,"Fusion Hammer":41,"Nloth\u0027s Gift":61,"Kunai":104,"StrikeDummy":61,"Toy Ornithopter":16,"Runic Pyramid":72}],"Burning Blood":117,"Toy Ornithopter":18},"card_choices":[{"not_picked":["Combust","Sever Soul"],"picked":"Pommel Strike","floor":1.0},{"not_picked":["Clash","Flex"],"picked":"Clothesline","floor":3.0},{"not_picked":["Bloodletting","Sword Boomerang"],"picked":"Feel No Pain","floor":4.0},{"not_picked":["Clothesline","True Grit"],"picked":"Impervious","floor":5.0},{"not_picked":["Perfected Strike","Twin Strike"],"picked":"Spot Weakness","floor":6.0},{"not_picked":["Anger","Rupture"],"picked":"Rage","floor":8.0},{"not_picked":["Rage","Shrug It Off"],"picked":"Flame Barrier","floor":12.0},{"not_picked":["Offering","Flame Barrier"],"picked":"Sword Boomerang+1","floor":14.0},{"not_picked":["Brutality","Bludgeon+1"],"picked":"Limit Break","floor":16.0},{"not_picked":["Warcry","Havoc"],"picked":"Body Slam+1","floor":18.0},{"not_picked":["Armaments","Infernal Blade","Rage"],"picked":"SKIP","floor":19.0},{"not_picked":["Second Wind","Blood for Blood+1"],"picked":"True Grit+1","floor":23.0},{"not_picked":["Body Slam+1","Armaments"],"picked":"Hemokinesis+1","floor":24.0},{"not_picked":["Intimidate","Twin Strike+1"],"picked":"Iron Wave+1","floor":25.0},{"not_picked":["Cleave+1","Spot Weakness"],"picked":"Blood for Blood+1","floor":28.0},{"not_picked":["Anger+1","Infernal Blade"],"picked":"Twin Strike+1","floor":28.0},{"not_picked":["Whirlwind+1","Double Tap"],"picked":"Heavy Blade+1","floor":28.0},{"not_picked":["Rampage+1","True Grit","Flex"],"picked":"SKIP","floor":29.0},{"not_picked":["Flex","Second Wind"],"picked":"Thunderclap+1","floor":30.0},{"not_picked":["Feed+1","Exhume"],"picked":"Reaper+1","floor":33.0},{"not_picked":["Rupture","Cleave+1"],"picked":"Anger+1","floor":35.0},{"not_picked":["Juggernaut","Clothesline+1"],"picked":"Flex","floor":36.0},{"not_picked":["Clothesline+1","Cleave+1","Headbutt+1"],"picked":"SKIP","floor":37.0},{"not_picked":["Clash+1","Body Slam+1"],"picked":"Reaper+1","floor":38.0},{"not_picked":["Heavy Blade+1","Feed+1"],"picked":"Shockwave+1","floor":41.0},{"not_picked":["Sword Boomerang+1","Body Slam+1"],"picked":"Disarm","floor":42.0},{"not_picked":["True Grit","Impervious"],"picked":"Bloodletting","floor":45.0},{"not_picked":["Twin Strike+1","Battle Trance"],"picked":"Rage","floor":47.0},{"not_picked":["Juggernaut","Pommel Strike+1"],"picked":"Seeing Red+1","floor":48.0},{"not_picked":["Combust","Sword Boomerang+1"],"picked":"Metallicize","floor":49.0},{"not_picked":["Shockwave","True Grit"],"picked":"Seeing Red","floor":53.0}],"player_experience":894533,"relics_obtained":[{"floor":6.0,"key":"Dream Catcher"},{"floor":8.0,"key":"Bag of Preparation"},{"floor":9.0,"key":"Toy Ornithopter"},{"floor":10.0,"key":"Molten Egg 2"},{"floor":12.0,"key":"Centennial Puzzle"},{"floor":23.0,"key":"MawBank"},{"floor":25.0,"key":"Blue Candle"},{"floor":26.0,"key":"Bottled Flame"},{"floor":30.0,"key":"StrikeDummy"},{"floor":45.0,"key":"Kunai"},{"floor":48.0,"key":"Akabeko"}],"event_choices":[{"damage_healed":0.0,"max_hp_gain":0.0,"max_hp_loss":0.0,"gold_gain":0.0,"event_name":"Accursed Blacksmith","player_choice":"Forge","floor":2.0,"gold_loss":0.0,"damage_taken":0.0,"cards_upgraded":["Bludgeon"]},{"damage_healed":0.0,"max_hp_gain":0.0,"max_hp_loss":0.0,"gold_gain":0.0,"event_name":"Golden Idol","player_choice":"Take Damage","floor":7.0,"gold_loss":0.0,"damage_taken":26.0,"relics_obtained":["Golden Idol"]},{"damage_healed":0.0,"max_hp_gain":0.0,"max_hp_loss":0.0,"gold_gain":0.0,"event_name":"Duplicator","player_choice":"Copied","floor":21.0,"gold_loss":0.0,"damage_taken":0.0,"cards_obtained":["Impervious"]},{"damage_healed":0.0,"max_hp_gain":0.0,"max_hp_loss":0.0,"gold_gain":0.0,"event_name":"Drug Dealer","player_choice":"Inject Mutagens","floor":27.0,"gold_loss":0.0,"damage_taken":0.0,"relics_obtained":["MutagenicStrength"]},{"damage_healed":0.0,"max_hp_gain":0.0,"max_hp_loss":0.0,"gold_gain":0.0,"event_name":"N\u0027loth","player_choice":"Traded Relic","floor":31.0,"relics_lost":["Blue Candle"],"gold_loss":0.0,"damage_taken":0.0,"relics_obtained":["Nloth\u0027s Gift"]},{"damage_healed":0.0,"max_hp_gain":0.0,"max_hp_loss":0.0,"gold_gain":0.0,"cards_transformed":["Strike_R"],"event_name":"Transmorgrifier","player_choice":"Transformed","floor":39.0,"gold_loss":0.0,"damage_taken":0.0,"cards_obtained":["Entrench"]},{"damage_healed":0.0,"max_hp_gain":0.0,"max_hp_loss":0.0,"gold_gain":0.0,"event_name":"Tomb of Lord Red Mask","player_choice":"Ignored","floor":44.0,"gold_loss":0.0,"damage_taken":0.0}],"is_beta":false,"boss_relics":[{"not_picked":["Busted Crown","SlaversCollar"],"picked":"Fusion Hammer"},{"not_picked":["Empty Cage","Pandora\u0027s Box"],"picked":"Runic Pyramid"}],"items_purged_floors":[13],"is_endless":false,"potions_floor_spawned":[1,4,5,19,25,29,33,37,38,42,47],"killed_by":"Shield and Spear","ascension_level":20}}