{"host":"853vx6s5mj9srtgy","time":1614166374,"event":{"mods":["2.2 Compatiblity","ATMod(ªü½@Mod)","Act Like it!","Aspiration","BaseMod","Better Skull","Better Vampires","CCEM2","CapriCore","Colored Powertips","Conspire","Energized Spire","Friendly Minions","Gensokyo","GifTheSpireLib","Halation","HornydragonMod","Hubris","Infinite Spire","Koishi","LagranYue(©Ô®æ®Ô¡P¤ë)","Marisa¡]Ãú«B¡@Å]²z¨F¡^","Minty Spire (QoL Compilation)","MostiFishMod","Permanent Neow","Quick Restart","Rare Cards Sparkle","Red Circlet Mod","Reimu¡]³Õ???¡^","Relic Sorter","Relic Stats","Remilia¡]Á¢¦Ì²ú?¡^","Replay The Spire","RumiaBox-ÅS¦Ì?ªº¯«¯µ²°¤l","Ryuuou?¤ý","Small Relic Pack","Spicy Shops","Spikes Relics","StSLib","TestMod","The Immortal","The Servant 0.9.4","Unknown Chances","Voiceroid Mod","Yakumo Yukari mod","Youmu¡]»î¾z§¯?¡^","Yuyuko","noobMod","yUi","¡i¥\¯àMod¡j²V¨P¤§?­×Î`?¤B"],"gold_per_floor":[115,115,115,130,130,130,148,78,105,137,137,137,152,181,181,283,283,302,302,302,702,720,755,755,755,836,836,853,853,963,963,963],"floor_reached":31,"language":"ZHS","playtime":2970,"items_purged":[],"score":409,"play_id":"d665955d-85b5-4531-98f5-a60d59e038e6","local_time":"20210224193254","is_ascension_mode":false,"campfire_choices":[{"data":"CleanRite:ReiMu","floor":6.0,"key":"SMITH"},{"data":"PassingAway:ReiMu","floor":12,"key":"SMITH"},{"data":"RainPray2:ReiMu","floor":15,"key":"SMITH"},{"data":"KamiSacrifice:ReiMu","floor":24,"key":"SMITH"},{"data":"CeremonyResonance:ReiMu","floor":27,"key":"SMITH"}],"circlet_count":0,"master_deck":["Strike_Lin:ReiMu","Strike_Lin:ReiMu","Strike_Lin:ReiMu","Defend_Lin:ReiMu","Defend_Lin:ReiMu","NB:ReiMu","Stagnation:ReiMu","PassingAway:ReiMu+1","CleanRite:ReiMu+1","Intuition:ReiMu+1","AlertArray:ReiMu","Meditation:ReiMu","RainPray2:ReiMu+1","SafetyPray:ReiMu","CeremonyResonance:ReiMu+1","RainPray2:ReiMu","KamiSacrifice:ReiMu+1","LovePray:ReiMu","SpringWay:ReiMu","Amulet:ReiMu","SpringWay:ReiMu","CeremonyResonance:ReiMu"],"relics":["FlyPower:ReiMu","testmod-TestBox","DaveBox","ice","OneHitWonderSystem","testmod-BouquetWithThorns","LagranYue:RandomDrawCardRelic","aspiration:Nostalgia","infinitespire:DarkRift","Baka","SynthV:TestCard","hubris:Towel","CCEMRelics:CarbonFilter","Simple Rune","AT_ChloranthyRing","MoneyPower","Philosopher\u0027s Stone","Gensokyo:MosesMiracle","Replay:Baseball","conspire:Dentures"],"acts_visited":["Gensokyo:Gensokyo","Gensokyo:Gensokyoer"],"potions_floor_usage":[18,23,23,23],"damage_taken":[{"damage":0.0,"enemies":"Gensokyo:Python","floor":1.0,"turns":4.0},{"damage":0.0,"enemies":"Gensokyo:2_Kodama","floor":4.0,"turns":2.0},{"damage":0.0,"enemies":"Gensokyo:3_Fairies","floor":7.0,"turns":4.0},{"damage":0.0,"enemies":"Gensokyo:Aya","floor":10.0,"turns":5.0},{"damage":0,"enemies":"Gensokyo:LivingMonolith","floor":13,"turns":4},{"damage":0,"enemies":"Gensokyo:Mamizou","floor":14,"turns":6},{"damage":0,"enemies":"Gensokyo:Kokoro","floor":16,"turns":8},{"damage":0,"enemies":"Gensokyo:CosmicMonolith","floor":18,"turns":6},{"damage":0,"enemies":"Gensokyo:AngelMirror","floor":22,"turns":3},{"damage":0,"enemies":"Nightmare","floor":23,"turns":4},{"damage":0,"enemies":"Gensokyo:Wraith","floor":28,"turns":3},{"damage":2,"enemies":"Gensokyo:Slime_Group","floor":31,"turns":4}],"seed_played":"-7192639303946820530","potions_obtained":[{"floor":1.0,"key":"LiquidMemories"},{"floor":14,"key":"PowerPotion"},{"floor":16,"key":"PowerPotion"},{"floor":18,"key":"PinkPotion:ReiMu"},{"floor":22,"key":"ColorlessPotion"},{"floor":28,"key":"LiquidBronze"}],"is_trial":false,"path_per_floor":["M","?","?","M","?","R","M","?","T","E","?","R","M","E","R","B",null,"M","?","?","?","M","NM","R","?","T","R","M","T","?","M"],"character_chosen":"REIMU","items_purchased":[],"campfire_rested":0,"item_purchase_floors":[],"current_hp_per_floor":[1,1,1,1,1,1,1,1,1,1,1,1,1,1,1,1,1,1,1,1,1,1,1,1,1,1,1,1,1,1,0,0],"gold":963,"neow_bonus":"NOSTALGIA","is_daily":false,"chose_seed":false,"campfire_upgraded":5,"win_rate":0.0,"timestamp":1614166374,"path_taken":["M","?","?","M","?","R","?","?","T","E","?","R","?","E","R","BOSS","M","?","?","?","M","NM","R","?","T","R","?","?","?","?"],"items_purchased_type":[],"build_version":"2020-12-22","purchased_purges":0,"victory":false,"max_hp_per_floor":[1,1,1,1,1,1,1,1,1,1,1,1,1,1,1,1,1,1,1,1,1,1,1,1,1,1,1,1,1,1,1,1],"relic_stats":{"counters":[12,52],"obtain_stats":[{"CCEMRelics:CarbonFilter":4,"AT_ChloranthyRing":10,"conspire:Dentures":29,"testmod-TestBox":0,"AT_ATBox":0,"DaveBox":0,"LagranYue:RandomDrawCardRelic":0,"aspiration:Nostalgia":0,"Gensokyo:MosesMiracle":28,"ice":0,"Baka":1,"MoneyPower":14,"hubris:Towel":2,"testmod-BouquetWithThorns":0,"infinitespire:DarkRift":0,"Replay:Baseball":23,"SynthV:TestCard":1,"Gensokyo:DayTheSeaSplit":19,"Simple Rune":9,"Philosopher\u0027s Stone":17,"OneHitWonderSystem":0,"FlyPower:ReiMu":0},{"CCEMRelics:CarbonFilter":2,"AT_ChloranthyRing":4,"conspire:Dentures":11,"testmod-TestBox":0,"AT_ATBox":0,"DaveBox":0,"LagranYue:RandomDrawCardRelic":0,"aspiration:Nostalgia":0,"Gensokyo:MosesMiracle":11,"ice":0,"Baka":1,"MoneyPower":6,"hubris:Towel":1,"testmod-BouquetWithThorns":0,"infinitespire:DarkRift":0,"Replay:Baseball":10,"SynthV:TestCard":1,"Gensokyo:DayTheSeaSplit":8,"Simple Rune":3,"Philosopher\u0027s Stone":7,"OneHitWonderSystem":0,"FlyPower:ReiMu":0},{"CCEMRelics:CarbonFilter":6,"AT_ChloranthyRing":15,"conspire:Dentures":48,"testmod-TestBox":0,"AT_ATBox":0,"DaveBox":0,"LagranYue:RandomDrawCardRelic":0,"aspiration:Nostalgia":0,"Gensokyo:MosesMiracle":48,"ice":0,"Baka":4,"MoneyPower":25,"hubris:Towel":4,"testmod-BouquetWithThorns":0,"infinitespire:DarkRift":0,"Replay:Baseball":45,"SynthV:TestCard":4,"Gensokyo:DayTheSeaSplit":38,"Simple Rune":10,"Philosopher\u0027s Stone":33,"OneHitWonderSystem":0,"FlyPower:ReiMu":0}]},"card_choices":[{"not_picked":["FantasyMoon:ReiMu","WonderfulDomain:ReiMu"],"picked":"PassingAway:ReiMu","floor":1.0},{"not_picked":["SubAcupoint:ReiMu","EmergencyTakeOff:ReiMu","SafetyPray:ReiMu","SpreadBorder2:ReiMu"],"picked":"CleanRite:ReiMu","floor":4.0},{"not_picked":["CareerPray:ReiMu","NineCharacters:ReiMu","TightArray:ReiMu","Enchanting:ReiMu"],"picked":"Intuition:ReiMu","floor":7.0},{"not_picked":["PhosphorusFlame:ReiMu","SpreadBorder2:ReiMu","OctopathSalyBorderN:ReiMu","SpringWay:ReiMu"],"picked":"AlertArray:ReiMu","floor":10.0},{"not_picked":["Revelation:ReiMu","BarrageOfMoneybags:ReiMu","TightArray:ReiMu","AlertArray:ReiMu"],"picked":"Meditation:ReiMu","floor":13},{"not_picked":["EmergencyTakeOff:ReiMu","TightArray:ReiMu","TakeOff:ReiMu","MountainWay:ReiMu"],"picked":"SafetyPray:ReiMu","floor":14},{"not_picked":["Shading:ReiMu","KyokaiOfKami:ReiMu","CardOfSanctity:ReiMu","RunawayExorcism:ReiMu"],"picked":"CeremonyResonance:ReiMu","floor":16},{"not_picked":["EmergencyTakeOff:ReiMu","DependentForm:ReiMu","CollectionFlower2:ReiMu+1","Meditation:ReiMu+1"],"picked":"RainPray2:ReiMu","floor":18},{"not_picked":["WonderfulDomain:ReiMu","SpreadBorder2:ReiMu","FantasyBorder:ReiMu","Conquer:ReiMu"],"picked":"KamiSacrifice:ReiMu","floor":22},{"not_picked":["CollectionFlower2:ReiMu","SubcavityInstant:ReiMu","TakeOff:ReiMu","LearningPray:ReiMu"],"picked":"LovePray:ReiMu","floor":23},{"not_picked":["AirStrike:ReiMu","LearningPray:ReiMu","OctopathBindingBorder2:ReiMu","AlertArray:ReiMu+1"],"picked":"SpringWay:ReiMu","floor":28},{"not_picked":["UpKicking:ReiMu+1","EmergencyTakeOff:ReiMu","Meditation:ReiMu","TightArray:ReiMu"],"picked":"Amulet:ReiMu","floor":30},{"not_picked":["SubcavityInstant:ReiMu","SubAcupoint:ReiMu","KamiSacrifice:ReiMu","YinYangSign:ReiMu"],"picked":"SpringWay:ReiMu","floor":30},{"not_picked":["InherentArray:ReiMu","PrepareRite:ReiMu","OctopathBindingBorder2:ReiMu","AirStrike:ReiMu"],"picked":"CeremonyResonance:ReiMu","floor":30}],"player_experience":378067,"relics_obtained":[{"floor":1.0,"key":"Baka"},{"floor":1.0,"key":"SynthV:TestCard"},{"floor":4.0,"key":"CCEMRelics:CarbonFilter"},{"floor":9.0,"key":"Simple Rune"},{"floor":10.0,"key":"AT_ChloranthyRing"},{"floor":14,"key":"MoneyPower"},{"floor":23,"key":"Replay:Baseball"},{"floor":28,"key":"Gensokyo:MosesMiracle"},{"floor":29,"key":"conspire:Dentures"}],"event_choices":[{"damage_healed":0,"gold_gain":0,"player_choice":"LEAVE ","damage_taken":0,"relics_obtained":[],"max_hp_gain":0,"max_hp_loss":0,"event_name":"betterSkull:BetterSkull","floor":11,"gold_loss":0,"cards_upgraded":[]},{"damage_healed":0,"gold_gain":400,"player_choice":"Sell","damage_taken":0,"max_hp_gain":0,"max_hp_loss":0,"event_name":"®¦¬¥´µªº?¤l","floor":21,"relics_lost":["AT_ATBox"],"gold_loss":0}],"is_beta":false,"boss_relics":[{"not_picked":["hubris:BlackHole","halation:PlatinumPhoenix"],"picked":"Philosopher\u0027s Stone"}],"items_purged_floors":[],"is_endless":true,"potions_floor_spawned":[1,14,16,18,22,28],"killed_by":"Gensokyo:Slime_Group","ascension_level":0}}