{"host":"suw5tyb7z6zbnnfs","time":1614138968,"event":{"mods":["AchievementEnabler","BaseMod","Colored Map","Minty Spire (QoL Compilation)"],"gold_per_floor":[10,10,22,39,57,57,90,109,135,135,164,164,89,109,109,205,205,218,70,88,88,88],"floor_reached":21,"language":"ENG","playtime":1718,"items_purged":["Strike_B"],"score":296,"play_id":"6d005711-2761-4752-b6ea-3c72f0d573f1","local_time":"20210223225608","is_ascension_mode":true,"campfire_choices":[{"data":"Dualcast","floor":6.0,"key":"SMITH"},{"floor":10.0,"key":"REST"},{"data":"Zap","floor":12.0,"key":"SMITH"},{"data":"Magnetism","floor":15.0,"key":"SMITH"}],"circlet_count":0,"master_deck":["AscendersBane","Strike_B","Strike_B","Strike_B","Defend_B","Defend_B","Defend_B+1","Defend_B+1","Zap+1","Dualcast+1","Magnetism+1","Static Discharge","Beam Cell","Conserve Battery","Streamline","Fission+1","Self Repair","Rip and Tear","Electrodynamics"],"relics":["Cracked Core","Toxic Egg 2","Juzu Bracelet","War Paint","SlaversCollar","DataDisk"],"acts_visited":["Exordium","TheCity"],"potions_floor_usage":[],"damage_taken":[{"damage":0.0,"enemies":"Cultist","floor":1.0,"turns":4.0},{"damage":9.0,"enemies":"Jaw Worm","floor":3.0,"turns":4.0},{"damage":4.0,"enemies":"Small Slimes","floor":4.0,"turns":4.0},{"damage":16.0,"enemies":"Blue Slaver","floor":5.0,"turns":4.0},{"damage":16.0,"enemies":"Lagavulin","floor":7.0,"turns":7.0},{"damage":4.0,"enemies":"Large Slime","floor":8.0,"turns":5.0},{"damage":20.0,"enemies":"Gremlin Nob","floor":11.0,"turns":4.0},{"damage":14.0,"enemies":"3 Louse","floor":14.0,"turns":3.0},{"damage":26.0,"enemies":"Hexaghost","floor":16.0,"turns":12.0},{"damage":17,"enemies":"2 Thieves","floor":18,"turns":3},{"damage":12,"enemies":"Chosen","floor":20,"turns":4},{"damage":51,"enemies":"Shelled Parasite and Fungi","floor":21,"turns":3}],"seed_played":"-7611555021240295636","potions_obtained":[{"floor":1.0,"key":"Fire Potion"},{"floor":3.0,"key":"Fruit Juice"},{"floor":5.0,"key":"Fire Potion"},{"floor":8.0,"key":"Dexterity Potion"},{"floor":20,"key":"SkillPotion"}],"is_trial":false,"path_per_floor":["M","$","M","M","M","R","E","M","T","R","E","R","$","M","R","B",null,"M","$","M","M"],"character_chosen":"DEFECT","items_purchased":["DataDisk"],"campfire_rested":1,"item_purchase_floors":[19],"current_hp_per_floor":[68,68,64,60,44,44,28,24,24,48,35,35,35,28,28,9,62,52,52,47,0,0],"gold":88,"neow_bonus":"RANDOM_COLORLESS_2","is_daily":false,"chose_seed":false,"campfire_upgraded":3,"win_rate":0.0,"timestamp":1614138968,"path_taken":["M","?","M","M","?","R","E","M","T","R","E","R","$","M","R","BOSS","M","$","M","M"],"items_purchased_type":["Relic"],"build_version":"2020-12-22","purchased_purges":1,"victory":false,"max_hp_per_floor":[75,75,80,80,80,80,80,80,80,80,80,80,80,80,80,80,80,80,80,80,80,80],"card_choices":[{"not_picked":["Master of Strategy","Thinking Ahead"],"picked":"Magnetism","floor":0.0},{"not_picked":["Consume","Ball Lightning"],"picked":"Static Discharge","floor":1.0},{"not_picked":["White Noise","Auto Shields"],"picked":"Beam Cell","floor":3.0},{"not_picked":["Barrage","Skim"],"picked":"Conserve Battery","floor":4.0},{"not_picked":["Turbo","Chaos"],"picked":"Streamline","floor":5.0},{"not_picked":["Consume+1","Gash"],"picked":"Fission+1","floor":7.0},{"not_picked":["Aggregate+1","Scrape"],"picked":"Self Repair","floor":8.0},{"not_picked":["Compile Driver","Go for the Eyes"],"picked":"Rip and Tear","floor":11.0},{"not_picked":["Steam+1","Storm","Leap+1"],"picked":"SKIP","floor":14.0},{"not_picked":["Fission+1","Meteor Strike"],"picked":"Electrodynamics","floor":16.0},{"not_picked":["Cold Snap","Redo+1","Beam Cell"],"picked":"SKIP","floor":18},{"not_picked":["Storm+1","Sweeping Beam","Gash+1"],"picked":"SKIP","floor":20}],"player_experience":988235,"relics_obtained":[{"floor":7.0,"key":"Toxic Egg 2"},{"floor":9.0,"key":"Juzu Bracelet"},{"floor":11.0,"key":"War Paint"}],"event_choices":[],"is_beta":false,"boss_relics":[{"not_picked":["Philosopher\u0027s Stone","Fusion Hammer"],"picked":"SlaversCollar"}],"items_purged_floors":[13],"is_endless":false,"potions_floor_spawned":[1,3,5,8,20],"killed_by":"Shelled Parasite and Fungi","ascension_level":11}}