{"host":"rzxtdhi6dlaar4wu","time":1614166176,"event":{"mods":["2.2 Compatiblity","AchievementEnabler","BaseMod","Block Reminder","Colored Map","Colored Powertips","Minty Spire (QoL Compilation)","Quick Restart","Random Character Button","Rare Cards Sparkle","Relic Stats","StSLib","The IronCluck"],"gold_per_floor":[119,119,69,84,84,123,139,158,204,9,9,9,30,50,50,50,50],"floor_reached":16,"language":"ENG","playtime":623,"items_purged":[],"score":102,"play_id":"baca624a-be2f-4c09-aee4-738ef501f621","local_time":"20210224122936","is_ascension_mode":false,"campfire_choices":[{"data":"Seeing Red","floor":12,"key":"SMITH"},{"data":"Armaments","floor":15,"key":"SMITH"}],"circlet_count":0,"master_deck":["Strike_R","Strike_R+1","Strike_R","Strike_R","Defend_R","Defend_R","Defend_R","Defend_R","Bash+1","Impervious","Feel No Pain","Seeing Red+1","Injury","Twin Strike","Thunderclap+1","Flex","Armaments+1","Flex","Iron Wave","Carnage"],"relics":["Burning Blood","Golden Idol","The Courier","Bag of Marbles","Whetstone"],"acts_visited":["Exordium"],"potions_floor_usage":[6,16,16],"damage_taken":[{"damage":8,"enemies":"2 Louse","floor":1,"turns":4},{"damage":0,"enemies":"Small Slimes","floor":4,"turns":3},{"damage":27,"enemies":"3 Sentries","floor":6,"turns":12},{"damage":11,"enemies":"Cultist","floor":7,"turns":5},{"damage":9,"enemies":"Blue Slaver","floor":8,"turns":4},{"damage":5,"enemies":"Gremlin Gang","floor":13,"turns":2},{"damage":11,"enemies":"Red Slaver","floor":14,"turns":3},{"damage":67,"enemies":"Slime Boss","floor":16,"turns":14}],"seed_played":"-5610657890494381045","potions_obtained":[{"floor":4,"key":"Block Potion"},{"floor":8,"key":"Fire Potion"},{"floor":11,"key":"FairyPotion"},{"floor":11,"key":"Block Potion"}],"is_trial":false,"path_per_floor":["M","?","?","M","?","E","M","M","T","$","?","R","M","M","R","B"],"character_chosen":"IRONCLAD","items_purchased":["Whetstone","Armaments","Flex"],"campfire_rested":0,"item_purchase_floors":[10,10,10],"current_hp_per_floor":[78,78,78,80,80,59,54,51,51,51,51,51,52,47,47,13,13],"gold":50,"neow_bonus":"ONE_RANDOM_RARE_CARD","is_daily":false,"chose_seed":false,"campfire_upgraded":2,"win_rate":0.0,"timestamp":1614166176,"path_taken":["M","?","?","M","?","E","M","M","T","$","?","R","M","M","R","BOSS"],"items_purchased_type":["Relic","Card","Card"],"build_version":"2020-12-22","purchased_purges":0,"victory":false,"max_hp_per_floor":[80,80,80,80,80,80,80,80,80,80,80,80,80,80,80,80,80],"relic_stats":{"counters":[8,47],"Golden Idol":23,"Whetstone":["Thunderclap","Strike_R"],"obtain_stats":[{"Golden Idol":5,"The Courier":6,"Bag of Marbles":9,"Whetstone":10,"Burning Blood":0},{"Golden Idol":2,"The Courier":3,"Bag of Marbles":5,"Whetstone":5,"Burning Blood":0},{"Golden Idol":7,"The Courier":19,"Bag of Marbles":28,"Whetstone":28,"Burning Blood":0}],"Burning Blood":38},"card_choices":[{"not_picked":["Cleave","True Grit"],"picked":"Feel No Pain","floor":1},{"not_picked":["Havoc","Whirlwind"],"picked":"Seeing Red","floor":4},{"not_picked":["Iron Wave","Entrench"],"picked":"Twin Strike","floor":6},{"not_picked":["Twin Strike","Brutality"],"picked":"Thunderclap","floor":7},{"not_picked":["Armaments","Battle Trance"],"picked":"Flex","floor":8},{"not_picked":["Havoc","Headbutt"],"picked":"Iron Wave","floor":13},{"not_picked":["Hemokinesis","Spot Weakness"],"picked":"Carnage","floor":14}],"player_experience":180468,"relics_obtained":[{"floor":6,"key":"The Courier"},{"floor":9,"key":"Bag of Marbles"}],"event_choices":[{"damage_healed":0,"gold_gain":0,"player_choice":"Grow","damage_taken":0,"max_hp_gain":0,"max_hp_loss":0,"event_name":"Living Wall","floor":2,"gold_loss":0,"cards_upgraded":["Bash"]},{"cards_removed":["Strike_R"],"damage_healed":0,"gold_gain":0,"player_choice":"Card Removal","damage_taken":0,"max_hp_gain":0,"max_hp_loss":0,"event_name":"The Cleric","floor":3,"gold_loss":50},{"damage_healed":0,"gold_gain":0,"player_choice":"Take Wound","damage_taken":0,"relics_obtained":["Golden Idol"],"max_hp_gain":0,"max_hp_loss":0,"event_name":"Golden Idol","floor":5,"gold_loss":0,"cards_obtained":["Injury"]},{"damage_healed":0,"gold_gain":0,"player_choice":"Got Potions","damage_taken":0,"max_hp_gain":0,"max_hp_loss":0,"event_name":"Lab","floor":11,"gold_loss":0}],"is_beta":false,"boss_relics":[],"items_purged_floors":[],"is_endless":false,"potions_floor_spawned":[4,8],"killed_by":"Slime Boss","ascension_level":0}}