{"host":"7jag2woc339g1nhm","time":1614159718,"event":{"mods":["AchievementEnabler","BaseMod","Bestiary","DeckTracker","Minty Spire (QoL Compilation)"],"gold_per_floor":[218,122,133,152,162,192,192,221,272,272,282,299,299,299],"floor_reached":13,"language":"ENG","playtime":811,"items_purged":[],"score":112,"play_id":"d2c8878a-6fc7-4402-a84d-91680a7abfcd","local_time":"20210224201158","is_ascension_mode":true,"campfire_choices":[{"floor":7,"key":"REST"},{"floor":10,"key":"REST"}],"circlet_count":0,"master_deck":["Strike_B","Strike_B","Strike_B","Strike_B","Defend_B","Defend_B","Defend_B","Defend_B","Zap","Dualcast","Recycle","Barrage","Defragment","Go for the Eyes","Streamline","Coolheaded","Streamline","Redo","Cold Snap","Conserve Battery"],"relics":["Cracked Core","Cables","Eternal Feather","Ancient Tea Set"],"acts_visited":["Exordium"],"potions_floor_usage":[6,13,13],"damage_taken":[{"damage":0,"enemies":"Cultist","floor":1,"turns":4},{"damage":2,"enemies":"Jaw Worm","floor":3,"turns":3},{"damage":1,"enemies":"Small Slimes","floor":4,"turns":3},{"damage":27,"enemies":"Exordium Thugs","floor":5,"turns":4},{"damage":24,"enemies":"Lagavulin","floor":6,"turns":5},{"damage":27,"enemies":"3 Sentries","floor":8,"turns":7},{"damage":5,"enemies":"3 Louse","floor":11,"turns":2},{"damage":17,"enemies":"Looter","floor":12,"turns":3},{"damage":30,"enemies":"Lagavulin","floor":13,"turns":5}],"seed_played":"-6862415571935308698","potions_obtained":[{"floor":1,"key":"Swift Potion"},{"floor":4,"key":"PowerPotion"},{"floor":11,"key":"Weak Potion"}],"is_trial":false,"path_per_floor":["M","$","M","M","M","E","R","E","T","R","M","M","E"],"character_chosen":"DEFECT","items_purchased":["Barrage","Defragment"],"campfire_rested":2,"item_purchase_floors":[2,2],"current_hp_per_floor":[75,75,73,72,45,21,43,16,16,47,42,25,0,0],"gold":299,"neow_bonus":"HUNDRED_GOLD","is_daily":false,"chose_seed":false,"campfire_upgraded":0,"win_rate":0.0,"timestamp":1614159718,"path_taken":["M","$","M","M","?","E","R","E","T","R","M","M","E"],"items_purchased_type":["Card","Card"],"build_version":"2020-12-22","purchased_purges":0,"victory":false,"max_hp_per_floor":[75,75,75,75,75,75,75,75,75,75,75,75,75,75],"card_choices":[{"not_picked":["Undo","Gash"],"picked":"Recycle","floor":1},{"not_picked":["Rebound","Leap"],"picked":"Go for the Eyes","floor":3},{"not_picked":["Gash","Rebound"],"picked":"Streamline","floor":4},{"not_picked":["Rebound","Auto Shields"],"picked":"Coolheaded","floor":5},{"not_picked":["FTL","Hello World"],"picked":"Streamline","floor":6},{"not_picked":["Stack","Rebound"],"picked":"Redo","floor":8},{"not_picked":["Hologram","Stack"],"picked":"Cold Snap","floor":11},{"not_picked":["Stack","Redo"],"picked":"Conserve Battery","floor":12}],"player_experience":121707,"relics_obtained":[{"floor":6,"key":"Cables"},{"floor":8,"key":"Eternal Feather"},{"floor":9,"key":"Ancient Tea Set"}],"event_choices":[],"is_beta":false,"boss_relics":[],"items_purged_floors":[],"is_endless":false,"potions_floor_spawned":[1,4,11],"killed_by":"Lagavulin","ascension_level":3}}