{"host":"mu5qkq7030l6349q","time":1614180956,"event":{"mods":["AchievementEnabler","BaseMod","Colored Powertips","Downfall","Highlight Path","Minty Spire (QoL Compilation)","Permanent Neow","Rare Cards Sparkle","Relic Sorter","Relic Stats","StSLib"],"gold_per_floor":[99,109,122,32,92,92,117,50,150,150,168,199,99,130,144,241,241,241,257,38,138,92,122,148,165,165,165,194,144,177,197,213,312,312,212,227,244,292,292,140,140,171,171,221,253,153,163,33,43,43,43,70,3,3,3,3],"floor_reached":57,"language":"ENG","playtime":3904,"items_purged":["Slimebound:Strike_Slimebound"],"score":1449,"play_id":"14a8313f-8342-4210-8274-132dde7454ab","local_time":"20210224163556","is_ascension_mode":true,"campfire_choices":[{"data":"Slimebound:Split","floor":1.0,"key":"SMITH"},{"data":"Slimebound:Gluttony","floor":6.0,"key":"SMITH"},{"floor":13.0,"key":"REST"},{"floor":18.0,"key":"RECALL"},{"data":"Sadistic Nature","floor":35.0,"key":"SMITH"},{"data":"Slimebound:RejuvenatingLick","floor":46.0,"key":"SMITH"},{"floor":54,"key":"REST"}],"circlet_count":0,"master_deck":["Slimebound:Tackle","Slimebound:Defend_Slimebound","Slimebound:Defend_Slimebound","Slimebound:Defend_Slimebound","Slimebound:Defend_Slimebound","Slimebound:Split+1","Slimebound:CorrosiveSpit","Slimebound:RainOfGoop+1","Slimebound:LeechingTouch+1","Slimebound:FirmFortitude+1","Slimebound:Gluttony+1","Slimebound:SplitBruiser","Slimebound:SplitMire","Slimebound:ItLooksTasty","Slimebound:RejuvenatingLick+1","Slimebound:TongueLash","Slimebound:SpikyOuterGoop","Slimebound:Equalize","Slimebound:MassRepurpose","Slimebound:SlimeTap","Slimebound:TongueLash+1","Slimebound:LeechingTouch","J.A.X.","Slimebound:LeechLife+1","Slimebound:ItLooksTasty","Sadistic Nature+1","Slimebound:SamplingLick+1","Writhe","Slimebound:LeechingTouch","Slimebound:LeechEnergy","Slimebound:RainOfGoop+1","Slimebound:LeechEnergy+1","Slimebound:SlimeSlap+1","Slimebound:GoopSpray+1","Slimebound:TongueLash+1","Slimebound:SplitMire+1","Slimebound:LeechEnergy+1","Slimebound:LeechingTouch+1","Slimebound:MegaLick+1","Slimebound:RainOfGoop+1"],"relics":["Slimebound:AbsorbEndCombat","Potion Belt","MealTicket","Vajra","Darkstone Periapt","downfall:HeartBlessingGreen","Bag of Preparation","SlaversCollar","Nunchaku","MutagenicStrength","Whetstone","PreservedInsect","War Paint","Incense Burner","Enchiridion","Dream Catcher","Molten Egg 2","Busted Crown","downfall:HeartBlessingRed","StoneCalendar","Happy Flower","Toxic Egg 2","Du-Vu Doll","TungstenRod","Regal Pillow","downfall:HeartBlessingBlue","Slimebound:AggressiveSlimeRelic"],"acts_visited":["Exordium","TheCity","TheBeyond","TheEnding"],"potions_floor_usage":[56,56,56,56,56,56,56,56,56,56],"damage_taken":[{"damage":1.0,"enemies":"Cultist","floor":2.0,"turns":4.0},{"damage":0.0,"enemies":"Small Slimes","floor":3.0,"turns":4.0},{"damage":3.0,"enemies":"downfall:FleeingMerchant","floor":4.0,"turns":4.0},{"damage":35.0,"enemies":"Lagavulin Event","floor":5.0,"turns":6.0},{"damage":13.0,"enemies":"downfall:FleeingMerchant","floor":8.0,"turns":4.0},{"damage":5.0,"enemies":"2 Louse","floor":11.0,"turns":3.0},{"damage":39.0,"enemies":"Gremlin Nob","floor":12.0,"turns":5.0},{"damage":24.0,"enemies":"3 Sentries","floor":14.0,"turns":5.0},{"damage":8.0,"enemies":"downfall:LooterAlt","floor":15.0,"turns":3.0},{"damage":12.0,"enemies":"IC_STATUS_ARCHETYPE","floor":16.0,"turns":7.0},{"damage":28.0,"enemies":"downfall:LooterAlt2","floor":19.0,"turns":4.0},{"damage":0.0,"enemies":"downfall:FleeingMerchant","floor":20.0,"turns":4.0},{"damage":28.0,"enemies":"downfall:Augmenter","floor":21.0,"turns":4.0},{"damage":6.0,"enemies":"downfall:FleeingMerchant","floor":22.0,"turns":4.0},{"damage":64.0,"enemies":"Gremlin Leader","floor":23.0,"turns":5.0},{"damage":3.0,"enemies":"Chosen","floor":25.0,"turns":2.0},{"damage":33.0,"enemies":"Book of Stabbing","floor":28.0,"turns":3.0},{"damage":12.0,"enemies":"Slavers","floor":30.0,"turns":3.0},{"damage":11.0,"enemies":"Centurion and Healer","floor":31.0,"turns":4.0},{"damage":6.0,"enemies":"Snake Plant","floor":32.0,"turns":3.0},{"damage":3.0,"enemies":"WA_ARCHETYPE_CALM","floor":33.0,"turns":3.0},{"damage":7.0,"enemies":"3 Shapes","floor":36.0,"turns":3.0},{"damage":10.0,"enemies":"Orb Walker","floor":37.0,"turns":2.0},{"damage":39.0,"enemies":"2 Orb Walkers","floor":38.0,"turns":5.0},{"damage":13.0,"enemies":"Giant Head","floor":42.0,"turns":4.0},{"damage":15.0,"enemies":"Giant Head","floor":43.0,"turns":4.0},{"damage":1.0,"enemies":"Giant Head","floor":44.0,"turns":4.0},{"damage":20.0,"enemies":"Reptomancer","floor":45.0,"turns":4.0},{"damage":19.0,"enemies":"Sphere and 2 Shapes","floor":47.0,"turns":4.0},{"damage":20.0,"enemies":"Jaw Worm Horde","floor":49.0,"turns":2.0},{"damage":32,"enemies":"DF_ARCHETYPE_ORBS","floor":50,"turns":6},{"damage":45,"enemies":"downfall:CharBossMerchant","floor":52,"turns":5},{"damage":41,"enemies":"downfall:NeowBoss","floor":55,"turns":7},{"damage":75,"enemies":"downfall:NeowBossFinal","floor":56,"turns":7}],"seed_played":"-94531860064026621","potions_obtained":[{"floor":2.0,"key":"DuplicationPotion"},{"floor":12.0,"key":"EntropicBrew"},{"floor":14.0,"key":"SpeedPotion"},{"floor":15.0,"key":"Fire Potion"},{"floor":19.0,"key":"Slimebound:SlimedPotion"},{"floor":25.0,"key":"BlessingOfTheForge"},{"floor":30.0,"key":"Explosive Potion"},{"floor":31.0,"key":"PowerPotion"},{"floor":33.0,"key":"Regen Potion"},{"floor":38.0,"key":"LiquidMemories"},{"floor":42.0,"key":"Energy Potion"},{"floor":43.0,"key":"Slimebound:SlimedPotion"}],"is_trial":false,"path_per_floor":["R","M","M","$","?","R","T","$","?","T","M","E","R","E","M","B",null,"R","M","$","?","$","E","T","M","?","?","E","$","E","M","M","B",null,"R","M","M","?","?","$","T","E","?","?","E","R","M","$","M","B",null,"E","$","R","B","B",null],"character_chosen":"SLIMEBOUND","items_purchased":["Slimebound:Gluttony","Slimebound:ItLooksTasty","Slimebound:LeechingTouch","Nunchaku","Sadistic Nature","Whetstone","Slimebound:LeechEnergy","Happy Flower","Slimebound:SplitMire+1","Slimebound:LeechEnergy+1","Slimebound:LeechingTouch+1","Slimebound:RainOfGoop+1"],"campfire_rested":2,"item_purchase_floors":[4,8,20,20,22,22,29,40,48,48,48,53],"current_hp_per_floor":[59,62,68,71,44,44,44,54,54,54,51,14,37,19,15,19,77,77,59,77,63,77,36,36,37,43,27,50,65,78,83,83,83,83,83,82,76,53,53,68,68,63,71,76,73,83,68,83,71,55,93,54,69,93,59,19],"gold":3,"neow_bonus":"TWENTY_PERCENT_HP_BONUS","is_daily":false,"chose_seed":false,"campfire_upgraded":4,"win_rate":0.0,"timestamp":1614180956,"path_taken":["R","M","M","?","?","R","T","$","?","?","M","E","R","E","M","BOSS","R","M","$","?","$","E","T","M","?","?","E","?","E","M","M","BOSS","R","M","M","?","?","$","T","E","?","?","E","R","M","?","M","BOSS","E","$","R","BOSS","BOSS"],"items_purchased_type":["Card","Card","Card","Relic","Card","Relic","Card","Relic","Card","Card","Card","Card"],"build_version":"2020-12-22","purchased_purges":1,"victory":true,"max_hp_per_floor":[77,77,77,77,77,77,77,77,77,77,77,77,77,77,77,77,77,77,77,77,77,77,77,77,77,83,83,83,83,83,83,83,83,83,83,83,83,83,83,83,83,83,83,83,83,93,93,93,93,93,93,93,93,93,93,93],"relic_stats":{"Darkstone Periapt":6,"Regal Pillow":0,"Happy Flower":[15],"counters":[34,136],"StoneCalendar":[0],"PreservedInsect":340,"Bag of Preparation":[52],"Whetstone":["Slimebound:LeechingTouch","Slimebound:LeechLife"],"War Paint":["Slimebound:FirmFortitude","Slimebound:RainOfGoop"],"Nunchaku":[17],"Dream Catcher":1,"Busted Crown":22,"MealTicket":104,"obtain_stats":[{"Darkstone Periapt":12,"Regal Pillow":45,"Vajra":10,"Enchiridion":27,"downfall:HeartBlessingGreen":13,"StoneCalendar":38,"Bag of Preparation":14,"Incense Burner":26,"Whetstone":22,"Nunchaku":20,"Dream Catcher":28,"downfall:HeartBlessingBlue":46,"MealTicket":7,"Toxic Egg 2":41,"Potion Belt":5,"Slimebound:AggressiveSlimeRelic":52,"downfall:HeartBlessingRed":35,"Happy Flower":40,"PreservedInsect":23,"War Paint":24,"Du-Vu Doll":42,"SlaversCollar":17,"Busted Crown":34,"MutagenicStrength":21,"Molten Egg 2":30,"Slimebound:AbsorbEndCombat":0,"TungstenRod":44},{"Darkstone Periapt":7,"Regal Pillow":28,"Vajra":5,"Enchiridion":16,"downfall:HeartBlessingGreen":7,"StoneCalendar":24,"Bag of Preparation":8,"Incense Burner":16,"Whetstone":14,"Nunchaku":12,"Dream Catcher":17,"downfall:HeartBlessingBlue":28,"MealTicket":4,"Toxic Egg 2":24,"Potion Belt":4,"Slimebound:AggressiveSlimeRelic":32,"downfall:HeartBlessingRed":21,"Happy Flower":24,"PreservedInsect":15,"War Paint":15,"Du-Vu Doll":25,"SlaversCollar":10,"Busted Crown":21,"MutagenicStrength":13,"Molten Egg 2":18,"Slimebound:AbsorbEndCombat":0,"TungstenRod":27},{"Darkstone Periapt":28,"Regal Pillow":105,"Vajra":22,"Enchiridion":63,"downfall:HeartBlessingGreen":28,"StoneCalendar":89,"Bag of Preparation":33,"Incense Burner":63,"Whetstone":56,"Nunchaku":49,"Dream Catcher":66,"downfall:HeartBlessingBlue":105,"MealTicket":18,"Toxic Egg 2":89,"Potion Belt":18,"Slimebound:AggressiveSlimeRelic":122,"downfall:HeartBlessingRed":79,"Happy Flower":89,"PreservedInsect":61,"War Paint":61,"Du-Vu Doll":93,"SlaversCollar":41,"Busted Crown":79,"MutagenicStrength":53,"Molten Egg 2":69,"Slimebound:AbsorbEndCombat":0,"TungstenRod":101}],"TungstenRod":33},"card_choices":[{"not_picked":["Slimebound:SplitAcid","Slimebound:RollThrough"],"picked":"Slimebound:RainOfGoop","floor":2.0},{"not_picked":["Slimebound:RollThrough","Slimebound:SlimeBarrage"],"picked":"Slimebound:LeechingTouch","floor":3.0},{"not_picked":["Slimebound:SplitAcid","Slimebound:RollThrough"],"picked":"Slimebound:FirmFortitude","floor":4.0},{"not_picked":["Slimebound:FinishingTackle","Slimebound:FormOfPuddle"],"picked":"Slimebound:SplitBruiser","floor":5.0},{"not_picked":["Slimebound:MassFeed","Slimebound:ComboTackle"],"picked":"Slimebound:SplitMire","floor":8.0},{"not_picked":["Slimebound:FinishingTackle","Slimebound:DisruptingSlam"],"picked":"Slimebound:RejuvenatingLick","floor":11.0},{"not_picked":["Slimebound:LivingWall","Slimebound:LeadByExample"],"picked":"Slimebound:TongueLash","floor":12.0},{"not_picked":["Slimebound:PressTheAttack","Slimebound:RejuvenatingLick"],"picked":"Slimebound:SpikyOuterGoop","floor":14.0},{"not_picked":["Slimebound:LeechEnergy","Slimebound:ComboTackle"],"picked":"Slimebound:Equalize","floor":15.0},{"not_picked":["Slimebound:MassFeed","Slimebound:FirmFortitude"],"picked":"Slimebound:MassRepurpose","floor":16.0},{"not_picked":["Slimebound:ServeAndProtect+1","Slimebound:ComboTackle"],"picked":"Slimebound:SlimeTap","floor":19.0},{"not_picked":["Slimebound:MegaLick","Slimebound:SlimeBarrage"],"picked":"Slimebound:TongueLash+1","floor":20.0},{"not_picked":[],"picked":"J.A.X.","floor":21.0},{"not_picked":["Slimebound:FinishingTackle","Slimebound:Repurpose","Slimebound:ServeAndProtect"],"picked":"SKIP","floor":22.0},{"not_picked":["Slimebound:HauntingLick","Slimebound:ViciousTackle"],"picked":"Slimebound:SamplingLick+1","floor":23.0},{"not_picked":["Slimebound:LevelUp","Slimebound:ComboTackle","Slimebound:ItLooksTasty"],"picked":"SKIP","floor":25.0},{"not_picked":["Slimebound:AcidTongue","Slimebound:Darklings"],"picked":"Slimebound:LeechingTouch","floor":28.0},{"not_picked":["Slimebound:HauntingLick","Slimebound:ServeAndProtect"],"picked":"Slimebound:RainOfGoop+1","floor":30.0},{"not_picked":["Slimebound:AcidTongue+1","Slimebound:ItLooksTasty+1","Slimebound:FinishingTackle+1"],"picked":"SKIP","floor":31.0},{"not_picked":["Slimebound:LivingWall","Slimebound:GrowthPunch+1"],"picked":"Slimebound:LeechEnergy+1","floor":32.0},{"not_picked":["Slimebound:LeechLife+1","Slimebound:DuplicatedForm"],"picked":"Slimebound:SlimeSlap+1","floor":33.0},{"not_picked":["Slimebound:ForwardTackle+1"],"picked":"SKIP","floor":36.0},{"not_picked":["Slimebound:ComboTackle+1"],"picked":"SKIP","floor":37.0},{"not_picked":[],"picked":"Slimebound:GoopSpray+1","floor":42.0},{"not_picked":[],"picked":"Slimebound:TongueLash+1","floor":44.0},{"not_picked":["Slimebound:Repurpose+1"],"picked":"SKIP","floor":45.0},{"not_picked":["Slimebound:SlimeSpikes+1"],"picked":"SKIP","floor":47.0},{"not_picked":["Slimebound:ServeAndProtect+1"],"picked":"SKIP","floor":49.0},{"not_picked":[],"picked":"Slimebound:MegaLick+1","floor":52}],"player_experience":94901,"relics_obtained":[{"floor":5.0,"key":"Potion Belt"},{"floor":7.0,"key":"MealTicket"},{"floor":10.0,"key":"Vajra"},{"floor":12.0,"key":"Darkstone Periapt"},{"floor":14.0,"key":"Bag of Preparation"},{"floor":21.0,"key":"MutagenicStrength"},{"floor":23.0,"key":"PreservedInsect"},{"floor":24.0,"key":"War Paint"},{"floor":27.0,"key":"Enchiridion"},{"floor":28.0,"key":"Dream Catcher"},{"floor":30.0,"key":"Molten Egg 2"},{"floor":38.0,"key":"StoneCalendar"},{"floor":41.0,"key":"Toxic Egg 2"},{"floor":42.0,"key":"Du-Vu Doll"},{"floor":44.0,"key":"TungstenRod"},{"floor":45.0,"key":"Regal Pillow"},{"floor":52,"key":"Slimebound:AggressiveSlimeRelic"}],"event_choices":[{"damage_healed":0.0,"max_hp_gain":0.0,"max_hp_loss":0.0,"gold_gain":0.0,"event_name":"Mysterious Sphere","player_choice":"Fight","floor":38.0,"gold_loss":0.0,"damage_taken":0.0}],"is_beta":false,"boss_relics":[{"not_picked":["Fusion Hammer","Velvet Choker"],"picked":"SlaversCollar"},{"not_picked":["bronze:MakeshiftBattery","Snecko Eye"],"picked":"Busted Crown"}],"items_purged_floors":[22],"is_endless":false,"potions_floor_spawned":[2,12,14,15,19,25,30,31,33,38,42,43,44,47],"ascension_level":1}}