{"host":"rfvxwqmjnimh09wr","time":1614141251,"event":{"mods":["BaseMod","Colored Map","Minty Spire (QoL Compilation)","StSLib"],"gold_per_floor":[118,133,133,150,325,335,335,48,72,72,87,12,43,43,43,43,43],"floor_reached":16,"language":"ENG","playtime":559,"items_purged":["Strike_R"],"score":100,"play_id":"d4e4eaf8-7691-4ec6-9f22-cca2e779c02f","local_time":"20210223233411","is_ascension_mode":false,"campfire_choices":[{"data":"Rupture","floor":7,"key":"SMITH"},{"data":"Immolate","floor":10,"key":"SMITH"},{"data":"Anger","floor":15,"key":"SMITH"}],"circlet_count":0,"master_deck":["Strike_R","Strike_R","Strike_R","Strike_R","Defend_R","Defend_R","Defend_R","Defend_R","Bash","Heavy Blade","Pommel Strike","Offering","Doubt","Rupture+1","Immolate+1","Reaper","Shrug It Off","Anger+1"],"relics":["Burning Blood","NeowsBlessing","Happy Flower","Omamori"],"acts_visited":["Exordium"],"potions_floor_usage":[6,16],"damage_taken":[{"damage":0,"enemies":"Jaw Worm","floor":1,"turns":1},{"damage":0,"enemies":"Cultist","floor":2,"turns":1},{"damage":0,"enemies":"Small Slimes","floor":4,"turns":1},{"damage":25,"enemies":"Exordium Wildlife","floor":6,"turns":6},{"damage":11,"enemies":"Red Slaver","floor":11,"turns":3},{"damage":37,"enemies":"Lagavulin","floor":13,"turns":6},{"damage":36,"enemies":"Slime Boss","floor":16,"turns":7}],"seed_played":"9079798372312571774","potions_obtained":[{"floor":2,"key":"GamblersBrew"},{"floor":4,"key":"FearPotion"},{"floor":13,"key":"SmokeBomb"}],"is_trial":false,"path_per_floor":["M","M","?","M","?","M","R","$","T","R","M","$","E","$","R","B"],"character_chosen":"IRONCLAD","items_purchased":["Immolate","Reaper"],"campfire_rested":0,"item_purchase_floors":[8,8],"current_hp_per_floor":[80,80,80,80,80,61,61,61,61,61,56,56,29,29,29,0,0],"gold":43,"neow_bonus":"THREE_ENEMY_KILL","is_daily":false,"chose_seed":false,"campfire_upgraded":3,"win_rate":0.0,"timestamp":1614141251,"path_taken":["M","M","?","?","?","M","R","?","T","R","?","$","E","$","R","BOSS"],"items_purchased_type":["Card","Card"],"build_version":"2020-12-22","purchased_purges":1,"victory":false,"max_hp_per_floor":[80,80,80,80,80,80,80,80,80,80,80,80,80,80,80,80,80],"card_choices":[{"not_picked":["Thunderclap","Burning Pact"],"picked":"Heavy Blade","floor":1},{"not_picked":["Warcry","Heavy Blade"],"picked":"Pommel Strike","floor":2},{"not_picked":["Clash","Perfected Strike","Heavy Blade"],"picked":"SKIP","floor":4},{"not_picked":["Clash","Perfected Strike","Heavy Blade"],"picked":"SKIP","floor":4},{"not_picked":["True Grit","Havoc"],"picked":"Rupture","floor":6},{"not_picked":["Intimidate","Heavy Blade"],"picked":"Shrug It Off","floor":11},{"not_picked":["Pummel","Flex"],"picked":"Anger","floor":13}],"player_experience":215241,"relics_obtained":[{"floor":9,"key":"Happy Flower"},{"floor":13,"key":"Omamori"}],"event_choices":[{"damage_healed":0,"gold_gain":0,"player_choice":"1 cards matched","damage_taken":0,"max_hp_gain":0,"max_hp_loss":0,"event_name":"Match and Keep!","floor":3,"gold_loss":0,"cards_obtained":["Offering"]},{"damage_healed":0,"gold_gain":175,"player_choice":"AGREE","damage_taken":0,"max_hp_gain":0,"max_hp_loss":0,"event_name":"Liars Game","floor":5,"gold_loss":0,"cards_obtained":["Doubt"]}],"is_beta":false,"boss_relics":[],"items_purged_floors":[12],"is_endless":false,"potions_floor_spawned":[2,4,13],"killed_by":"Slime Boss","ascension_level":0}}