{"host":"ibonnlq6s1c814xj","time":1614171815,"event":{"mods":["BaseMod","BetterRewards","Minty Spire (QoL Compilation)","Quick Restart","Shop Mod","[功能]功能增强和修复MOD","【遗物卡牌】REMEMod"],"gold_per_floor":[115,240,290,55,105,183,210,205,230,258,107,221,8,20,20,124,124,116,166,28,65,115,144,194,194,221,8,58,198,248,298,298,355,355,375,425,525,257,307,307,375,375,375,89,139,164,164,183,183,83],"floor_reached":51,"language":"ZHS","playtime":3338,"items_purged":["Strike_R","Strike_R","Strike_R","Strike_R","Bash","Defend_R","Defend_R","Defend_R","Sanctity"],"score":1195,"play_id":"c2b86e5c-afe8-4929-b5a8-c26fc273eab0","local_time":"20210224210335","is_ascension_mode":false,"campfire_choices":[{"floor":15.0,"key":"REST"},{"data":"Barricade","floor":25,"key":"SMITH"},{"data":"Body Slam","floor":32,"key":"SMITH"},{"data":"Entrench","floor":40,"key":"SMITH"},{"data":"Seeing Red","floor":42,"key":"SMITH"},{"data":"Brutality","floor":47,"key":"SMITH"},{"floor":49,"key":"DIG"}],"circlet_count":0,"master_deck":["Juggernaut","Evolve","Ghostly Armor","Seeing Red+1","Barricade+1","Brutality+1","Shrug It Off+1","Body Slam+1","Ghostly Armor+1","REME_Flogging","Entrench+1","Juggernaut"],"relics":["Burning Blood","REME_ComplimentaryCards","Juzu Bracelet","SsserpentHead","PreservedInsect","Blue Candle","InkBottle","REME_PuzzleBoxRelic","Potion Belt","MerchantsRug","Happy Flower","REME_OnlineShoppingPlatform","Singing Bowl","Lantern","Strange Spoon","Thread and Needle","Bag of Preparation","Turnip","Tiny Chest","Membership Card","Red Skull","Omamori","Charon\u0027s Ashes","REME_LowDesire","Anchor","Strawberry","Gambling Chip","Self Forming Clay","Regal Pillow","REME_CardOfGreed","Shovel","Paper Frog","War Paint","ClockworkSouvenir","Bottled Lightning","REME_LimitBreaker","Centennial Puzzle"],"acts_visited":["Exordium","TheCity","TheBeyond"],"potions_floor_usage":[33,33,33,33,33,33,33,33,41,41,41,50,50,50,50,50],"damage_taken":[{"damage":0.0,"enemies":"Cultist","floor":1.0,"turns":5.0},{"damage":9.0,"enemies":"3 Sentries","floor":6.0,"turns":9.0},{"damage":0.0,"enemies":"Lagavulin","floor":7.0,"turns":6.0},{"damage":48.0,"enemies":"Gremlin Nob","floor":10.0,"turns":6.0},{"damage":13.0,"enemies":"Lagavulin Event","floor":12.0,"turns":6.0},{"damage":10.0,"enemies":"Jaw Worm","floor":14.0,"turns":5.0},{"damage":4.0,"enemies":"The Guardian","floor":16.0,"turns":13.0},{"damage":3.0,"enemies":"Spheric Guardian","floor":18.0,"turns":5.0},{"damage":28,"enemies":"Slavers","floor":23,"turns":6},{"damage":3,"enemies":"Automaton","floor":33,"turns":4},{"damage":19,"enemies":"3 Shapes","floor":35,"turns":3},{"damage":2,"enemies":"Mind Bloom Boss Battle","floor":37,"turns":4},{"damage":2,"enemies":"2 Orb Walkers","floor":41,"turns":4},{"damage":1,"enemies":"Nemesis","floor":46,"turns":3},{"damage":1,"enemies":"3 Darklings","floor":48,"turns":2},{"damage":5,"enemies":"Time Eater","floor":50,"turns":6}],"seed_played":"-952488999422035704","potions_obtained":[{"floor":1.0,"key":"EssenceOfSteel"},{"floor":7.0,"key":"Swift Potion"},{"floor":7.0,"key":"ColorlessPotion"}],"is_trial":false,"path_per_floor":["M","?","?","$","?","E","E","$","T","E","$","?","$","M","R","B",null,"M","?","$","$","?","E","?","R","T","$","?","?","T","?","R","B",null,"M","?","?","$","T","R","?","R","T","$","?","E","R","M","R","B",null],"character_chosen":"IRONCLAD","items_purchased":["REME_HandOfSuture","Juggernaut","Juzu Bracelet","PowerPotion","PreservedInsect","Evolve","MerchantsRug","REME_OnlineShoppingPlatform","Barricade","Shrug It Off","Singing Bowl","Strange Spoon","Thread and Needle","Shrug It Off","Bag of Preparation","Body Slam","Membership Card","Red Skull","Omamori","REME_Flogging","Self Forming Clay","Regal Pillow","REME_CardOfGreed","War Paint","ClockworkSouvenir","Bottled Lightning"],"campfire_rested":1,"item_purchase_floors":[0,0,0,0,4,4,11,13,13,13,13,20,20,20,21,21,27,27,27,27,38,38,38,44,44,44],"current_hp_per_floor":[80,69,69,69,62,59,65,65,65,23,23,16,16,14,38,40,82,84,84,84,84,84,62,62,62,62,62,62,50,50,50,50,80,93,82,82,88,88,88,88,92,92,92,92,92,94,94,96,96,96],"gold":83,"neow_bonus":"","is_daily":false,"chose_seed":false,"campfire_upgraded":5,"win_rate":0.0,"timestamp":1614171815,"path_taken":["M","?","?","$","?","E","E","$","T","E","$","?","?","M","R","BOSS","M","?","$","$","?","E","?","R","T","?","?","?","?","?","R","BOSS","M","?","?","$","?","R","?","R","T","$","?","E","R","M","R","BOSS"],"items_purchased_type":["Relic","Card","Relic","Potion","Relic","Card","Relic","Relic","Card","Card","Relic","Relic","Relic","Card","Relic","Card","Relic","Relic","Relic","Card","Relic","Relic","Relic","Relic","Relic","Relic"],"build_version":"2020-12-22","purchased_purges":9,"victory":true,"max_hp_per_floor":[80,80,80,80,80,80,80,80,80,80,80,80,80,82,82,82,82,84,84,84,84,84,84,84,84,84,84,84,84,84,84,84,86,93,95,95,97,97,97,97,97,97,97,97,92,94,94,96,96,96],"card_choices":[{"not_picked":["Iron Wave","Pommel Strike","Battle Trance"],"picked":"SKIP","floor":1.0},{"not_picked":["True Grit","Dual Wield"],"picked":"Ghostly Armor","floor":6.0},{"not_picked":["Corruption","Pummel"],"picked":"Seeing Red","floor":7.0},{"not_picked":["Blood for Blood","Iron Wave","Warcry"],"picked":"SKIP","floor":10.0},{"not_picked":["REME_Scribble","Blood for Blood","True Grit"],"picked":"Singing Bowl","floor":14.0},{"not_picked":["Immolate","Fiend Fire"],"picked":"Brutality","floor":16.0},{"not_picked":["Clothesline","Disarm","Cleave"],"picked":"Singing Bowl","floor":18.0},{"not_picked":["REME_ACTH","Flame Barrier"],"picked":"Ghostly Armor","floor":23},{"not_picked":["Offering","Limit Break","Immolate"],"picked":"Singing Bowl","floor":33},{"not_picked":["Sword Boomerang","Searing Blow","Carnage","REME_ShortnessOfBreath"],"picked":"Singing Bowl","floor":35},{"not_picked":["Wild Strike","Clash+1","Power Through","Panache"],"picked":"Singing Bowl","floor":37},{"not_picked":["Sever Soul","True Grit","Flash of Steel+1"],"picked":"Juggernaut","floor":41},{"not_picked":["Combust","Infernal Blade","Intimidate","REME_BuildACard"],"picked":"Singing Bowl","floor":46},{"not_picked":["Uppercut+1","Cleave+1","Wild Strike","Deep Breath"],"picked":"Singing Bowl","floor":48}],"player_experience":195191,"relics_obtained":[{"floor":6.0,"key":"Blue Candle"},{"floor":7.0,"key":"InkBottle"},{"floor":9.0,"key":"REME_PuzzleBoxRelic"},{"floor":10.0,"key":"Potion Belt"},{"floor":12.0,"key":"Happy Flower"},{"floor":23,"key":"Turnip"},{"floor":26,"key":"Tiny Chest"},{"floor":30,"key":"Charon\u0027s Ashes"},{"floor":34,"key":"Anchor"},{"floor":34,"key":"Strawberry"},{"floor":37,"key":"Gambling Chip"},{"floor":41,"key":"Shovel"},{"floor":43,"key":"Paper Frog"},{"floor":46,"key":"REME_LimitBreaker"},{"floor":49,"key":"Centennial Puzzle"}],"event_choices":[{"damage_healed":0.0,"max_hp_gain":0.0,"max_hp_loss":0.0,"gold_gain":75.0,"event_name":"World of Goop","player_choice":"Gather Gold","floor":2.0,"gold_loss":0.0,"damage_taken":11.0},{"damage_healed":0.0,"max_hp_gain":0.0,"max_hp_loss":0.0,"gold_gain":0.0,"event_name":"The Cleric","player_choice":"Leave","floor":3.0,"gold_loss":0.0,"damage_taken":0.0},{"cards_removed":["Strike_R"],"damage_healed":0.0,"max_hp_gain":0.0,"max_hp_loss":0.0,"gold_gain":0.0,"event_name":"Golden Wing","player_choice":"Card Removal","floor":5.0,"gold_loss":0.0,"damage_taken":7.0},{"damage_healed":0.0,"max_hp_gain":0.0,"max_hp_loss":0.0,"gold_gain":30.0,"event_name":"Dead Adventurer","player_choice":"Searched \u00272\u0027 times","floor":12.0,"gold_loss":0.0,"damage_taken":0.0},{"damage_healed":0.0,"max_hp_gain":0.0,"max_hp_loss":0.0,"gold_gain":0.0,"event_name":"Ghosts","player_choice":"Ignored","floor":19.0,"gold_loss":0.0,"damage_taken":0.0},{"damage_healed":0.0,"max_hp_gain":0.0,"max_hp_loss":0.0,"gold_gain":0.0,"event_name":"Beggar","player_choice":"Ignored","floor":22.0,"gold_loss":0.0,"damage_taken":0.0},{"cards_removed":["Defend_R"],"damage_healed":0,"gold_gain":0,"player_choice":"Elegance","damage_taken":0,"max_hp_gain":0,"max_hp_loss":0,"event_name":"Back to Basics","floor":24,"gold_loss":0},{"damage_healed":0,"gold_gain":0,"player_choice":"Read","damage_taken":0,"max_hp_gain":0,"max_hp_loss":0,"event_name":"The Library","floor":28,"gold_loss":0,"cards_obtained":["Entrench"]},{"damage_healed":0,"gold_gain":90,"player_choice":"GOLD ","damage_taken":12,"max_hp_gain":0,"max_hp_loss":0,"event_name":"Knowing Skull","floor":29,"potions_obtained":[],"gold_loss":0,"cards_obtained":[]},{"damage_healed":0,"gold_gain":0,"player_choice":"Ignored","damage_taken":0,"max_hp_gain":0,"max_hp_loss":0,"event_name":"Vampires","floor":31,"gold_loss":0},{"cards_removed":["Shrug It Off"],"damage_healed":0,"gold_gain":0,"player_choice":"Removed Skill","damage_taken":0,"max_hp_gain":0,"max_hp_loss":0,"event_name":"Falling","floor":36,"gold_loss":0},{"damage_healed":0,"gold_gain":0,"player_choice":"Fight","damage_taken":0,"max_hp_gain":0,"max_hp_loss":0,"event_name":"MindBloom","floor":37,"gold_loss":0},{"damage_healed":0,"gold_gain":0,"player_choice":"Fight","damage_taken":0,"max_hp_gain":0,"max_hp_loss":0,"event_name":"Mysterious Sphere","floor":41,"gold_loss":0},{"damage_healed":0,"gold_gain":0,"player_choice":"Max HP","damage_taken":0,"max_hp_gain":0,"max_hp_loss":5,"event_name":"Winding Halls","floor":45,"gold_loss":0}],"is_beta":false,"boss_relics":[{"not_picked":["Cursed Key","Velvet Choker"],"picked":"Sozu"},{"not_picked":["REME_DuelDisc","Fusion Hammer"],"picked":"REME_LowDesire"}],"items_purged_floors":[0,0,4,8,13,20,21,27,44],"is_endless":false,"potions_floor_spawned":[1,7,7,7,14,16,23,23,33,35,41,48,48,48],"ascension_level":0}}