{"host":"zu1swnxjkaahohqc","time":1614209424,"event":{"mods":["BaseMod","Hubris","Minty Spire (QoL Compilation)","Replay The Spire","StSLib"],"gold_per_floor":[115,126,51,68,68,68,98,98,123,123,135,135,135],"floor_reached":12,"language":"ENG","playtime":430,"items_purged":["Strike_B"],"score":94,"play_id":"2fe52ef7-deb8-4f29-9304-8600a8949d80","local_time":"20210224183024","is_ascension_mode":true,"campfire_choices":[{"data":"Zap","floor":6,"key":"SMITH"},{"data":"Sweeping Beam","floor":8,"key":"SMITH"}],"circlet_count":0,"master_deck":["Strike_B","Strike_B","Strike_B","Defend_B","Defend_B","Defend_B","Zap+1","Dualcast","Sweeping Beam+1","hubris:NaturalOne","Reinforced Body","Redo"],"relics":["Cracked Core","NeowsBlessing","hubris:Icosahedron","Pondfish Scales","Omamori"],"acts_visited":["Exordium"],"potions_floor_usage":[7,7,12,12],"damage_taken":[{"damage":0,"enemies":"Jaw Worm","floor":1,"turns":1},{"damage":0,"enemies":"Cultist","floor":2,"turns":1},{"damage":0,"enemies":"Small Slimes","floor":4,"turns":1},{"damage":27,"enemies":"Lagavulin","floor":7,"turns":8},{"damage":3,"enemies":"Blue Slaver","floor":11,"turns":3},{"damage":22,"enemies":"Gremlin Nob","floor":12,"turns":4}],"seed_played":"1552646696947053950","potions_obtained":[{"floor":2,"key":"Energy Potion"},{"floor":4,"key":"LiquidMemories"},{"floor":7,"key":"FocusPotion"},{"floor":11,"key":"FocusPotion"}],"is_trial":false,"path_per_floor":["M","M","$","M","?","R","E","R","T","?","M","E"],"character_chosen":"DEFECT","items_purchased":[],"campfire_rested":0,"item_purchase_floors":[],"current_hp_per_floor":[75,75,75,75,75,75,48,48,48,48,45,23,23],"gold":135,"neow_bonus":"THREE_ENEMY_KILL","is_daily":false,"chose_seed":false,"campfire_upgraded":2,"win_rate":0.0,"timestamp":1614209424,"path_taken":["M","M","$","M","?","R","E","R","T","?","?","E"],"items_purchased_type":[],"build_version":"2020-12-13","purchased_purges":1,"victory":false,"max_hp_per_floor":[75,75,75,75,75,75,75,75,75,75,75,75,75],"card_choices":[{"not_picked":["Rebound","Heatsinks","Blizzard"],"picked":"SKIP","floor":1},{"not_picked":["Ball Lightning","Panic Button"],"picked":"Sweeping Beam","floor":2},{"not_picked":["Go for the Eyes","Streamline","Redo"],"picked":"SKIP","floor":4},{"not_picked":["Hologram","Compile Driver"],"picked":"Reinforced Body","floor":7},{"not_picked":["Sunder","Cold Snap"],"picked":"Redo","floor":11}],"player_experience":28351,"relics_obtained":[{"floor":7,"key":"Pondfish Scales"},{"floor":9,"key":"Omamori"}],"event_choices":[{"cards_removed":["Defend_B"],"damage_healed":0,"gold_gain":0,"player_choice":"Purged","damage_taken":0,"max_hp_gain":0,"max_hp_loss":0,"event_name":"Purifier","floor":10,"gold_loss":0}],"is_beta":false,"boss_relics":[],"items_purged_floors":[3],"is_endless":false,"potions_floor_spawned":[2,4,7,11],"killed_by":"Gremlin Nob","ascension_level":4}}