{"host":"mj8akmyfd5lo602f","time":1614172589,"event":{"mods":["2.2 Compatiblity","Act Like it!","BaseMod","Bestiary","BshForSts","Colored Map","Colored Powertips","Downfall","Highlight Path","Koishi","Minty Spire (QoL Compilation)","Permanent Neow","Relic Stats","StSLib","The Marked"],"gold_per_floor":[99,109,94,114,133,149,175,207,218,18,34,54,39,70,85,188,188,188,202,218,230,242,262,262,262,262],"floor_reached":25,"language":"ENG","playtime":1849,"items_purged":[],"score":221,"play_id":"7017b6a9-05ff-4a5b-adc9-4469188510f6","local_time":"20210224131629","is_ascension_mode":false,"campfire_choices":[{"data":"Koishi:Provoke","floor":1.0,"key":"SMITH"},{"data":"Koishi:Ego","floor":10.0,"key":"SMITH"},{"data":"Koishi:TerrifyingSpectre","floor":18,"key":"SMITH"}],"circlet_count":0,"master_deck":["Koishi:BasicStrike","Koishi:BasicStrike","Koishi:BasicStrike","Koishi:BasicStrike","Koishi:BasicDefend","Koishi:BasicDefend","Koishi:BasicDefend","Koishi:BasicDefend","Koishi:Provoke+1","Koishi:HauntingSlash","Koishi:YoukaiPolygraph","Koishi:StingingMind","Koishi:Ego+1","Koishi:UnconsciousUrges","Koishi:RacingHeart","Koishi:HeartAttack","Koishi:PhantomBarrier","Koishi:TerrifyingSpectre+1","Koishi:SubconsciousSweep","Koishi:UnconsciousUprising","Koishi:UnconsciousUprising","Koishi:FidgetySnatcher","Koishi:FreudianInstinct","Koishi:EmbryosDream"],"relics":["Koishi:ImaginaryFriend","MealTicket","downfall:HeartBlessingGreen","downfall:HeartBlessingBlue","Ginger","expansioncontent:StudyCardRelic","Question Card"],"acts_visited":["Exordium","TheCity"],"potions_floor_usage":[25],"damage_taken":[{"damage":0.0,"enemies":"Cultist","floor":2.0,"turns":3.0},{"damage":0.0,"enemies":"downfall:FleeingMerchant","floor":3.0,"turns":4.0},{"damage":2.0,"enemies":"2 Louse","floor":4.0,"turns":3.0},{"damage":0.0,"enemies":"Small Slimes","floor":5.0,"turns":3.0},{"damage":7.0,"enemies":"3 Louse","floor":6.0,"turns":4.0},{"damage":28.0,"enemies":"Gremlin Nob","floor":8.0,"turns":5.0},{"damage":5.0,"enemies":"Large Slime","floor":9.0,"turns":3.0},{"damage":1.0,"enemies":"Blue Slaver","floor":11.0,"turns":5.0},{"damage":17.0,"enemies":"Exordium Thugs","floor":12.0,"turns":7.0},{"damage":15.0,"enemies":"downfall:FleeingMerchant","floor":13.0,"turns":4.0},{"damage":26.0,"enemies":"Lagavulin","floor":14.0,"turns":9.0},{"damage":0.0,"enemies":"Red Slaver","floor":15.0,"turns":2.0},{"damage":13.0,"enemies":"DF_ARCHETYPE_STREAMLINE","floor":16.0,"turns":14.0},{"damage":7,"enemies":"3 Byrds","floor":19,"turns":5},{"damage":11,"enemies":"Chosen","floor":20,"turns":4},{"damage":4,"enemies":"Centurion and Healer","floor":21,"turns":7},{"damage":30,"enemies":"Cultist and Chosen","floor":22,"turns":8},{"damage":0,"enemies":"Snake Plant","floor":23,"turns":5},{"damage":10,"enemies":"3 Cultists","floor":25,"turns":5}],"seed_played":"-4827343303913460692","potions_obtained":[{"floor":6.0,"key":"Guardian:BlockOnCardUsePotion"},{"floor":11.0,"key":"SkillPotion"},{"floor":14.0,"key":"Block Potion"},{"floor":15.0,"key":"hexamod:SoulburnPotion"},{"floor":16.0,"key":"bronze:BurnAndBuffPotion"},{"floor":20,"key":"sneckomod:MuddlingPotion"},{"floor":23,"key":"LiquidMemories"}],"is_trial":false,"path_per_floor":["R","M","$","M","M","M","T","E","M","R","M","M","$","E","M","B",null,"R","M","M","M","M","M","T","M"],"character_chosen":"KOISHI","items_purchased":[],"campfire_rested":0,"item_purchase_floors":[],"current_hp_per_floor":[60,60,60,59,60,53,53,32,27,37,39,30,30,13,18,16,70,70,65,57,53,25,28,28,21,21],"gold":262,"neow_bonus":"THREE_CARDS","is_daily":false,"chose_seed":false,"campfire_upgraded":3,"win_rate":0.0,"timestamp":1614172589,"path_taken":["R","M","$","M","M","M","T","E","M","R","M","M","$","E","M","BOSS","R","M","?","M","M","M","T","M"],"items_purchased_type":[],"build_version":"2020-12-22","purchased_purges":0,"victory":false,"max_hp_per_floor":[60,60,60,60,60,60,60,60,60,70,70,70,70,70,70,70,70,70,70,70,70,70,70,70,70,70],"relic_stats":{"counters":[19,99],"MealTicket":15,"Ginger":[10],"Question Card":0,"obtain_stats":[{"downfall:HeartBlessingBlue":10,"MealTicket":8,"downfall:HeartBlessingGreen":10,"expansioncontent:StudyCardRelic":17,"Ginger":14,"Question Card":24,"Koishi:ImaginaryFriend":0},{"downfall:HeartBlessingBlue":7,"MealTicket":6,"downfall:HeartBlessingGreen":7,"expansioncontent:StudyCardRelic":13,"Ginger":11,"Question Card":18,"Koishi:ImaginaryFriend":0},{"downfall:HeartBlessingBlue":25,"MealTicket":22,"downfall:HeartBlessingGreen":25,"expansioncontent:StudyCardRelic":66,"Ginger":50,"Question Card":94,"Koishi:ImaginaryFriend":0}]},"card_choices":[{"not_picked":["Koishi:ReflexRadar","Koishi:Prune"],"picked":"Koishi:YoukaiPolygraph","floor":0.0},{"not_picked":["Koishi:ReflexRadar","Koishi:UnconsciousUprising"],"picked":"Koishi:StingingMind","floor":2.0},{"not_picked":["Koishi:PhantomStrike","Koishi:Bloodlust"],"picked":"Koishi:Ego","floor":3.0},{"not_picked":["Koishi:FleetingPhantom","Koishi:SpiritedAway"],"picked":"Koishi:UnconsciousUrges","floor":4.0},{"not_picked":["Koishi:TraumaticStroke","Koishi:JumpScare"],"picked":"Koishi:RacingHeart","floor":5.0},{"not_picked":["Koishi:MassHysteria","Koishi:StingingMind"],"picked":"Koishi:HeartAttack","floor":6.0},{"not_picked":["Koishi:CatchAndRose","Koishi:SpiritedAway","Koishi:DNAsFlaw"],"picked":"SKIP","floor":8.0},{"not_picked":["Koishi:SpiritedAway","Koishi:CatchAndRose"],"picked":"Koishi:PhantomBarrier","floor":9.0},{"not_picked":["Koishi:ReflexRadar","Koishi:MindNumbingTerror"],"picked":"Koishi:TerrifyingSpectre","floor":11.0},{"not_picked":["Koishi:PhantomStrike","Koishi:ParalyzingFear","Koishi:JumpScare"],"picked":"SKIP","floor":12.0},{"not_picked":["Koishi:ParalyzingFear","Koishi:EmbryosDream"],"picked":"Koishi:SubconsciousSweep","floor":13.0},{"not_picked":["Koishi:StrangeCloudFist","Koishi:FleetingPhantom"],"picked":"Koishi:UnconsciousUprising","floor":14.0},{"not_picked":["Koishi:JumpScare","Koishi:ParalyzingFear"],"picked":"Koishi:UnconsciousUprising","floor":15.0},{"not_picked":["Koishi:SpiritedAway","Koishi:BloodcurdlingScream","Koishi:GhostParty"],"picked":"SKIP","floor":19},{"not_picked":["Koishi:GhostParty","Koishi:TraumaticStroke"],"picked":"Koishi:FidgetySnatcher","floor":20},{"not_picked":["Koishi:JumpScare","Koishi:PhantomBarrier"],"picked":"Koishi:FreudianInstinct","floor":21},{"not_picked":["Koishi:StingingMind","Koishi:EmbersOfLove+1","Koishi:RacingHeart"],"picked":"SKIP","floor":22},{"not_picked":["Koishi:CatchAndRose","Koishi:RacingHeart"],"picked":"Koishi:EmbryosDream","floor":23}],"player_experience":565829,"relics_obtained":[{"floor":8.0,"key":"MealTicket"},{"floor":14.0,"key":"Ginger"},{"floor":24,"key":"Question Card"}],"event_choices":[],"is_beta":false,"boss_relics":[{"not_picked":["SlaversCollar","Astrolabe"],"picked":"expansioncontent:StudyCardRelic"}],"items_purged_floors":[],"is_endless":false,"potions_floor_spawned":[6,11,14,15,16,20,23],"killed_by":"3 Cultists","ascension_level":0}}