{"host":"qy6st0zp32tctd9l","time":1614178339,"event":{"mods":["BaseMod","Colored Map","Downfall","GifTheSpireLib","Hermit","Marisa£®ÏF”Í°°ƒß¿Ì…≥£©","Minty Spire (QoL Compilation)","Remilia£®¿Ÿ√◊¿Ú—«£©","Robot Space Explorer","StSLib","The Cursed","The Gatherer","The Marked","UnlockEverythingMod","[GremlinLeader]The Maniac"],"gold_per_floor":[113,132,132,146,158,188,188,216,216,216,216],"floor_reached":10,"language":"ZHS","playtime":262,"items_purged":[],"score":115,"play_id":"94501de9-4d07-4ed7-a99d-e07766d18fe9","local_time":"20210224225219","is_ascension_mode":true,"campfire_choices":[{"data":"hermit:OverwhelmingPower","floor":7,"key":"SMITH"}],"circlet_count":0,"master_deck":["hermit:Strike_Hermit","hermit:Strike_Hermit","hermit:Strike_Hermit","hermit:Strike_Hermit","hermit:Defend_Hermit+1","hermit:Defend_Hermit","hermit:Defend_Hermit","hermit:Defend_Hermit+1","hermit:Snapshot","hermit:Covet","hermit:Shortfuse","hermit:Desperado","hermit:OverwhelmingPower+1"],"relics":["hermit:Momento","NeowsBlessing","War Paint","Matryoshka","Pear","Incense Burner"],"acts_visited":["Exordium"],"potions_floor_usage":[6,8],"damage_taken":[{"damage":0.0,"enemies":"2 Louse","floor":1.0,"turns":1.0},{"damage":0.0,"enemies":"Jaw Worm","floor":2.0,"turns":1.0},{"damage":0,"enemies":"Small Slimes","floor":4,"turns":1},{"damage":9,"enemies":"Red Slaver","floor":5,"turns":2},{"damage":14,"enemies":"3 Sentries","floor":6,"turns":6},{"damage":24,"enemies":"Lagavulin","floor":8,"turns":7},{"damage":46,"enemies":"Gremlin Nob","floor":10,"turns":4}],"seed_played":"3667780442185036738","potions_obtained":[{"floor":5,"key":"champ:CounterPotion"},{"floor":8,"key":"Fruit Juice"}],"is_trial":false,"path_per_floor":["M","M","?","M","M","E","R","E","T","E"],"character_chosen":"HERMIT","items_purchased":[],"campfire_rested":0,"item_purchase_floors":[],"current_hp_per_floor":[75,75,75,75,66,52,52,33,43,0,0],"gold":216,"neow_bonus":"THREE_ENEMY_KILL","is_daily":false,"chose_seed":false,"campfire_upgraded":1,"win_rate":0.0,"timestamp":1614178339,"path_taken":["M","M","?","M","M","E","R","E","T","E"],"items_purchased_type":[],"build_version":"2020-12-22","purchased_purges":0,"victory":false,"max_hp_per_floor":[75,75,75,75,75,75,75,80,90,90,90],"card_choices":[{"not_picked":["hermit:Snipe","hermit:HighCaliber","hermit:FullyLoaded"],"picked":"SKIP","floor":1.0},{"not_picked":["hermit:ItchyTrigger","hermit:Quickdraw"],"picked":"hermit:Shortfuse","floor":2.0},{"not_picked":["hermit:NoHoldsBarred","hermit:Dive"],"picked":"hermit:Desperado","floor":4},{"not_picked":["hermit:HighCaliber","hermit:Coalescence","hermit:Headshot"],"picked":"SKIP","floor":5},{"not_picked":["hermit:CalledShot","hermit:SprayPray"],"picked":"hermit:OverwhelmingPower","floor":6},{"not_picked":["hermit:LowProfile","hermit:CalledShot","hermit:Scavenge"],"picked":"SKIP","floor":8}],"player_experience":167507,"relics_obtained":[{"floor":6,"key":"War Paint"},{"floor":8,"key":"Matryoshka"},{"floor":9,"key":"Pear"},{"floor":9,"key":"Incense Burner"}],"event_choices":[{"damage_healed":0,"gold_gain":0,"player_choice":"Ignored","damage_taken":0,"max_hp_gain":0,"max_hp_loss":0,"event_name":"Shining Light","floor":3,"gold_loss":0}],"is_beta":false,"boss_relics":[],"items_purged_floors":[],"is_endless":false,"potions_floor_spawned":[5,8],"killed_by":"Gremlin Nob","ascension_level":3}}