{"host":"emzatosnsokm6754","time":1614132802,"event":{"mods":["Act Like it!","BaseMod","Bossed Relics","Colored Powertips","Energized Spire","Minty Spire (QoL Compilation)","Rare Cards Sparkle","Replay The Spire","Ruina","StSLib","The Cursed","The Gatherer","The Hierophant","The Jungle","The Servant 0.9.4"],"gold_per_floor":[118,129,129,129,60,60,80,80,80,80,96,96,96,115,115,215,215,230,230,246,262,279,314,332,332,383,383,458,476,476,490,490,589,589,609,43,0,13,13,13,63,96,123,142,162,12,28,28,28,28],"floor_reached":51,"language":"ENG","playtime":1470,"items_purged":["Voices","Strike_G"],"score":764,"play_id":"587fa677-008c-4ad7-b25d-bf1ac3b8f5a5","local_time":"20210224151322","is_ascension_mode":false,"campfire_choices":[{"data":"Accuracy","floor":6,"key":"SMITH"},{"data":"Backstab","floor":8,"key":"SMITH"},{"data":"Survivor","floor":10,"key":"SMITH"},{"data":"Slice","floor":13,"key":"SMITH"},{"data":"Slice","floor":15,"key":"SMITH"},{"floor":25,"key":"REST"},{"floor":27,"key":"REST"},{"data":"Storm of Steel","floor":30,"key":"SMITH"},{"data":"Blade Dance","floor":32,"key":"SMITH"},{"floor":40,"key":"DIG"},{"data":"Blade Dance","floor":49,"key":"SMITH"}],"circlet_count":0,"master_deck":["Strike_G","Strike_G","Strike_G","Strike_G","Defend_G","Defend_G","Defend_G","Defend_G","Defend_G","Survivor+1","Neutralize+1","Cloak And Dagger+1","Accuracy+1","Backstab+1","Slice+1","Slice+1","Storm of Steel+1","ReplayTheSpireMod:Scrap Shanks+1","Blade Dance+1","Dagger Throw+1","Night Terror+1","Hidden Blade+1","Backflip+1","Cloak And Dagger+1","Blade Dance+1"],"relics":["Ring of the Snake","Ring of Fury","Replay:Ringing Soul","Dream Catcher","energizedSpire:NeverEndingSparkler","Singing Bowl","Meat on the Bone","ReplayTheSpireMod:TigerMarble","Tiny House","Guide Book","Shovel","Red Mask","Happy Flower","Basket Of Snakes","Snack Pack","Vajra"],"acts_visited":["Exordium","TheCity","TheBeyond"],"potions_floor_usage":[24,33,33,33,45,50,50],"damage_taken":[{"damage":0,"enemies":"Small Slimes","floor":1,"turns":3},{"damage":0,"enemies":"Cultist","floor":2,"turns":3},{"damage":2,"enemies":"Jaw Worm","floor":7,"turns":2},{"damage":1,"enemies":"Red Slaver","floor":11,"turns":2},{"damage":0,"enemies":"3 Louse","floor":14,"turns":2},{"damage":27,"enemies":"Slime Boss","floor":16,"turns":8},{"damage":13,"enemies":"Shell Parasite","floor":18,"turns":4},{"damage":0,"enemies":"Spheric Guardian","floor":20,"turns":1},{"damage":3,"enemies":"Cultist and Chosen","floor":21,"turns":4},{"damage":18,"enemies":"Snake Plant","floor":22,"turns":4},{"damage":47,"enemies":"Gremlin Leader","floor":23,"turns":5},{"damage":2,"enemies":"Chosen and Byrds","floor":24,"turns":5},{"damage":0,"enemies":"Centurion and Healer","floor":29,"turns":4},{"damage":0,"enemies":"3 Cultists","floor":31,"turns":4},{"damage":42,"enemies":"Champ","floor":33,"turns":6},{"damage":10,"enemies":"Orb Walker","floor":35,"turns":2},{"damage":12,"enemies":"3 Shapes","floor":38,"turns":1},{"damage":17,"enemies":"Mind Bloom Boss Battle","floor":41,"turns":5},{"damage":5,"enemies":"Giant Head","floor":42,"turns":4},{"damage":32,"enemies":"Spire Growth","floor":44,"turns":3},{"damage":0,"enemies":"Transient","floor":45,"turns":5},{"damage":0,"enemies":"Sphere and 2 Shapes","floor":47,"turns":1},{"damage":40,"enemies":"Awakened One","floor":50,"turns":6}],"seed_played":"7939386019229467321","potions_obtained":[{"floor":1,"key":"SmokeBomb"},{"floor":16,"key":"FearPotion"},{"floor":20,"key":"Dexterity Potion"},{"floor":23,"key":"Block Potion"},{"floor":29,"key":"EssenceOfSteel"},{"floor":35,"key":"SteroidPotion"},{"floor":44,"key":"Adrenaline Potion"},{"floor":45,"key":"FearPotion"}],"is_trial":false,"path_per_floor":["M","M","?","?","$","R","M","R","T","R","M","?","R","M","R","B",null,"M","T","M","M","M","E","M","R","T","R","?","M","R","M","R","B",null,"M","$","?","M","?","R","?","E","T","M","M","$","M","?","R","B",null],"character_chosen":"THE_SILENT","items_purchased":["Accuracy","Hidden Blade","Guide Book","Shovel","Blade Dance"],"campfire_rested":2,"item_purchase_floors":[5,36,36,36,46],"current_hp_per_floor":[70,70,70,70,70,70,68,68,68,68,70,70,70,73,73,49,79,69,69,71,70,54,9,21,51,51,81,72,74,74,77,77,50,105,97,100,100,91,93,93,78,75,75,64,88,91,101,101,101,85],"gold":28,"neow_bonus":"UPGRADE_CARD","is_daily":false,"chose_seed":false,"campfire_upgraded":8,"win_rate":0.0,"timestamp":1614132802,"path_taken":["M","M","?","?","$","R","M","R","T","R","M","?","R","?","R","BOSS","M","?","M","M","?","E","M","R","T","R","?","M","R","M","R","BOSS","M","$","?","M","?","R","?","E","T","M","M","$","?","?","R","BOSS"],"items_purchased_type":["Card","Card","Relic","Relic","Card"],"build_version":"2020-12-22","purchased_purges":2,"victory":true,"max_hp_per_floor":[70,70,70,70,70,70,70,70,70,70,73,73,73,76,76,79,79,82,82,84,86,88,90,92,95,95,97,97,99,99,102,102,105,105,107,110,110,113,115,115,117,119,119,122,124,127,129,129,129,129],"card_choices":[{"not_picked":["Fluid Movement","Dagger Throw","Outmaneuver"],"picked":"SKIP","floor":1},{"not_picked":["Poisoned Stab","Sucker Punch"],"picked":"Cloak And Dagger","floor":2},{"not_picked":["Heel Hook","Riddle With Holes"],"picked":"Backstab","floor":7},{"not_picked":["Prepared","Toxin Wave"],"picked":"Slice","floor":11},{"not_picked":["Underhanded Strike","Dagger Throw"],"picked":"Slice","floor":14},{"not_picked":["Malaise","Die Die Die"],"picked":"Storm of Steel","floor":16},{"not_picked":["Underhanded Strike","Outmaneuver"],"picked":"ReplayTheSpireMod:Scrap Shanks+1","floor":18},{"not_picked":["Expertise","Outmaneuver+1","Distraction"],"picked":"Singing Bowl","floor":20},{"not_picked":["Footwork","Slice","Underhanded Strike"],"picked":"Singing Bowl","floor":21},{"not_picked":["Draining Mist","PiercingWail","Poisoned Stab"],"picked":"Singing Bowl","floor":22},{"not_picked":["Predator","ReplayTheSpireMod:Tripwire+1","Finisher+1"],"picked":"Singing Bowl","floor":23},{"not_picked":["Quick Slash","Bane+1","Fluid Movement"],"picked":"Singing Bowl","floor":24},{"not_picked":["Concentrate","Deadly Poison"],"picked":"Blade Dance","floor":25},{"not_picked":["Setup","Reflex","Acrobatics"],"picked":"Singing Bowl","floor":27},{"not_picked":["Eviscerate","Sneak Up","Prepared+1"],"picked":"Singing Bowl","floor":29},{"not_picked":["Slice","Underhanded Strike"],"picked":"Dagger Throw+1","floor":31},{"not_picked":["Grand Finale","Wraith Form v2"],"picked":"Night Terror","floor":33},{"not_picked":["Outmaneuver+1","Deadly Poison","Underhanded Strike"],"picked":"Singing Bowl","floor":35},{"not_picked":["Bouncing Flask","Cloak And Dagger"],"picked":"Backflip+1","floor":38},{"not_picked":["Discovery","Dark Shackles","Deep Breath"],"picked":"Singing Bowl","floor":39},{"not_picked":["Sucker Punch","Toxin Wave+1","Quick Slash+1"],"picked":"Singing Bowl","floor":41},{"not_picked":["ReplayTheSpireMod:Necrosis","Dagger Spray","PiercingWail"],"picked":"Singing Bowl","floor":42},{"not_picked":["Fluid Movement","Dagger Spray"],"picked":"Cloak And Dagger+1","floor":44},{"not_picked":["Dagger Throw","Backflip","Prepared"],"picked":"Singing Bowl","floor":45},{"not_picked":["Toxin Wave","Deadly Poison","Dodge and Roll+1"],"picked":"Singing Bowl","floor":47}],"player_experience":214650,"relics_obtained":[{"floor":4,"key":"Ring of Fury"},{"floor":9,"key":"Replay:Ringing Soul"},{"floor":19,"key":"Singing Bowl"},{"floor":23,"key":"Meat on the Bone"},{"floor":26,"key":"ReplayTheSpireMod:TigerMarble"},{"floor":40,"key":"Happy Flower"},{"floor":41,"key":"Basket Of Snakes"},{"floor":42,"key":"Snack Pack"},{"floor":43,"key":"Vajra"}],"event_choices":[{"damage_healed":0,"gold_gain":0,"player_choice":"Grow","damage_taken":0,"max_hp_gain":0,"max_hp_loss":0,"event_name":"Living Wall","floor":3,"gold_loss":0,"cards_upgraded":["Cloak And Dagger"]},{"damage_healed":0,"gold_gain":0,"player_choice":"Gave Potion","damage_taken":0,"relics_obtained":["Dream Catcher"],"max_hp_gain":0,"max_hp_loss":0,"event_name":"WeMeetAgain","floor":12,"gold_loss":0},{"damage_healed":0,"gold_gain":75,"player_choice":"Touch","damage_taken":9,"max_hp_gain":0,"max_hp_loss":0,"event_name":"FaceTrader","floor":28,"gold_loss":0},{"damage_healed":0,"gold_gain":0,"player_choice":"Paid","damage_taken":0,"relics_obtained":["Red Mask"],"max_hp_gain":0,"max_hp_loss":0,"event_name":"Tomb of Lord Red Mask","floor":37,"gold_loss":43},{"damage_healed":0,"gold_gain":0,"player_choice":"Memory 1","damage_taken":0,"max_hp_gain":0,"max_hp_loss":0,"event_name":"SensoryStone","floor":39,"gold_loss":0},{"damage_healed":0,"gold_gain":0,"player_choice":"Fight","damage_taken":0,"max_hp_gain":0,"max_hp_loss":0,"event_name":"MindBloom","floor":41,"gold_loss":0},{"damage_healed":0,"gold_gain":0,"player_choice":"Ignored","damage_taken":0,"max_hp_gain":0,"max_hp_loss":0,"event_name":"Mysterious Sphere","floor":48,"gold_loss":0}],"is_beta":false,"boss_relics":[{"not_picked":["Coffee Dripper","Snecko Scales"],"picked":"energizedSpire:NeverEndingSparkler"},{"not_picked":["energizedSpire:MagnifyingGlass","Painkiller Herb"],"picked":"Tiny House"}],"items_purged_floors":[36,46],"is_endless":false,"potions_floor_spawned":[1,16,20,23,29,35,44,45],"ascension_level":0}}