{"host":"ovcza0gnr2tscsgg","time":1614172355,"event":{"mods":["BaseMod","Colored Powertips","Marisa£®ÏF”Í°°ƒß¿Ì…≥£©","Minty Spire (QoL Compilation)","StSLib","The Bug Knight","UnlockEverythingMod","noobMod"],"gold_per_floor":[116,126,126,146,146,146,177,189,201,224,236,248,260,290,302,415,427,439,439],"floor_reached":18,"language":"ZHS","playtime":1579,"items_purged":[],"score":160,"play_id":"8653478e-8367-4ca0-9259-96861087bc9c","local_time":"20210224211235","is_ascension_mode":false,"campfire_choices":[{"data":"DarkMatter","floor":6,"key":"SMITH"},{"data":"FairyDestructionRay","floor":8,"key":"SMITH"},{"data":"RefractionSpark","floor":13,"key":"SMITH"},{"data":"MasterSpark","floor":15,"key":"SMITH"}],"circlet_count":0,"master_deck":["Defend_MRS","Defend_MRS","Defend_MRS","Defend_MRS","MasterSpark","UpSweep","DC","RefractionSpark+1","DarkMatter+1","FairyDestructionRay+1","AsteroidBelt","MasterSpark+1","DoubleSpark","TreasureHunter","BigCrunch+1","EscapeVelocity+1","ShootTheMoon+1"],"relics":["MiniHakkero","ice","Toy Ornithopter","MawBank","Astrolabe"],"acts_visited":["Exordium","TheCity"],"potions_floor_usage":[7,16,16],"damage_taken":[{"damage":5,"enemies":"2 Louse","floor":1,"turns":3},{"damage":0,"enemies":"Small Slimes","floor":2,"turns":3},{"damage":1,"enemies":"Cultist","floor":4,"turns":3},{"damage":18,"enemies":"Gremlin Nob","floor":7,"turns":4},{"damage":6,"enemies":"Exordium Wildlife","floor":10,"turns":2},{"damage":4,"enemies":"Blue Slaver","floor":14,"turns":3},{"damage":36,"enemies":"Hexaghost","floor":16,"turns":15},{"damage":22,"enemies":"3 Byrds","floor":18,"turns":4}],"seed_played":"-791428483213801772","potions_obtained":[{"floor":2,"key":"SpeedPotion"},{"floor":4,"key":"Energy Potion"},{"floor":10,"key":"Dexterity Potion"}],"is_trial":false,"path_per_floor":["M","M","?","M","?","R","E","R","T","M","?","?","R","M","R","B",null,"M"],"character_chosen":"MARISA","items_purchased":[],"campfire_rested":0,"item_purchase_floors":[],"current_hp_per_floor":[77,77,59,58,58,58,45,45,45,39,39,39,39,35,35,9,82,60,60],"gold":439,"neow_bonus":"TEN_PERCENT_HP_BONUS","is_daily":false,"chose_seed":false,"campfire_upgraded":4,"win_rate":0.0,"timestamp":1614172355,"path_taken":["M","M","?","M","?","R","E","R","T","M","?","?","R","M","R","BOSS","M"],"items_purchased_type":[],"build_version":"2020-12-22","purchased_purges":0,"victory":false,"max_hp_per_floor":[82,82,82,82,82,82,82,82,82,82,82,82,82,82,82,82,82,82,82],"card_choices":[{"not_picked":["NonDirectionalLaser","WitchLeyline"],"picked":"DC","floor":1},{"not_picked":["NonDirectionalLaser","EarthLightRay"],"picked":"RefractionSpark","floor":2},{"not_picked":["ShootingEcho","GrandCross"],"picked":"DarkMatter","floor":4},{"not_picked":["ChargingUp","MeteoricShower"],"picked":"FairyDestructionRay","floor":7},{"not_picked":["PowerUp","DragonMeteor"],"picked":"AsteroidBelt","floor":10},{"not_picked":["AsteroidBelt","EnergyFlow"],"picked":"DoubleSpark","floor":14},{"not_picked":["JA","FinalSpark"],"picked":"TreasureHunter","floor":16}],"player_experience":129847,"relics_obtained":[{"floor":7,"key":"MawBank"}],"event_choices":[{"damage_healed":0,"gold_gain":0,"player_choice":"Success","damage_taken":18,"relics_obtained":["Toy Ornithopter"],"max_hp_gain":0,"max_hp_loss":0,"event_name":"Scrap Ooze","floor":3,"gold_loss":0},{"damage_healed":0,"gold_gain":0,"player_choice":"Ignored","damage_taken":0,"max_hp_gain":0,"max_hp_loss":0,"event_name":"Liars Game","floor":5,"gold_loss":0},{"cards_removed":["Strike_MRS"],"damage_healed":0,"gold_gain":0,"player_choice":"Forget","damage_taken":0,"max_hp_gain":0,"max_hp_loss":0,"event_name":"Living Wall","floor":11,"gold_loss":0},{"damage_healed":0,"gold_gain":0,"player_choice":"1 cards matched","damage_taken":0,"max_hp_gain":0,"max_hp_loss":0,"event_name":"Match and Keep!","floor":12,"gold_loss":0,"cards_obtained":["MasterSpark"]}],"is_beta":false,"boss_relics":[{"not_picked":["Fusion Hammer","Cursed Key"],"picked":"Astrolabe"}],"items_purged_floors":[],"is_endless":false,"potions_floor_spawned":[2,4,10],"killed_by":"3 Byrds","ascension_level":0}}