{"host":"az4cayk8dou8lmeu","time":1614208011,"event":{"mods":["AchievementEnabler","BaseMod","Minty Spire (QoL Compilation)","Quick Restart","Slay-I"],"gold_per_floor":[117,27,0,0,15,15,41,41,41,41,57,88,107,125,125,222,222,232,232,248,15,35,63,63,63,63,74,40,40,59,25,25,130,130,145,159,178,195,195,195],"floor_reached":39,"language":"ENG","playtime":3217,"items_purged":[],"score":438,"play_id":"116c0319-2916-431d-ba54-4816f4b429dc","local_time":"20210224180651","is_ascension_mode":false,"campfire_choices":[{"data":"Survivor","floor":6,"key":"SMITH"},{"data":"Setup","floor":8,"key":"SMITH"},{"floor":15,"key":"REST"},{"floor":25,"key":"REST"},{"data":"A Thousand Cuts","floor":32,"key":"SMITH"}],"circlet_count":0,"master_deck":["Strike_G","Strike_G","Strike_G","Strike_G","Strike_G","Defend_G","Defend_G","Defend_G+1","Defend_G","Defend_G+1","Survivor+1","Neutralize","Quick Slash","Footwork","Flying Knee","Poisoned Stab","Setup+1","Endless Agony","Leg Sweep","Blade Dance","Backstab","Die Die Die","Dodge and Roll","Deflect","Footwork","Sucker Punch+1","Acrobatics+1","A Thousand Cuts+1","Infinite Blades","Poisoned Stab","Noxious Fumes","Tools of the Trade","Quick Slash+1","Cloak And Dagger","Blur+1","Expertise+1"],"relics":["Ring of the Snake","Centennial Puzzle","Blood Vial","Paper Crane","Cursed Key","Enchiridion","War Paint","Bag of Preparation","Darkstone Periapt","Black Star"],"acts_visited":["Exordium","TheCity","TheBeyond"],"potions_floor_usage":[16,33],"damage_taken":[{"damage":2,"enemies":"Small Slimes","floor":1,"turns":8},{"damage":1,"enemies":"Jaw Worm","floor":5,"turns":5},{"damage":13,"enemies":"Gremlin Nob","floor":7,"turns":5},{"damage":0,"enemies":"2 Louse","floor":11,"turns":3},{"damage":25,"enemies":"3 Sentries","floor":12,"turns":11},{"damage":1,"enemies":"Looter","floor":13,"turns":3},{"damage":7,"enemies":"Exordium Wildlife","floor":14,"turns":2},{"damage":38,"enemies":"Slime Boss","floor":16,"turns":19},{"damage":6,"enemies":"2 Thieves","floor":18,"turns":3},{"damage":5,"enemies":"Spheric Guardian","floor":20,"turns":3},{"damage":4,"enemies":"Chosen and Byrds","floor":22,"turns":8},{"damage":29,"enemies":"Gremlin Leader","floor":23,"turns":6},{"damage":0,"enemies":"Sentry and Sphere","floor":27,"turns":5},{"damage":3,"enemies":"Centurion and Healer","floor":30,"turns":8},{"damage":41,"enemies":"Champ","floor":33,"turns":14},{"damage":5,"enemies":"Orb Walker","floor":35,"turns":4},{"damage":43,"enemies":"3 Darklings","floor":36,"turns":5},{"damage":1,"enemies":"Sphere and 2 Shapes","floor":37,"turns":3},{"damage":23,"enemies":"Transient","floor":38,"turns":5},{"damage":14,"enemies":"3 Darklings","floor":39,"turns":2}],"seed_played":"-398797775518211074","potions_obtained":[{"floor":1,"key":"AttackPotion"},{"floor":5,"key":"Block Potion"},{"floor":12,"key":"Dexterity Potion"},{"floor":18,"key":"SpeedPotion"},{"floor":22,"key":"Block Potion"},{"floor":27,"key":"SteroidPotion"},{"floor":33,"key":"ColorlessPotion"}],"is_trial":false,"path_per_floor":["M","$","?","?","M","R","E","R","T","?","M","E","M","M","R","B",null,"M","?","M","$","M","E","?","R","T","M","$","?","M","$","R","B",null,"M","M","M","M","M"],"character_chosen":"THE_SILENT","items_purchased":["Footwork","Flying Knee","War Paint","Footwork","Infinite Blades","Noxious Fumes"],"campfire_rested":2,"item_purchase_floors":[2,2,21,21,28,31],"current_hp_per_floor":[75,75,75,75,74,74,61,61,61,61,63,40,41,36,59,23,77,71,55,52,52,50,23,48,71,71,73,73,73,72,72,72,33,77,72,31,32,11,0,0],"gold":195,"neow_bonus":"TEN_PERCENT_HP_BONUS","is_daily":false,"chose_seed":false,"campfire_upgraded":3,"win_rate":0.0,"timestamp":1614208011,"path_taken":["M","$","?","?","M","R","E","R","T","?","M","E","M","M","R","BOSS","M","?","M","$","M","E","?","R","T","M","?","?","M","$","R","BOSS","M","?","M","M","M"],"items_purchased_type":["Card","Card","Relic","Card","Card","Card"],"build_version":"2020-12-22","purchased_purges":0,"victory":false,"max_hp_per_floor":[77,77,77,77,77,77,77,77,77,77,77,77,77,77,77,77,77,77,77,77,77,77,77,77,77,77,77,77,77,77,77,77,77,77,77,77,77,77,77,77],"card_choices":[{"not_picked":["Choke","Blade Dance"],"picked":"Quick Slash","floor":1},{"not_picked":["Bane","Finisher"],"picked":"Poisoned Stab","floor":5},{"not_picked":["Bane","Distraction"],"picked":"Setup","floor":7},{"not_picked":["Backflip","Doppelganger"],"picked":"Endless Agony","floor":11},{"not_picked":["Setup","Concentrate"],"picked":"Leg Sweep","floor":12},{"not_picked":["Flying Knee","Expertise"],"picked":"Blade Dance","floor":13},{"not_picked":["Dagger Spray","Well Laid Plans"],"picked":"Backstab","floor":14},{"not_picked":["Grand Finale","Venomology"],"picked":"Die Die Die","floor":16},{"not_picked":["Escape Plan","Prepared"],"picked":"Dodge and Roll","floor":18},{"not_picked":["Prepared","Acrobatics+1"],"picked":"Deflect","floor":20},{"not_picked":["Deflect+1","PiercingWail+1"],"picked":"Sucker Punch+1","floor":22},{"not_picked":["Blade Dance","Bane"],"picked":"Acrobatics+1","floor":23},{"not_picked":["Reflex","Dagger Throw"],"picked":"A Thousand Cuts","floor":27},{"not_picked":["Backflip+1","Tactician"],"picked":"Poisoned Stab","floor":30},{"not_picked":["Burst","Bullet Time"],"picked":"Tools of the Trade","floor":33},{"not_picked":["Deadly Poison+1","Dagger Throw"],"picked":"Quick Slash+1","floor":35},{"not_picked":["Dagger Throw+1","Bouncing Flask+1"],"picked":"Cloak And Dagger","floor":36},{"not_picked":["Expertise+1","Dagger Throw"],"picked":"Blur+1","floor":37},{"not_picked":["Underhanded Strike+1","Reflex"],"picked":"Expertise+1","floor":38}],"player_experience":121890,"relics_obtained":[{"floor":7,"key":"Centennial Puzzle"},{"floor":9,"key":"Blood Vial"},{"floor":12,"key":"Paper Crane"},{"floor":19,"key":"Enchiridion"},{"floor":23,"key":"Bag of Preparation"},{"floor":26,"key":"Darkstone Periapt"}],"event_choices":[{"damage_healed":0,"gold_gain":0,"player_choice":"Left Gold","damage_taken":0,"max_hp_gain":0,"max_hp_loss":0,"event_name":"World of Goop","floor":3,"gold_loss":27},{"damage_healed":0,"gold_gain":0,"player_choice":"Ignored","damage_taken":0,"max_hp_gain":0,"max_hp_loss":0,"event_name":"Golden Wing","floor":4,"gold_loss":0},{"damage_healed":0,"gold_gain":0,"player_choice":"Ignored","damage_taken":0,"max_hp_gain":0,"max_hp_loss":0,"event_name":"Liars Game","floor":10,"gold_loss":0},{"damage_healed":0,"gold_gain":0,"player_choice":"Obtained Book","damage_taken":16,"max_hp_gain":0,"max_hp_loss":0,"event_name":"Cursed Tome","floor":19,"gold_loss":0},{"damage_healed":25,"gold_gain":0,"player_choice":"Heal","damage_taken":0,"max_hp_gain":0,"max_hp_loss":0,"event_name":"The Library","floor":24,"gold_loss":0},{"cards_removed":["Clumsy"],"damage_healed":0,"gold_gain":0,"player_choice":"Removed Curses","damage_taken":0,"max_hp_gain":0,"max_hp_loss":0,"event_name":"Fountain of Cleansing","floor":29,"gold_loss":0}],"is_beta":false,"boss_relics":[{"not_picked":["Tiny House","HoveringKite"],"picked":"Cursed Key"},{"not_picked":["Ring of the Serpent","SacredBark"],"picked":"Black Star"}],"items_purged_floors":[],"is_endless":false,"potions_floor_spawned":[1,5,12,18,22,27,33,36,38],"killed_by":"3 Darklings","ascension_level":0}}