{"host":"f7jml7vkwn3tj7tu","time":1614185786,"event":{"mods":["BaseMod","Block Reminder","Minty Spire (QoL Compilation)","Relic Stats","Slay-I"],"gold_per_floor":[117,292,292,306,324,324,324,324],"floor_reached":7,"language":"ENG","playtime":193,"items_purged":[],"score":47,"play_id":"1feebe99-c131-44f9-bc25-ee81074b3893","local_time":"20210224115626","is_ascension_mode":true,"campfire_choices":[{"data":"Conserve Battery","floor":6,"key":"SMITH"}],"circlet_count":0,"master_deck":["Strike_B","Strike_B","Strike_B","Strike_B","Defend_B","Defend_B","Defend_B","Defend_B","Zap","Dualcast","Conserve Battery+1","Doubt","Steam","Hyperbeam"],"relics":["Cracked Core","NeowsBlessing","Pen Nib"],"acts_visited":["Exordium"],"potions_floor_usage":[],"damage_taken":[{"damage":0,"enemies":"Jaw Worm","floor":1,"turns":1},{"damage":0,"enemies":"2 Louse","floor":4,"turns":1},{"damage":0,"enemies":"Cultist","floor":5,"turns":1},{"damage":94,"enemies":"Gremlin Nob","floor":7,"turns":6}],"seed_played":"-8436169799697700810","potions_obtained":[{"floor":1,"key":"CultistPotion"},{"floor":4,"key":"EssenceOfDarkness"},{"floor":5,"key":"Ancient Potion"}],"is_trial":false,"path_per_floor":["M","?","?","M","M","R","E"],"character_chosen":"DEFECT","items_purchased":[],"campfire_rested":0,"item_purchase_floors":[],"current_hp_per_floor":[75,75,72,72,72,72,0,0],"gold":324,"neow_bonus":"THREE_ENEMY_KILL","is_daily":false,"chose_seed":false,"campfire_upgraded":1,"win_rate":0.0,"timestamp":1614185786,"path_taken":["M","?","?","M","M","R","E"],"items_purchased_type":[],"build_version":"2020-12-22","purchased_purges":0,"victory":false,"max_hp_per_floor":[75,75,75,75,75,75,75,75],"relic_stats":{"counters":[4,9],"Pen Nib":[0],"obtain_stats":[{"NeowsBlessing":0,"Pen Nib":3,"Cracked Core":0},{"NeowsBlessing":0,"Pen Nib":1,"Cracked Core":0},{"NeowsBlessing":0,"Pen Nib":1,"Cracked Core":0}]},"card_choices":[{"not_picked":["Scrape","Redo"],"picked":"Conserve Battery","floor":1},{"not_picked":["Gash","Chaos"],"picked":"Steam","floor":4},{"not_picked":["Barrage","Go for the Eyes"],"picked":"Hyperbeam","floor":5}],"player_experience":629523,"relics_obtained":[],"event_choices":[{"damage_healed":0,"gold_gain":175,"player_choice":"AGREE","damage_taken":0,"max_hp_gain":0,"max_hp_loss":0,"event_name":"Liars Game","floor":2,"gold_loss":0,"cards_obtained":["Doubt"]},{"damage_healed":0,"gold_gain":0,"player_choice":"Success","damage_taken":3,"relics_obtained":["Pen Nib"],"max_hp_gain":0,"max_hp_loss":0,"event_name":"Scrap Ooze","floor":3,"gold_loss":0}],"is_beta":false,"boss_relics":[],"items_purged_floors":[],"is_endless":false,"potions_floor_spawned":[1,4,5],"killed_by":"Gremlin Nob","ascension_level":3}}