{"host":"dh4nu8nelr2izibb","time":1614191591,"event":{"mods":["BaseMod","Better Skull","Better Third Choice","Card Filter","Card Forge","Curses Come First","Displayed Cursed Tome","HololiveMod","Marisa????????","Minty Spire (QoL Compilation)","Poor People Problems","Quick Restart","Relic Filter","Reliquary","StSLib","The Servant 0.9.4","WarShipGirlsR/????R mod","Yakumo Yukari mod"],"gold_per_floor":[119,134,144,160,171,171,171,171,171,205,228,228,242,257,257,353,353,378,91,112,112,112],"floor_reached":21,"language":"ENG","playtime":1167,"items_purged":[],"score":361,"play_id":"2bb1be30-e108-4aeb-b168-188698d565a2","local_time":"20210224133311","is_ascension_mode":true,"campfire_choices":[{"floor":6,"key":"REST"},{"data":"Acrobatics","floor":8,"key":"SMITH"},{"floor":15,"key":"REST"}],"circlet_count":0,"master_deck":["AscendersBane","Strike_G","Strike_G","Strike_G","Strike_G","Defend_G","Defend_G","Defend_G","Defend_G","Survivor","Neutralize+1","Prepared","Flying Knee+1","Acrobatics+1","Terror","PiercingWail","Choke+1","Quick Slash","Dagger Spray+1","Grand Finale","Acrobatics+1","Well Laid Plans+1","Underhanded Strike","Predator","Acrobatics"],"relics":["Hammer of Thor","Seething Fire","Anvil of the Gods","reliquary:KinkedSpring","Golden Idol","Pear","reliquary:Knoch","Philosopher\u0027s Stone"],"acts_visited":["Exordium","TheCity"],"potions_floor_usage":[10,16,16,20],"damage_taken":[{"damage":9.0,"enemies":"Small Slimes","floor":1.0,"turns":6.0},{"damage":11.0,"enemies":"Jaw Worm","floor":2.0,"turns":6.0},{"damage":11.0,"enemies":"Cultist","floor":3.0,"turns":4.0},{"damage":3,"enemies":"2 Fungi Beasts","floor":4,"turns":4},{"damage":1,"enemies":"Red Slaver","floor":5,"turns":5},{"damage":23,"enemies":"Lagavulin","floor":10,"turns":8},{"damage":0,"enemies":"Looter","floor":11,"turns":2},{"damage":5,"enemies":"Lots of Slimes","floor":13,"turns":5},{"damage":0,"enemies":"Large Slime","floor":14,"turns":3},{"damage":42,"enemies":"The Guardian","floor":16,"turns":13},{"damage":21,"enemies":"Shell Parasite","floor":18,"turns":4},{"damage":31,"enemies":"Spheric Guardian","floor":20,"turns":5},{"damage":0,"enemies":"Cultist and Chosen","floor":21,"turns":3}],"seed_played":"9043664746464520518","potions_obtained":[{"floor":2.0,"key":"EssenceOfSteel"},{"floor":3.0,"key":"Energy Potion"},{"floor":13,"key":"SneckoOil"},{"floor":16,"key":"Energy Potion"}],"is_trial":false,"path_per_floor":["M","M","M","M","M","R","?","R","T","E","M","?","M","M","R","B",null,"M","$","M","M"],"character_chosen":"THE_SILENT","items_purchased":["Well Laid Plans","Underhanded Strike","Predator","Acrobatics"],"campfire_rested":2,"item_purchase_floors":[19,19,19,19],"current_hp_per_floor":[50,39,28,25,24,43,43,43,53,30,30,30,25,25,47,5,58,37,37,6,6,6],"gold":112,"neow_bonus":"BOSS_RELIC","is_daily":false,"chose_seed":false,"campfire_upgraded":1,"win_rate":0.0,"timestamp":1614191591,"path_taken":["M","M","M","M","M","R","?","R","T","E","M","?","M","M","R","BOSS","M","$","M","M"],"items_purchased_type":["Card","Card","Card","Card"],"build_version":"2020-12-22","purchased_purges":0,"victory":false,"max_hp_per_floor":[66,66,66,66,66,66,66,66,76,76,76,76,76,76,76,76,76,76,76,76,76,76],"card_choices":[{"not_picked":["Dagger Spray","Sucker Punch"],"picked":"Prepared","floor":1.0},{"not_picked":["Slice","Choke"],"picked":"Flying Knee","floor":2.0},{"not_picked":["Slice","Calculated Gamble"],"picked":"Acrobatics","floor":3.0},{"not_picked":["Prepared","Blade Dance"],"picked":"Terror","floor":4},{"not_picked":["Calculated Gamble","Caltrops"],"picked":"PiercingWail","floor":5},{"not_picked":["Outmaneuver","Dodge and Roll","Night Terror"],"picked":"SKIP","floor":10},{"not_picked":["PiercingWail","Deflect"],"picked":"Choke","floor":11},{"not_picked":["Acrobatics","Deflect"],"picked":"Quick Slash","floor":13},{"not_picked":["Dash","Crippling Poison"],"picked":"Dagger Spray","floor":14},{"not_picked":["Night Terror","Doppelganger"],"picked":"Grand Finale","floor":16},{"not_picked":["Skewer+1","Masterful Stab"],"picked":"Acrobatics","floor":18},{"not_picked":["Outmaneuver","Dagger Spray","Prepared"],"picked":"SKIP","floor":20}],"player_experience":1206249,"relics_obtained":[{"floor":9,"key":"Pear"},{"floor":10,"key":"reliquary:Knoch"}],"event_choices":[{"damage_healed":0,"gold_gain":0,"player_choice":"Take Wound","damage_taken":0,"relics_obtained":["Golden Idol"],"max_hp_gain":0,"max_hp_loss":0,"event_name":"Golden Idol","floor":7,"gold_loss":0,"cards_obtained":["Injury"]},{"damage_healed":0,"gold_gain":0,"player_choice":"Grow","damage_taken":0,"max_hp_gain":0,"max_hp_loss":0,"event_name":"Living Wall","floor":12,"gold_loss":0,"cards_upgraded":["Choke"]}],"is_beta":false,"boss_relics":[{"not_picked":["Pandora\u0027s Box","Runic Pyramid"],"picked":"Philosopher\u0027s Stone"}],"items_purged_floors":[],"is_endless":false,"potions_floor_spawned":[2,3,5,13,16],"killed_by":"Cultist and Chosen","ascension_level":19}}