{"host":"dbb4fkd1j4jczim2","time":1614139709,"event":{"mods":["BaseMod","Downfall","Marisa????????","Minty Spire (QoL Compilation)","Permanent Neow","StSLib"],"gold_per_floor":[99,110,110,110,20,20,20,51,69,124,140,40,60,75,88,192,192,192,212,229,43,43,28,28,13,13,24,43,124,24,55,73,175,175,75,90,109,109,109,109,109,109],"floor_reached":40,"language":"ENG","playtime":2323,"items_purged":["Normality","Pain","Injury"],"score":451,"play_id":"369677ac-101d-4561-acd7-97d9b2fdceb4","local_time":"20210223220829","is_ascension_mode":true,"campfire_choices":[{"data":"Magnetism","floor":1.0,"key":"SMITH"},{"floor":12,"key":"REST"},{"data":"bronze:Repair","floor":18,"key":"SMITH"},{"floor":30,"key":"RECALL"},{"data":"bronze:AlphaBuild","floor":35,"key":"SMITH"}],"circlet_count":0,"master_deck":["bronze:Strike","bronze:Defend","bronze:Defend","bronze:Defend","bronze:Defend","bronze:Replicate","bronze:Goto","Magnetism+1","bronze:Repair+1","bronze:DigitalCarnage","bronze:Virus","bronze:Overheat","bronze:Frontload","bronze:Constructor","bronze:AlphaBuild","bronze:DelayedGuard","bronze:Shell","bronze:DelayedGuard","bronze:AlphaBuild","bronze:Constructor","bronze:ItsAFeature","bronze:Separator","bronze:RecursiveStrike","bronze:Separator","bronze:AlphaBuild+1","bronze:Break","CurseOfTheBell","Doubt"],"relics":["bronze:BronzeCore","downfall:ShatteredFragment","Kunai","Torii","bronze:SilverBullet","Nunchaku","downfall:HeartBlessingGreen","Cursed Key","Orrery","downfall:HeartBlessingBlue","Frozen Egg 2","Calling Bell","MealTicket","Ornamental Fan","Pocketwatch","downfall:HeartBlessingRed","InkBottle","bronze:BottledCode"],"acts_visited":["Exordium","TheCity","TheBeyond"],"potions_floor_usage":[25,25,25,25,29,33,33],"damage_taken":[{"damage":10.0,"enemies":"Small Slimes","floor":2.0,"turns":3.0},{"damage":0.0,"enemies":"downfall:FleeingMerchant","floor":5.0,"turns":4.0},{"damage":24,"enemies":"3 Sentries","floor":8,"turns":4},{"damage":9,"enemies":"Jaw Worm","floor":9,"turns":3},{"damage":1,"enemies":"Cultist","floor":11,"turns":2},{"damage":3,"enemies":"Exordium Thugs","floor":13,"turns":2},{"damage":4,"enemies":"Lots of Slimes","floor":14,"turns":5},{"damage":3,"enemies":"2 Fungi Beasts","floor":15,"turns":4},{"damage":16,"enemies":"IC_STATUS_ARCHETYPE","floor":16,"turns":11},{"damage":6,"enemies":"Spheric Guardian","floor":19,"turns":3},{"damage":12,"enemies":"downfall:LooterAlt2","floor":20,"turns":5},{"damage":7,"enemies":"downfall:FleeingMerchant","floor":21,"turns":4},{"damage":0,"enemies":"downfall:FleeingMerchant","floor":23,"turns":4},{"damage":5,"enemies":"downfall:FleeingMerchant","floor":25,"turns":4},{"damage":0,"enemies":"Sentry and Sphere","floor":27,"turns":3},{"damage":28,"enemies":"Shelled Parasite and Fungi","floor":28,"turns":5},{"damage":19,"enemies":"downfall:FleeingMerchant","floor":29,"turns":4},{"damage":13,"enemies":"Slavers","floor":31,"turns":6},{"damage":0,"enemies":"Snecko","floor":32,"turns":2},{"damage":31,"enemies":"DF_ARCHETYPE_CLAW","floor":33,"turns":10},{"damage":18,"enemies":"3 Shapes","floor":36,"turns":6},{"damage":1,"enemies":"3 Darklings","floor":37,"turns":3},{"damage":0,"enemies":"Orin","floor":40,"turns":1}],"seed_played":"875823039354299696","potions_obtained":[{"floor":9,"key":"bronze:FreeFunctionsPotion"},{"floor":11,"key":"EntropicBrew"},{"floor":13,"key":"SkillPotion"},{"floor":27,"key":"GamblersBrew"},{"floor":31,"key":"Energy Potion"},{"floor":33,"key":"Guardian:BlockOnCardUsePotion"},{"floor":37,"key":"EntropicBrew"}],"is_trial":false,"path_per_floor":["R","M","?","?","$","?","T","E","M","T","M","R","M","M","M","B",null,"R","M","M","$","?","$","T","$","?","M","M","$","R","E","M","B",null,"R","M","M","?","?","?"],"character_chosen":"THE_AUTOMATON","items_purchased":["bronze:ItsAFeature","Orrery"],"campfire_rested":1,"item_purchase_floors":[21,29],"current_hp_per_floor":[70,60,39,27,34,34,34,10,8,8,14,35,39,42,46,37,70,70,70,58,61,61,70,70,65,65,65,43,24,34,31,31,10,80,80,72,79,79,70,70,70,70],"gold":109,"neow_bonus":"RANDOM_COLORLESS_2","is_daily":false,"chose_seed":false,"campfire_upgraded":3,"win_rate":0.0,"timestamp":1614139709,"path_taken":["R","M","?","?","$","?","T","E","?","?","M","R","?","M","M","BOSS","R","M","M","?","?","$","T","$","?","?","?","?","R","E","M","BOSS","R","M","M","?","?","?"],"items_purchased_type":["Card","Relic"],"build_version":"2020-12-22","purchased_purges":3,"victory":false,"max_hp_per_floor":[70,70,70,70,70,70,70,70,70,70,70,70,70,70,70,70,70,70,70,70,70,70,70,70,70,70,70,70,70,80,80,80,80,80,80,80,80,80,70,70,70,70],"card_choices":[{"not_picked":["The Bomb","Secret Technique"],"picked":"Magnetism","floor":0.0},{"not_picked":["bronze:Deprecate","bronze:WildBeam"],"picked":"bronze:Repair","floor":2.0},{"not_picked":["bronze:MaxOutput","bronze:Frontload"],"picked":"bronze:DigitalCarnage","floor":5.0},{"not_picked":["bronze:Shell","bronze:Separator"],"picked":"bronze:Frontload","floor":8},{"not_picked":["bronze:BuggyMess","bronze:Overheat"],"picked":"bronze:Constructor","floor":9},{"not_picked":["bronze:Repulsor","bronze:Turbo"],"picked":"bronze:AlphaBuild","floor":11},{"not_picked":["bronze:Invalidate","bronze:CloningBeam"],"picked":"bronze:DelayedGuard","floor":13},{"not_picked":["bronze:BugBarrage","bronze:BronzeArmor"],"picked":"bronze:Shell","floor":14},{"not_picked":["bronze:InfiniteBeams","bronze:Allocate"],"picked":"bronze:DelayedGuard","floor":15},{"not_picked":["bronze:HyperBeam","bronze:Assembly"],"picked":"bronze:AlphaBuild","floor":16},{"not_picked":["bronze:ClassDefault","bronze:Branch"],"picked":"bronze:Constructor","floor":19},{"not_picked":["bronze:ChildClass","bronze:Branch","bronze:MaxOutput"],"picked":"SKIP","floor":20},{"not_picked":["bronze:Backtrace","bronze:Invalidate","bronze:Branch"],"picked":"SKIP","floor":21},{"not_picked":["bronze:ForLoop+1","bronze:WildBeam"],"picked":"bronze:Separator","floor":23},{"not_picked":["bronze:Turbo+1","bronze:BronzeOrb+1"],"picked":"bronze:RecursiveStrike","floor":25},{"not_picked":["bronze:Invalidate","bronze:BuggyMess"],"picked":"bronze:Separator","floor":27},{"not_picked":["bronze:BitShift","bronze:OilSpill","bronze:FollowUp"],"picked":"SKIP","floor":28},{"not_picked":["bronze:BugBarrage","bronze:Optimize","bronze:DelayedSlice+1"],"picked":"SKIP","floor":29},{"not_picked":["bronze:NullPointer","bronze:Backtrace+1"],"picked":"bronze:AlphaBuild","floor":29},{"not_picked":["bronze:Invalidate+1","bronze:Iterate+1","bronze:OilSpill"],"picked":"SKIP","floor":31},{"not_picked":["bronze:Deprecate","bronze:OilSpill","bronze:BronzeArmor"],"picked":"SKIP","floor":32},{"not_picked":["bronze:Mutator+1","bronze:Virus"],"picked":"bronze:Break","floor":33},{"not_picked":["bronze:BugBarrage+1","bronze:Invalidate","bronze:ClassDefault+1"],"picked":"SKIP","floor":36},{"not_picked":["bronze:FollowUp","bronze:Frontload","bronze:OilSpill"],"picked":"SKIP","floor":37}],"player_experience":342799,"relics_obtained":[{"floor":7.0,"key":"Torii"},{"floor":8,"key":"bronze:SilverBullet"},{"floor":10,"key":"Nunchaku"},{"floor":31,"key":"Frozen Egg 2"},{"floor":34,"key":"MealTicket"},{"floor":34,"key":"Ornamental Fan"},{"floor":34,"key":"Pocketwatch"},{"floor":38,"key":"InkBottle"}],"event_choices":[{"damage_healed":0.0,"max_hp_gain":0.0,"max_hp_loss":0.0,"gold_gain":0.0,"event_name":"Scrap Ooze","player_choice":"Success","floor":4.0,"gold_loss":0.0,"damage_taken":12.0,"relics_obtained":["Kunai"]},{"damage_healed":0,"gold_gain":0,"player_choice":"Ignored","damage_taken":0,"max_hp_gain":0,"max_hp_loss":0,"event_name":"Ghosts","floor":22,"gold_loss":0},{"damage_healed":0,"gold_gain":0,"player_choice":"Fight","damage_taken":0,"max_hp_gain":0,"max_hp_loss":0,"event_name":"OrinTheCat","floor":40,"gold_loss":0}],"is_beta":false,"boss_relics":[{"not_picked":["Tiny House","Busted Crown"],"picked":"Cursed Key"},{"not_picked":["Sozu","bronze:MakeshiftBattery"],"picked":"Calling Bell"}],"items_purged_floors":[5,21,29],"is_endless":false,"potions_floor_spawned":[9,11,13,16,20,27,28,31,32,33,37],"killed_by":"Orin","ascension_level":1}}