{"host":"0kk91h4bq4kgfj0u","time":1614189865,"event":{"mods":["BaseMod","Bestiary","Block Reminder","Colored Map","Colored Powertips","Curses Come First","Highlight Path","Minty Spire (QoL Compilation)","Relic Stats","StSLib"],"gold_per_floor":[114,114,114,133,133,133,169,169,217,217,217,255,273,293,293,419,419,444,19,19,19,42,81,81,81,107,150,150,169,189,205,205,205,205],"floor_reached":33,"language":"ENG","playtime":889,"items_purged":[],"score":453,"play_id":"4ca77bcd-1cd2-4064-bc9f-1ab7cdb0c65d","local_time":"20210224130425","is_ascension_mode":true,"campfire_choices":[{"data":"Searing Blow","floor":6,"key":"SMITH"},{"floor":8,"key":"REST"},{"floor":10,"key":"REST"},{"floor":15,"key":"REST"},{"floor":25,"key":"REST"},{"data":"Heavy Blade","floor":32,"key":"SMITH"}],"circlet_count":0,"master_deck":["Strike_R","Strike_R","Strike_R","Strike_R","Strike_R","Defend_R","Defend_R","Defend_R","Defend_R+1","Bash+1","Searing Blow+1","Injury","Heavy Blade+1","Inflame","Thunderclap","Wild Strike","Immolate","Twin Strike","Pommel Strike","Body Slam","Flex","Cleave","Rampage","Anger","Ghostly Armor"],"relics":["Burning Blood","Golden Idol","Pen Nib","PreservedInsect","Bag of Preparation","Meat on the Bone","Mark of Pain","Lee\u0027s Waffle","Ornamental Fan","Regal Pillow","Eternal Feather"],"acts_visited":["Exordium","TheCity"],"potions_floor_usage":[22,27,28,33],"damage_taken":[{"damage":10,"enemies":"Cultist","floor":1,"turns":4},{"damage":13,"enemies":"Jaw Worm","floor":4,"turns":4},{"damage":53,"enemies":"Lagavulin","floor":7,"turns":8},{"damage":36,"enemies":"3 Sentries","floor":12,"turns":9},{"damage":3,"enemies":"2 Louse","floor":13,"turns":2},{"damage":9,"enemies":"Looter","floor":14,"turns":3},{"damage":33,"enemies":"Slime Boss","floor":16,"turns":7},{"damage":48,"enemies":"2 Thieves","floor":18,"turns":4},{"damage":32,"enemies":"Shell Parasite","floor":22,"turns":6},{"damage":60,"enemies":"Book of Stabbing","floor":23,"turns":5},{"damage":46,"enemies":"Slavers","floor":27,"turns":4},{"damage":5,"enemies":"Snecko","floor":28,"turns":3},{"damage":19,"enemies":"Snake Plant","floor":29,"turns":3},{"damage":12,"enemies":"3 Cultists","floor":30,"turns":4},{"damage":21,"enemies":"Centurion and Healer","floor":31,"turns":3},{"damage":103,"enemies":"Automaton","floor":33,"turns":8}],"seed_played":"-616796758819238087","potions_obtained":[{"floor":4,"key":"SpeedPotion"},{"floor":7,"key":"SteroidPotion"},{"floor":13,"key":"Ancient Potion"},{"floor":22,"key":"SmokeBomb"},{"floor":29,"key":"BloodPotion"}],"is_trial":false,"path_per_floor":["M","?","?","M","?","R","E","R","T","R","?","E","M","M","R","B",null,"M","$","?","?","M","E","$","R","T","E","M","M","M","M","R","B"],"character_chosen":"IRONCLAD","items_purchased":["Lee\u0027s Waffle","Ornamental Fan","Pommel Strike"],"campfire_rested":4,"item_purchase_floors":[19,19,19],"current_hp_per_floor":[76,76,64,57,57,57,10,36,36,62,44,14,29,38,64,49,78,48,95,95,95,69,27,27,70,70,42,55,54,60,57,72,0,0],"gold":205,"neow_bonus":"TEN_PERCENT_HP_BONUS","is_daily":false,"chose_seed":false,"campfire_upgraded":2,"win_rate":0.0,"timestamp":1614189865,"path_taken":["M","?","?","M","?","R","E","R","T","R","?","E","M","M","R","BOSS","M","$","?","?","M","E","$","R","T","E","?","M","M","M","R","BOSS"],"items_purchased_type":["Relic","Relic","Card"],"build_version":"2020-12-22","purchased_purges":0,"victory":false,"max_hp_per_floor":[88,88,88,88,88,88,88,88,88,88,88,88,88,88,88,88,88,88,95,95,95,95,95,95,95,95,95,95,95,95,95,95,95,95],"relic_stats":{"Lee\u0027s Waffle":47,"Regal Pillow":15,"counters":[16,77],"Golden Idol":93,"Ornamental Fan":[40],"Eternal Feather":15,"Pen Nib":[13],"PreservedInsect":127,"Bag of Preparation":[26],"obtain_stats":[{"Lee\u0027s Waffle":19,"Regal Pillow":23,"Golden Idol":2,"Ornamental Fan":19,"Eternal Feather":27,"Pen Nib":3,"PreservedInsect":7,"Mark of Pain":17,"Bag of Preparation":9,"Burning Blood":0,"Meat on the Bone":12},{"Lee\u0027s Waffle":8,"Regal Pillow":10,"Golden Idol":1,"Ornamental Fan":8,"Eternal Feather":11,"Pen Nib":1,"PreservedInsect":3,"Mark of Pain":7,"Bag of Preparation":3,"Burning Blood":0,"Meat on the Bone":4},{"Lee\u0027s Waffle":41,"Regal Pillow":52,"Golden Idol":4,"Ornamental Fan":41,"Eternal Feather":56,"Pen Nib":4,"PreservedInsect":16,"Mark of Pain":37,"Bag of Preparation":16,"Burning Blood":0,"Meat on the Bone":25}],"Burning Blood":90,"Meat on the Bone":120},"card_choices":[{"not_picked":["True Grit","Intimidate"],"picked":"Searing Blow","floor":1},{"not_picked":["Rage","Sword Boomerang"],"picked":"Heavy Blade","floor":4},{"not_picked":["Shockwave","Corruption","Sword Boomerang"],"picked":"SKIP","floor":7},{"not_picked":["Wild Strike","Clothesline"],"picked":"Inflame","floor":12},{"not_picked":["Searing Blow","Clash"],"picked":"Thunderclap","floor":13},{"not_picked":["Corruption","Twin Strike"],"picked":"Wild Strike","floor":14},{"not_picked":["Offering","Double Tap"],"picked":"Immolate","floor":16},{"not_picked":["Havoc","Thunderclap"],"picked":"Twin Strike","floor":18},{"not_picked":["Headbutt","Dual Wield"],"picked":"Body Slam","floor":22},{"not_picked":["Clothesline","Ghostly Armor"],"picked":"Flex","floor":23},{"not_picked":["Body Slam","Battle Trance+1"],"picked":"Cleave","floor":27},{"not_picked":["Searing Blow+1","Cleave"],"picked":"Rampage","floor":29},{"not_picked":["Perfected Strike","Searing Blow+1"],"picked":"Anger","floor":30},{"not_picked":["Cleave","Thunderclap"],"picked":"Ghostly Armor","floor":31}],"player_experience":919960,"relics_obtained":[{"floor":7,"key":"PreservedInsect"},{"floor":9,"key":"Bag of Preparation"},{"floor":12,"key":"Meat on the Bone"},{"floor":23,"key":"Regal Pillow"},{"floor":27,"key":"Eternal Feather"}],"event_choices":[{"damage_healed":0,"gold_gain":0,"player_choice":"Take Wound","damage_taken":0,"relics_obtained":["Golden Idol"],"max_hp_gain":0,"max_hp_loss":0,"event_name":"Golden Idol","floor":2,"gold_loss":0,"cards_obtained":["Injury"]},{"damage_healed":0,"gold_gain":0,"player_choice":"Success","damage_taken":12,"relics_obtained":["Pen Nib"],"max_hp_gain":0,"max_hp_loss":0,"event_name":"Scrap Ooze","floor":3,"gold_loss":0},{"damage_healed":0,"gold_gain":0,"player_choice":"Ignored","damage_taken":0,"max_hp_gain":0,"max_hp_loss":0,"event_name":"Liars Game","floor":5,"gold_loss":0},{"damage_healed":0,"gold_gain":0,"player_choice":"Entered Light","damage_taken":18,"max_hp_gain":0,"max_hp_loss":0,"event_name":"Shining Light","floor":11,"gold_loss":0,"cards_upgraded":["Bash","Defend_R"]},{"damage_healed":0,"gold_gain":0,"player_choice":"Ignored","damage_taken":0,"max_hp_gain":0,"max_hp_loss":0,"event_name":"Ghosts","floor":20,"gold_loss":0}],"is_beta":false,"boss_relics":[{"not_picked":["Black Star","Empty Cage"],"picked":"Mark of Pain"}],"items_purged_floors":[],"is_endless":false,"potions_floor_spawned":[4,7,13,18,22,29],"killed_by":"Automaton","ascension_level":9}}