{"host":"zx8rmvlb08usbkpl","time":1614185726,"event":{"mods":["BaseMod","BetterRewards","Colored Powertips","Dota2Spire","Downfall","GifTheSpireLib","Marisa????????","Minty Spire (QoL Compilation)","Quick Restart","StSLib","Stuff the Spire","The Bug Knight","The Senshi"],"gold_per_floor":[117,43,43,55,73,73,106,121,121,136,136,154,154,171,171,266,316,298,1,15,31,51,76,76,91,91,109,140,140,140,155,155,251,251,270,290,61,80,80,108,120,132,132,152,182,182,182,201,201,201,201,201,47,73,73],"floor_reached":56,"language":"ENG","playtime":3805,"items_purged":["Strike_B"],"score":1237,"play_id":"32da68d5-a27a-4aa2-b27f-41f632056912","local_time":"20210224115526","is_ascension_mode":false,"campfire_choices":[{"data":"Defragment","floor":6,"key":"SMITH"},{"floor":13,"key":"REST"},{"data":"Defragment","floor":15,"key":"SMITH"},{"data":"Biased Cognition","floor":24,"key":"SMITH"},{"data":"StuffTheSpire:Innocence","floor":29,"key":"SMITH"},{"data":"StuffTheSpire:LoadUp","floor":32,"key":"SMITH"},{"floor":46,"key":"RECALL"},{"data":"StuffTheSpire:ShieldGenerator+1","floor":49,"key":"SMITH"},{"data":"Zap","floor":52,"key":"SMITH"}],"circlet_count":0,"master_deck":["Strike_B","Strike_B","Strike_B","Defend_B","Defend_B","Defend_B","Defend_B","Zap+1","Dualcast","Bandage Up","Defragment+1","Defragment+1","Conserve Battery","Hello World","StuffTheSpire:Plugnplay","StuffTheSpire:Innocence+1","Leap","Biased Cognition+1","Thunder Strike+1","Self Repair","Static Discharge","Chill+1","Coolheaded","Chill","Ball Lightning+1","StuffTheSpire:CleanHardDrive","StuffTheSpire:LoadUp+1","Echo Form","Loop+1","Leap+1","Defragment+1","Cold Snap+1","StuffTheSpire:ShieldGenerator+2","Darkness","Fusion+1","Darkness+1","StuffTheSpire:Innocence+1","Aggregate"],"relics":["Cracked Core","FaceOfCleric","Bag of Marbles","Meat on the Bone","Strange Spoon","Dota2Spire:Satanic","Bottled Tornado","Red Mask","Nloth\u0027s Gift","bronze:MakeshiftBattery","Centennial Puzzle","Orichalcum","Dota2Spire:MagicBottle","DollysMirror","Dota2Spire:LinkenSphere"],"acts_visited":["Exordium","TheCity","TheBeyond","TheEnding"],"potions_floor_usage":[55,55,55],"damage_taken":[{"damage":5,"enemies":"Small Slimes","floor":1,"turns":4},{"damage":1,"enemies":"Cultist","floor":4,"turns":3},{"damage":8,"enemies":"Jaw Worm","floor":5,"turns":4},{"damage":46,"enemies":"3 Sentries","floor":7,"turns":10},{"damage":7,"enemies":"Blue Slaver","floor":8,"turns":4},{"damage":8,"enemies":"Exordium Thugs","floor":10,"turns":4},{"damage":16,"enemies":"2 Fungi Beasts","floor":12,"turns":3},{"damage":4,"enemies":"Red Slaver","floor":14,"turns":4},{"damage":5,"enemies":"Slime Boss","floor":16,"turns":6},{"damage":14,"enemies":"2 Thieves","floor":18,"turns":4},{"damage":26,"enemies":"3 Byrds","floor":20,"turns":3},{"damage":28,"enemies":"Cultist and Chosen","floor":21,"turns":6},{"damage":12,"enemies":"Snecko","floor":22,"turns":7},{"damage":6,"enemies":"HollowMod:Nosk","floor":23,"turns":10},{"damage":6,"enemies":"Shelled Parasite and Fungi","floor":25,"turns":5},{"damage":0,"enemies":"Centurion and Healer","floor":27,"turns":7},{"damage":9,"enemies":"Masked Bandits","floor":28,"turns":8},{"damage":0,"enemies":"Snecko","floor":31,"turns":5},{"damage":27,"enemies":"Champ","floor":33,"turns":12},{"damage":5,"enemies":"3 Darklings","floor":35,"turns":5},{"damage":0,"enemies":"3 Shapes","floor":36,"turns":5},{"damage":0,"enemies":"3 Darklings","floor":38,"turns":6},{"damage":37,"enemies":"Reptomancer","floor":40,"turns":8},{"damage":0,"enemies":"Spire Growth","floor":41,"turns":5},{"damage":5,"enemies":"4 Shapes","floor":42,"turns":4},{"damage":0,"enemies":"3 Darklings","floor":44,"turns":7},{"damage":24,"enemies":"Giant Head","floor":45,"turns":9},{"damage":10,"enemies":"Spire Growth","floor":48,"turns":6},{"damage":35,"enemies":"Time Eater","floor":50,"turns":11},{"damage":19,"enemies":"Shield and Spear","floor":54,"turns":7},{"damage":91,"enemies":"The Heart","floor":55,"turns":10}],"seed_played":"-3682235246286116596","potions_obtained":[{"floor":5,"key":"Ancient Potion"},{"floor":7,"key":"Swift Potion"},{"floor":10,"key":"FearPotion"},{"floor":25,"key":"Regen Potion"}],"is_trial":false,"path_per_floor":["M","$","?","M","M","R","E","M","T","M","?","M","R","M","R","B",null,"M","$","M","M","M","E","R","M","T","M","?","R","?","M","R","B",null,"M","M","$","M","?","E","M","M","T","M","E","R","?","M","R","B",null,"R","$","E","B",null],"character_chosen":"DEFECT","items_purchased":["Defragment","Static Discharge","Strange Spoon","Defragment","Centennial Puzzle","DollysMirror"],"campfire_rested":1,"item_purchase_floors":[2,19,19,37,37,53],"current_hp_per_floor":[74,74,74,76,73,73,32,30,30,39,32,29,53,54,54,54,88,75,75,61,57,58,64,64,70,70,82,85,85,85,90,90,75,98,99,100,100,101,101,76,84,80,80,92,80,80,106,104,104,80,108,108,108,97,38],"gold":73,"neow_bonus":"RANDOM_COLORLESS","is_daily":false,"chose_seed":false,"campfire_upgraded":7,"win_rate":0.0,"timestamp":1614185726,"path_taken":["M","$","?","M","?","R","E","M","T","M","?","M","R","M","R","BOSS","M","$","M","M","M","E","R","M","T","M","?","R","?","M","R","BOSS","M","M","$","?","?","E","M","M","T","?","E","R","?","M","R","BOSS","R","$","E","BOSS"],"items_purchased_type":["Card","Card","Relic","Card","Relic","Relic"],"build_version":"2020-12-22","purchased_purges":1,"victory":true,"max_hp_per_floor":[75,75,75,76,77,77,78,79,79,80,80,81,81,82,82,83,88,89,89,90,91,92,93,93,94,94,95,96,96,96,97,97,98,98,99,100,100,101,101,102,103,104,104,105,106,106,106,107,107,108,108,108,108,109,110],"card_choices":[{"not_picked":["Dramatic Entrance","Jack Of All Trades"],"picked":"Bandage Up","floor":0},{"not_picked":["Compile Driver","Doom and Gloom"],"picked":"Defragment","floor":1},{"not_picked":["Gash","Redo","Compile Driver"],"picked":"SKIP","floor":4},{"not_picked":["Force Field","Compile Driver"],"picked":"Conserve Battery","floor":5},{"not_picked":["Storm","Turbo"],"picked":"Hello World","floor":7},{"not_picked":["Go for the Eyes","Leap"],"picked":"StuffTheSpire:Plugnplay","floor":8},{"not_picked":["Stack","Turbo","Beam Cell"],"picked":"SKIP","floor":10},{"not_picked":["Blizzard","Reprogram"],"picked":"Leap","floor":12},{"not_picked":["Redo","Go for the Eyes"],"picked":"Biased Cognition","floor":14},{"not_picked":["All For One","StuffTheSpire:LaunchingStrike"],"picked":"Thunder Strike","floor":16},{"not_picked":["Steam","Turbo"],"picked":"Self Repair","floor":18},{"not_picked":["Scrape+1","FTL"],"picked":"Chill+1","floor":20},{"not_picked":["Biased Cognition","StuffTheSpire:SnapShoot"],"picked":"Coolheaded","floor":21},{"not_picked":["Turbo","StuffTheSpire:LoadUp"],"picked":"Chill","floor":22},{"not_picked":["Blizzard","Compile Driver"],"picked":"Ball Lightning+1","floor":23},{"not_picked":["Loop","StuffTheSpire:LoadUp+1"],"picked":"StuffTheSpire:CleanHardDrive","floor":25},{"not_picked":["Reinforced Body","Go for the Eyes+1","Gash"],"picked":"SKIP","floor":27},{"not_picked":["Redo+1","Rebound"],"picked":"StuffTheSpire:LoadUp","floor":31},{"not_picked":["Meteor Strike","Fission"],"picked":"Echo Form","floor":33},{"not_picked":["Force Field","StuffTheSpire:ShieldGenerator"],"picked":"Loop+1","floor":35},{"not_picked":["Melter","StuffTheSpire:Plugnplay"],"picked":"Leap+1","floor":36},{"not_picked":["Rebound","Hello World+1"],"picked":"Cold Snap+1","floor":38},{"not_picked":["Blizzard","StuffTheSpire:Plugnplay"],"picked":"StuffTheSpire:ShieldGenerator+1","floor":40},{"not_picked":["Steam+1","Gash"],"picked":"Fusion","floor":41},{"not_picked":["Gash+1","Ball Lightning"],"picked":"Darkness","floor":42},{"not_picked":["Barrage","BootSequence+1"],"picked":"Fusion+1","floor":44},{"not_picked":["StuffTheSpire:LoadUp","Stack","Hyperbeam"],"picked":"SKIP","floor":45},{"not_picked":["Leap+1","StuffTheSpire:Plugnplay"],"picked":"Darkness+1","floor":48},{"not_picked":["StuffTheSpire:EventHorizon","Barrage"],"picked":"Aggregate","floor":54}],"player_experience":1003945,"relics_obtained":[{"floor":7,"key":"Bag of Marbles"},{"floor":9,"key":"Meat on the Bone"},{"floor":23,"key":"Dota2Spire:Satanic"},{"floor":26,"key":"Bottled Tornado"},{"floor":28,"key":"Red Mask"},{"floor":40,"key":"Orichalcum"},{"floor":45,"key":"Dota2Spire:MagicBottle"},{"floor":54,"key":"Dota2Spire:LinkenSphere"}],"event_choices":[{"damage_healed":0,"gold_gain":0,"player_choice":"Trade","damage_taken":0,"relics_obtained":["FaceOfCleric"],"max_hp_gain":0,"max_hp_loss":0,"event_name":"FaceTrader","floor":3,"gold_loss":0},{"damage_healed":0,"gold_gain":0,"player_choice":"Fought Bandits","damage_taken":0,"max_hp_gain":0,"max_hp_loss":0,"event_name":"Masked Bandits","floor":28,"gold_loss":0},{"damage_healed":0,"gold_gain":0,"player_choice":"Traded Relic","damage_taken":0,"relics_obtained":["Nloth\u0027s Gift"],"max_hp_gain":0,"max_hp_loss":0,"event_name":"N\u0027loth","floor":30,"relics_lost":["Tiny House"],"gold_loss":0},{"damage_healed":0,"gold_gain":0,"player_choice":"Upgraded","damage_taken":0,"max_hp_gain":0,"max_hp_loss":0,"event_name":"Upgrade Shrine","floor":39,"gold_loss":0,"cards_upgraded":["Defragment"]},{"cards_removed":["Fusion"],"damage_healed":26,"gold_gain":0,"player_choice":"Offered Uncommon","damage_taken":0,"max_hp_gain":0,"max_hp_loss":0,"event_name":"Bonfire Elementals","floor":47,"gold_loss":0}],"is_beta":false,"boss_relics":[{"not_picked":["Snecko Eye","Astrolabe"],"picked":"Tiny House"},{"not_picked":["SacredBark","Runic Pyramid"],"picked":"bronze:MakeshiftBattery"}],"items_purged_floors":[19],"is_endless":false,"potions_floor_spawned":[5,7,10,16,20,22,25,31,35,40,41,48,54],"ascension_level":0}}