{"host":"5trcja4hacd149zc","time":1614140964,"event":{"mods":["BaseMod","Colored Map","GifTheSpireLib","Minty Spire (QoL Compilation)","Relic Stats","StSLib"],"gold_per_floor":[111,111,126,140,140,140,44,71,71,71,246,260,275,289,289,389,389,370,370,370,385,412,412,13,24,24,50,73,84,84,96,96,197,197,197],"floor_reached":34,"language":"ENG","playtime":835,"items_purged":[],"score":372,"play_id":"f470337a-b74f-4bad-90e4-2a210028332c","local_time":"20210223222924","is_ascension_mode":false,"campfire_choices":[{"floor":6,"key":"REST"},{"data":"Shockwave","floor":10,"key":"SMITH"},{"data":"Fiend Fire","floor":15,"key":"SMITH"},{"data":"True Grit","floor":23,"key":"SMITH"},{"data":"Spot Weakness","floor":30,"key":"SMITH"},{"data":"Pommel Strike","floor":32,"key":"SMITH"}],"circlet_count":0,"master_deck":["Strike_R+1","Strike_R+1","Strike_R+1","Strike_R+1","Strike_R+1","Defend_R+1","Defend_R+1","Defend_R+1","Defend_R+1","Bash","Spot Weakness+1","Shockwave+1","Clothesline","Fiend Fire+1","True Grit+1","Anger","Doubt","Power Through+1","Entrench+1","Bloodletting+1","Impervious+1","Warcry+1","Sword Boomerang+1","Perfected Strike+1","Shrug It Off+1","Pommel Strike+1","Fiend Fire"],"relics":["Black Star","Mercury Hourglass","Toxic Egg 2","Oddly Smooth Stone","Toy Ornithopter","Busted Crown","Red Mask","Lee\u0027s Waffle","Frozen Egg 2","Mummified Hand","Letter Opener","Pantograph","Omamori","Sozu"],"acts_visited":["Exordium","TheCity"],"potions_floor_usage":[12,13,16],"damage_taken":[{"damage":6,"enemies":"Cultist","floor":1,"turns":3},{"damage":8,"enemies":"Jaw Worm","floor":3,"turns":3},{"damage":5,"enemies":"2 Louse","floor":4,"turns":2},{"damage":27,"enemies":"3 Sentries","floor":8,"turns":4},{"damage":6,"enemies":"Blue Slaver","floor":12,"turns":3},{"damage":9,"enemies":"Exordium Thugs","floor":13,"turns":4},{"damage":7,"enemies":"Exordium Wildlife","floor":14,"turns":3},{"damage":12,"enemies":"Hexaghost","floor":16,"turns":8},{"damage":8,"enemies":"2 Thieves","floor":18,"turns":4},{"damage":0,"enemies":"Shell Parasite","floor":21,"turns":4},{"damage":20,"enemies":"Masked Bandits","floor":22,"turns":5},{"damage":6,"enemies":"Snecko","floor":25,"turns":4},{"damage":11,"enemies":"Book of Stabbing","floor":27,"turns":5},{"damage":3,"enemies":"Chosen and Byrds","floor":29,"turns":4},{"damage":10,"enemies":"3 Cultists","floor":31,"turns":6},{"damage":66,"enemies":"Champ","floor":33,"turns":10}],"seed_played":"9182905458749977700","potions_obtained":[{"floor":3,"key":"SteroidPotion"},{"floor":8,"key":"SpeedPotion"},{"floor":13,"key":"Energy Potion"},{"floor":18,"key":"BlessingOfTheForge"},{"floor":25,"key":"EssenceOfSteel"}],"is_trial":false,"path_per_floor":["M","?","M","M","?","R","$","E","T","R","?","M","M","M","R","B",null,"M","?","?","M","?","R","$","M","T","E","T","M","R","M","R","B",null],"character_chosen":"IRONCLAD","items_purchased":["True Grit","AttackPotion","Lee\u0027s Waffle","Frozen Egg 2"],"campfire_rested":1,"item_purchase_floors":[7,7,24,24],"current_hp_per_floor":[74,74,66,61,28,52,52,25,25,25,25,24,20,13,13,6,80,72,72,57,57,37,37,92,86,86,75,75,72,72,62,62,21,21,21],"gold":197,"neow_bonus":"BOSS_RELIC","is_daily":false,"chose_seed":false,"campfire_upgraded":5,"win_rate":0.0,"timestamp":1614140964,"path_taken":["M","?","M","?","?","R","?","E","T","R","?","M","M","M","R","BOSS","M","?","?","?","?","R","?","M","T","E","?","M","R","M","R","BOSS"],"items_purchased_type":["Card","Potion","Relic","Relic"],"build_version":"2020-12-22","purchased_purges":0,"victory":false,"max_hp_per_floor":[80,80,80,80,80,80,80,80,80,80,80,80,80,80,80,80,80,80,80,85,85,85,85,92,92,92,92,92,92,92,92,92,92,92,92],"relic_stats":{"Sozu":0,"Lee\u0027s Waffle":55,"Busted Crown":16,"counters":[16,72],"Mummified Hand":[0],"Pantograph":25,"Black Star":2,"Letter Opener":[25],"obtain_stats":[{"Lee\u0027s Waffle":24,"Oddly Smooth Stone":8,"Omamori":28,"Letter Opener":27,"Frozen Egg 2":24,"Burning Blood":0,"Mercury Hourglass":5,"Sozu":34,"Busted Crown":17,"Mummified Hand":26,"Pantograph":27,"Black Star":0,"Red Mask":22,"Toxic Egg 2":8,"Toy Ornithopter":9},{"Lee\u0027s Waffle":11,"Oddly Smooth Stone":4,"Omamori":13,"Letter Opener":13,"Frozen Egg 2":11,"Burning Blood":0,"Mercury Hourglass":3,"Sozu":16,"Busted Crown":8,"Mummified Hand":12,"Pantograph":13,"Black Star":0,"Red Mask":11,"Toxic Egg 2":4,"Toy Ornithopter":4},{"Lee\u0027s Waffle":43,"Oddly Smooth Stone":12,"Omamori":52,"Letter Opener":52,"Frozen Egg 2":43,"Burning Blood":0,"Mercury Hourglass":8,"Sozu":72,"Busted Crown":30,"Mummified Hand":47,"Pantograph":52,"Black Star":0,"Red Mask":43,"Toxic Egg 2":12,"Toy Ornithopter":12}],"Toy Ornithopter":15,"Mercury Hourglass":[235]},"card_choices":[{"not_picked":["Havoc","Combust"],"picked":"Spot Weakness","floor":1},{"not_picked":["Warcry","Body Slam"],"picked":"Clothesline","floor":3},{"not_picked":["Clash","Thunderclap"],"picked":"Fiend Fire","floor":4},{"not_picked":["Body Slam","Sever Soul"],"picked":"Anger","floor":8},{"not_picked":["Warcry+1","Sword Boomerang"],"picked":"Power Through+1","floor":12},{"not_picked":["Rampage","Iron Wave"],"picked":"Entrench+1","floor":13},{"not_picked":["Headbutt","Blood for Blood"],"picked":"Bloodletting+1","floor":14},{"not_picked":["Feed","Demon Form"],"picked":"Impervious+1","floor":16},{"not_picked":[],"picked":"Warcry+1","floor":18},{"not_picked":["Headbutt"],"picked":"SKIP","floor":21},{"not_picked":[],"picked":"Sword Boomerang+1","floor":22},{"not_picked":[],"picked":"Perfected Strike+1","floor":25},{"not_picked":["Clash"],"picked":"SKIP","floor":27},{"not_picked":[],"picked":"Shrug It Off+1","floor":29},{"not_picked":[],"picked":"Pommel Strike","floor":31},{"not_picked":[],"picked":"Fiend Fire","floor":33}],"player_experience":780129,"relics_obtained":[{"floor":8,"key":"Toxic Egg 2"},{"floor":8,"key":"Oddly Smooth Stone"},{"floor":9,"key":"Toy Ornithopter"},{"floor":22,"key":"Red Mask"},{"floor":26,"key":"Mummified Hand"},{"floor":27,"key":"Letter Opener"},{"floor":27,"key":"Pantograph"},{"floor":28,"key":"Omamori"}],"event_choices":[{"damage_healed":0,"gold_gain":0,"player_choice":"1 cards matched","damage_taken":0,"max_hp_gain":0,"max_hp_loss":0,"event_name":"Match and Keep!","floor":2,"gold_loss":0,"cards_obtained":["Shockwave"]},{"damage_healed":0,"gold_gain":0,"player_choice":"Success","damage_taken":33,"relics_obtained":["Mercury Hourglass"],"max_hp_gain":0,"max_hp_loss":0,"event_name":"Scrap Ooze","floor":5,"gold_loss":0},{"damage_healed":0,"gold_gain":175,"player_choice":"AGREE","damage_taken":0,"max_hp_gain":0,"max_hp_loss":0,"event_name":"Liars Game","floor":11,"gold_loss":0,"cards_obtained":["Doubt"]},{"damage_healed":0,"gold_gain":0,"player_choice":"Simplicity","damage_taken":0,"max_hp_gain":0,"max_hp_loss":0,"event_name":"Back to Basics","floor":19,"gold_loss":0,"cards_upgraded":["Strike_R","Strike_R","Strike_R","Strike_R","Strike_R","Defend_R","Defend_R","Defend_R","Defend_R"]},{"damage_healed":0,"gold_gain":0,"player_choice":"Shed Blood","damage_taken":20,"max_hp_gain":5,"max_hp_loss":0,"event_name":"Forgotten Altar","floor":20,"gold_loss":0},{"damage_healed":0,"gold_gain":0,"player_choice":"Fought Bandits","damage_taken":0,"max_hp_gain":0,"max_hp_loss":0,"event_name":"Masked Bandits","floor":22,"gold_loss":0}],"is_beta":false,"boss_relics":[{"not_picked":["Tiny House","Runic Cube"],"picked":"Busted Crown"},{"not_picked":["Runic Dome","Mark of Pain"],"picked":"Sozu"}],"items_purged_floors":[],"is_endless":false,"potions_floor_spawned":[3,8,13,18,25,27],"ascension_level":0}}