{"host":"i0avyit1s6jb1siw","time":1614165649,"event":{"mods":["BaseMod","DeckTracker","Dota2Spire","Minty Spire (QoL Compilation)","Quick Restart","StSLib","SuperFastMode"],"gold_per_floor":[116,127,138,138,155,155,173,201,201,218,218,229,163,181,181,181,181,181],"floor_reached":17,"language":"ENG","playtime":322,"items_purged":[],"score":222,"play_id":"f6158f67-8ed0-4dd7-9eed-e31ce6d7b550","local_time":"20210224122049","is_ascension_mode":true,"campfire_choices":[{"data":"Perfected Strike","floor":6.0,"key":"SMITH"},{"data":"Burning Pact","floor":11,"key":"SMITH"},{"floor":15,"key":"REST"},{"data":"Body Slam","floor":16,"key":"SMITH"}],"circlet_count":0,"master_deck":["AscendersBane","Strike_R","Strike_R","Strike_R","Strike_R","Strike_R","Defend_R","Defend_R","Defend_R","Defend_R","Bash","Burning Pact+1","Combust","Flame Barrier","Perfected Strike+1","Pommel Strike","Seeing Red","Feel No Pain+1","Fire Breathing+1","Body Slam+1"],"relics":["Burning Blood","NeowsBlessing","Dota2Spire:CrimsonGuard","Frozen Egg 2","Incense Burner","Calipers"],"acts_visited":["Exordium"],"potions_floor_usage":[17],"damage_taken":[{"damage":0.0,"enemies":"Cultist","floor":1.0,"turns":1.0},{"damage":0.0,"enemies":"2 Louse","floor":2.0,"turns":1.0},{"damage":0.0,"enemies":"Jaw Worm","floor":3.0,"turns":1.0},{"damage":8.0,"enemies":"Blue Slaver","floor":5.0,"turns":5.0},{"damage":4.0,"enemies":"2 Fungi Beasts","floor":7.0,"turns":3.0},{"damage":28.0,"enemies":"Lagavulin","floor":8.0,"turns":8.0},{"damage":34,"enemies":"Gremlin Gang","floor":10,"turns":4},{"damage":19,"enemies":"Exordium Thugs","floor":12,"turns":4},{"damage":9,"enemies":"Looter","floor":14,"turns":4},{"damage":31,"enemies":"The Guardian","floor":17,"turns":13}],"seed_played":"5662291460340300907","potions_obtained":[{"floor":1.0,"key":"SteroidPotion"},{"floor":2.0,"key":"BlessingOfTheForge"},{"floor":5.0,"key":"DistilledChaos"},{"floor":10,"key":"ElixirPotion"}],"is_trial":false,"path_per_floor":["M","M","M","?","M","R","M","E","T","M","R","M","?","M","R","R","B"],"character_chosen":"IRONCLAD","items_purchased":[],"campfire_rested":1,"item_purchase_floors":[],"current_hp_per_floor":[74,75,75,75,73,73,75,53,53,25,25,12,12,9,31,31,0,0],"gold":181,"neow_bonus":"THREE_ENEMY_KILL","is_daily":false,"chose_seed":false,"campfire_upgraded":3,"win_rate":0.0,"timestamp":1614165649,"path_taken":["M","?","M","?","M","R","M","E","T","M","R","?","?","M","R","R","BOSS"],"items_purchased_type":[],"build_version":"2020-12-22","purchased_purges":0,"victory":false,"max_hp_per_floor":[75,75,75,75,75,75,75,75,75,75,75,75,75,75,75,75,75,75],"card_choices":[{"not_picked":["Heavy Blade","True Grit"],"picked":"Burning Pact","floor":1.0},{"not_picked":["Bloodletting","Armaments"],"picked":"Combust","floor":2.0},{"not_picked":["Body Slam","Anger"],"picked":"Flame Barrier","floor":3.0},{"not_picked":["Armaments","Wild Strike"],"picked":"Perfected Strike","floor":5.0},{"not_picked":["Heavy Blade","Armaments"],"picked":"Pommel Strike","floor":7.0},{"not_picked":["Iron Wave","Thunderclap"],"picked":"Seeing Red","floor":8.0},{"not_picked":["Armaments","Uppercut"],"picked":"Feel No Pain+1","floor":10},{"not_picked":["Battle Trance","Berserk+1"],"picked":"Fire Breathing+1","floor":12},{"not_picked":["Clothesline","Flex"],"picked":"Body Slam","floor":14}],"player_experience":2495302,"relics_obtained":[{"floor":4.0,"key":"Dota2Spire:CrimsonGuard"},{"floor":8.0,"key":"Frozen Egg 2"},{"floor":9.0,"key":"Incense Burner"}],"event_choices":[{"damage_healed":0.0,"max_hp_gain":0.0,"max_hp_loss":0.0,"gold_gain":0.0,"event_name":"Wheel of Change","player_choice":"Relic","floor":4.0,"gold_loss":0.0,"damage_taken":0.0},{"damage_healed":0,"gold_gain":0,"player_choice":"Paid Gold","damage_taken":0,"relics_obtained":["Calipers"],"max_hp_gain":0,"max_hp_loss":0,"event_name":"WeMeetAgain","floor":13,"gold_loss":66}],"is_beta":false,"boss_relics":[],"items_purged_floors":[],"is_endless":false,"potions_floor_spawned":[1,2,5,10],"killed_by":"The Guardian","ascension_level":20}}