{"host":"lg1piimdyocafd6j","time":1614173999,"event":{"mods":["AchievementEnabler","BaseMod","Better Third Choice","BetterRewards","Colored Map","Colored Powertips","Downfall","Minty Spire (QoL Compilation)","Quick Restart","Rare Cards Sparkle","Remove Card Discount Mod","Shop Mod","StSLib","SuperFastMode"],"gold_per_floor":[112,125,125,142,157,5,21,21,21,51,51,51,51,197,197,295,295,313,313,323,323,202,202,65,65,65,79,79,79,94,94,94,199,199,218,47,94,92,142,142,142,142,142,161,180,180,200,192,192,192,192,192,192,217,217,217],"floor_reached":55,"language":"ENG","playtime":4218,"items_purged":["Dualcast","Zap","Strike_B","Rip and Tear","Stack","Stack","Defend_B","Defend_B","Defend_B","Defend_B","Strike_B","Strike_B","Strike_B+1","Defragment+1","Steam","Self Repair","Steam","Madness","Madness"],"score":711,"play_id":"1aca3b6c-1a4e-4f56-aec7-7c6814bc9d3c","local_time":"20210224143959","is_ascension_mode":false,"campfire_choices":[{"floor":12,"key":"REST"},{"data":"Redo","floor":15,"key":"SMITH"},{"floor":23,"key":"RECALL"},{"data":"Loop","floor":25,"key":"SMITH"},{"data":"Redo","floor":28,"key":"SMITH"},{"data":"Conserve Battery","floor":32,"key":"SMITH"},{"data":"Darkness","floor":40,"key":"SMITH"},{"floor":49,"key":"REST"},{"data":"Force Field","floor":52,"key":"SMITH"}],"circlet_count":0,"master_deck":["Consume","Redo+1","BootSequence","Force Field+1","Echo Form+1","Conserve Battery+1","Darkness+1","Redo+1","Loop+1","Reinforced Body","Double Energy+1","Multi-Cast","Conserve Battery","Leap","Consume+1","BootSequence"],"relics":["Symbiotic Virus","MerchantsRug","Lantern","Bronze Scales","Cables","Runic Pyramid","Mango","HornCleat","Runic Capacitor","Gremlin Horn"],"acts_visited":["Exordium","TheCity","TheBeyond","TheEnding"],"potions_floor_usage":[10,10,47,47,50],"damage_taken":[{"damage":2,"enemies":"Small Slimes","floor":1,"turns":4},{"damage":2,"enemies":"Jaw Worm","floor":2,"turns":4},{"damage":10,"enemies":"2 Louse","floor":4,"turns":7},{"damage":8,"enemies":"Exordium Thugs","floor":5,"turns":8},{"damage":1,"enemies":"Exordium Wildlife","floor":7,"turns":6},{"damage":38,"enemies":"Gremlin Nob","floor":10,"turns":5},{"damage":33,"enemies":"Hexaghost","floor":16,"turns":11},{"damage":0,"enemies":"Shell Parasite","floor":18,"turns":4},{"damage":0,"enemies":"Chosen","floor":20,"turns":6},{"damage":5,"enemies":"Centurion and Healer","floor":27,"turns":4},{"damage":0,"enemies":"3 Cultists","floor":30,"turns":4},{"damage":0,"enemies":"Collector","floor":33,"turns":5},{"damage":0,"enemies":"Orb Walker","floor":35,"turns":3},{"damage":32,"enemies":"2 Orb Walkers","floor":37,"turns":4},{"damage":0,"enemies":"Mind Bloom Boss Battle","floor":39,"turns":2},{"damage":7,"enemies":"3 Shapes","floor":44,"turns":4},{"damage":1,"enemies":"Jaw Worm Horde","floor":45,"turns":3},{"damage":11,"enemies":"Transient","floor":47,"turns":5},{"damage":42,"enemies":"Time Eater","floor":50,"turns":5},{"damage":9,"enemies":"Shield and Spear","floor":54,"turns":3},{"damage":61,"enemies":"The Heart","floor":55,"turns":5}],"seed_played":"5626704810972507174","potions_obtained":[{"floor":1,"key":"SkillPotion"},{"floor":7,"key":"champ:CounterPotion"},{"floor":16,"key":"PowerPotion"},{"floor":27,"key":"Energy Potion"},{"floor":33,"key":"Weak Potion"}],"is_trial":false,"path_per_floor":["M","M","?","M","M","$","M","?","T","E","?","R","T","$","R","B",null,"M","?","M","?","$","R","$","R","T","M","R","?","M","$","R","B",null,"M","$","?","$","?","R","?","?","T","M","M","?","M","$","R","B",null,"R","$","E","B"],"character_chosen":"DEFECT","items_purchased":["Consume","Redo","Symbiotic Virus","MerchantsRug","Orrery","Steam","Defragment","Lantern","Conserve Battery","Darkness","Redo","Loop","Multi-Cast","Conserve Battery","Runic Capacitor"],"campfire_rested":2,"item_purchase_floors":[0,0,0,0,0,0,0,6,22,22,24,24,36,36,48],"current_hp_per_floor":[75,75,75,72,71,71,75,64,64,33,18,40,40,40,40,14,75,75,75,75,75,75,75,75,75,75,75,75,75,75,75,75,75,75,75,75,57,57,57,57,57,46,46,39,38,38,27,27,53,11,89,89,89,80,19,19],"gold":217,"neow_bonus":"","is_daily":false,"chose_seed":false,"campfire_upgraded":6,"win_rate":0.0,"timestamp":1614173999,"path_taken":["M","M","?","M","M","$","M","?","T","E","?","R","?","$","R","BOSS","M","?","M","?","$","R","$","R","T","?","R","?","M","?","R","BOSS","M","$","?","$","?","R","?","?","T","M","?","?","M","$","R","BOSS","R","$","E","BOSS"],"items_purchased_type":["Card","Card","Relic","Relic","Relic","Card","Card","Relic","Card","Card","Card","Card","Card","Card","Relic"],"build_version":"2020-12-22","purchased_purges":19,"victory":false,"max_hp_per_floor":[75,75,75,75,75,75,75,75,75,75,75,75,75,75,75,75,75,75,75,75,75,75,75,75,75,75,75,75,75,75,75,75,75,75,75,75,89,89,89,89,89,89,89,89,89,89,89,89,89,89,89,89,89,89,89,89],"card_choices":[{"not_picked":["Streamline","Gash"],"picked":"BootSequence","floor":0},{"not_picked":["Ball Lightning","Gash"],"picked":"Stack","floor":0},{"not_picked":["Gash","Static Discharge"],"picked":"Stack","floor":0},{"not_picked":["Rebound","Coolheaded"],"picked":"Self Repair","floor":0},{"not_picked":["Heatsinks","Beam Cell"],"picked":"Rip and Tear","floor":0},{"not_picked":["Turbo","Hello World"],"picked":"Force Field","floor":1},{"not_picked":["Go for the Eyes","Beam Cell","Rip and Tear"],"picked":"SKIP","floor":2},{"not_picked":["Compile Driver","Turbo","White Noise"],"picked":"SKIP","floor":4},{"not_picked":["Compile Driver","Chill","Barrage"],"picked":"SKIP","floor":5},{"not_picked":["Electrodynamics","Steam"],"picked":"BootSequence","floor":7},{"not_picked":["Recycle","Rip and Tear"],"picked":"Steam","floor":10},{"not_picked":["Rainbow","Hyperbeam"],"picked":"Echo Form","floor":16},{"not_picked":["Beam Cell","FTL+1","Go for the Eyes"],"picked":"SKIP","floor":18},{"not_picked":["Steam+1","Sweeping Beam","Gash+1"],"picked":"SKIP","floor":20},{"not_picked":["Heatsinks","Compile Driver","Go for the Eyes"],"picked":"SKIP","floor":27},{"not_picked":["Defragment","Coolheaded"],"picked":"Reinforced Body","floor":30},{"not_picked":["Ball Lightning","Undo+1"],"picked":"Double Energy+1","floor":35},{"not_picked":["Steam+1","Auto Shields+1"],"picked":"Leap","floor":37},{"not_picked":["Recycle","Stack+1"],"picked":"Consume+1","floor":44},{"not_picked":["Capacitor","Hologram","Cold Snap+1"],"picked":"SKIP","floor":44},{"not_picked":["Steam+1","Hologram+1","FTL"],"picked":"SKIP","floor":45},{"not_picked":["Beam Cell+1","Turbo","Stack+1"],"picked":"SKIP","floor":45},{"not_picked":["Consume","Genetic Algorithm","Electrodynamics"],"picked":"SKIP","floor":47},{"not_picked":["Cold Snap+1","Rebound","Turbo"],"picked":"SKIP","floor":47},{"not_picked":["Coolheaded+1","Creative AI"],"picked":"BootSequence","floor":54}],"player_experience":207528,"relics_obtained":[{"floor":10,"key":"Ginger"},{"floor":13,"key":"Cables"},{"floor":26,"key":"Letter Opener"},{"floor":37,"key":"Mango"},{"floor":39,"key":"Prayer Wheel"},{"floor":43,"key":"HornCleat"},{"floor":54,"key":"Gremlin Horn"}],"event_choices":[{"damage_healed":0,"gold_gain":0,"player_choice":"Ignored","damage_taken":0,"max_hp_gain":0,"max_hp_loss":0,"event_name":"Golden Idol","floor":3,"gold_loss":0},{"damage_healed":0,"gold_gain":1,"player_choice":"Relic Relic ","damage_taken":11,"max_hp_gain":0,"max_hp_loss":0,"event_name":"betterThird:BetterScrap","floor":8,"gold_loss":0,"cards_obtained":["Dark Embrace"]},{"damage_healed":33,"gold_gain":0,"player_choice":"Upgrade","damage_taken":15,"max_hp_gain":0,"max_hp_loss":75,"event_name":"betterThird:BetterShining","floor":11,"gold_loss":0,"cards_upgraded":["Strike_B","Defragment"]},{"damage_healed":0,"gold_gain":0,"player_choice":"Upgraded","damage_taken":0,"max_hp_gain":0,"max_hp_loss":0,"event_name":"Upgrade Shrine","floor":21,"gold_loss":0,"cards_upgraded":["Echo Form"]},{"damage_healed":0,"gold_gain":0,"player_choice":"Ignored","damage_taken":0,"max_hp_gain":0,"max_hp_loss":0,"event_name":"Vampires","floor":29,"gold_loss":0},{"damage_healed":0,"gold_gain":0,"player_choice":"Fight","damage_taken":0,"max_hp_gain":0,"max_hp_loss":0,"event_name":"Mysterious Sphere","floor":37,"gold_loss":0},{"damage_healed":0,"gold_gain":0,"player_choice":"Fight","damage_taken":0,"max_hp_gain":0,"max_hp_loss":0,"event_name":"MindBloom","floor":39,"gold_loss":0},{"cards_removed":["BootSequence"],"damage_healed":0,"gold_gain":0,"player_choice":"Removed Skill","damage_taken":0,"max_hp_gain":0,"max_hp_loss":0,"event_name":"Falling","floor":41,"gold_loss":0},{"damage_healed":0,"gold_gain":0,"player_choice":"Embrace Madness","damage_taken":11,"max_hp_gain":0,"max_hp_loss":0,"event_name":"Winding Halls","floor":42,"gold_loss":0,"cards_obtained":["Madness","Madness"]},{"damage_healed":0,"gold_gain":0,"player_choice":"Ignored","damage_taken":0,"max_hp_gain":0,"max_hp_loss":0,"event_name":"Tomb of Lord Red Mask","floor":46,"gold_loss":0}],"is_beta":false,"boss_relics":[{"not_picked":["Runic Dome","Tiny House"],"picked":"Runic Pyramid"},{"not_picked":["Astrolabe","Fusion Hammer","Philosopher\u0027s Stone"]}],"items_purged_floors":[0,0,0,0,0,0,14,22,22,22,24,24,24,24,36,36,38,48,48],"is_endless":false,"potions_floor_spawned":[1,7,16,27,33,37,39,45],"killed_by":"The Heart","ascension_level":0}}