{"host":"1bzbl1adcbkdzqlf","time":1614191812,"event":{"mods":["BaseMod","Minty Spire (QoL Compilation)","Slay the Relics Exporter"],"gold_per_floor":[113,126,51,71,71,71,82,116,116,143,143,162,174,201,201,272,272,286,286,286,286,298,298,324,13,38,56,56,89,101,113,113,187,187,202,202,219,234,246,281,330,360,360,392,198,213,213,238,238,238,238],"floor_reached":50,"language":"ENG","playtime":7373,"items_purged":[],"score":1369,"play_id":"1a845c2c-ef28-49d9-922b-6c8735490e67","local_time":"20210224123652","is_ascension_mode":true,"campfire_choices":[{"data":"Corruption","floor":6,"key":"SMITH"},{"data":"Rampage","floor":11,"key":"SMITH"},{"data":"Dark Embrace","floor":15,"key":"SMITH"},{"data":"Armaments","floor":23,"key":"SMITH"},{"data":"Bash","floor":28,"key":"SMITH"},{"data":"Headbutt","floor":32,"key":"SMITH"},{"floor":49,"key":"RECALL"}],"circlet_count":0,"master_deck":["AscendersBane","Defend_R","Defend_R","Defend_R","Defend_R","Bash+1","Corruption+1","Feel No Pain","Fire Breathing","Sentinel","Rampage+1","Dark Embrace+1","Flame Barrier","Evolve","Pommel Strike+1","Reaper","Immolate+1","Armaments+1","Headbutt+1","Clothesline+1","Limit Break","Inflame","Shrug It Off","Shrug It Off","Disarm","Disarm","Impervious","Flex+1","Iron Wave+1","Carnage+1","Dual Wield","Bludgeon","Dark Embrace","Panache","Burning Pact+1"],"relics":["Burning Blood","Dream Catcher","Bag of Marbles","Letter Opener","Toy Ornithopter","Mark of Pain","Akabeko","Enchiridion","Strawberry","Bottled Tornado","Calipers","Astrolabe","HornCleat","Peace Pipe","Whetstone","Vajra","Omamori","Gremlin Horn"],"acts_visited":["Exordium","TheCity","TheBeyond"],"potions_floor_usage":[8,10,16,16,24,30,33,35,42,42,44,50,50],"damage_taken":[{"damage":10,"enemies":"Small Slimes","floor":1,"turns":3},{"damage":12,"enemies":"Cultist","floor":2,"turns":4},{"damage":21,"enemies":"Jaw Worm","floor":4,"turns":6},{"damage":8,"enemies":"Blue Slaver","floor":7,"turns":6},{"damage":15,"enemies":"3 Sentries","floor":8,"turns":4},{"damage":0,"enemies":"Lagavulin","floor":10,"turns":7},{"damage":0,"enemies":"3 Louse","floor":12,"turns":3},{"damage":1,"enemies":"Exordium Wildlife","floor":13,"turns":4},{"damage":5,"enemies":"3 Sentries","floor":14,"turns":4},{"damage":8,"enemies":"Hexaghost","floor":16,"turns":8},{"damage":19,"enemies":"Chosen","floor":18,"turns":4},{"damage":19,"enemies":"Shell Parasite","floor":22,"turns":4},{"damage":16,"enemies":"Gremlin Leader","floor":24,"turns":6},{"damage":38,"enemies":"Centurion and Healer","floor":27,"turns":5},{"damage":59,"enemies":"Slavers","floor":29,"turns":5},{"damage":16,"enemies":"3 Cultists","floor":30,"turns":4},{"damage":2,"enemies":"Cultist and Chosen","floor":31,"turns":4},{"damage":79,"enemies":"Champ","floor":33,"turns":10},{"damage":31,"enemies":"3 Darklings","floor":35,"turns":6},{"damage":1,"enemies":"3 Shapes","floor":37,"turns":3},{"damage":10,"enemies":"Maw","floor":38,"turns":8},{"damage":31,"enemies":"Jaw Worm Horde","floor":39,"turns":6},{"damage":51,"enemies":"Giant Head","floor":40,"turns":8},{"damage":9,"enemies":"2 Orb Walkers","floor":41,"turns":5},{"damage":71,"enemies":"Nemesis","floor":42,"turns":7},{"damage":14,"enemies":"Giant Head","floor":44,"turns":8},{"damage":0,"enemies":"4 Shapes","floor":46,"turns":4},{"damage":0,"enemies":"Nemesis","floor":48,"turns":5},{"damage":83,"enemies":"Time Eater","floor":50,"turns":10}],"seed_played":"-183455918662173725","potions_obtained":[{"floor":1,"key":"Weak Potion"},{"floor":7,"key":"Explosive Potion"},{"floor":8,"key":"LiquidBronze"},{"floor":12,"key":"SkillPotion"},{"floor":22,"key":"Swift Potion"},{"floor":29,"key":"Regen Potion"},{"floor":31,"key":"Dexterity Potion"},{"floor":33,"key":"LiquidMemories"},{"floor":38,"key":"Fruit Juice"},{"floor":41,"key":"Fire Potion"},{"floor":42,"key":"Energy Potion"},{"floor":44,"key":"EssenceOfSteel"},{"floor":48,"key":"Block Potion"}],"is_trial":false,"path_per_floor":["M","M","?","M","?","R","M","E","T","E","R","M","M","E","R","B",null,"M","?","T","?","M","R","E","$","T","M","R","E","M","M","R","B",null,"M","?","M","M","M","E","?","E","T","E","$","M","?","E","R","B"],"character_chosen":"IRONCLAD","items_purchased":["Inflame","Bottled Tornado","Panache"],"campfire_rested":0,"item_purchase_floors":[25,25,45],"current_hp_per_floor":[64,58,58,43,43,43,41,32,32,38,38,44,49,50,50,64,72,62,62,62,41,34,34,72,72,72,54,54,15,34,80,80,15,65,63,63,78,78,53,29,62,12,12,9,9,83,83,83,83,0,0],"gold":238,"neow_bonus":"TRANSFORM_CARD","is_daily":false,"chose_seed":false,"campfire_upgraded":6,"win_rate":0.0,"timestamp":1614191812,"path_taken":["M","M","?","M","?","R","M","E","T","E","R","M","M","E","R","BOSS","M","?","?","?","M","R","E","?","T","M","R","E","M","M","R","BOSS","M","?","M","M","M","E","?","E","T","E","$","M","?","E","R","BOSS"],"items_purchased_type":["Card","Relic","Card"],"build_version":"2020-12-22","purchased_purges":0,"victory":false,"max_hp_per_floor":[75,75,75,75,75,75,75,75,75,75,75,75,75,75,75,75,75,75,75,75,75,75,75,82,82,82,82,82,82,82,82,82,82,82,82,78,78,78,78,78,78,83,83,83,83,83,83,83,83,83,83],"card_choices":[{"not_picked":["Spot Weakness","Heavy Blade"],"picked":"Feel No Pain","floor":1},{"not_picked":["Shrug It Off","Iron Wave"],"picked":"Fire Breathing","floor":2},{"not_picked":["Perfected Strike","Anger","Blood for Blood"],"picked":"SKIP","floor":4},{"not_picked":["Twin Strike","Heavy Blade"],"picked":"Rampage","floor":7},{"not_picked":["Sword Boomerang","Metallicize"],"picked":"Dark Embrace","floor":8},{"not_picked":["Sever Soul","Rupture"],"picked":"Flame Barrier","floor":10},{"not_picked":["Corruption","Pummel"],"picked":"Evolve","floor":12},{"not_picked":["Cleave","Dual Wield"],"picked":"Pommel Strike","floor":13},{"not_picked":["Armaments","Iron Wave"],"picked":"Reaper","floor":14},{"not_picked":["Double Tap","Limit Break"],"picked":"Immolate","floor":16},{"not_picked":["True Grit","Entrench"],"picked":"Armaments","floor":18},{"not_picked":["Warcry","Reckless Charge"],"picked":"Clothesline+1","floor":22},{"not_picked":["Bloodletting","Dropkick+1"],"picked":"Limit Break","floor":24},{"not_picked":["Perfected Strike","Armaments"],"picked":"Shrug It Off","floor":27},{"not_picked":["True Grit","Bludgeon"],"picked":"Shrug It Off","floor":29},{"not_picked":["Heavy Blade","Armaments"],"picked":"Disarm","floor":30},{"not_picked":["Pummel","Flex"],"picked":"Disarm","floor":31},{"not_picked":["Brutality","Immolate"],"picked":"Impervious","floor":33},{"not_picked":["Cleave","Iron Wave","Clothesline+1"],"picked":"SKIP","floor":35},{"not_picked":["Twin Strike+1","Headbutt"],"picked":"Dual Wield","floor":37},{"not_picked":["Clothesline","Bludgeon","Perfected Strike"],"picked":"SKIP","floor":38},{"not_picked":["Clothesline","Perfected Strike"],"picked":"Bludgeon","floor":38},{"not_picked":["Twin Strike+1","Battle Trance+1"],"picked":"Dark Embrace","floor":39},{"not_picked":["Evolve+1","Shrug It Off","Pommel Strike"],"picked":"SKIP","floor":40},{"not_picked":["Thunderclap","Heavy Blade","Pommel Strike"],"picked":"SKIP","floor":42},{"not_picked":["Thunderclap","Anger+1","Immolate"],"picked":"SKIP","floor":44},{"not_picked":["Warcry","Havoc+1","Feel No Pain"],"picked":"SKIP","floor":46},{"not_picked":["Cleave","Berserk"],"picked":"Burning Pact+1","floor":48}],"player_experience":527932,"relics_obtained":[{"floor":8,"key":"Dream Catcher"},{"floor":9,"key":"Bag of Marbles"},{"floor":10,"key":"Letter Opener"},{"floor":14,"key":"Toy Ornithopter"},{"floor":20,"key":"Akabeko"},{"floor":21,"key":"Enchiridion"},{"floor":24,"key":"Strawberry"},{"floor":29,"key":"Calipers"},{"floor":40,"key":"HornCleat"},{"floor":41,"key":"Peace Pipe"},{"floor":42,"key":"Whetstone"},{"floor":43,"key":"Vajra"},{"floor":44,"key":"Omamori"},{"floor":48,"key":"Gremlin Horn"}],"event_choices":[{"cards_removed":["Strike_R"],"damage_healed":0,"gold_gain":0,"player_choice":"Card Removal","damage_taken":0,"max_hp_gain":0,"max_hp_loss":0,"event_name":"The Cleric","floor":3,"gold_loss":75},{"damage_healed":0,"gold_gain":0,"player_choice":"1 cards matched","damage_taken":0,"max_hp_gain":0,"max_hp_loss":0,"event_name":"Match and Keep!","floor":5,"gold_loss":0,"cards_obtained":["Sentinel"]},{"damage_healed":0,"gold_gain":0,"player_choice":"1 cards matched","damage_taken":0,"max_hp_gain":0,"max_hp_loss":0,"event_name":"Match and Keep!","floor":5,"gold_loss":0,"cards_obtained":["Sentinel"]},{"damage_healed":0,"gold_gain":0,"player_choice":"Read","damage_taken":0,"max_hp_gain":0,"max_hp_loss":0,"event_name":"The Library","floor":19,"gold_loss":0,"cards_obtained":["Headbutt"]},{"damage_healed":0,"gold_gain":0,"player_choice":"Obtained Book","damage_taken":21,"max_hp_gain":0,"max_hp_loss":0,"event_name":"Cursed Tome","floor":21,"gold_loss":0},{"damage_healed":0,"gold_gain":0,"player_choice":"Max HP","damage_taken":0,"max_hp_gain":0,"max_hp_loss":4,"event_name":"Winding Halls","floor":36,"gold_loss":0},{"damage_healed":0,"gold_gain":0,"player_choice":"Fight","damage_taken":0,"max_hp_gain":0,"max_hp_loss":0,"event_name":"Mysterious Sphere","floor":41,"gold_loss":0},{"damage_healed":0,"gold_gain":0,"player_choice":"Ignored","damage_taken":0,"max_hp_gain":0,"max_hp_loss":0,"event_name":"Tomb of Lord Red Mask","floor":47,"gold_loss":0}],"is_beta":false,"boss_relics":[{"not_picked":["Runic Pyramid","Cursed Key"],"picked":"Mark of Pain"},{"not_picked":["Velvet Choker","Calling Bell"],"picked":"Astrolabe"}],"items_purged_floors":[],"is_endless":false,"potions_floor_spawned":[1,7,8,12,13,22,29,31,33,38,41,42,44,48],"killed_by":"Time Eater","ascension_level":20}}