{"host":"snd6571rw3150vxe","time":1614127889,"event":{"mods":["AchievementEnabler","BaseMod","Bestiary","Colored Powertips","Highlight Path","Minty Spire (QoL Compilation)","Quick Restart","Random Character Button","Relic Stats","StSLib","slay the spire mod where everything is the same but ironclad has a cowboy hat"],"gold_per_floor":[115,115,127,127,302,333,333,351,351,351,382,53,67,90,90,211,211,229,229,243,263,223,27,27,41,66,99,99,99,99,142,142,142,142],"floor_reached":33,"language":"ENG","playtime":1184,"items_purged":["Doubt","Strike_G"],"score":453,"play_id":"e400ad6d-8b67-4dda-855d-d6aa61d7f31e","local_time":"20210224025129","is_ascension_mode":true,"campfire_choices":[{"data":"Neutralize","floor":10,"key":"SMITH"},{"floor":15,"key":"REST"},{"floor":24,"key":"REST"},{"floor":29,"key":"REST"},{"floor":32,"key":"REST"}],"circlet_count":0,"master_deck":["Strike_G","Strike_G","Strike_G","Strike_G","Defend_G","Defend_G","Defend_G","Defend_G","Defend_G","Survivor","Neutralize+1","Dagger Spray+1","Heel Hook","Footwork+1","Backflip+1","Deadly Poison+1"],"relics":["Ring of the Serpent","NeowsBlessing","Golden Idol","Bottled Flame","Matryoshka","Bronze Scales","Paper Crane","Blood Vial","Singing Bowl","Spirit Poop","Membership Card","Toxic Egg 2","Tiny Chest","Juzu Bracelet","Eternal Feather"],"acts_visited":["Exordium","TheCity"],"potions_floor_usage":[11,16,21,27,31,33],"damage_taken":[{"damage":0,"enemies":"2 Louse","floor":1,"turns":1},{"damage":0,"enemies":"Small Slimes","floor":3,"turns":1},{"damage":0,"enemies":"3 Sentries","floor":6,"turns":1},{"damage":0,"enemies":"Cultist","floor":8,"turns":5},{"damage":45,"enemies":"Lagavulin","floor":11,"turns":7},{"damage":2,"enemies":"Exordium Thugs","floor":13,"turns":4},{"damage":0,"enemies":"Lots of Slimes","floor":14,"turns":1},{"damage":17,"enemies":"Hexaghost","floor":16,"turns":12},{"damage":31,"enemies":"2 Thieves","floor":18,"turns":4},{"damage":0,"enemies":"3 Byrds","floor":20,"turns":4},{"damage":36,"enemies":"Centurion and Healer","floor":21,"turns":12},{"damage":1,"enemies":"Snecko","floor":25,"turns":7},{"damage":0,"enemies":"Book of Stabbing","floor":27,"turns":7},{"damage":47,"enemies":"Slavers","floor":31,"turns":5},{"damage":57,"enemies":"Collector","floor":33,"turns":6}],"seed_played":"-7687119906020143014","potions_obtained":[{"floor":3,"key":"Poison Potion"},{"floor":13,"key":"ColorlessPotion"},{"floor":16,"key":"Regen Potion"},{"floor":20,"key":"AttackPotion"},{"floor":21,"key":"Strength Potion"},{"floor":25,"key":"SteroidPotion"}],"is_trial":false,"path_per_floor":["M","?","M","?","?","E","T","M","T","R","E","$","M","M","R","B",null,"M","?","M","M","?","$","R","M","T","E","?","R","?","E","R","B"],"character_chosen":"THE_SILENT","items_purchased":["Singing Bowl","Membership Card"],"campfire_rested":4,"item_purchase_floors":[12,23],"current_hp_per_floor":[70,70,70,70,70,70,70,70,70,70,25,25,27,31,53,40,67,40,40,42,23,23,23,46,49,49,51,51,75,60,17,52,0,0],"gold":142,"neow_bonus":"THREE_ENEMY_KILL","is_daily":false,"chose_seed":false,"campfire_upgraded":1,"win_rate":0.0,"timestamp":1614127889,"path_taken":["M","?","M","?","?","E","?","M","T","R","E","$","M","M","R","BOSS","M","?","?","M","?","$","R","?","T","E","?","R","?","E","R","BOSS"],"items_purchased_type":["Relic","Relic"],"build_version":"2020-12-22","purchased_purges":2,"victory":false,"max_hp_per_floor":[70,70,70,70,70,70,70,70,70,70,70,70,72,74,74,76,76,78,78,78,78,78,78,78,80,80,80,80,80,85,87,87,87,87],"relic_stats":{"Blood Vial":20,"Singing Bowl":12,"counters":[15,77],"Golden Idol":78,"Bronze Scales":[287],"Tiny Chest":0,"Eternal Feather":9,"Juzu Bracelet":0,"obtain_stats":[{"NeowsBlessing":0,"Singing Bowl":12,"Golden Idol":4,"Spirit Poop":19,"Eternal Feather":31,"Juzu Bracelet":27,"Paper Crane":9,"Blood Vial":11,"Bottled Flame":6,"Matryoshka":7,"Bronze Scales":9,"Tiny Chest":26,"Membership Card":23,"Toxic Egg 2":26,"Ring of the Serpent":17,"Ring of the Snake":0},{"NeowsBlessing":0,"Singing Bowl":5,"Golden Idol":2,"Spirit Poop":9,"Eternal Feather":14,"Juzu Bracelet":13,"Paper Crane":4,"Blood Vial":5,"Bottled Flame":3,"Matryoshka":3,"Bronze Scales":4,"Tiny Chest":12,"Membership Card":11,"Toxic Egg 2":12,"Ring of the Serpent":8,"Ring of the Snake":0},{"NeowsBlessing":0,"Singing Bowl":15,"Golden Idol":2,"Spirit Poop":36,"Eternal Feather":71,"Juzu Bracelet":66,"Paper Crane":8,"Blood Vial":15,"Bottled Flame":3,"Matryoshka":3,"Bronze Scales":8,"Tiny Chest":59,"Membership Card":52,"Toxic Egg 2":59,"Ring of the Serpent":32,"Ring of the Snake":0}]},"card_choices":[{"not_picked":["Deflect","Dodge and Roll"],"picked":"Dagger Spray","floor":1},{"not_picked":["Distraction","Slice","Quick Slash"],"picked":"SKIP","floor":3},{"not_picked":["All Out Attack","Venomology","Dodge and Roll"],"picked":"SKIP","floor":6},{"not_picked":["Dagger Throw","Flechettes","Flying Knee"],"picked":"SKIP","floor":8},{"not_picked":["Calculated Gamble","Predator"],"picked":"Heel Hook","floor":11},{"not_picked":["Underhanded Strike","Slice","Deflect"],"picked":"Singing Bowl","floor":13},{"not_picked":["Choke","Flying Knee","Bane"],"picked":"Singing Bowl","floor":14},{"not_picked":["Malaise","Storm of Steel","Wraith Form v2"],"picked":"Singing Bowl","floor":16},{"not_picked":["Quick Slash","Dagger Spray","Setup+1"],"picked":"Singing Bowl","floor":18},{"not_picked":["Accuracy+1","Setup"],"picked":"Footwork","floor":20},{"not_picked":["Slice+1","Acrobatics"],"picked":"Backflip+1","floor":21},{"not_picked":["Dagger Throw","Accuracy","Riddle With Holes"],"picked":"Singing Bowl","floor":25},{"not_picked":["Venomology+1","Dodge and Roll+1"],"picked":"Deadly Poison+1","floor":27},{"not_picked":["Predator","Quick Slash","Deflect+1"],"picked":"Singing Bowl","floor":31}],"player_experience":410119,"relics_obtained":[{"floor":6,"key":"Bottled Flame"},{"floor":7,"key":"Matryoshka"},{"floor":9,"key":"Bronze Scales"},{"floor":9,"key":"Paper Crane"},{"floor":11,"key":"Blood Vial"},{"floor":26,"key":"Toxic Egg 2"},{"floor":26,"key":"Tiny Chest"},{"floor":27,"key":"Juzu Bracelet"},{"floor":31,"key":"Eternal Feather"}],"event_choices":[{"damage_healed":0,"gold_gain":0,"player_choice":"Grow","damage_taken":0,"max_hp_gain":0,"max_hp_loss":0,"event_name":"Living Wall","floor":2,"gold_loss":0,"cards_upgraded":["Dagger Spray"]},{"damage_healed":0,"gold_gain":0,"player_choice":"Take Wound","damage_taken":0,"relics_obtained":["Golden Idol"],"max_hp_gain":0,"max_hp_loss":0,"event_name":"Golden Idol","floor":4,"gold_loss":0,"cards_obtained":["Injury"]},{"damage_healed":0,"gold_gain":175,"player_choice":"AGREE","damage_taken":0,"max_hp_gain":0,"max_hp_loss":0,"event_name":"Liars Game","floor":5,"gold_loss":0,"cards_obtained":["Doubt"]},{"cards_removed":["Injury"],"damage_healed":0,"gold_gain":0,"player_choice":"Offered Curse","damage_taken":0,"relics_obtained":["Spirit Poop"],"max_hp_gain":0,"max_hp_loss":0,"event_name":"Bonfire Elementals","floor":19,"gold_loss":0},{"damage_healed":0,"gold_gain":0,"player_choice":"Upgrade","damage_taken":0,"max_hp_gain":0,"max_hp_loss":0,"event_name":"Designer","floor":22,"gold_loss":40,"cards_upgraded":["Footwork"]},{"damage_healed":0,"gold_gain":0,"player_choice":"Ignored","damage_taken":0,"max_hp_gain":0,"max_hp_loss":0,"event_name":"Beggar","floor":28,"gold_loss":0},{"damage_healed":0,"gold_gain":0,"player_choice":"Shed Blood","damage_taken":20,"max_hp_gain":5,"max_hp_loss":0,"event_name":"Forgotten Altar","floor":30,"gold_loss":0}],"is_beta":false,"boss_relics":[{"not_picked":["Snecko Eye","Ectoplasm"],"picked":"Ring of the Serpent"}],"items_purged_floors":[12,23],"is_endless":false,"potions_floor_spawned":[3,13,16,20,21,25],"killed_by":"Collector","ascension_level":5}}