{"host":"s41rn2jhghpwfrvz","time":1614149551,"event":{"mods":["BaseMod","Minty Spire (QoL Compilation)","Quick Restart","Relic Stats","SuperFastMode"],"gold_per_floor":[113,38,38,53,67,92,92,92,92,124,139,156,190,90,90,90,90],"floor_reached":16,"language":"ENG","playtime":357,"items_purged":["Pummel","Coolheaded"],"score":240,"play_id":"3c96c170-c51d-4cd1-ac72-e4e3643a19f5","local_time":"20210224085231","daily_mods":["SealedDeck","Diverse","Elite Swarm"],"is_ascension_mode":true,"campfire_choices":[{"data":"Rage","floor":8,"key":"SMITH"},{"data":"Dark Embrace","floor":15,"key":"SMITH"}],"circlet_count":0,"master_deck":["AscendersBane","Anger","Quick Slash","Dagger Spray","FearNoEvil","Terror","Rage+1","Dark Embrace+1","White Noise","Body Slam"],"relics":["Burning Blood","Shuriken","Anchor","TungstenRod","Juzu Bracelet"],"acts_visited":["Exordium"],"potions_floor_usage":[13,16],"damage_taken":[{"damage":4,"enemies":"Small Slimes","floor":1,"turns":3},{"damage":0,"enemies":"2 Louse","floor":4,"turns":2},{"damage":4,"enemies":"Jaw Worm","floor":5,"turns":3},{"damage":2,"enemies":"Gremlin Nob","floor":6,"turns":3},{"damage":38,"enemies":"3 Sentries","floor":10,"turns":5},{"damage":0,"enemies":"Looter","floor":11,"turns":2},{"damage":0,"enemies":"2 Fungi Beasts","floor":12,"turns":3},{"damage":34,"enemies":"Gremlin Nob","floor":13,"turns":4},{"damage":34,"enemies":"Slime Boss","floor":16,"turns":5}],"seed_played":"-6883946935577663349","potions_obtained":[{"floor":1,"key":"ColorlessPotion"},{"floor":10,"key":"SkillPotion"},{"floor":13,"key":"Fruit Juice"}],"is_trial":true,"path_per_floor":["M","$","?","M","M","E","?","R","T","E","M","M","E","$","R","B"],"character_chosen":"IRONCLAD","items_purchased":[],"campfire_rested":0,"item_purchase_floors":[],"current_hp_per_floor":[70,70,75,80,80,80,80,80,80,48,54,60,37,37,37,3,3],"gold":90,"neow_bonus":"","is_daily":false,"chose_seed":false,"campfire_upgraded":2,"win_rate":0.0,"timestamp":1614149551,"path_taken":["M","$","?","M","M","E","?","R","T","E","M","M","E","$","R","BOSS"],"items_purchased_type":[],"build_version":"2020-12-22","purchased_purges":2,"victory":false,"max_hp_per_floor":[75,75,80,80,80,80,80,80,80,80,80,80,85,85,85,85,85],"relic_stats":{"counters":[9,30],"Shuriken":[9],"Juzu Bracelet":0,"obtain_stats":[{"Anchor":9,"Shuriken":6,"Juzu Bracelet":13,"Burning Blood":0,"TungstenRod":10},{"Anchor":4,"Shuriken":4,"Juzu Bracelet":8,"Burning Blood":0,"TungstenRod":5},{"Anchor":11,"Shuriken":11,"Juzu Bracelet":25,"Burning Blood":0,"TungstenRod":16}],"Burning Blood":41,"TungstenRod":2},"card_choices":[{"not_picked":["Hemokinesis","Clothesline","Warcry"],"picked":"SKIP","floor":1},{"not_picked":["Inflame","Acrobatics"],"picked":"Body Slam","floor":4},{"not_picked":["EmptyFist","Flechettes","Clash"],"picked":"SKIP","floor":5},{"not_picked":["Creative AI","Feed","Tools of the Trade"],"picked":"SKIP","floor":6},{"not_picked":["Judgement","Creative AI","Tools of the Trade"],"picked":"SKIP","floor":10},{"not_picked":["BootSequence","WindmillStrike","Twin Strike"],"picked":"SKIP","floor":11},{"not_picked":["BowlingBash","SashWhip","Glacier"],"picked":"SKIP","floor":12},{"not_picked":["LessonLearned","DevaForm","Hyperbeam"],"picked":"SKIP","floor":13}],"player_experience":2000188,"relics_obtained":[{"floor":6,"key":"Shuriken"},{"floor":9,"key":"Anchor"},{"floor":10,"key":"TungstenRod"},{"floor":13,"key":"Juzu Bracelet"}],"event_choices":[{"damage_healed":0,"gold_gain":0,"player_choice":"Donut","damage_taken":0,"max_hp_gain":5,"max_hp_loss":0,"event_name":"Big Fish","floor":3,"gold_loss":0},{"damage_healed":0,"gold_gain":0,"player_choice":"Ignored","damage_taken":0,"max_hp_gain":0,"max_hp_loss":0,"event_name":"Liars Game","floor":7,"gold_loss":0}],"is_beta":false,"boss_relics":[],"items_purged_floors":[2,14],"is_endless":false,"potions_floor_spawned":[1,10,11,13],"killed_by":"Slime Boss","ascension_level":20}}