{"host":"5tzvto3beate6p8b","time":1614170853,"event":{"mods":["BaseMod","Colored Map","DeckTracker","Minty Spire (QoL Compilation)","Relic Stats","StSLib","SuperFastMode"],"gold_per_floor":[10,10,10,34,34,34,77,77,77,77,98,98,129,145,145,238,238,251,166,191,216,216,216],"floor_reached":22,"language":"JPN","playtime":781,"items_purged":[],"score":488,"play_id":"c4ade592-47cd-4c65-a35f-4f2e98d47305","local_time":"20210224214733","is_ascension_mode":true,"campfire_choices":[{"data":"Skewer","floor":6.0,"key":"SMITH"},{"floor":8.0,"key":"REST"},{"data":"Storm of Steel","floor":12.0,"key":"SMITH"},{"floor":15.0,"key":"REST"}],"circlet_count":0,"master_deck":["AscendersBane","Strike_G","Strike_G","Strike_G","Strike_G","Strike_G","Defend_G","Defend_G","Defend_G","Defend_G","Defend_G","Survivor","Neutralize","Apotheosis+1","Dagger Throw","Skewer+1","Storm of Steel+1","Dagger Spray","Deadly Poison+1","Noxious Fumes","After Image","Well Laid Plans","Blade Dance+1","Prepared+1"],"relics":["Ring of the Snake","Golden Idol","Mercury Hourglass","Bag of Marbles","Strawberry","Toxic Egg 2","Ice Cream","SacredBark","MealTicket"],"acts_visited":["Exordium","TheCity"],"potions_floor_usage":[],"damage_taken":[{"damage":2.0,"enemies":"2 Louse","floor":1.0,"turns":5.0},{"damage":1.0,"enemies":"Small Slimes","floor":4.0,"turns":3.0},{"damage":29.0,"enemies":"Gremlin Nob","floor":7.0,"turns":4.0},{"damage":0.0,"enemies":"Jaw Worm","floor":11.0,"turns":3.0},{"damage":14.0,"enemies":"Lagavulin","floor":13.0,"turns":5.0},{"damage":11.0,"enemies":"Looter","floor":14.0,"turns":3.0},{"damage":0.0,"enemies":"Slime Boss","floor":16.0,"turns":5.0},{"damage":19.0,"enemies":"Spheric Guardian","floor":18.0,"turns":4.0},{"damage":14.0,"enemies":"Shell Parasite","floor":20.0,"turns":6.0},{"damage":18,"enemies":"Snake Plant","floor":21,"turns":4},{"damage":10,"enemies":"3 Cultists","floor":22,"turns":2}],"seed_played":"-756982993694027525","potions_obtained":[{"floor":11.0,"key":"Poison Potion"},{"floor":14.0,"key":"FearPotion"},{"floor":20.0,"key":"FearPotion"}],"is_trial":false,"path_per_floor":["M","?","?","M","?","R","E","R","T","T","M","R","E","M","R","B",null,"M","?","M","M","M"],"character_chosen":"THE_SILENT","items_purchased":[],"campfire_rested":2,"item_purchase_floors":[],"current_hp_per_floor":[57,57,57,56,51,51,22,40,47,47,47,47,33,22,42,42,61,42,42,28,10,0,0],"gold":216,"neow_bonus":"RANDOM_COLORLESS_2","is_daily":false,"chose_seed":false,"campfire_upgraded":2,"win_rate":0.0,"timestamp":1614170853,"path_taken":["M","?","?","M","?","R","E","R","T","?","M","R","E","M","R","BOSS","M","?","M","M","M"],"items_purchased_type":[],"build_version":"2020-12-22","purchased_purges":0,"victory":false,"max_hp_per_floor":[66,60,60,60,60,60,60,60,67,67,67,67,67,67,67,67,67,67,67,67,67,67,67],"relic_stats":{"counters":[11,44],"Golden Idol":59,"MealTicket":0,"obtain_stats":[{"Ice Cream":13,"Golden Idol":2,"Strawberry":9,"SacredBark":17,"MealTicket":19,"Bag of Marbles":7,"Toxic Egg 2":10,"Ring of the Snake":0,"Mercury Hourglass":5},{"Ice Cream":5,"Golden Idol":1,"Strawberry":3,"SacredBark":7,"MealTicket":8,"Bag of Marbles":3,"Toxic Egg 2":3,"Ring of the Snake":0,"Mercury Hourglass":2},{"Ice Cream":20,"Golden Idol":5,"Strawberry":12,"SacredBark":28,"MealTicket":32,"Bag of Marbles":12,"Toxic Egg 2":12,"Ring of the Snake":0,"Mercury Hourglass":8}],"Ring of the Snake":[22],"Mercury Hourglass":[81]},"card_choices":[{"not_picked":["Sadistic Nature","Mayhem"],"picked":"Apotheosis","floor":0.0},{"not_picked":["Riddle With Holes","Slice"],"picked":"Dagger Throw","floor":1.0},{"not_picked":["Poisoned Stab","Underhanded Strike"],"picked":"Skewer","floor":4.0},{"not_picked":["Distraction","Backflip"],"picked":"Storm of Steel","floor":7.0},{"not_picked":["Poisoned Stab","Tactician+1"],"picked":"Dagger Spray","floor":11.0},{"not_picked":["Setup+1","PiercingWail+1"],"picked":"Deadly Poison+1","floor":13.0},{"not_picked":["Calculated Gamble+1","Quick Slash"],"picked":"Noxious Fumes","floor":14.0},{"not_picked":["Venomology+1","Doppelganger+1"],"picked":"After Image","floor":16.0},{"not_picked":["Noxious Fumes","Tactician+1"],"picked":"Well Laid Plans","floor":18.0},{"not_picked":["Terror+1","Calculated Gamble+1"],"picked":"Blade Dance+1","floor":20.0},{"not_picked":["Tactician+1","Dagger Throw"],"picked":"Prepared+1","floor":21}],"player_experience":863904,"relics_obtained":[{"floor":7.0,"key":"Bag of Marbles"},{"floor":9.0,"key":"Strawberry"},{"floor":10.0,"key":"Toxic Egg 2"},{"floor":13.0,"key":"Ice Cream"}],"event_choices":[{"damage_healed":0.0,"max_hp_gain":0.0,"max_hp_loss":6.0,"gold_gain":0.0,"event_name":"Golden Idol","player_choice":"Lose Max HP","floor":2.0,"gold_loss":0.0,"damage_taken":0.0,"relics_obtained":["Golden Idol"]},{"damage_healed":0.0,"max_hp_gain":0.0,"max_hp_loss":0.0,"gold_gain":0.0,"event_name":"Living Wall","player_choice":"Grow","floor":3.0,"gold_loss":0.0,"damage_taken":0.0,"cards_upgraded":["Apotheosis"]},{"damage_healed":0.0,"max_hp_gain":0.0,"max_hp_loss":0.0,"gold_gain":0.0,"event_name":"Scrap Ooze","player_choice":"Success","floor":5.0,"gold_loss":0.0,"damage_taken":5.0,"relics_obtained":["Mercury Hourglass"]},{"damage_healed":0.0,"max_hp_gain":0.0,"max_hp_loss":0.0,"gold_gain":0.0,"event_name":"Addict","player_choice":"Obtained Relic","floor":19.0,"gold_loss":85.0,"damage_taken":0.0,"relics_obtained":["MealTicket"]}],"is_beta":false,"boss_relics":[{"not_picked":["Sozu","Velvet Choker"],"picked":"SacredBark"}],"items_purged_floors":[],"is_endless":false,"potions_floor_spawned":[11,14,20],"killed_by":"3 Cultists","ascension_level":20}}