{"host":"t7mx8yfj1no5p62f","time":1614181757,"event":{"mods":["BaseMod","Bestiary","Colored Map","Colored Powertips","Minty Spire (QoL Compilation)","Relic Stats","ojb\u0027s Info Mod: The sequel"],"gold_per_floor":[110,10,30,46,62,62,97,97,170,196,196,225,243,243,243,322,322,336,35,54,74,74,74,103,103,103,130,146,146,179,211,211,286,286,297,347,366,130,147,182,182,132,132,164,180,180,207,217,217,217,217,217,217,44,79,79,79],"floor_reached":56,"language":"ENG","playtime":2626,"items_purged":["Strike_B+1"],"score":2126,"play_id":"bd0d1670-ff12-4ea5-b9b1-81b942283fbf","local_time":"20210224104917","is_ascension_mode":true,"campfire_choices":[{"data":"Doom and Gloom","floor":6.0,"key":"SMITH"},{"data":"Sweeping Beam","floor":8.0,"key":"SMITH"},{"data":"Barrage","floor":11.0,"key":"SMITH"},{"floor":15.0,"key":"REST"},{"floor":23.0,"key":"RECALL"},{"floor":25.0,"key":"REST"},{"floor":29.0,"key":"REST"},{"floor":32.0,"key":"REST"},{"floor":46.0,"key":"REST"},{"floor":49.0,"key":"REST"},{"floor":53.0,"key":"REST"}],"circlet_count":0,"master_deck":["AscendersBane","Strike_B+1","Strike_B+1","Strike_B+1","Defend_B+1","Defend_B+1","Defend_B+1","Defend_B+1","Zap","Dualcast","Ball Lightning","Sweeping Beam+1","Doom and Gloom+1","Cold Snap","Hologram","Barrage+1","FTL","Conserve Battery+1","Core Surge","Double Energy+1","Skim","Beam Cell+1","Go for the Eyes","Undo+1","Machine Learning","Steam Power","BootSequence","Skim","Machine Learning","Reinforced Body","Hologram","Aggregate","Biased Cognition"],"relics":["Cracked Core","NeowsBlessing","CaptainsWheel","Art of War","Kunai","Shuriken","Pen Nib","Fusion Hammer","Bag of Marbles","Blue Candle","Ice Cream","Orichalcum","Red Mask","Anchor","Runic Pyramid","ClockworkSouvenir","Ancient Tea Set","Bottled Lightning","Symbiotic Virus","PreservedInsect","War Paint","Mercury Hourglass"],"acts_visited":["Exordium","TheCity","TheBeyond","TheEnding"],"potions_floor_usage":[56,56],"damage_taken":[{"damage":0.0,"enemies":"2 Louse","floor":1.0,"turns":1.0},{"damage":0.0,"enemies":"Cultist","floor":3.0,"turns":1.0},{"damage":0.0,"enemies":"Jaw Worm","floor":4.0,"turns":1.0},{"damage":12.0,"enemies":"Exordium Wildlife","floor":5.0,"turns":3.0},{"damage":10.0,"enemies":"Gremlin Nob","floor":7.0,"turns":4.0},{"damage":10.0,"enemies":"Lagavulin","floor":10.0,"turns":6.0},{"damage":13.0,"enemies":"3 Sentries","floor":12.0,"turns":5.0},{"damage":3.0,"enemies":"2 Fungi Beasts","floor":13.0,"turns":2.0},{"damage":14.0,"enemies":"Slime Boss","floor":16.0,"turns":5.0},{"damage":0.0,"enemies":"Chosen","floor":18.0,"turns":3.0},{"damage":9.0,"enemies":"2 Thieves","floor":20.0,"turns":3.0},{"damage":0.0,"enemies":"3 Cultists","floor":21.0,"turns":3.0},{"damage":7.0,"enemies":"Slavers","floor":24.0,"turns":3.0},{"damage":0.0,"enemies":"Gremlin Leader","floor":27.0,"turns":5.0},{"damage":0.0,"enemies":"Snecko","floor":28.0,"turns":4.0},{"damage":0.0,"enemies":"Masked Bandits","floor":30.0,"turns":2.0},{"damage":1.0,"enemies":"Slavers","floor":31.0,"turns":4.0},{"damage":9.0,"enemies":"Champ","floor":33.0,"turns":19.0},{"damage":0.0,"enemies":"Orb Walker","floor":35.0,"turns":4.0},{"damage":0.0,"enemies":"3 Darklings","floor":37.0,"turns":5.0},{"damage":4.0,"enemies":"Maw","floor":39.0,"turns":4.0},{"damage":14.0,"enemies":"Giant Head","floor":40.0,"turns":6.0},{"damage":0.0,"enemies":"Nemesis","floor":44.0,"turns":5.0},{"damage":0.0,"enemies":"Sphere and 2 Shapes","floor":45.0,"turns":4.0},{"damage":5.0,"enemies":"Reptomancer","floor":47.0,"turns":6.0},{"damage":0.0,"enemies":"Writhing Mass","floor":48.0,"turns":5.0},{"damage":32.0,"enemies":"Donu and Deca","floor":50.0,"turns":14.0},{"damage":3.0,"enemies":"Awakened One","floor":51.0,"turns":13.0},{"damage":10,"enemies":"Shield and Spear","floor":55,"turns":6},{"damage":66,"enemies":"The Heart","floor":56,"turns":8}],"seed_played":"5056985246847570864","potions_obtained":[{"floor":3.0,"key":"LiquidBronze"},{"floor":5.0,"key":"PotionOfCapacity"},{"floor":10.0,"key":"Weak Potion"},{"floor":12.0,"key":"PowerPotion"},{"floor":24.0,"key":"FearPotion"},{"floor":28.0,"key":"DuplicationPotion"},{"floor":33.0,"key":"DuplicationPotion"}],"is_trial":false,"path_per_floor":["M","?","M","M","M","R","E","R","T","E","R","E","M","?","R","B",null,"M","$","M","M","?","R","E","R","T","E","M","R","?","E","R","B",null,"M","?","M","$","M","E","T","?","T","E","M","R","E","M","R","B","B",null,"R","$","E","B"],"character_chosen":"DEFECT","items_purchased":["Skim","Beam Cell","Bag of Marbles","ClockworkSouvenir","War Paint"],"campfire_rested":7,"item_purchase_floors":[19,19,19,38,54],"current_hp_per_floor":[64,64,64,64,52,52,42,42,42,32,32,19,16,16,37,23,59,59,59,50,50,50,50,43,64,64,64,64,71,71,70,71,62,69,69,69,69,69,65,51,51,51,51,51,51,71,66,66,71,39,36,62,71,71,61,0,0],"gold":79,"neow_bonus":"THREE_ENEMY_KILL","is_daily":false,"chose_seed":false,"campfire_upgraded":3,"win_rate":0.0,"timestamp":1614181757,"path_taken":["M","?","M","M","?","R","E","R","T","E","R","E","M","?","R","BOSS","M","$","M","M","?","R","E","R","T","E","M","R","?","E","R","BOSS","M","?","M","?","M","E","?","?","T","E","M","R","E","M","R","BOSS","BOSS","R","$","E","BOSS"],"items_purchased_type":["Card","Card","Relic","Relic","Relic"],"build_version":"2020-12-22","purchased_purges":1,"victory":false,"max_hp_per_floor":[71,71,71,71,71,71,71,71,71,71,71,71,71,71,71,71,71,71,71,71,71,71,71,71,71,71,71,71,71,71,71,71,71,71,71,71,71,71,71,71,71,71,71,71,71,71,71,71,71,71,71,71,71,71,71,71,71],"relic_stats":{"counters":[30,154],"Shuriken":[78],"Blue Candle":[0],"Pen Nib":[33],"PreservedInsect":77,"Art of War":[17],"Kunai":[79],"Orichalcum":[78],"War Paint":["Undo","Conserve Battery"],"obtain_stats":[{"Ice Cream":26,"NeowsBlessing":0,"Blue Candle":24,"Pen Nib":12,"PreservedInsect":47,"Orichalcum":27,"War Paint":54,"Ancient Tea Set":40,"ClockworkSouvenir":38,"Mercury Hourglass":55,"CaptainsWheel":2,"Anchor":31,"Shuriken":10,"Fusion Hammer":17,"Art of War":7,"Bag of Marbles":19,"Red Mask":30,"Kunai":9,"Bottled Lightning":41,"Cracked Core":0,"Symbiotic Virus":44,"Runic Pyramid":34},{"Ice Cream":13,"NeowsBlessing":0,"Blue Candle":13,"Pen Nib":7,"PreservedInsect":25,"Orichalcum":14,"War Paint":28,"Ancient Tea Set":22,"ClockworkSouvenir":20,"Mercury Hourglass":29,"CaptainsWheel":1,"Anchor":17,"Shuriken":6,"Fusion Hammer":9,"Art of War":5,"Bag of Marbles":10,"Red Mask":16,"Kunai":5,"Bottled Lightning":22,"Cracked Core":0,"Symbiotic Virus":23,"Runic Pyramid":18},{"Ice Cream":40,"NeowsBlessing":0,"Blue Candle":40,"Pen Nib":21,"PreservedInsect":108,"Orichalcum":45,"War Paint":140,"Ancient Tea Set":93,"ClockworkSouvenir":83,"Mercury Hourglass":146,"CaptainsWheel":1,"Anchor":55,"Shuriken":16,"Fusion Hammer":28,"Art of War":10,"Bag of Marbles":31,"Red Mask":51,"Kunai":10,"Bottled Lightning":93,"Cracked Core":0,"Symbiotic Virus":98,"Runic Pyramid":74}],"Mercury Hourglass":[24]},"card_choices":[{"not_picked":["Gash","Streamline"],"picked":"Ball Lightning","floor":1.0},{"not_picked":["Conserve Battery","Undo"],"picked":"Sweeping Beam","floor":3.0},{"not_picked":["Leap","Stack"],"picked":"Doom and Gloom","floor":4.0},{"not_picked":["Rebound","Beam Cell"],"picked":"Cold Snap","floor":5.0},{"not_picked":["All For One","White Noise"],"picked":"Hologram","floor":7.0},{"not_picked":["Blizzard","Sweeping Beam"],"picked":"Barrage","floor":10.0},{"not_picked":["Go for the Eyes","Barrage"],"picked":"FTL","floor":12.0},{"not_picked":["Rebound","Redo"],"picked":"Conserve Battery","floor":13.0},{"not_picked":["Thunder Strike","Electrodynamics"],"picked":"Core Surge","floor":16.0},{"not_picked":["Stack","Force Field"],"picked":"Double Energy+1","floor":18.0},{"not_picked":["Sweeping Beam","Hello World"],"picked":"Go for the Eyes","floor":20.0},{"not_picked":["Capacitor","Rip and Tear","Doom and Gloom+1"],"picked":"SKIP","floor":21.0},{"not_picked":["Leap+1","Sweeping Beam+1"],"picked":"Undo","floor":24.0},{"not_picked":["Steam+1","Go for the Eyes"],"picked":"Machine Learning","floor":27.0},{"not_picked":["Turbo","Go for the Eyes"],"picked":"Steam Power","floor":28.0},{"not_picked":["Conserve Battery","Consume"],"picked":"BootSequence","floor":30.0},{"not_picked":["Aggregate","Cold Snap"],"picked":"Skim","floor":31.0},{"not_picked":["Rainbow","Electrodynamics"],"picked":"Machine Learning","floor":33.0},{"not_picked":["Streamline","Leap+1","Ball Lightning"],"picked":"SKIP","floor":35.0},{"not_picked":["Stack","White Noise+1"],"picked":"Reinforced Body","floor":37.0},{"not_picked":["Scrape+1","Go for the Eyes","Stack"],"picked":"SKIP","floor":39.0},{"not_picked":["Tempest+1","Undo+1","Scrape"],"picked":"SKIP","floor":40.0},{"not_picked":["Auto Shields","Cold Snap+1","Redo+1"],"picked":"SKIP","floor":44.0},{"not_picked":["Stack","Reinforced Body+1"],"picked":"Hologram","floor":45.0},{"not_picked":["Amplify","Conserve Battery","Hologram"],"picked":"SKIP","floor":47.0},{"not_picked":["Blizzard","FTL"],"picked":"Aggregate","floor":48.0},{"not_picked":["Chill","Darkness+1"],"picked":"Biased Cognition","floor":55}],"player_experience":1994660,"relics_obtained":[{"floor":7.0,"key":"Art of War"},{"floor":9.0,"key":"Kunai"},{"floor":10.0,"key":"Shuriken"},{"floor":12.0,"key":"Pen Nib"},{"floor":24.0,"key":"Blue Candle"},{"floor":26.0,"key":"Ice Cream"},{"floor":27.0,"key":"Orichalcum"},{"floor":30.0,"key":"Red Mask"},{"floor":31.0,"key":"Anchor"},{"floor":40.0,"key":"Ancient Tea Set"},{"floor":41.0,"key":"Bottled Lightning"},{"floor":44.0,"key":"Symbiotic Virus"},{"floor":47.0,"key":"PreservedInsect"},{"floor":55,"key":"Mercury Hourglass"}],"event_choices":[{"damage_healed":0.0,"max_hp_gain":0.0,"max_hp_loss":0.0,"gold_gain":0.0,"event_name":"WeMeetAgain","player_choice":"Paid Gold","floor":2.0,"gold_loss":100.0,"damage_taken":0.0,"relics_obtained":["CaptainsWheel"]},{"damage_healed":0.0,"max_hp_gain":0.0,"max_hp_loss":0.0,"gold_gain":0.0,"event_name":"Shining Light","player_choice":"Ignored","floor":14.0,"gold_loss":0.0,"damage_taken":0.0},{"damage_healed":0.0,"max_hp_gain":0.0,"max_hp_loss":0.0,"gold_gain":0.0,"event_name":"Back to Basics","player_choice":"Simplicity","floor":22.0,"gold_loss":0.0,"damage_taken":0.0,"cards_upgraded":["Strike_B","Strike_B","Strike_B","Strike_B","Defend_B","Defend_B","Defend_B","Defend_B"]},{"damage_healed":0.0,"max_hp_gain":0.0,"max_hp_loss":0.0,"gold_gain":0.0,"event_name":"Masked Bandits","player_choice":"Fought Bandits","floor":30.0,"gold_loss":0.0,"damage_taken":0.0},{"damage_healed":0.0,"max_hp_gain":0.0,"max_hp_loss":0.0,"gold_gain":50.0,"event_name":"Golden Shrine","player_choice":"Pray","floor":36.0,"gold_loss":0.0,"damage_taken":0.0},{"damage_healed":0.0,"max_hp_gain":0.0,"max_hp_loss":0.0,"gold_gain":0.0,"event_name":"Designer","player_choice":"Upgrade","floor":42.0,"gold_loss":50.0,"damage_taken":0.0,"cards_upgraded":["Beam Cell"]}],"is_beta":false,"boss_relics":[{"not_picked":["Sozu","Empty Cage"],"picked":"Fusion Hammer"},{"not_picked":["Nuclear Battery","Coffee Dripper"],"picked":"Runic Pyramid"}],"items_purged_floors":[38],"is_endless":false,"potions_floor_spawned":[3,5,10,12,18,24,28,30,33,39,40,47,48],"killed_by":"The Heart","ascension_level":20}}