{"host":"63beink0jfv5ch5g","time":1614157433,"event":{"mods":["100% Spire Juice","ATMod(°¢èªMod)","AchievementEnabler","Act Like it!","Aspiration","BaseMod","CapriCore","Conspire","Gensokyo","GungeonMod","Hallownest","Marisa£¨ìFÓê¡¡Ä§ÀíÉ³£©","Minty Spire (QoL Compilation)","MostiFishMod","Pale of the Ancients","Quick Restart","Reimu£¨²©ÀöÁéÃÎ£©","Relic Filter Mod","Reliquary","Replay The Spire","SOS£¨Ë¹°Í´ïÖ®×Ó£©","Shop Mod","StSLib","The Bug Knight","Waifu the Spire","óô»ðÖ¸ÄÏ"],"gold_per_floor":[109,39,50,50,67,67,67],"floor_reached":6,"language":"ZHS","playtime":175,"items_purged":[],"score":61,"play_id":"bdd56d8d-6bdb-4deb-982f-8876c2560d01","local_time":"20210224170353","is_ascension_mode":false,"campfire_choices":[],"circlet_count":0,"master_deck":["Moonworks:Strike","Moonworks:Strike","Moonworks:Strike","Moonworks:Strike","Moonworks:Defend","Moonworks:Defend","Moonworks:Defend+1","Moonworks:Defend","Moonworks:Ambush","Moonworks:LongDistanceShot","AT_FamilyPortrait","Moonworks:Gamble+1","Moonworks:DeployBits","Moonworks:NicePresent","Moonworks:Wanted"],"relics":["Moonworks:BrokenBomb","Moonworks:Homemark","DaveBox","AT_ATBox","FeatherPendant","DemoMod:GlassGuonStoneRelic","SynthV:TestCard"],"acts_visited":["Exordium"],"potions_floor_usage":[],"damage_taken":[{"damage":0,"enemies":"Gensokyo:2_Kodama","floor":1,"turns":2},{"damage":0,"enemies":"Gensokyo:3_Fairies","floor":3,"turns":4},{"damage":0,"enemies":"Gensokyo:Gryphon","floor":5,"turns":1},{"damage":999,"enemies":"Gensokyo:Mamizou","floor":6,"turns":1}],"seed_played":"-3983797045602879207","potions_obtained":[{"floor":1,"key":"conspire:TimeTravelPotion"}],"is_trial":false,"path_per_floor":["M","?","M","?","M","E"],"character_chosen":"THE_STARBREAKER","items_purchased":[],"campfire_rested":0,"item_purchase_floors":[],"current_hp_per_floor":[60,60,60,60,60,0,0],"gold":67,"neow_bonus":"ONE_RANDOM_RARE_CARD","is_daily":false,"chose_seed":false,"campfire_upgraded":0,"win_rate":0.0,"timestamp":1614157433,"path_taken":["M","?","M","?","?","E"],"items_purchased_type":[],"build_version":"2020-12-22","purchased_purges":0,"victory":false,"max_hp_per_floor":[60,60,60,60,60,60,60],"card_choices":[{"not_picked":["Moonworks:ImOnFire","Moonworks:LulusLuckyEgg"],"picked":"Moonworks:DeployBits","floor":1},{"not_picked":["Moonworks:ForcedRevival","Moonworks:CompletionReward","Moonworks:IndiscriminateFireSupport","Moonworks:JonathanRush"],"picked":"Moonworks:NicePresent","floor":3},{"not_picked":["Moonworks:ImOnFire","Moonworks:x16BigRocket","Moonworks:ExtendedPhotonRifle","Moonworks:SelfDestruct"],"picked":"Moonworks:Wanted","floor":5}],"player_experience":195914,"relics_obtained":[{"floor":1,"key":"SynthV:TestCard"}],"event_choices":[],"is_beta":false,"boss_relics":[],"items_purged_floors":[],"is_endless":false,"potions_floor_spawned":[1],"killed_by":"Gensokyo:Mamizou","ascension_level":0}}