{"host":"emzatosnsokm6754","time":1614131157,"event":{"mods":["Act Like it!","BaseMod","Bossed Relics","Colored Powertips","Energized Spire","Koishi","Minty Spire (QoL Compilation)","Rare Cards Sparkle","Ruina","StSLib","The Jungle","The Servant 0.9.4"],"gold_per_floor":[109,109,126,140,152,184,184,184,207,218,232,264,119,130,130,228,228,243,275,275,292,303,338,153,172,196,106,126,55,55,74,74,74,74],"floor_reached":33,"language":"ENG","playtime":1181,"items_purged":["Strike_R","Bloodletting+1"],"score":281,"play_id":"65b2207c-5ce4-490e-952a-8763ccd7eabc","local_time":"20210224144557","is_ascension_mode":false,"campfire_choices":[{"data":"Demon Form","floor":7,"key":"SMITH"},{"data":"Dark Embrace","floor":15,"key":"SMITH"},{"data":"Havoc","floor":32,"key":"SMITH"}],"circlet_count":0,"master_deck":["Strike_R","Strike_R","Strike_R","Defend_R","Defend_R","Defend_R","Defend_R","Bash","Wild Strike+1","Demon Form+1","Power Through","Battle Trance","Wild Strike","Evolve","Fire Breathing","Immolate","True Grit","Reckless Charge+1","Reckless Charge","Havoc+1","Evolve+1","Reaper","Reckless Charge","Havoc"],"relics":["Burning Blood","Happy Flower","Ancient Tea Set","Blood Vial","Coffee Dripper","Red Mask","Orichalcum","Mummified Hand","Tiny Chest","Matryoshka"],"acts_visited":["Exordium","TheCity"],"potions_floor_usage":[14,19,23,23,25,33],"damage_taken":[{"damage":1,"enemies":"Cultist","floor":1,"turns":3},{"damage":11,"enemies":"Jaw Worm","floor":3,"turns":3},{"damage":0,"enemies":"Small Slimes","floor":4,"turns":5},{"damage":3,"enemies":"2 Fungi Beasts","floor":5,"turns":4},{"damage":11,"enemies":"Lagavulin","floor":6,"turns":7},{"damage":13,"enemies":"Red Slaver","floor":10,"turns":3},{"damage":0,"enemies":"3 Louse","floor":11,"turns":3},{"damage":6,"enemies":"Gremlin Nob","floor":12,"turns":3},{"damage":32,"enemies":"Gremlin Gang","floor":14,"turns":7},{"damage":39,"enemies":"Hexaghost","floor":16,"turns":7},{"damage":20,"enemies":"2 Thieves","floor":18,"turns":4},{"damage":19,"enemies":"Masked Bandits","floor":19,"turns":4},{"damage":18,"enemies":"Spheric Guardian","floor":21,"turns":4},{"damage":24,"enemies":"Cultist and Chosen","floor":22,"turns":5},{"damage":29,"enemies":"Slavers","floor":23,"turns":4},{"damage":14,"enemies":"Snecko","floor":25,"turns":5},{"damage":18,"enemies":"Shelled Parasite and Fungi","floor":28,"turns":4},{"damage":0,"enemies":"Snake Plant","floor":31,"turns":4},{"damage":47,"enemies":"Champ","floor":33,"turns":6}],"seed_played":"7915323188896625477","potions_obtained":[{"floor":3,"key":"BloodPotion"},{"floor":5,"key":"SkillPotion"},{"floor":11,"key":"PowerPotion"},{"floor":12,"key":"BloodPotion"},{"floor":21,"key":"ColorlessPotion"},{"floor":22,"key":"Swift Potion"},{"floor":28,"key":"PowerPotion"}],"is_trial":false,"path_per_floor":["M","?","M","M","M","E","R","?","T","M","M","E","$","M","R","B",null,"M","?","?","M","M","E","$","M","T","?","M","$","T","M","R","B"],"character_chosen":"IRONCLAD","items_purchased":["Evolve","Havoc","Evolve","Reckless Charge"],"campfire_rested":0,"item_purchase_floors":[13,24,24,29],"current_hp_per_floor":[88,88,83,88,88,83,83,83,83,76,82,82,82,75,75,44,88,74,63,63,53,37,33,33,27,27,27,17,17,17,29,29,0,0],"gold":74,"neow_bonus":"TEN_PERCENT_HP_BONUS","is_daily":false,"chose_seed":false,"campfire_upgraded":3,"win_rate":0.0,"timestamp":1614131157,"path_taken":["M","?","?","M","M","E","R","?","T","M","M","E","?","?","R","BOSS","M","?","?","?","M","E","$","M","T","?","?","?","?","M","R","BOSS"],"items_purchased_type":["Card","Card","Card","Card"],"build_version":"2020-12-22","purchased_purges":2,"victory":false,"max_hp_per_floor":[88,88,88,88,88,88,88,88,88,88,88,88,88,88,88,88,88,88,88,88,88,88,88,88,88,88,88,88,88,88,88,88,88,88],"card_choices":[{"not_picked":["Flex","Anger"],"picked":"Wild Strike","floor":1},{"not_picked":["True Grit","Cleave"],"picked":"Power Through","floor":3},{"not_picked":["Clash","Armaments","Twin Strike"],"picked":"SKIP","floor":4},{"not_picked":["Bloodletting","Whirlwind","Perfected Strike"],"picked":"SKIP","floor":5},{"not_picked":["Pommel Strike","Perfected Strike"],"picked":"Battle Trance","floor":6},{"not_picked":["Cleave","Metallicize","Anger"],"picked":"SKIP","floor":10},{"not_picked":["Bloodletting","Reckless Charge"],"picked":"Dark Embrace","floor":11},{"not_picked":["Iron Wave","Inflame"],"picked":"Wild Strike","floor":12},{"not_picked":["Intimidate","Havoc"],"picked":"Fire Breathing","floor":14},{"not_picked":["Impervious","Exhume"],"picked":"Immolate","floor":16},{"not_picked":["Pommel Strike","Seeing Red"],"picked":"True Grit","floor":18},{"not_picked":["Entrench","Intimidate"],"picked":"Bloodletting+1","floor":19},{"not_picked":["Uppercut","Thunderclap+1"],"picked":"Reckless Charge+1","floor":21},{"not_picked":["Iron Wave","Warcry","Dropkick"],"picked":"SKIP","floor":22},{"not_picked":["Clash","Cleave+1"],"picked":"Reckless Charge","floor":23},{"not_picked":["Heavy Blade","Iron Wave"],"picked":"Reaper","floor":25},{"not_picked":["Shrug It Off","Sword Boomerang+1","Perfected Strike"],"picked":"SKIP","floor":28},{"not_picked":["Body Slam","Immolate"],"picked":"Havoc","floor":31}],"player_experience":203179,"relics_obtained":[{"floor":6,"key":"Happy Flower"},{"floor":9,"key":"Ancient Tea Set"},{"floor":12,"key":"Blood Vial"},{"floor":19,"key":"Red Mask"},{"floor":23,"key":"Mummified Hand"},{"floor":26,"key":"Tiny Chest"},{"floor":30,"key":"Matryoshka"}],"event_choices":[{"damage_healed":0,"gold_gain":0,"player_choice":"1 cards matched","damage_taken":0,"max_hp_gain":0,"max_hp_loss":0,"event_name":"Match and Keep!","floor":2,"gold_loss":0,"cards_obtained":["Demon Form"]},{"damage_healed":0,"gold_gain":0,"player_choice":"Grow","damage_taken":0,"max_hp_gain":0,"max_hp_loss":0,"event_name":"Living Wall","floor":8,"gold_loss":0,"cards_upgraded":["Wild Strike"]},{"damage_healed":0,"gold_gain":0,"player_choice":"Fought Bandits","damage_taken":0,"max_hp_gain":0,"max_hp_loss":0,"event_name":"Masked Bandits","floor":19,"gold_loss":0},{"cards_removed":["Dark Embrace"],"damage_healed":0,"gold_gain":0,"player_choice":"Gave Card","damage_taken":0,"relics_obtained":["Orichalcum"],"max_hp_gain":0,"max_hp_loss":0,"event_name":"WeMeetAgain","floor":20,"gold_loss":0},{"cards_removed":["Strike_R"],"damage_healed":0,"gold_gain":0,"player_choice":"Upgrade and Remove","damage_taken":0,"max_hp_gain":0,"max_hp_loss":0,"event_name":"Designer","floor":27,"gold_loss":90,"cards_upgraded":["Evolve"]}],"is_beta":false,"boss_relics":[{"not_picked":["energizedSpire:RedRose","Fusion Hammer"],"picked":"Coffee Dripper"}],"items_purged_floors":[13,24],"is_endless":false,"potions_floor_spawned":[3,5,11,12,21,22,28],"killed_by":"Champ","ascension_level":0}}