{"host":"ee5exjejqz6r5zx9","time":1614178128,"event":{"mods":["ATMod(°¢èªMod)","Act Like it!","BaseMod","Card Forge","Colored Powertips","Custom Start","Gensokyo","HololiveMod","Minty Spire (QoL Compilation)","MostiFishMod","Quick Restart","Rare Cards Sparkle","Relic Filter Mod","Remove Card Discount Mod","Replay The Spire","RumiaBox-Â¶Ã×æ«µÄÉñÃØºÐ×Ó","Shop Mod","StSLib","TestMod","¡¾¹¦ÄÜMod¡¿»ìãçÖ®»·ÐÞ¸´²¹¶¡","¡¾ÒÅÎï¿¨ÅÆ¡¿REMEMod"],"gold_per_floor":[109,128,228,239,239,270,308,169,169,209,269,269,269,269],"floor_reached":13,"language":"ZHS","playtime":523,"items_purged":[],"score":214,"play_id":"e60ea686-d512-48b1-a5c5-66ba6b0e38fd","local_time":"20210224224848","is_ascension_mode":true,"campfire_choices":[{"floor":12,"key":"REST"}],"circlet_count":0,"master_deck":["AscendersBane","Strike_P","Strike_P","Defend_P","Defend_P","Defend_P","Defend_P","Eruption+1","Vigilance+1","Limit Break+1","AT_IchimonjiDouble+1","MostiFishMod:DisColor+1","Crescendo+1","Wallop+1","Indignation+1","Conclude"],"relics":["PureWater","Hammer of Thor","Seething Fire","Anvil of the Gods","testmod-TestBox","REME_ComplimentaryCards","DaveBox","AT_ATBox","testmod-Nyarlathotep","GuanYuAspect","SynthV:TestCard","AT_MibuBalloonWealth","testmod-IWantAll"],"acts_visited":["Gensokyo:Gensokyo"],"potions_floor_usage":[13],"damage_taken":[{"damage":0.0,"enemies":"Gensokyo:Python","floor":1.0,"turns":2.0},{"damage":7.0,"enemies":"Gensokyo:2_Kodama","floor":2.0,"turns":3.0},{"damage":12.0,"enemies":"Gensokyo:3_Fairies","floor":4.0,"turns":4.0},{"damage":0.0,"enemies":"Gensokyo:Aya","floor":6.0,"turns":3.0},{"damage":12.0,"enemies":"Gensokyo:CorruptedTreant","floor":7.0,"turns":2.0},{"damage":0.0,"enemies":"Gensokyo:Kitsune","floor":10.0,"turns":2.0},{"damage":11,"enemies":"Gensokyo:Python_and_Kodama","floor":11,"turns":3},{"damage":40,"enemies":"Gensokyo:Mamizou","floor":13,"turns":3}],"seed_played":"-8597858581752331034","potions_obtained":[{"floor":1.0,"key":"Energy Potion"},{"floor":4.0,"key":"SteroidPotion"},{"floor":6.0,"key":"REME_GoldPotion"},{"floor":7.0,"key":"testmod-TimePotion"}],"is_trial":false,"path_per_floor":["M","M","?","M","?","E","M","COS","T","M","M","R","E"],"character_chosen":"WATCHER","items_purchased":[],"campfire_rested":1,"item_purchase_floors":[],"current_hp_per_floor":[31,26,26,24,24,27,18,18,18,21,14,19,0,0],"gold":269,"neow_bonus":"TRANSFORM_TWO_CARDS","is_daily":false,"chose_seed":false,"campfire_upgraded":0,"win_rate":0.0,"timestamp":1614178128,"path_taken":["M","M","?","M","?","E","M","COS","T","M","M","R","E"],"items_purchased_type":[],"build_version":"2020-12-22","purchased_purges":0,"victory":false,"max_hp_per_floor":[31,31,31,31,31,31,31,31,31,31,31,31,31,31],"card_choices":[{"not_picked":["Evaluate","JustLucky","CutThroughFate"],"picked":"SKIP","floor":1.0},{"not_picked":["Replay:ManipulateFuture","FollowUp","MostiFishMod:Nomercy","ReachHeaven"],"picked":"Crescendo","floor":2.0},{"not_picked":["CutThroughFate","Consecrate","Evaluate","SashWhip"],"picked":"Wallop","floor":4.0},{"not_picked":["Replay:ManipulateFuture","Worship","WheelKick","PathToVictory"],"picked":"Indignation","floor":5.0},{"not_picked":["AT_RealFormLess","LikeWater","EmptyBody","FlyingSleeves","PathToVictory"],"picked":"SKIP","floor":6.0},{"not_picked":["Protect","Halt","EmptyBody","Perseverance"],"picked":"Conclude","floor":7.0},{"not_picked":["PathToVictory","Alpha","Consecrate","Prostrate","CrushJoints"],"picked":"SKIP","floor":10.0},{"not_picked":["MostiFishMod:FlowState","BattleHymn","Consecrate","Replay:AtTheReady","Replay:Battleflow"],"picked":"SKIP","floor":11}],"player_experience":459631,"relics_obtained":[{"floor":1.0,"key":"SynthV:TestCard"},{"floor":6.0,"key":"AT_MibuBalloonWealth"}],"event_choices":[],"is_beta":false,"boss_relics":[],"items_purged_floors":[],"is_endless":false,"potions_floor_spawned":[1,4,6,7,11],"killed_by":"Gensokyo:Mamizou","ascension_level":20}}