{"host":"daa8jqyg4gqfaysm","time":1614139763,"event":{"mods":["BaseMod","Colored Powertips","Minty Spire (QoL Compilation)","StSLib"],"gold_per_floor":[111,138,148,34,47,47,47,47,47,79,97,114,114,149,149,222,222,240,190,1,15,15,46,46,66,89,89,117,117,117,117],"floor_reached":30,"language":"ENG","playtime":1198,"items_purged":["Strike_R"],"score":677,"play_id":"12c74b79-cb31-4011-a20d-a5ec45e9b080","local_time":"20210223230923","is_ascension_mode":true,"campfire_choices":[{"data":"Bash","floor":6,"key":"SMITH"},{"data":"Defend_R","floor":8,"key":"SMITH"},{"data":"Clothesline","floor":13,"key":"SMITH"},{"data":"Feed","floor":15,"key":"SMITH"},{"data":"Defend_R","floor":24,"key":"SMITH"},{"floor":27,"key":"REST"},{"data":"Demon Form","floor":29,"key":"SMITH"}],"circlet_count":0,"master_deck":["AscendersBane","Strike_R+1","Strike_R","Strike_R+1","Strike_R","Defend_R+1","Defend_R+1","Defend_R+1","Defend_R+1","Bash+1","CurseOfTheBell","Second Wind+1","Shrug It Off+1","Warcry+1","Flame Barrier+1","Battle Trance+1","Feed+1","Clothesline+1","Shrug It Off+1","Burning Pact+1","Offering+1","Barricade+1","Secret Technique+1","True Grit+1","Pommel Strike+1","Demon Form+1","Havoc+1","Corruption"],"relics":["Calling Bell","War Paint","Toxic Egg 2","Prayer Wheel","Whetstone","Anchor","Incense Burner","Philosopher\u0027s Stone","White Beast Statue","Dream Catcher","Gambling Chip"],"acts_visited":["Exordium","TheCity"],"potions_floor_usage":[10,23,30],"damage_taken":[{"damage":1,"enemies":"Cultist","floor":1,"turns":4},{"damage":5,"enemies":"Jaw Worm","floor":3,"turns":5},{"damage":0,"enemies":"Small Slimes","floor":5,"turns":4},{"damage":8,"enemies":"Gremlin Nob","floor":10,"turns":3},{"damage":1,"enemies":"2 Fungi Beasts","floor":11,"turns":3},{"damage":11,"enemies":"Large Slime","floor":12,"turns":9},{"damage":19,"enemies":"Lagavulin","floor":14,"turns":10},{"damage":30,"enemies":"The Guardian","floor":16,"turns":17},{"damage":16,"enemies":"Chosen","floor":18,"turns":12},{"damage":0,"enemies":"Shell Parasite","floor":21,"turns":10},{"damage":1,"enemies":"Book of Stabbing","floor":23,"turns":7},{"damage":7,"enemies":"Snake Plant","floor":25,"turns":6},{"damage":1,"enemies":"Gremlin Leader","floor":28,"turns":7},{"damage":47,"enemies":"Slavers","floor":30,"turns":6}],"seed_played":"-462562183320356307","potions_obtained":[{"floor":1,"key":"AttackPotion"},{"floor":11,"key":"LiquidBronze"},{"floor":12,"key":"PowerPotion"},{"floor":16,"key":"DuplicationPotion"},{"floor":25,"key":"Block Potion"}],"is_trial":false,"path_per_floor":["M","T","M","$","M","R","?","R","T","E","M","M","R","E","R","B",null,"M","?","$","M","?","E","R","M","T","R","E","R","E"],"character_chosen":"IRONCLAD","items_purchased":["Flame Barrier+1","Secret Technique+1"],"campfire_rested":1,"item_purchase_floors":[4,20],"current_hp_per_floor":[67,67,62,62,62,62,67,67,67,59,58,50,50,34,34,4,66,54,54,54,54,27,30,30,23,23,52,51,51,4,4],"gold":117,"neow_bonus":"BOSS_RELIC","is_daily":false,"chose_seed":false,"campfire_upgraded":6,"win_rate":0.0,"timestamp":1614139763,"path_taken":["M","?","M","$","?","R","?","R","T","E","M","M","R","E","R","BOSS","M","?","$","?","?","E","R","M","T","R","E","R","E"],"items_purchased_type":["Card","Card"],"build_version":"2020-12-22","purchased_purges":1,"victory":false,"max_hp_per_floor":[75,75,75,75,75,75,80,80,80,80,80,83,83,86,86,86,86,90,90,90,90,95,99,99,99,99,99,99,99,99,99],"card_choices":[{"not_picked":["Sever Soul","Power Through+1"],"picked":"Second Wind+1","floor":1},{"not_picked":["Armaments+1","Second Wind+1"],"picked":"Shrug It Off+1","floor":1},{"not_picked":["Pommel Strike","Armaments+1"],"picked":"Warcry+1","floor":3},{"not_picked":["Blood for Blood","Thunderclap","Body Slam"],"picked":"SKIP","floor":3},{"not_picked":["Warcry+1","Heavy Blade"],"picked":"Battle Trance+1","floor":5},{"not_picked":["Iron Wave","Searing Blow","Armaments+1"],"picked":"SKIP","floor":5},{"not_picked":["Bloodletting+1","Armaments+1","Twin Strike"],"picked":"SKIP","floor":10},{"not_picked":["Armaments+1","Sever Soul"],"picked":"Feed","floor":11},{"not_picked":["Iron Wave","Rampage"],"picked":"Clothesline","floor":11},{"not_picked":["Battle Trance+1","Warcry+1"],"picked":"Shrug It Off+1","floor":12},{"not_picked":["Headbutt","Dual Wield+1"],"picked":"Burning Pact+1","floor":12},{"not_picked":["Thunderclap","Sword Boomerang"],"picked":"Offering+1","floor":14},{"not_picked":["Bludgeon","Berserk"],"picked":"Barricade","floor":16},{"not_picked":["Clothesline","Dual Wield+1","Armaments+1"],"picked":"SKIP","floor":18},{"not_picked":["Wild Strike","Thunderclap","Perfected Strike"],"picked":"SKIP","floor":18},{"not_picked":["Armaments+1","Thunderclap"],"picked":"True Grit+1","floor":21},{"not_picked":["Metallicize","Burning Pact+1","Inflame"],"picked":"SKIP","floor":21},{"not_picked":["Body Slam","Blood for Blood"],"picked":"Pommel Strike+1","floor":23},{"not_picked":["Searing Blow","Flex+1"],"picked":"Demon Form","floor":25},{"not_picked":["Headbutt","Thunderclap"],"picked":"Havoc+1","floor":25},{"not_picked":["Body Slam+1","Carnage"],"picked":"Corruption","floor":28}],"player_experience":879153,"relics_obtained":[{"floor":0,"key":"War Paint"},{"floor":0,"key":"Toxic Egg 2"},{"floor":0,"key":"Prayer Wheel"},{"floor":2,"key":"Whetstone"},{"floor":10,"key":"Anchor"},{"floor":14,"key":"Incense Burner"},{"floor":23,"key":"White Beast Statue"},{"floor":26,"key":"Dream Catcher"},{"floor":28,"key":"Gambling Chip"}],"event_choices":[{"damage_healed":0,"gold_gain":0,"player_choice":"Donut","damage_taken":0,"max_hp_gain":5,"max_hp_loss":0,"event_name":"Big Fish","floor":7,"gold_loss":0},{"damage_healed":0,"gold_gain":0,"player_choice":"Upgrade","damage_taken":0,"max_hp_gain":0,"max_hp_loss":0,"event_name":"Designer","floor":19,"gold_loss":50,"cards_upgraded":["Barricade"]},{"damage_healed":0,"gold_gain":0,"player_choice":"Shed Blood","damage_taken":32,"max_hp_gain":5,"max_hp_loss":0,"event_name":"Forgotten Altar","floor":22,"gold_loss":0}],"is_beta":false,"boss_relics":[{"not_picked":["Coffee Dripper","Ectoplasm"],"picked":"Philosopher\u0027s Stone"}],"items_purged_floors":[4],"is_endless":false,"potions_floor_spawned":[1,11,12,16,25,28],"killed_by":"Slavers","ascension_level":20}}