{"host":"gzkog77z98jljj1h","time":1614153939,"event":{"mods":["Act Like it!","Astrologer","BaseMod","Colored Map","Conspire","Downfall","Energized Spire","Fiend Mod","Halation","Hubris","Infinite Spire","Marisa????????","Mimic Mod","Minty Spire (QoL Compilation)","Random Character Button","Relic Sorter","Replay The Spire","Ruina","Shop Mod","Somnambulant","StSLib","Td1madao Mod","The Administrix","The Construct","The Cursed","The Disciple","The Elementalist","The Hierophant","The Jungle","The Marked","The Mystic","The Runesmith","The Servant 0.9.4","Trackpad"],"gold_per_floor":[118,118,136,136,211,242,258,293,319,319,350,350,363,253,253,349,349,366,380,211,211,221,221,221,246,271,271,284,284,284,284],"floor_reached":30,"language":"ENG","playtime":1379,"items_purged":["Defend_G"],"score":305,"play_id":"507459df-a77d-4a1b-a315-36078f542a6e","local_time":"20210224020539","is_ascension_mode":true,"campfire_choices":[{"data":"Envenom","floor":12,"key":"SMITH"},{"floor":15,"key":"REST"},{"data":"Dodge and Roll","floor":23,"key":"SMITH"}],"circlet_count":0,"master_deck":["Strike_G","Strike_G","Strike_G","Strike_G","Strike_G","Defend_G","Defend_G","Defend_G","Defend_G","Survivor","Neutralize","Dagger Spray","Blade Dance","hubris:InfiniteBlow","Envenom+1","Prepared","Dodge and Roll+1","Terror","ReplayTheSpireMod:Speed Training","Footwork","infinitespire:Neurotoxin+1","Caltrops+1","Hidden Blade+1","Bane","Accuracy"],"relics":["Ring of the Snake","NeowsBlessing","Guardian:PocketSentry","Eternal Feather","Snake Skull","Replay:Multitool","Orichalcum","Replay:Wax Seal","conspire:SpecialSausage","Oddly Smooth Stone","TwistedFunnel","infinitespire:Lucky Rock","Runesmith:AutoHammer","hubris:Towel"],"acts_visited":["Exordium","Exordium"],"potions_floor_usage":[8,16,22],"damage_taken":[{"damage":0,"enemies":"Cultist","floor":1,"turns":1},{"damage":0,"enemies":"Small Slimes","floor":3,"turns":1},{"damage":0,"enemies":"Gremlin Nob","floor":6,"turns":1},{"damage":0,"enemies":"Jaw Worm","floor":7,"turns":3},{"damage":16,"enemies":"Lagavulin","floor":8,"turns":5},{"damage":15,"enemies":"Gremlin Nob","floor":11,"turns":4},{"damage":1,"enemies":"Looter","floor":13,"turns":2},{"damage":19,"enemies":"The Guardian","floor":16,"turns":7},{"damage":3,"enemies":"ruina:2_Scarecrows","floor":18,"turns":5},{"damage":8,"enemies":"ruina:Nosferatu","floor":19,"turns":3},{"damage":16,"enemies":"ruina:3_Scarecrows","floor":22,"turns":4},{"damage":23,"enemies":"ruina:ServantOfWrath","floor":25,"turns":5},{"damage":34,"enemies":"ruina:KnightOfDespair","floor":28,"turns":6},{"damage":2,"enemies":"conspire:MimicChest","floor":30,"turns":2}],"seed_played":"-4456762005966927451","potions_obtained":[{"floor":1,"key":"champ:CounterPotion"},{"floor":8,"key":"GamblersBrew"},{"floor":11,"key":"Elixir"},{"floor":13,"key":"CultistPotion"},{"floor":25,"key":"Strength Potion"},{"floor":28,"key":"Adrenaline Potion"}],"is_trial":false,"path_per_floor":["M","?","M","?","?","E","M","E","T","T","E","R","M","$","R","B",null,"M","M","$","?","M","R","AVR","E","T","?","M","$","?"],"character_chosen":"THE_SILENT","items_purchased":["Footwork","Replay:Wax Seal","Oddly Smooth Stone","Bane"],"campfire_rested":1,"item_purchase_floors":[14,14,20,20],"current_hp_per_floor":[70,70,70,53,42,42,42,26,26,26,11,20,19,19,52,33,70,67,59,59,59,43,58,58,35,35,35,1,1,0,0],"gold":284,"neow_bonus":"THREE_ENEMY_KILL","is_daily":false,"chose_seed":false,"campfire_upgraded":2,"win_rate":0.0,"timestamp":1614153939,"path_taken":["M","?","M","?","?","E","M","E","T","?","E","R","?","?","R","BOSS","M","M","$","?","M","R","AVR","E","T","?","M","?","?"],"items_purchased_type":["Card","Relic","Relic","Card"],"build_version":"2020-12-22","purchased_purges":1,"victory":false,"max_hp_per_floor":[70,70,70,70,70,70,70,70,70,70,70,70,70,70,70,70,70,70,70,70,70,70,70,70,70,70,70,70,70,70,70],"card_choices":[{"not_picked":["Eviscerate","Bane"],"picked":"Dagger Spray","floor":1},{"not_picked":["hubris:SlightOfHand","Replay:Bag of Tricks"],"picked":"Blade Dance","floor":3},{"not_picked":["ReplayTheSpireMod:Haul","ReplayTheSpireMod:??????????????????????"],"picked":"hubris:InfiniteBlow","floor":4},{"not_picked":["Deadly Poison","Backflip"],"picked":"Envenom","floor":6},{"not_picked":["Underhanded Strike","ReplayTheSpireMod:Exploit Weakness"],"picked":"Prepared","floor":7},{"not_picked":["Well Laid Plans","Skewer"],"picked":"Dodge and Roll","floor":8},{"not_picked":["Quick Slash","hubris:SlightOfHand"],"picked":"Terror","floor":11},{"not_picked":["hubris:SlightOfHand","PiercingWail"],"picked":"ReplayTheSpireMod:Speed Training","floor":13},{"not_picked":["Tools of the Trade","Grand Finale"],"picked":"infinitespire:Neurotoxin","floor":16},{"not_picked":["Riddle With Holes+1","conspire:DoublingDagger"],"picked":"Caltrops+1","floor":18},{"not_picked":["Flying Knee+1","Slice"],"picked":"Hidden Blade+1","floor":19},{"not_picked":["Dodge and Roll+1","Blur","Acrobatics"],"picked":"SKIP","floor":22},{"not_picked":["Cloak And Dagger","ReplayTheSpireMod:Tripwire"],"picked":"Accuracy","floor":25},{"not_picked":["hubris:TrickCloak","Acrobatics","Footwork"],"picked":"SKIP","floor":28}],"player_experience":284265,"relics_obtained":[{"floor":6,"key":"Guardian:PocketSentry"},{"floor":8,"key":"Eternal Feather"},{"floor":9,"key":"Snake Skull"},{"floor":10,"key":"Replay:Multitool"},{"floor":11,"key":"Orichalcum"},{"floor":25,"key":"infinitespire:Lucky Rock"},{"floor":26,"key":"Runesmith:AutoHammer"}],"event_choices":[{"damage_healed":0,"gold_gain":75,"player_choice":"Gather Gold","damage_taken":11,"max_hp_gain":0,"max_hp_loss":0,"event_name":"World of Goop","floor":5,"gold_loss":0}],"is_beta":false,"boss_relics":[{"not_picked":["Pandora\u0027s Box","halation:HeavySnake"],"picked":"conspire:SpecialSausage"}],"items_purged_floors":[24],"is_endless":false,"potions_floor_spawned":[1,8,11,13,25,28],"killed_by":"conspire:MimicChest","ascension_level":1}}